{"seed":[23553,15893,29340,49771],"turns":25,"p1":"tboltrider","p2":"IV-Wiley","p1team":[{"name":"Altaria","species":"Altaria","item":"altarianite","ability":"Natural Cure","moves":["hypervoice","roost","flamethrower","healbell"],"nature":"","evs":{"hp":0,"atk":0,"def":104,"spa":252,"spd":0,"spe":152},"gender":"F","ivs":{"hp":31,"atk":31,"def":31,"spa":31,"spd":31,"spe":31}},{"name":"Landorus-Therian","species":"Landorus-Therian","item":"assaultvest","ability":"Intimidate","moves":["earthquake","knockoff","uturn","stoneedge"],"nature":"Jolly","evs":{"hp":0,"atk":56,"def":0,"spa":0,"spd":200,"spe":252},"ivs":{"hp":31,"atk":31,"def":31,"spa":31,"spd":31,"spe":31}},{"name":"Skarmory","species":"Skarmory","item":"rockyhelmet","ability":"Sturdy","moves":["roost","spikes","stealthrock","ironhead"],"nature":"Adamant","evs":{"hp":0,"atk":148,"def":0,"spa":0,"spd":160,"spe":200},"gender":"M","ivs":{"hp":31,"atk":31,"def":31,"spa":31,"spd":31,"spe":31}},{"name":"Charizard","species":"Charizard","item":"lifeorb","ability":"Blaze","moves":["flamethrower","roost","hiddenpowergrass","dragonpulse"],"nature":"Calm","evs":{"hp":0,"atk":0,"def":156,"spa":0,"spd":100,"spe":252},"gender":"M","ivs":{"hp":31,"atk":30,"def":31,"spa":30,"spd":31,"spe":31}},{"name":"Togekiss","species":"Togekiss","item":"leftovers","ability":"Serene Grace","moves":["healbell","airslash","softboiled","thunderwave"],"nature":"Modest","evs":{"hp":0,"atk":0,"def":148,"spa":108,"spd":0,"spe":252},"gender":"F","ivs":{"hp":31,"atk":31,"def":31,"spa":31,"spd":31,"spe":31}},{"name":"Mandibuzz","species":"Mandibuzz","item":"leftovers","ability":"Big Pecks","moves":["bravebird","defog","knockoff","taunt"],"nature":"Adamant","evs":{"hp":0,"atk":252,"def":0,"spa":0,"spd":108,"spe":148},"ivs":{"hp":31,"atk":31,"def":31,"spa":31,"spd":31,"spe":31}}],"p2team":[{"name":"Lanturn","species":"Lanturn","item":"leftovers","ability":"Volt Absorb","moves":["healbell","scald","discharge","thunderwave"],"nature":"Calm","evs":{"hp":40,"atk":0,"def":220,"spa":0,"spd":208,"spe":40},"ivs":{"hp":31,"atk":31,"def":31,"spa":31,"spd":31,"spe":31}},{"name":"Alomomola","species":"Alomomola","item":"leftovers","ability":"Regenerator","moves":["wish","protect","scald","toxic"],"nature":"Bold","evs":{"hp":252,"atk":0,"def":252,"spa":0,"spd":4,"spe":0},"ivs":{"hp":31,"atk":31,"def":31,"spa":31,"spd":31,"spe":31}},{"name":"Gastrodon","species":"Gastrodon","item":"leftovers","ability":"Storm Drain","moves":["scald","earthpower","toxic","recover"],"nature":"Calm","evs":{"hp":252,"atk":0,"def":0,"spa":4,"spd":252,"spe":0},"ivs":{"hp":31,"atk":31,"def":31,"spa":31,"spd":31,"spe":31}},{"name":"Azumarill","species":"Azumarill","item":"sitrusberry","ability":"Sap Sipper","moves":["bellydrum","aquajet","playrough","brickbreak"],"nature":"Adamant","evs":{"hp":248,"atk":252,"def":0,"spa":0,"spd":8,"spe":0},"ivs":{"hp":31,"atk":31,"def":31,"spa":31,"spd":31,"spe":31}},{"name":"Jellicent","species":"Jellicent","item":"leftovers","ability":"Cursed Body","moves":["energyball","magiccoat","scald","recover"],"nature":"Calm","evs":{"hp":252,"atk":0,"def":0,"spa":4,"spd":252,"spe":0},"ivs":{"hp":31,"atk":31,"def":31,"spa":31,"spd":31,"spe":31}},{"name":"Rotom-Wash","species":"Rotom-Wash","item":"leftovers","ability":"Levitate","moves":["discharge","hydropump","willowisp","painsplit"],"nature":"Bold","evs":{"hp":252,"atk":0,"def":252,"spa":4,"spd":0,"spe":0},"ivs":{"hp":31,"atk":31,"def":31,"spa":31,"spd":31,"spe":31}}],"log":["|player|p1|tboltrider|93","|player|p2|IV-Wiley|264","|gametype|singles","|gen|6","|tier|Monotype","|rated","|rule|Baton Pass Clause: Limit one Baton Passer, can't pass Spe and other stats simultaneously","|rule|Swagger Clause: Swagger is banned","|rule|Same Type Clause: Pokémon in a team must share a type","|clearpoke","|poke|p1|Altaria, F","|poke|p1|Landorus-Therian, M","|poke|p1|Skarmory, M","|poke|p1|Charizard, M","|poke|p1|Togekiss, F","|poke|p1|Mandibuzz, F","|poke|p2|Lanturn, M","|poke|p2|Alomomola, F","|poke|p2|Gastrodon, F","|poke|p2|Azumarill, M","|poke|p2|Jellicent, F","|poke|p2|Rotom-Wash","|rule|Sleep Clause Mod: Limit one foe put to sleep","|rule|Species Clause: Limit one of each Pokémon","|rule|OHKO Clause: OHKO moves are banned","|rule|Moody Clause: Moody is banned","|rule|Evasion Moves Clause: Evasion moves are banned","|rule|Endless Battle Clause: Forcing endless battles is banned","|rule|HP Percentage Mod: HP is shown in percentages","|teampreview","|","|start","|switch|p1a: Mandibuzz|Mandibuzz, F|361/361","|switch|p2a: Jellicent|Jellicent, F|404/404","|turn|1","|","|move|p2a: Jellicent|Magic Coat|p2a: Jellicent","|-singleturn|p2a: Jellicent|move: Magic Coat","|move|p1a: Mandibuzz|Taunt|p2a: Jellicent","|move|p2a: Jellicent|Taunt|p1a: Mandibuzz|[from]Magic Coat","|-start|p1a: Mandibuzz|move: Taunt","|","|turn|2","|","|move|p1a: Mandibuzz|Knock Off|p2a: Jellicent","|-crit|p2a: Jellicent","|-supereffective|p2a: Jellicent","|-damage|p2a: Jellicent|0 fnt","|-start|p1a: Mandibuzz|Disable|Knock Off","|-enditem|p2a: Jellicent|Leftovers|[from] move: Knock Off|[of] p1a: Mandibuzz","|faint|p2a: Jellicent","|","|","|switch|p2a: Azumarill|Azumarill, M|403/403","|turn|3","|","|move|p1a: Mandibuzz|Brave Bird|p2a: Azumarill","|-crit|p2a: Azumarill","|-damage|p2a: Azumarill|145/403","|-damage|p1a: Mandibuzz|276/361|[from] recoil|[of] p2a: Azumarill","|-enditem|p2a: Azumarill|Sitrus Berry|[eat]","|-heal|p2a: Azumarill|245/403|[from] item: Sitrus Berry","|move|p2a: Azumarill|Belly Drum|p2a: Azumarill","|-damage|p2a: Azumarill|44/403","|-setboost|p2a: Azumarill|atk|6|[from] move: Belly Drum","|","|-heal|p1a: Mandibuzz|298/361|[from] item: Leftovers","|turn|4","|","|move|p2a: Azumarill|Aqua Jet|p1a: Mandibuzz","|-damage|p1a: Mandibuzz|142/361","|move|p1a: Mandibuzz|Brave Bird|p2a: Azumarill","|-damage|p2a: Azumarill|0 fnt","|-damage|p1a: Mandibuzz|127/361|[from] recoil|[of] p2a: Azumarill","|faint|p2a: Azumarill","|","|-heal|p1a: Mandibuzz|149/361|[from] item: Leftovers","|-end|p1a: Mandibuzz|move: Taunt","|","|switch|p2a: Rotom-Wash|Rotom-Wash|304/304","|turn|5","|","|switch|p1a: Skarmory|Skarmory, M|271/271","|move|p2a: Rotom-Wash|Discharge|p1a: Skarmory","|-supereffective|p1a: Skarmory","|-damage|p1a: Skarmory|71/271","|-status|p1a: Skarmory|par","|","|turn|6","|","|move|p2a: Rotom-Wash|Hydro Pump|p1a: Skarmory|[miss]","|-miss|p2a: Rotom-Wash|p1a: Skarmory","|move|p1a: Skarmory|Stealth Rock|p2a: Rotom-Wash","|-sidestart|p2: IV-Wiley|move: Stealth Rock","|","|turn|7","|","|move|p2a: Rotom-Wash|Hydro Pump|p1a: Skarmory","|-damage|p1a: Skarmory|0 fnt","|faint|p1a: Skarmory","|","|","|switch|p1a: Altaria|Altaria, F|291/291","|turn|8","|","|detailschange|p1a: Altaria|Altaria-Mega, F","|-mega|p1a: Altaria|Altaria|Altarianite","|move|p1a: Altaria|Hyper Voice|p2a: Rotom-Wash","|-damage|p2a: Rotom-Wash|133/304","|move|p2a: Rotom-Wash|Discharge|p1a: Altaria","|-resisted|p1a: Altaria","|-damage|p1a: Altaria|240/291","|","|-heal|p2a: Rotom-Wash|152/304|[from] item: Leftovers","|turn|9","|","|move|p1a: Altaria|Hyper Voice|p2a: Rotom-Wash","|-crit|p2a: Rotom-Wash","|-damage|p2a: Rotom-Wash|0 fnt","|faint|p2a: Rotom-Wash","|","|","|switch|p2a: Lanturn|Lanturn, M|401/401","|-damage|p2a: Lanturn|351/401|[from] Stealth Rock","|turn|10","|","|move|p1a: Altaria|Hyper Voice|p2a: Lanturn","|-crit|p2a: Lanturn","|-damage|p2a: Lanturn|81/401","|move|p2a: Lanturn|Thunder Wave|p1a: Altaria","|-status|p1a: Altaria|par","|","|-heal|p2a: Lanturn|106/401|[from] item: Leftovers","|turn|11","|","|move|p2a: Lanturn|Scald|p1a: Altaria","|-resisted|p1a: Altaria","|-damage|p1a: Altaria|204/291 par","|move|p1a: Altaria|Heal Bell|p1a: Altaria","|-cureteam|p1a: Altaria|[from] move: HealBell","|","|-heal|p2a: Lanturn|131/401|[from] item: Leftovers","|turn|12","|","|move|p1a: Altaria|Hyper Voice|p2a: Lanturn","|-damage|p2a: Lanturn|0 fnt","|faint|p2a: Lanturn","|","|","|switch|p2a: Gastrodon|Gastrodon, F|426/426","|-damage|p2a: Gastrodon|400/426|[from] Stealth Rock","|turn|13","|","|move|p1a: Altaria|Hyper Voice|p2a: Gastrodon","|-damage|p2a: Gastrodon|261/426","|move|p2a: Gastrodon|Scald|p1a: Altaria","|-resisted|p1a: Altaria","|-damage|p1a: Altaria|159/291","|","|-heal|p2a: Gastrodon|287/426|[from] item: Leftovers","|turn|14","|","|move|p1a: Altaria|Roost|p1a: Altaria","|-heal|p1a: Altaria|291/291","|move|p2a: Gastrodon|Scald|p1a: Altaria","|-resisted|p1a: Altaria","|-damage|p1a: Altaria|251/291","|","|-heal|p2a: Gastrodon|313/426|[from] item: Leftovers","|turn|15","|","|move|p1a: Altaria|Hyper Voice|p2a: Gastrodon","|-damage|p2a: Gastrodon|169/426","|move|p2a: Gastrodon|Scald|p1a: Altaria","|-resisted|p1a: Altaria","|-damage|p1a: Altaria|206/291","|","|-heal|p2a: Gastrodon|195/426|[from] item: Leftovers","|turn|16","|","|move|p1a: Altaria|Hyper Voice|p2a: Gastrodon","|-damage|p2a: Gastrodon|51/426","|move|p2a: Gastrodon|Scald|p1a: Altaria","|-resisted|p1a: Altaria","|-damage|p1a: Altaria|167/291","|","|-heal|p2a: Gastrodon|77/426|[from] item: Leftovers","|turn|17","|","|move|p1a: Altaria|Hyper Voice|p2a: Gastrodon","|-damage|p2a: Gastrodon|0 fnt","|faint|p2a: Gastrodon","|","|","|switch|p2a: Alomomola|Alomomola, F|534/534","|-damage|p2a: Alomomola|468/534|[from] Stealth Rock","|turn|18","|","|switch|p1a: Mandibuzz|Mandibuzz, F|149/361","|move|p2a: Alomomola|Scald|p1a: Mandibuzz","|-damage|p1a: Mandibuzz|107/361","|","|-heal|p1a: Mandibuzz|129/361|[from] item: Leftovers","|-heal|p2a: Alomomola|501/534|[from] item: Leftovers","|turn|19","|","|move|p1a: Mandibuzz|Taunt|p2a: Alomomola","|-start|p2a: Alomomola|move: Taunt","|move|p2a: Alomomola|Scald|p1a: Mandibuzz","|-damage|p1a: Mandibuzz|86/361","|","|-heal|p1a: Mandibuzz|108/361|[from] item: Leftovers","|-heal|p2a: Alomomola|534/534|[from] item: Leftovers","|turn|20","|","|move|p1a: Mandibuzz|Knock Off|p2a: Alomomola","|-damage|p2a: Alomomola|432/534","|-enditem|p2a: Alomomola|Leftovers|[from] move: Knock Off|[of] p1a: Mandibuzz","|move|p2a: Alomomola|Scald|p1a: Mandibuzz","|-damage|p1a: Mandibuzz|63/361","|","|-heal|p1a: Mandibuzz|85/361|[from] item: Leftovers","|turn|21","|","|switch|p1a: Togekiss|Togekiss, F|311/311","|move|p2a: Alomomola|Scald|p1a: Togekiss","|-damage|p1a: Togekiss|271/311","|-status|p1a: Togekiss|brn","|","|-heal|p1a: Togekiss|290/311 brn|[from] item: Leftovers","|-damage|p1a: Togekiss|252/311 brn|[from] brn","|-end|p2a: Alomomola|move: Taunt","|turn|22","|","|move|p1a: Togekiss|Heal Bell|p1a: Togekiss","|-cureteam|p1a: Togekiss|[from] move: HealBell","|move|p2a: Alomomola|Scald|p1a: Togekiss","|-damage|p1a: Togekiss|210/311","|","|-heal|p1a: Togekiss|229/311|[from] item: Leftovers","|turn|23","|","|move|p1a: Togekiss|Thunder Wave|p2a: Alomomola","|-status|p2a: Alomomola|par","|move|p2a: Alomomola|Scald|p1a: Togekiss","|-damage|p1a: Togekiss|190/311","|","|-heal|p1a: Togekiss|209/311|[from] item: Leftovers","|turn|24","|","|move|p1a: Togekiss|Air Slash|p2a: Alomomola","|-damage|p2a: Alomomola|200/534 par","|cant|p2a: Alomomola|par","|","|-heal|p1a: Togekiss|228/311|[from] item: Leftovers","|turn|25","|","|move|p1a: Togekiss|Air Slash|p2a: Alomomola","|-damage|p2a: Alomomola|0 fnt","|faint|p2a: Alomomola","|","|win|tboltrider"],"p1rating":{"entryid":"6783929","serverid":"eos","formatid":"monotype","userid":"tboltrider","username":"tboltrider","w":11,"l":"25","t":"0","gxe":33.8,"r":"1378.5778471541","rd":"65.360208887507","sigma":"0","rptime":"1438851600","rpr":1371.3449419692,"rprd":59.972892396117,"rpsigma":"0","acre":1078.8326043448,"lacre":1078.8326043448,"oldacre":"1035.2419348202"},"p2rating":{"entryid":"7406762","serverid":"eos","formatid":"monotype","userid":"ivwiley","username":"IV Wiley","w":"12","l":13,"t":"0","gxe":48.5,"r":"1468.9838527697","rd":"72.883258448308","sigma":"0","rptime":"1438851600","rpr":1488.8860219108,"rprd":64.614279795172,"rpsigma":"0","acre":1094.7112189588,"lacre":1094.7112189588,"oldacre":"1126.1041972696"},"endType":"normal"}