{"seed":[41182,35448,60498,28589],"turns":27,"p1":"Sovereign♕Vanguard","p2":"Jake1079","p1team":[{"name":"Draza","species":"scizor","item":"leftovers","ability":"Technician","moves":["bugbite","bulletpunch","superpower","roost"],"nature":"Adamant","evs":{"hp":252,"atk":252,"def":0,"spa":0,"spd":0,"spe":4},"gender":"M","ivs":{"hp":31,"atk":31,"def":31,"spa":31,"spd":31,"spe":31}},{"name":"Mercurial","species":"galvantula","item":"lifeorb","ability":"Compound Eyes","moves":["thunder","stickyweb","bugbuzz","energyball"],"nature":"Timid","evs":{"hp":0,"atk":0,"def":0,"spa":252,"spd":4,"spe":252},"ivs":{"hp":31,"atk":31,"def":31,"spa":31,"spd":31,"spe":31}},{"name":"Nunu","species":"crustle","item":"liechiberry","ability":"Sturdy","moves":["xscissor","stoneedge","earthquake","shellsmash"],"nature":"Adamant","evs":{"hp":4,"atk":252,"def":0,"spa":0,"spd":0,"spe":252},"ivs":{"hp":31,"atk":31,"def":31,"spa":31,"spd":31,"spe":31}},{"name":"Murmank","species":"forretress","item":"redcard","ability":"Sturdy","moves":["rapidspin","stealthrock","counter","voltswitch"],"nature":"Bold","evs":{"hp":252,"atk":0,"def":252,"spa":4,"spd":0,"spe":0},"ivs":{"hp":31,"atk":31,"def":31,"spa":31,"spd":31,"spe":31}},{"name":"Mothra","species":"volcarona","item":"leftovers","ability":"Flame Body","moves":["quiverdance","fierydance","bugbuzz","roost"],"nature":"Bold","evs":{"hp":252,"atk":0,"def":204,"spa":0,"spd":0,"spe":52},"gender":"F","ivs":{"hp":31,"atk":31,"def":31,"spa":31,"spd":31,"spe":31}},{"name":"Gilgamesh","species":"pinsir","item":"pinsirite","ability":"Moxie","moves":["swordsdance","quickattack","frustration","earthquake"],"nature":"Adamant","evs":{"hp":0,"atk":252,"def":0,"spa":0,"spd":4,"spe":252},"happiness":0,"ivs":{"hp":31,"atk":31,"def":31,"spa":31,"spd":31,"spe":31}}],"p2team":[{"name":"Tentacruel","species":"Tentacruel","item":"blacksludge","ability":"Liquid Ooze","moves":["toxic","rapidspin","scald","blizzard"],"nature":"Timid","evs":{"hp":232,"atk":0,"def":0,"spa":24,"spd":252,"spe":0},"ivs":{"hp":31,"atk":31,"def":31,"spa":31,"spd":31,"spe":31}},{"name":"Nidoking","species":"Nidoking","item":"choicescarf","ability":"Sheer Force","moves":["poisonjab","firepunch","icepunch","earthquake"],"nature":"Adamant","evs":{"hp":0,"atk":252,"def":0,"spa":0,"spd":4,"spe":252},"ivs":{"hp":31,"atk":31,"def":31,"spa":31,"spd":31,"spe":31}},{"name":"Weezing","species":"Weezing","item":"blacksludge","ability":"Levitate","moves":["fireblast","willowisp","painsplit","taunt"],"nature":"Bold","evs":{"hp":252,"atk":0,"def":252,"spa":4,"spd":0,"spe":0},"ivs":{"hp":31,"atk":31,"def":31,"spa":31,"spd":31,"spe":31}},{"name":"Venusaur","species":"Venusaur","item":"venusaurite","ability":"Overgrow","moves":["gigadrain","leechseed","sludgebomb","protect"],"nature":"Calm","evs":{"hp":252,"atk":0,"def":0,"spa":4,"spd":252,"spe":0},"ivs":{"hp":31,"atk":31,"def":31,"spa":31,"spd":31,"spe":31}},{"name":"Toxicroak","species":"Toxicroak","item":"focussash","ability":"Poison Touch","moves":["drainpunch","suckerpunch","swordsdance","earthquake"],"nature":"Jolly","evs":{"hp":4,"atk":252,"def":0,"spa":0,"spd":0,"spe":252},"ivs":{"hp":31,"atk":31,"def":31,"spa":31,"spd":31,"spe":31}},{"name":"Muk","species":"Muk","item":"lifeorb","ability":"Stench","moves":["shadowsneak","firepunch","icepunch","poisonjab"],"nature":"Adamant","evs":{"hp":248,"atk":252,"def":0,"spa":0,"spd":8,"spe":0},"ivs":{"hp":31,"atk":31,"def":31,"spa":31,"spd":31,"spe":31}}],"log":["|player|p1|Sovereign♕Vanguard|110","|player|p2|Jake1079|150","|gametype|singles","|gen|6","|tier|Monotype","|rated","|rule|Baton Pass Clause: Limit one Baton Passer, can't pass Spe and other stats simultaneously","|rule|Swagger Clause: Swagger is banned","|rule|Same Type Clause: Pokémon in a team must share a type","|clearpoke","|poke|p1|Scizor, M","|poke|p1|Galvantula, F","|poke|p1|Crustle, M","|poke|p1|Forretress, M","|poke|p1|Volcarona, F","|poke|p1|Pinsir, M","|poke|p2|Tentacruel, M","|poke|p2|Nidoking, M","|poke|p2|Weezing, F","|poke|p2|Venusaur, M","|poke|p2|Toxicroak, M","|poke|p2|Muk, M","|rule|Sleep Clause Mod: Limit one foe put to sleep","|rule|Species Clause: Limit one of each Pokémon","|rule|OHKO Clause: OHKO moves are banned","|rule|Moody Clause: Moody is banned","|rule|Evasion Moves Clause: Evasion moves are banned","|rule|Endless Battle Clause: Forcing endless battles is banned","|rule|HP Percentage Mod: HP is shown in percentages","|teampreview","|","|start","|switch|p1a: Mercurial|Galvantula, F|281/281","|switch|p2a: Muk|Muk, M|413/413","|turn|1","|","|move|p1a: Mercurial|Sticky Web|p2a: Muk","|-sidestart|p2: Jake1079|move: Sticky Web","|move|p2a: Muk|Fire Punch|p1a: Mercurial","|-supereffective|p1a: Mercurial","|-damage|p1a: Mercurial|0 fnt","|-damage|p2a: Muk|372/413|[from] item: Life Orb","|faint|p1a: Mercurial","|","|","|switch|p1a: Nunu|Crustle, M|282/282","|turn|2","|","|move|p1a: Nunu|Shell Smash|p1a: Nunu","|-unboost|p1a: Nunu|def|1","|-unboost|p1a: Nunu|spd|1","|-boost|p1a: Nunu|atk|2","|-boost|p1a: Nunu|spa|2","|-boost|p1a: Nunu|spe|2","|move|p2a: Muk|Poison Jab|p1a: Nunu","|-resisted|p1a: Nunu","|-damage|p1a: Nunu|181/282","|-damage|p2a: Muk|331/413|[from] item: Life Orb","|","|turn|3","|","|move|p2a: Muk|Shadow Sneak|p1a: Nunu","|-damage|p1a: Nunu|115/282","|-damage|p2a: Muk|290/413|[from] item: Life Orb","|move|p1a: Nunu|Earthquake|p2a: Muk","|-supereffective|p2a: Muk","|-damage|p2a: Muk|0 fnt","|faint|p2a: Muk","|","|","|switch|p2a: Toxicroak|Toxicroak, M|308/308","|-activate|p2a: Toxicroak|move: Sticky Web","|-unboost|p2a: Toxicroak|spe|1","|turn|4","|","|move|p2a: Toxicroak|Sucker Punch|p1a: Nunu","|-damage|p1a: Nunu|11/282","|-enditem|p1a: Nunu|Liechi Berry|[eat]","|-boost|p1a: Nunu|atk|1|[from] item: Liechi Berry","|move|p1a: Nunu|Earthquake|p2a: Toxicroak","|-supereffective|p2a: Toxicroak","|-enditem|p2a: Toxicroak|Focus Sash","|-damage|p2a: Toxicroak|1/308","|","|turn|5","|","|move|p2a: Toxicroak|Sucker Punch|p1a: Nunu","|-damage|p1a: Nunu|0 fnt","|faint|p1a: Nunu","|","|","|switch|p1a: Draza|Scizor, M|344/344","|turn|6","|","|move|p2a: Toxicroak|Sucker Punch|p1a: Draza","|-damage|p1a: Draza|259/344","|move|p1a: Draza|Bullet Punch|p2a: Toxicroak","|-damage|p2a: Toxicroak|0 fnt","|faint|p2a: Toxicroak","|","|-heal|p1a: Draza|280/344|[from] item: Leftovers","|","|switch|p2a: Nidoking|Nidoking, M|303/303","|-activate|p2a: Nidoking|move: Sticky Web","|-unboost|p2a: Nidoking|spe|1","|turn|7","|","|move|p2a: Nidoking|Fire Punch|p1a: Draza","|-supereffective|p1a: Draza","|-damage|p1a: Draza|0 fnt","|faint|p1a: Draza","|","|","|switch|p1a: Gilgamesh|Pinsir, M|271/271","|turn|8","|","|detailschange|p1a: Gilgamesh|Pinsir-Mega, M","|-mega|p1a: Gilgamesh|Pinsir|Pinsirite","|move|p1a: Gilgamesh|Earthquake|p2a: Nidoking","|-supereffective|p2a: Nidoking","|-damage|p2a: Nidoking|0 fnt","|faint|p2a: Nidoking","|","|","|switch|p2a: Weezing|Weezing, F|334/334","|turn|9","|","|move|p1a: Gilgamesh|Frustration|p2a: Weezing","|-damage|p2a: Weezing|145/334","|move|p2a: Weezing|Will-O-Wisp|p1a: Gilgamesh","|-status|p1a: Gilgamesh|brn","|","|-heal|p2a: Weezing|165/334|[from] item: Black Sludge","|-damage|p1a: Gilgamesh|238/271 brn|[from] brn","|turn|10","|","|move|p1a: Gilgamesh|Swords Dance|p1a: Gilgamesh","|-boost|p1a: Gilgamesh|atk|2","|move|p2a: Weezing|Pain Split|p1a: Gilgamesh","|-sethp|p1a: Gilgamesh|201/271 brn|p2a: Weezing|201/334|[from] move: Pain Split","|","|-heal|p2a: Weezing|221/334|[from] item: Black Sludge","|-damage|p1a: Gilgamesh|168/271 brn|[from] brn","|turn|11","|","|move|p1a: Gilgamesh|Frustration|p2a: Weezing","|-damage|p2a: Weezing|49/334","|move|p2a: Weezing|Fire Blast|p1a: Gilgamesh","|-supereffective|p1a: Gilgamesh","|-damage|p1a: Gilgamesh|0 fnt","|faint|p1a: Gilgamesh","|","|-heal|p2a: Weezing|69/334|[from] item: Black Sludge","|","|switch|p1a: Mothra|Volcarona, F|374/374","|turn|12","|","|move|p1a: Mothra|Quiver Dance|p1a: Mothra","|-boost|p1a: Mothra|spa|1","|-boost|p1a: Mothra|spd|1","|-boost|p1a: Mothra|spe|1","|move|p2a: Weezing|Pain Split|p1a: Mothra","|-sethp|p1a: Mothra|221/374|p2a: Weezing|221/334|[from] move: Pain Split","|","|-heal|p1a: Mothra|244/374|[from] item: Leftovers","|-heal|p2a: Weezing|241/334|[from] item: Black Sludge","|turn|13","|","|move|p1a: Mothra|Bug Buzz|p2a: Weezing","|-resisted|p2a: Weezing","|-damage|p2a: Weezing|112/334","|move|p2a: Weezing|Taunt|p1a: Mothra","|-start|p1a: Mothra|move: Taunt","|","|-heal|p1a: Mothra|267/374|[from] item: Leftovers","|-heal|p2a: Weezing|132/334|[from] item: Black Sludge","|turn|14","|","|move|p1a: Mothra|Fiery Dance|p2a: Weezing","|-damage|p2a: Weezing|0 fnt","|faint|p2a: Weezing","|","|-heal|p1a: Mothra|290/374|[from] item: Leftovers","|","|switch|p2a: Tentacruel|Tentacruel, M|359/359","|-activate|p2a: Tentacruel|move: Sticky Web","|-unboost|p2a: Tentacruel|spe|1","|turn|15","|","|move|p1a: Mothra|Bug Buzz|p2a: Tentacruel","|-crit|p2a: Tentacruel","|-resisted|p2a: Tentacruel","|-damage|p2a: Tentacruel|251/359","|move|p2a: Tentacruel|Scald|p1a: Mothra","|-supereffective|p1a: Mothra","|-damage|p1a: Mothra|194/374","|","|-heal|p1a: Mothra|217/374|[from] item: Leftovers","|-heal|p2a: Tentacruel|273/359|[from] item: Black Sludge","|turn|16","|","|move|p1a: Mothra|Fiery Dance|p2a: Tentacruel","|-resisted|p2a: Tentacruel","|-damage|p2a: Tentacruel|204/359","|-boost|p1a: Mothra|spa|1","|move|p2a: Tentacruel|Scald|p1a: Mothra","|-supereffective|p1a: Mothra","|-damage|p1a: Mothra|113/374","|","|-heal|p1a: Mothra|136/374|[from] item: Leftovers","|-heal|p2a: Tentacruel|226/359|[from] item: Black Sludge","|-end|p1a: Mothra|move: Taunt","|turn|17","|","|move|p1a: Mothra|Bug Buzz|p2a: Tentacruel","|-resisted|p2a: Tentacruel","|-damage|p2a: Tentacruel|127/359","|move|p2a: Tentacruel|Scald|p1a: Mothra","|-supereffective|p1a: Mothra","|-damage|p1a: Mothra|28/374","|","|-heal|p1a: Mothra|51/374|[from] item: Leftovers","|-heal|p2a: Tentacruel|149/359|[from] item: Black Sludge","|turn|18","|","|move|p1a: Mothra|Roost|p1a: Mothra","|-heal|p1a: Mothra|238/374","|move|p2a: Tentacruel|Scald|p1a: Mothra","|-crit|p1a: Mothra","|-supereffective|p1a: Mothra","|-damage|p1a: Mothra|16/374","|","|-heal|p1a: Mothra|39/374|[from] item: Leftovers","|-heal|p2a: Tentacruel|171/359|[from] item: Black Sludge","|turn|19","|","|move|p1a: Mothra|Roost|p1a: Mothra","|-heal|p1a: Mothra|226/374","|move|p2a: Tentacruel|Toxic|p1a: Mothra","|-status|p1a: Mothra|tox","|","|-heal|p1a: Mothra|249/374 tox|[from] item: Leftovers","|-heal|p2a: Tentacruel|193/359|[from] item: Black Sludge","|-damage|p1a: Mothra|226/374 tox|[from] psn","|turn|20","|","|move|p1a: Mothra|Bug Buzz|p2a: Tentacruel","|-resisted|p2a: Tentacruel","|-damage|p2a: Tentacruel|103/359","|move|p2a: Tentacruel|Scald|p1a: Mothra","|-supereffective|p1a: Mothra","|-damage|p1a: Mothra|118/374 tox","|","|-heal|p1a: Mothra|141/374 tox|[from] item: Leftovers","|-heal|p2a: Tentacruel|125/359|[from] item: Black Sludge","|-damage|p1a: Mothra|95/374 tox|[from] psn","|turn|21","|","|move|p1a: Mothra|Bug Buzz|p2a: Tentacruel","|-resisted|p2a: Tentacruel","|-damage|p2a: Tentacruel|26/359","|move|p2a: Tentacruel|Scald|p1a: Mothra","|-supereffective|p1a: Mothra","|-damage|p1a: Mothra|0 fnt","|faint|p1a: Mothra","|","|-heal|p2a: Tentacruel|48/359|[from] item: Black Sludge","|","|switch|p1a: Murmank|Forretress, M|354/354","|turn|22","|","|move|p2a: Tentacruel|Scald|p1a: Murmank","|-damage|p1a: Murmank|239/354","|-enditem|p1a: Murmank|Red Card|[of] p2a: Tentacruel","|drag|p2a: Venusaur|Venusaur, M|364/364","|-activate|p2a: Venusaur|move: Sticky Web","|-unboost|p2a: Venusaur|spe|1","|move|p1a: Murmank|Stealth Rock|p2a: Venusaur","|-sidestart|p2: Jake1079|move: Stealth Rock","|","|turn|23","|","|detailschange|p2a: Venusaur|Venusaur-Mega, M","|-mega|p2a: Venusaur|Venusaur|Venusaurite","|move|p2a: Venusaur|Leech Seed|p1a: Murmank","|-start|p1a: Murmank|move: Leech Seed","|move|p1a: Murmank|Counter|p2a: Venusaur","|-fail|p2a: Venusaur","|","|-damage|p1a: Murmank|195/354|[from] Leech Seed|[of] p2a: Venusaur","|turn|24","|","|move|p2a: Venusaur|Protect|p2a: Venusaur","|-singleturn|p2a: Venusaur|Protect","|move|p1a: Murmank|Volt Switch|p2a: Venusaur","|-activate|p2a: Venusaur|Protect","|","|-damage|p1a: Murmank|151/354|[from] Leech Seed|[of] p2a: Venusaur","|turn|25","|","|move|p2a: Venusaur|Protect|p2a: Venusaur","|-singleturn|p2a: Venusaur|Protect","|move|p1a: Murmank|Volt Switch|p2a: Venusaur","|-activate|p2a: Venusaur|Protect","|","|-damage|p1a: Murmank|107/354|[from] Leech Seed|[of] p2a: Venusaur","|turn|26","|","|move|p2a: Venusaur|Giga Drain|p1a: Murmank","|-resisted|p1a: Murmank","|-damage|p1a: Murmank|71/354","|move|p1a: Murmank|Volt Switch|p2a: Venusaur","|-resisted|p2a: Venusaur","|-damage|p2a: Venusaur|352/364","|","|-damage|p1a: Murmank|27/354|[from] Leech Seed|[of] p2a: Venusaur","|-heal|p2a: Venusaur|364/364|[silent]","|turn|27","|","|move|p2a: Venusaur|Protect|p2a: Venusaur","|-singleturn|p2a: Venusaur|Protect","|move|p1a: Murmank|Rapid Spin|p2a: Venusaur","|-activate|p2a: Venusaur|Protect","|","|-damage|p1a: Murmank|0 fnt|[from] Leech Seed|[of] p2a: Venusaur","|faint|p1a: Murmank","|","|win|Jake1079"],"p1rating":{"entryid":"7434426","serverid":"eos","formatid":"monotype","userid":"sovereignvanguard","username":"Sovereign♕Vanguard","w":"1","l":1,"t":"0","gxe":51.2,"r":"1500","rd":"130","sigma":"0","rptime":"1438851600","rpr":1509.4927005826,"rprd":115.95489659998,"rpsigma":"0","acre":1037.7222241524,"lacre":1037.7222241524,"oldacre":"1056.6563781095"},"p2rating":{"entryid":"7429437","serverid":"eos","formatid":"monotype","userid":"jake1079","username":"Jake1079","w":8,"l":"9","t":"0","gxe":44.5,"r":"1543.5648934858","rd":"122.25708225132","sigma":"0","rptime":"1438851600","rpr":1457.4181628516,"rprd":74.26850435133,"rpsigma":"0","acre":1081.9717851415,"lacre":1081.9717851415,"oldacre":"1048.4716560143"},"endType":"normal"}