{"seed":[59188,1824,54167,3891],"turns":21,"p1":"Twizz","p2":"Rustic Espeon","p1team":[{"name":"Magnezone","species":"Magnezone","item":"leftovers","ability":"Sturdy","moves":["flashcannon","thunderbolt","protect","hiddenpowerice"],"nature":"Modest","evs":{"hp":76,"atk":0,"def":180,"spa":252,"spd":0,"spe":0},"ivs":{"hp":31,"atk":30,"def":30,"spa":31,"spd":31,"spe":31}},{"name":"Zapdos","species":"Zapdos","item":"leftovers","ability":"Pressure","moves":["discharge","heatwave","toxic","roost"],"nature":"Bold","evs":{"hp":4,"atk":0,"def":252,"spa":0,"spd":252,"spe":0},"ivs":{"hp":31,"atk":31,"def":31,"spa":31,"spd":31,"spe":31}},{"name":"Ampharos","species":"Ampharos","item":"ampharosite","ability":"Static","moves":["cottonguard","rest","sleeptalk","dragonpulse"],"nature":"Bold","evs":{"hp":0,"atk":0,"def":252,"spa":136,"spd":120,"spe":0},"ivs":{"hp":31,"atk":31,"def":31,"spa":31,"spd":31,"spe":31}},{"name":"Raikou","species":"Raikou","item":"leftovers","ability":"Pressure","moves":["calmmind","substitute","thunderbolt","extrasensory"],"nature":"Timid","evs":{"hp":0,"atk":0,"def":0,"spa":252,"spd":4,"spe":252},"ivs":{"hp":31,"atk":31,"def":31,"spa":31,"spd":31,"spe":31}},{"name":"Rotom-Wash","species":"Rotom-Wash","item":"choicescarf","ability":"Levitate","moves":["voltswitch","hydropump","willowisp","trick"],"nature":"Timid","evs":{"hp":0,"atk":0,"def":0,"spa":252,"spd":4,"spe":252},"ivs":{"hp":31,"atk":31,"def":31,"spa":31,"spd":31,"spe":31}},{"name":"Condom","species":"eelektross","item":"assaultvest","ability":"Levitate","moves":["gigadrain","thunderbolt","drainpunch","knockoff"],"nature":"Quiet","evs":{"hp":3,"atk":136,"def":0,"spa":108,"spd":252,"spe":0},"ivs":{"hp":31,"atk":31,"def":31,"spa":31,"spd":31,"spe":31}}],"p2team":[{"name":"Torkoal","species":"Torkoal","item":"leftovers","ability":"White Smoke","moves":["rapidspin","lavaplume","stealthrock","yawn"],"nature":"Bold","evs":{"hp":252,"atk":0,"def":252,"spa":4,"spd":0,"spe":0},"ivs":{"hp":31,"atk":31,"def":31,"spa":31,"spd":31,"spe":31}},{"name":"Entei","species":"Entei","item":"choiceband","ability":"Pressure","moves":["stoneedge","sacredfire","extremespeed","ironhead"],"nature":"Adamant","evs":{"hp":4,"atk":252,"def":0,"spa":0,"spd":0,"spe":252},"shiny":true,"ivs":{"hp":31,"atk":31,"def":31,"spa":31,"spd":31,"spe":31}},{"name":"Victini","species":"Victini","item":"choicescarf","ability":"Victory Star","moves":["boltstrike","blueflare","vcreate","uturn"],"nature":"Hasty","evs":{"hp":0,"atk":252,"def":0,"spa":4,"spd":0,"spe":252},"ivs":{"hp":31,"atk":31,"def":31,"spa":31,"spd":31,"spe":31}},{"name":"Charizard","species":"Charizard","item":"charizarditex","ability":"Blaze","moves":["dragondance","flareblitz","earthquake","dragonclaw"],"nature":"Adamant","evs":{"hp":0,"atk":252,"def":0,"spa":0,"spd":4,"spe":252},"ivs":{"hp":31,"atk":31,"def":31,"spa":31,"spd":31,"spe":31}},{"name":"Ninetales","species":"Ninetales","item":"choicespecs","ability":"Drought","moves":["overheat","solarbeam","psyshock","fireblast"],"nature":"Timid","evs":{"hp":0,"atk":0,"def":0,"spa":252,"spd":4,"spe":252},"ivs":{"hp":31,"atk":31,"def":31,"spa":31,"spd":31,"spe":31}},{"name":"Arcanine","species":"Arcanine","item":"rockyhelmet","ability":"Intimidate","moves":["flareblitz","extremespeed","wildcharge","closecombat"],"nature":"Lonely","evs":{"hp":248,"atk":252,"def":0,"spa":8,"spd":0,"spe":0},"ivs":{"hp":31,"atk":31,"def":31,"spa":31,"spd":31,"spe":31}}],"log":["|player|p1|Twizz|122","|player|p2|Rustic Espeon|70","|gametype|singles","|gen|6","|tier|Monotype","|rated","|rule|Baton Pass Clause: Limit one Baton Passer, can't pass Spe and other stats simultaneously","|rule|Swagger Clause: Swagger is banned","|rule|Same Type Clause: Pokémon in a team must share a type","|clearpoke","|poke|p1|Magnezone","|poke|p1|Zapdos","|poke|p1|Ampharos, M","|poke|p1|Raikou","|poke|p1|Rotom-Wash","|poke|p1|Eelektross, F","|poke|p2|Torkoal, F","|poke|p2|Entei, shiny","|poke|p2|Victini","|poke|p2|Charizard, F","|poke|p2|Ninetales, F","|poke|p2|Arcanine, M","|rule|Sleep Clause Mod: Limit one foe put to sleep","|rule|Species Clause: Limit one of each Pokémon","|rule|OHKO Clause: OHKO moves are banned","|rule|Moody Clause: Moody is banned","|rule|Evasion Moves Clause: Evasion moves are banned","|rule|Endless Battle Clause: Forcing endless battles is banned","|rule|HP Percentage Mod: HP is shown in percentages","|teampreview","|","|start","|switch|p1a: Rotom-Wash|Rotom-Wash|241/241","|switch|p2a: Victini|Victini|341/341","|turn|1","|","|switch|p1a: Zapdos|Zapdos|322/322","|-ability|p1a: Zapdos|Pressure","|move|p2a: Victini|U-turn|p1a: Zapdos","|-resisted|p1a: Zapdos","|-damage|p1a: Zapdos|297/322","|","|switch|p2a: Ninetales|Ninetales, F|287/287","|-weather|SunnyDay","|","|-weather|SunnyDay|[upkeep]","|-heal|p1a: Zapdos|317/322|[from] item: Leftovers","|turn|2","|","|move|p2a: Ninetales|Overheat|p1a: Zapdos","|-damage|p1a: Zapdos|23/322","|-unboost|p2a: Ninetales|spa|2","|move|p1a: Zapdos|Toxic|p2a: Ninetales","|-status|p2a: Ninetales|tox","|","|-weather|SunnyDay|[upkeep]","|-heal|p1a: Zapdos|43/322|[from] item: Leftovers","|-damage|p2a: Ninetales|270/287 tox|[from] psn","|turn|3","|","|switch|p1a: Condom|Eelektross, F|311/311","|move|p2a: Ninetales|Overheat|p1a: Condom","|-damage|p1a: Condom|193/311","|-unboost|p2a: Ninetales|spa|2","|","|-weather|SunnyDay|[upkeep]","|-damage|p2a: Ninetales|236/287 tox|[from] psn","|turn|4","|","|switch|p2a: Torkoal|Torkoal, F|344/344","|move|p1a: Condom|Drain Punch|p2a: Torkoal","|-damage|p2a: Torkoal|299/344","|-heal|p1a: Condom|216/311|[from] drain|[of] p2a: Torkoal","|","|-weather|SunnyDay|[upkeep]","|-heal|p2a: Torkoal|320/344|[from] item: Leftovers","|turn|5","|","|move|p1a: Condom|Thunderbolt|p2a: Torkoal","|-damage|p2a: Torkoal|125/344","|move|p2a: Torkoal|Stealth Rock|p1a: Condom","|-sidestart|p1: Twizz|move: Stealth Rock","|","|-weather|none","|-heal|p2a: Torkoal|146/344|[from] item: Leftovers","|turn|6","|","|switch|p2a: Ninetales|Ninetales, F|236/287 tox","|-weather|SunnyDay","|move|p1a: Condom|Thunderbolt|p2a: Ninetales","|-damage|p2a: Ninetales|106/287 tox","|","|-weather|SunnyDay|[upkeep]","|-damage|p2a: Ninetales|89/287 tox|[from] psn","|turn|7","|","|move|p2a: Ninetales|Fire Blast|p1a: Condom","|-damage|p1a: Condom|14/311","|move|p1a: Condom|Thunderbolt|p2a: Ninetales","|-damage|p2a: Ninetales|0 fnt","|faint|p2a: Ninetales","|","|-weather|SunnyDay|[upkeep]","|","|switch|p2a: Victini|Victini|341/341","|turn|8","|","|switch|p1a: Zapdos|Zapdos|43/322","|-damage|p1a: Zapdos|0 fnt|[from] Stealth Rock","|faint|p1a: Zapdos","|move|p2a: Victini|U-turn|p1: Zapdos|[notarget]","|-notarget","|","|-weather|SunnyDay|[upkeep]","|","|switch|p1a: Magnezone|Magnezone|300/300","|-damage|p1a: Magnezone|282/300|[from] Stealth Rock","|turn|9","|","|switch|p2a: Torkoal|Torkoal, F|146/344","|move|p1a: Magnezone|Protect|p1a: Magnezone","|-fail|p1a: Magnezone","|","|-weather|SunnyDay|[upkeep]","|-heal|p1a: Magnezone|300/300|[from] item: Leftovers","|-heal|p2a: Torkoal|167/344|[from] item: Leftovers","|turn|10","|","|move|p1a: Magnezone|Thunderbolt|p2a: Torkoal","|-damage|p2a: Torkoal|0 fnt","|faint|p2a: Torkoal","|","|-weather|none","|","|switch|p2a: Victini|Victini|341/341","|turn|11","|","|move|p1a: Magnezone|Protect|p1a: Magnezone","|-singleturn|p1a: Magnezone|Protect","|move|p2a: Victini|Blue Flare|p1a: Magnezone","|-activate|p1a: Magnezone|Protect","|","|turn|12","|","|switch|p1a: Condom|Eelektross, F|14/311","|-damage|p1a: Condom|0 fnt|[from] Stealth Rock","|faint|p1a: Condom","|move|p2a: Victini|Blue Flare|p1: Condom|[notarget]","|-notarget","|","|","|switch|p1a: Rotom-Wash|Rotom-Wash|241/241","|-damage|p1a: Rotom-Wash|211/241|[from] Stealth Rock","|turn|13","|","|switch|p2a: Arcanine|Arcanine, M|383/383","|-ability|p2a: Arcanine|Intimidate","|-unboost|p1a: Rotom-Wash|atk|1","|move|p1a: Rotom-Wash|Hydro Pump|p2a: Arcanine","|-supereffective|p2a: Arcanine","|-damage|p2a: Arcanine|0 fnt","|faint|p2a: Arcanine","|","|","|switch|p2a: Charizard|Charizard, F|297/297","|turn|14","|","|switch|p1a: Raikou|Raikou|321/321","|-damage|p1a: Raikou|281/321|[from] Stealth Rock","|-ability|p1a: Raikou|Pressure","|detailschange|p2a: Charizard|Charizard-Mega-X, F","|-mega|p2a: Charizard|Charizard|Charizardite X","|move|p2a: Charizard|Dragon Dance|p2a: Charizard","|-boost|p2a: Charizard|atk|1","|-boost|p2a: Charizard|spe|1","|","|-heal|p1a: Raikou|301/321|[from] item: Leftovers","|turn|15","|","|move|p2a: Charizard|Flare Blitz|p1a: Raikou","|-damage|p1a: Raikou|0 fnt","|-damage|p2a: Charizard|198/297|[from] recoil|[of] p1a: Raikou","|faint|p1a: Raikou","|","|","|switch|p1a: Ampharos|Ampharos, M|321/321","|-damage|p1a: Ampharos|281/321|[from] Stealth Rock","|turn|16","|","|detailschange|p1a: Ampharos|Ampharos-Mega, M","|-mega|p1a: Ampharos|Ampharos|Ampharosite","|-ability|p1a: Ampharos|Mold Breaker","|move|p2a: Charizard|Dragon Claw|p1a: Ampharos","|-supereffective|p1a: Ampharos","|-damage|p1a: Ampharos|0 fnt","|faint|p1a: Ampharos","|","|","|switch|p1a: Magnezone|Magnezone|300/300","|-damage|p1a: Magnezone|282/300|[from] Stealth Rock","|turn|17","|","|move|p1a: Magnezone|Protect|p1a: Magnezone","|-singleturn|p1a: Magnezone|Protect","|move|p2a: Charizard|Earthquake|p1a: Magnezone","|-activate|p1a: Magnezone|Protect","|","|-heal|p1a: Magnezone|300/300|[from] item: Leftovers","|turn|18","|","|move|p2a: Charizard|Earthquake|p1a: Magnezone","|-supereffective|p1a: Magnezone","|-ability|p1a: Magnezone|Sturdy","|-damage|p1a: Magnezone|1/300","|move|p1a: Magnezone|Thunderbolt|p2a: Charizard","|-resisted|p2a: Charizard","|-damage|p2a: Charizard|101/297","|","|-heal|p1a: Magnezone|19/300|[from] item: Leftovers","|turn|19","|","|move|p1a: Magnezone|Protect|p1a: Magnezone","|-singleturn|p1a: Magnezone|Protect","|move|p2a: Charizard|Dragon Claw|p1a: Magnezone","|-activate|p1a: Magnezone|Protect","|","|-heal|p1a: Magnezone|37/300|[from] item: Leftovers","|turn|20","|","|move|p2a: Charizard|Dragon Claw|p1a: Magnezone","|-resisted|p1a: Magnezone","|-damage|p1a: Magnezone|0 fnt","|faint|p1a: Magnezone","|","|","|switch|p1a: Rotom-Wash|Rotom-Wash|211/241","|-damage|p1a: Rotom-Wash|181/241|[from] Stealth Rock","|turn|21","|","|move|p2a: Charizard|Dragon Claw|p1a: Rotom-Wash","|-damage|p1a: Rotom-Wash|0 fnt","|faint|p1a: Rotom-Wash","|","|win|Rustic Espeon"],"p1rating":{"entryid":"6985408","serverid":"eos","formatid":"monotype","userid":"twizz","username":"Twizz","w":"17","l":30,"t":"0","gxe":36.7,"r":1400.4981148932,"rd":53.302059810028,"sigma":"0","rptime":1438851600,"rpr":1396.2522266455,"rprd":52.839854810726,"rpsigma":"0","acre":1021.5042288995,"lacre":1021.5042288995,"oldacre":"1032.4205166989"},"p2rating":{"entryid":"7202561","serverid":"eos","formatid":"monotype","userid":"rusticespeon","username":"Rustic Espeon","w":10,"l":"6","t":"0","gxe":61,"r":"1576.5497423781","rd":"78.042638651442","sigma":"0","rptime":"1438851600","rpr":1586.2425624609,"rprd":76.51139931758,"rpsigma":"0","acre":1145.3062368418,"lacre":1145.3062368418,"oldacre":"1126.944817755"},"endType":"normal"}