{"seed":[50686,44709,9913,11211],"turns":38,"p1":"DJMadness","p2":"pokekageTAO","p1team":[{"name":"Hercules","species":"heracross","item":"choicescarf","ability":"Guts","moves":["megahorn","closecombat","stoneedge","earthquake"],"nature":"Adamant","evs":{"hp":0,"atk":252,"def":0,"spa":0,"spd":4,"spe":252},"gender":"M","ivs":{"hp":31,"atk":31,"def":31,"spa":31,"spd":31,"spe":31}},{"name":"A Monster","species":"volcarona","item":"sitrusberry","ability":"Flame Body","moves":["bugbuzz","fierydance","quiverdance","gigadrain"],"nature":"Timid","evs":{"hp":252,"atk":0,"def":0,"spa":0,"spd":4,"spe":252},"gender":"F","shiny":true,"ivs":{"hp":31,"atk":31,"def":31,"spa":31,"spd":31,"spe":31}},{"name":"What Am I?","species":"armaldo","item":"leftovers","ability":"Battle Armor","moves":["stealthrock","rapidspin","toxic","rockslide"],"nature":"Impish","evs":{"hp":252,"atk":4,"def":252,"spa":0,"spd":0,"spe":0},"gender":"M","shiny":true,"ivs":{"hp":31,"atk":31,"def":31,"spa":31,"spd":31,"spe":31}},{"name":"The Ant Of Steel","species":"scizor","item":"lumberry","ability":"Technician","moves":["swordsdance","bulletpunch","aerialace","roost"],"nature":"Impish","evs":{"hp":252,"atk":0,"def":252,"spa":0,"spd":4,"spe":0},"gender":"M","shiny":true,"ivs":{"hp":31,"atk":31,"def":31,"spa":31,"spd":31,"spe":31}},{"name":"Dual Blade","species":"scyther","item":"eviolite","ability":"Technician","moves":["aerialace","swordsdance","roost","quickattack"],"nature":"Jolly","evs":{"hp":252,"atk":4,"def":0,"spa":0,"spd":0,"spe":252},"gender":"M","shiny":true,"ivs":{"hp":31,"atk":31,"def":31,"spa":31,"spd":31,"spe":31}},{"name":"Soo Kawaii :3","species":"vivillon","item":"focussash","ability":"Compound Eyes","moves":["hurricane","sleeppowder","hiddenpowerground","quiverdance"],"nature":"Timid","evs":{"hp":0,"atk":0,"def":0,"spa":252,"spd":0,"spe":252},"gender":"F","ivs":{"hp":31,"atk":31,"def":31,"spa":30,"spd":30,"spe":31},"shiny":true}],"p2team":[{"name":"Ferrothorn","species":"Ferrothorn","item":"rockyhelmet","ability":"Iron Barbs","moves":["gyroball","powerwhip","leechseed","stealthrock"],"nature":"Relaxed","evs":{"hp":252,"atk":0,"def":88,"spa":0,"spd":168,"spe":0},"ivs":{"hp":31,"atk":31,"def":31,"spa":31,"spd":31,"spe":0}},{"name":"Skarmory","species":"Skarmory","item":"leftovers","ability":"Sturdy","moves":["spikes","whirlwind","roost","bravebird"],"nature":"Impish","evs":{"hp":252,"atk":0,"def":252,"spa":0,"spd":4,"spe":0},"ivs":{"hp":31,"atk":31,"def":31,"spa":31,"spd":31,"spe":31}},{"name":"Heatran","species":"Heatran","item":"leftovers","ability":"Flash Fire","moves":["magmastorm","earthpower","taunt","protect"],"nature":"Calm","evs":{"hp":248,"atk":0,"def":0,"spa":0,"spd":192,"spe":68},"ivs":{"hp":31,"atk":31,"def":31,"spa":31,"spd":31,"spe":31}},{"name":"Scizor","species":"Scizor","item":"focussash","ability":"Technician","moves":["bulletpunch","bugbite","superpower","swordsdance"],"nature":"Adamant","evs":{"hp":0,"atk":252,"def":0,"spa":0,"spd":4,"spe":252},"ivs":{"hp":31,"atk":31,"def":31,"spa":31,"spd":31,"spe":31}},{"name":"Jirachi","species":"Jirachi","item":"leftovers","ability":"Serene Grace","moves":["protect","toxic","wish","ironhead"],"nature":"Careful","evs":{"hp":252,"atk":0,"def":0,"spa":0,"spd":224,"spe":32},"ivs":{"hp":31,"atk":31,"def":31,"spa":31,"spd":31,"spe":31}},{"name":"Excadrill","species":"Excadrill","item":"lifeorb","ability":"Sand Rush","moves":["earthquake","ironhead","rockslide","rapidspin"],"nature":"Adamant","evs":{"hp":0,"atk":252,"def":4,"spa":0,"spd":0,"spe":252},"ivs":{"hp":31,"atk":31,"def":31,"spa":31,"spd":31,"spe":31}}],"log":["|player|p1|DJMadness|92","|player|p2|pokekageTAO|70","|gametype|singles","|gen|6","|tier|Monotype","|rated","|rule|Baton Pass Clause: Limit one Baton Passer, can't pass Spe and other stats simultaneously","|rule|Swagger Clause: Swagger is banned","|rule|Same Type Clause: Pokémon in a team must share a type","|clearpoke","|poke|p1|Heracross, M","|poke|p1|Volcarona, F, shiny","|poke|p1|Armaldo, M, shiny","|poke|p1|Scizor, M, shiny","|poke|p1|Scyther, M, shiny","|poke|p1|Vivillon, F, shiny","|poke|p2|Ferrothorn, F","|poke|p2|Skarmory, F","|poke|p2|Heatran, M","|poke|p2|Scizor, F","|poke|p2|Jirachi","|poke|p2|Excadrill, F","|rule|Sleep Clause Mod: Limit one foe put to sleep","|rule|Species Clause: Limit one of each Pokémon","|rule|OHKO Clause: OHKO moves are banned","|rule|Moody Clause: Moody is banned","|rule|Evasion Moves Clause: Evasion moves are banned","|rule|Endless Battle Clause: Forcing endless battles is banned","|rule|HP Percentage Mod: HP is shown in percentages","|teampreview","|","|start","|switch|p1a: Soo Kawaii :3|Vivillon, F, shiny|301/301","|switch|p2a: Ferrothorn|Ferrothorn, F|352/352","|turn|1","|","|switch|p1a: A Monster|Volcarona, F, shiny|374/374","|move|p2a: Ferrothorn|Stealth Rock|p1a: A Monster","|-sidestart|p1: DJMadness|move: Stealth Rock","|","|turn|2","|","|switch|p2a: Heatran|Heatran, M|385/385","|move|p1a: A Monster|Quiver Dance|p1a: A Monster","|-boost|p1a: A Monster|spa|1","|-boost|p1a: A Monster|spd|1","|-boost|p1a: A Monster|spe|1","|","|turn|3","|","|move|p1a: A Monster|Quiver Dance|p1a: A Monster","|-boost|p1a: A Monster|spa|1","|-boost|p1a: A Monster|spd|1","|-boost|p1a: A Monster|spe|1","|move|p2a: Heatran|Magma Storm|p1a: A Monster","|-damage|p1a: A Monster|302/374","|-activate|p1a: A Monster|move: Magma Storm|[of] p2a: Heatran","|","|-damage|p1a: A Monster|256/374|[from] move: Magma Storm|[partiallytrapped]","|turn|4","|","|move|p1a: A Monster|Quiver Dance|p1a: A Monster","|-boost|p1a: A Monster|spa|1","|-boost|p1a: A Monster|spd|1","|-boost|p1a: A Monster|spe|1","|move|p2a: Heatran|Earth Power|p1a: A Monster","|-damage|p1a: A Monster|220/374","|","|-damage|p1a: A Monster|174/374|[from] move: Magma Storm|[partiallytrapped]","|-enditem|p1a: A Monster|Sitrus Berry|[eat]","|-heal|p1a: A Monster|267/374|[from] item: Sitrus Berry","|turn|5","|","|move|p1a: A Monster|Bug Buzz|p2a: Heatran","|-resisted|p2a: Heatran","|-damage|p2a: Heatran|318/385","|move|p2a: Heatran|Earth Power|p1a: A Monster","|-damage|p1a: A Monster|230/374","|","|-heal|p2a: Heatran|342/385|[from] item: Leftovers","|-damage|p1a: A Monster|184/374|[from] move: Magma Storm|[partiallytrapped]","|turn|6","|","|move|p1a: A Monster|Quiver Dance|p1a: A Monster","|-boost|p1a: A Monster|spa|1","|-boost|p1a: A Monster|spd|1","|-boost|p1a: A Monster|spe|1","|move|p2a: Heatran|Earth Power|p1a: A Monster","|-damage|p1a: A Monster|154/374","|","|-heal|p2a: Heatran|366/385|[from] item: Leftovers","|-damage|p1a: A Monster|108/374|[from] move: Magma Storm|[partiallytrapped]","|turn|7","|","|move|p1a: A Monster|Quiver Dance|p1a: A Monster","|-boost|p1a: A Monster|spa|1","|-boost|p1a: A Monster|spd|1","|-boost|p1a: A Monster|spe|1","|move|p2a: Heatran|Earth Power|p1a: A Monster","|-damage|p1a: A Monster|83/374","|","|-heal|p2a: Heatran|385/385|[from] item: Leftovers","|-damage|p1a: A Monster|37/374|[from] move: Magma Storm|[partiallytrapped]","|turn|8","|","|move|p1a: A Monster|Giga Drain|p2a: Heatran","|-resisted|p2a: Heatran","|-damage|p2a: Heatran|335/385","|-heal|p1a: A Monster|62/374|[from] drain|[of] p2a: Heatran","|move|p2a: Heatran|Earth Power|p1a: A Monster","|-damage|p1a: A Monster|38/374","|","|-heal|p2a: Heatran|359/385|[from] item: Leftovers","|-end|p1a: A Monster|Magma Storm|[partiallytrapped]","|turn|9","|","|move|p1a: A Monster|Bug Buzz|p2a: Heatran","|-resisted|p2a: Heatran","|-damage|p2a: Heatran|274/385","|move|p2a: Heatran|Magma Storm|p1a: A Monster","|-damage|p1a: A Monster|0 fnt","|faint|p1a: A Monster","|","|-heal|p2a: Heatran|298/385|[from] item: Leftovers","|","|switch|p1a: What Am I?|Armaldo, M, shiny|354/354","|-damage|p1a: What Am I?|266/354|[from] Stealth Rock","|turn|10","|","|move|p2a: Heatran|Earth Power|p1a: What Am I?","|-damage|p1a: What Am I?|157/354","|-unboost|p1a: What Am I?|spd|1","|move|p1a: What Am I?|Rapid Spin|p2a: Heatran","|-resisted|p2a: Heatran","|-damage|p2a: Heatran|289/385","|-sideend|p1: DJMadness|Stealth Rock|[from] move: Rapid Spin|[of] p1a: What Am I?","|","|-heal|p2a: Heatran|313/385|[from] item: Leftovers","|-heal|p1a: What Am I?|179/354|[from] item: Leftovers","|turn|11","|","|move|p2a: Heatran|Earth Power|p1a: What Am I?","|-damage|p1a: What Am I?|5/354","|move|p1a: What Am I?|Stealth Rock|p2a: Heatran","|-sidestart|p2: pokekageTAO|move: Stealth Rock","|","|-heal|p2a: Heatran|337/385|[from] item: Leftovers","|-heal|p1a: What Am I?|27/354|[from] item: Leftovers","|turn|12","|","|move|p2a: Heatran|Earth Power|p1a: What Am I?","|-damage|p1a: What Am I?|0 fnt","|faint|p1a: What Am I?","|","|-heal|p2a: Heatran|361/385|[from] item: Leftovers","|","|switch|p1a: Hercules|Heracross, M|301/301","|turn|13","|","|move|p1a: Hercules|Close Combat|p2a: Heatran","|-supereffective|p2a: Heatran","|-damage|p2a: Heatran|0 fnt","|-unboost|p1a: Hercules|def|1","|-unboost|p1a: Hercules|spd|1","|faint|p2a: Heatran","|","|","|switch|p2a: Skarmory|Skarmory, F|334/334","|-damage|p2a: Skarmory|293/334|[from] Stealth Rock","|turn|14","|","|switch|p1a: Soo Kawaii :3|Vivillon, F, shiny|301/301","|move|p2a: Skarmory|Spikes|p1a: Soo Kawaii :3","|-sidestart|p1: DJMadness|Spikes","|","|-heal|p2a: Skarmory|313/334|[from] item: Leftovers","|turn|15","|","|move|p1a: Soo Kawaii :3|Sleep Powder|p2a: Skarmory|[miss]","|-miss|p1a: Soo Kawaii :3|p2a: Skarmory","|move|p2a: Skarmory|Brave Bird|p1a: Soo Kawaii :3","|-supereffective|p1a: Soo Kawaii :3","|-enditem|p1a: Soo Kawaii :3|Focus Sash","|-damage|p1a: Soo Kawaii :3|1/301","|-damage|p2a: Skarmory|214/334|[from] recoil|[of] p1a: Soo Kawaii :3","|","|-heal|p2a: Skarmory|234/334|[from] item: Leftovers","|turn|16","|","|move|p1a: Soo Kawaii :3|Hurricane|p2a: Skarmory","|-resisted|p2a: Skarmory","|-damage|p2a: Skarmory|131/334","|-start|p2a: Skarmory|confusion","|-activate|p2a: Skarmory|confusion","|-damage|p2a: Skarmory|117/334|[from] confusion","|","|-heal|p2a: Skarmory|137/334|[from] item: Leftovers","|turn|17","|","|move|p1a: Soo Kawaii :3|Hurricane|p2a: Skarmory","|-resisted|p2a: Skarmory","|-damage|p2a: Skarmory|32/334","|-end|p2a: Skarmory|confusion","|move|p2a: Skarmory|Roost|p2a: Skarmory","|-heal|p2a: Skarmory|199/334","|","|-heal|p2a: Skarmory|219/334|[from] item: Leftovers","|turn|18","|","|move|p1a: Soo Kawaii :3|Hurricane|p2a: Skarmory","|-resisted|p2a: Skarmory","|-damage|p2a: Skarmory|111/334","|-start|p2a: Skarmory|confusion","|-activate|p2a: Skarmory|confusion","|-damage|p2a: Skarmory|95/334|[from] confusion","|","|-heal|p2a: Skarmory|115/334|[from] item: Leftovers","|turn|19","|","|move|p1a: Soo Kawaii :3|Hurricane|p2a: Skarmory","|-resisted|p2a: Skarmory","|-damage|p2a: Skarmory|11/334","|-activate|p2a: Skarmory|confusion","|-damage|p2a: Skarmory|0 fnt|[from] confusion","|faint|p2a: Skarmory","|","|","|switch|p2a: Ferrothorn|Ferrothorn, F|352/352","|-damage|p2a: Ferrothorn|330/352|[from] Stealth Rock","|turn|20","|","|move|p1a: Soo Kawaii :3|Hurricane|p2a: Ferrothorn","|-damage|p2a: Ferrothorn|213/352","|move|p2a: Ferrothorn|Stealth Rock|p1a: Soo Kawaii :3","|-sidestart|p1: DJMadness|move: Stealth Rock","|","|turn|21","|","|move|p1a: Soo Kawaii :3|Hurricane|p2a: Ferrothorn","|-damage|p2a: Ferrothorn|107/352","|move|p2a: Ferrothorn|Leech Seed|p1a: Soo Kawaii :3","|-start|p1a: Soo Kawaii :3|move: Leech Seed","|","|-damage|p1a: Soo Kawaii :3|0 fnt|[from] Leech Seed|[of] p2a: Ferrothorn","|-heal|p2a: Ferrothorn|108/352|[silent]","|faint|p1a: Soo Kawaii :3","|","|switch|p1a: The Ant Of Steel|Scizor, M, shiny|344/344","|-damage|p1a: The Ant Of Steel|301/344|[from] Spikes","|-damage|p1a: The Ant Of Steel|258/344|[from] Stealth Rock","|turn|22","|","|move|p1a: The Ant Of Steel|Swords Dance|p1a: The Ant Of Steel","|-boost|p1a: The Ant Of Steel|atk|2","|move|p2a: Ferrothorn|Leech Seed|p1a: The Ant Of Steel","|-start|p1a: The Ant Of Steel|move: Leech Seed","|","|-damage|p1a: The Ant Of Steel|215/344|[from] Leech Seed|[of] p2a: Ferrothorn","|-heal|p2a: Ferrothorn|151/352|[silent]","|turn|23","|","|move|p1a: The Ant Of Steel|Roost|p1a: The Ant Of Steel","|-heal|p1a: The Ant Of Steel|344/344","|move|p2a: Ferrothorn|Gyro Ball|p1a: The Ant Of Steel","|-resisted|p1a: The Ant Of Steel","|-damage|p1a: The Ant Of Steel|302/344","|","|-damage|p1a: The Ant Of Steel|259/344|[from] Leech Seed|[of] p2a: Ferrothorn","|-heal|p2a: Ferrothorn|194/352|[silent]","|turn|24","|","|move|p1a: The Ant Of Steel|Swords Dance|p1a: The Ant Of Steel","|-boost|p1a: The Ant Of Steel|atk|2","|move|p2a: Ferrothorn|Power Whip|p1a: The Ant Of Steel","|-resisted|p1a: The Ant Of Steel","|-damage|p1a: The Ant Of Steel|235/344","|","|-damage|p1a: The Ant Of Steel|192/344|[from] Leech Seed|[of] p2a: Ferrothorn","|-heal|p2a: Ferrothorn|237/352|[silent]","|turn|25","|","|move|p1a: The Ant Of Steel|Swords Dance|p1a: The Ant Of Steel","|-boost|p1a: The Ant Of Steel|atk|2","|move|p2a: Ferrothorn|Gyro Ball|p1a: The Ant Of Steel","|-resisted|p1a: The Ant Of Steel","|-damage|p1a: The Ant Of Steel|147/344","|","|-damage|p1a: The Ant Of Steel|104/344|[from] Leech Seed|[of] p2a: Ferrothorn","|-heal|p2a: Ferrothorn|280/352|[silent]","|turn|26","|","|move|p1a: The Ant Of Steel|Roost|p1a: The Ant Of Steel","|-heal|p1a: The Ant Of Steel|276/344","|move|p2a: Ferrothorn|Gyro Ball|p1a: The Ant Of Steel","|-crit|p1a: The Ant Of Steel","|-resisted|p1a: The Ant Of Steel","|-damage|p1a: The Ant Of Steel|216/344","|","|-damage|p1a: The Ant Of Steel|173/344|[from] Leech Seed|[of] p2a: Ferrothorn","|-heal|p2a: Ferrothorn|323/352|[silent]","|turn|27","|","|switch|p2a: Jirachi|Jirachi|404/404","|-damage|p2a: Jirachi|379/404|[from] Stealth Rock","|move|p1a: The Ant Of Steel|Roost|p1a: The Ant Of Steel","|-heal|p1a: The Ant Of Steel|344/344","|","|-heal|p2a: Jirachi|404/404|[from] item: Leftovers","|-damage|p1a: The Ant Of Steel|301/344|[from] Leech Seed|[of] p2a: Jirachi","|turn|28","|","|move|p1a: The Ant Of Steel|Bullet Punch|p2a: Jirachi","|-crit|p2a: Jirachi","|-resisted|p2a: Jirachi","|-damage|p2a: Jirachi|131/404","|move|p2a: Jirachi|Wish|p2a: Jirachi","|","|-heal|p2a: Jirachi|156/404|[from] item: Leftovers","|-damage|p1a: The Ant Of Steel|258/344|[from] Leech Seed|[of] p2a: Jirachi","|-heal|p2a: Jirachi|199/404|[silent]","|turn|29","|","|move|p2a: Jirachi|Protect|p2a: Jirachi","|-singleturn|p2a: Jirachi|Protect","|move|p1a: The Ant Of Steel|Aerial Ace|p2a: Jirachi","|-activate|p2a: Jirachi|Protect","|","|-heal|p2a: Jirachi|401/404|[from] move: Wish|[wisher] Jirachi","|-heal|p2a: Jirachi|404/404|[from] item: Leftovers","|-damage|p1a: The Ant Of Steel|215/344|[from] Leech Seed|[of] p2a: Jirachi","|turn|30","|","|move|p2a: Jirachi|Wish|p2a: Jirachi","|move|p1a: The Ant Of Steel|Aerial Ace|p2a: Jirachi","|-resisted|p2a: Jirachi","|-damage|p2a: Jirachi|224/404","|","|-heal|p2a: Jirachi|249/404|[from] item: Leftovers","|-damage|p1a: The Ant Of Steel|172/344|[from] Leech Seed|[of] p2a: Jirachi","|-heal|p2a: Jirachi|292/404|[silent]","|turn|31","|","|move|p2a: Jirachi|Iron Head|p1a: The Ant Of Steel","|-resisted|p1a: The Ant Of Steel","|-damage|p1a: The Ant Of Steel|135/344","|cant|p1a: The Ant Of Steel|flinch","|","|-heal|p2a: Jirachi|404/404|[from] move: Wish|[wisher] Jirachi","|-damage|p1a: The Ant Of Steel|92/344|[from] Leech Seed|[of] p2a: Jirachi","|turn|32","|","|move|p2a: Jirachi|Iron Head|p1a: The Ant Of Steel","|-resisted|p1a: The Ant Of Steel","|-damage|p1a: The Ant Of Steel|58/344","|move|p1a: The Ant Of Steel|Roost|p1a: The Ant Of Steel","|-heal|p1a: The Ant Of Steel|230/344","|","|-damage|p1a: The Ant Of Steel|187/344|[from] Leech Seed|[of] p2a: Jirachi","|turn|33","|","|move|p1a: The Ant Of Steel|Bullet Punch|p2a: Jirachi","|-resisted|p2a: Jirachi","|-damage|p2a: Jirachi|233/404","|move|p2a: Jirachi|Iron Head|p1a: The Ant Of Steel","|-resisted|p1a: The Ant Of Steel","|-damage|p1a: The Ant Of Steel|150/344","|","|-heal|p2a: Jirachi|258/404|[from] item: Leftovers","|-damage|p1a: The Ant Of Steel|107/344|[from] Leech Seed|[of] p2a: Jirachi","|-heal|p2a: Jirachi|301/404|[silent]","|turn|34","|","|move|p2a: Jirachi|Iron Head|p1a: The Ant Of Steel","|-resisted|p1a: The Ant Of Steel","|-damage|p1a: The Ant Of Steel|72/344","|cant|p1a: The Ant Of Steel|flinch","|","|-heal|p2a: Jirachi|326/404|[from] item: Leftovers","|-damage|p1a: The Ant Of Steel|29/344|[from] Leech Seed|[of] p2a: Jirachi","|-heal|p2a: Jirachi|369/404|[silent]","|turn|35","|","|move|p2a: Jirachi|Iron Head|p1a: The Ant Of Steel","|-resisted|p1a: The Ant Of Steel","|-damage|p1a: The Ant Of Steel|0 fnt","|faint|p1a: The Ant Of Steel","|","|-heal|p2a: Jirachi|394/404|[from] item: Leftovers","|","|switch|p1a: Dual Blade|Scyther, M, shiny|344/344","|-damage|p1a: Dual Blade|172/344|[from] Stealth Rock","|turn|36","|","|move|p1a: Dual Blade|Roost|p1a: Dual Blade","|-heal|p1a: Dual Blade|344/344","|move|p2a: Jirachi|Toxic|p1a: Dual Blade","|-status|p1a: Dual Blade|tox","|","|-heal|p2a: Jirachi|404/404|[from] item: Leftovers","|-damage|p1a: Dual Blade|323/344 tox|[from] psn","|turn|37","|","|move|p1a: Dual Blade|Swords Dance|p1a: Dual Blade","|-boost|p1a: Dual Blade|atk|2","|move|p2a: Jirachi|Iron Head|p1a: Dual Blade","|-damage|p1a: Dual Blade|241/344 tox","|","|-damage|p1a: Dual Blade|199/344 tox|[from] psn","|turn|38","|","|win|pokekageTAO"],"p1rating":{"entryid":"7355209","serverid":"eos","formatid":"monotype","userid":"djmadness","username":"DJMadness","w":"26","l":23,"t":"0","gxe":52.7,"r":"1485.9320494043","rd":"56.96993314407","sigma":"0","rptime":"1438765200","rpr":1520.6007722438,"rprd":51.47910753235,"rpsigma":"0","acre":1209.6365144736,"lacre":1209.6365144736,"oldacre":"1250.0548436357"},"p2rating":{"entryid":7430726,"formatid":"monotype","userid":"pokekagetao","username":"pokekageTAO","r":1500,"rd":130,"sigma":0,"rpr":1540.4805188647,"rprd":122.00489676276,"rpsigma":0,"rptime":1438765200,"w":1,"l":0,"t":0,"gxe":55.1,"acre":1064.6693266593,"lacre":1064.6693266593,"oldacre":1000},"endType":"forfeit"}