{"seed":[7424,10171,62193,61284],"turns":29,"p1":"Doctor Vergi","p2":"E4 UltraInkay","p1team":[{"name":"Klein","species":"tentacruel","item":"leftovers","ability":"Liquid Ooze","moves":["acidspray","toxicspikes","scald","sludgewave"],"nature":"Calm","evs":{"hp":0,"atk":0,"def":0,"spa":4,"spd":252,"spe":252},"ivs":{"hp":31,"atk":31,"def":31,"spa":31,"spd":31,"spe":31}},{"name":"Sinon","species":"keldeo","item":"leftovers","ability":"Justified","moves":["secretsword","scald","substitute","calmmind"],"nature":"Timid","evs":{"hp":0,"atk":0,"def":0,"spa":252,"spd":4,"spe":252},"ivs":{"hp":31,"atk":31,"def":31,"spa":31,"spd":31,"spe":31}},{"name":"Kirito","species":"sharpedo","item":"sharpedonite","ability":"Speed Boost","moves":["destinybond","waterfall","protect","crunch"],"nature":"Adamant","evs":{"hp":0,"atk":252,"def":0,"spa":0,"spd":4,"spe":252},"ivs":{"hp":31,"atk":31,"def":31,"spa":31,"spd":31,"spe":31}},{"name":"Lisbeth","species":"rotomwash","item":"leftovers","ability":"Levitate","moves":["willowisp","hydropump","voltswitch","painsplit"],"nature":"Bold","evs":{"hp":252,"atk":0,"def":252,"spa":4,"spd":0,"spe":0},"ivs":{"hp":31,"atk":31,"def":31,"spa":31,"spd":31,"spe":31}},{"name":"Silica","species":"quagsire","item":"leftovers","ability":"Unaware","moves":["earthquake","stockpile","toxic","recover"],"nature":"Impish","evs":{"hp":252,"atk":4,"def":252,"spa":0,"spd":0,"spe":0},"ivs":{"hp":31,"atk":31,"def":31,"spa":31,"spd":31,"spe":31}},{"name":"Asuna","species":"lapras","item":"assaultvest","ability":"Water Absorb","moves":["freezedry","hydropump","psychic","thunderbolt"],"nature":"Modest","evs":{"hp":168,"atk":0,"def":0,"spa":252,"spd":88,"spe":0},"ivs":{"hp":31,"atk":31,"def":31,"spa":31,"spd":31,"spe":31}}],"p2team":[{"name":"CrazyClown's A Dic","species":"hawlucha","item":"powerherb","ability":"Unburden","moves":["skyattack","acrobatics","highjumpkick","poisonjab"],"nature":"Adamant","evs":{"hp":4,"atk":252,"def":0,"spa":0,"spd":0,"spe":252},"gender":"M","shiny":true,"ivs":{"hp":31,"atk":31,"def":31,"spa":31,"spd":31,"spe":31}},{"name":"Your Ancestor","species":"infernape","item":"expertbelt","ability":"Iron Fist","moves":["firepunch","thunderpunch","machpunch","stoneedge"],"nature":"Jolly","evs":{"hp":0,"atk":252,"def":0,"spa":0,"spd":4,"spe":252},"gender":"M","shiny":true,"ivs":{"hp":31,"atk":31,"def":31,"spa":31,"spd":31,"spe":31}},{"name":"Zeuscross","species":"heracross","item":"heracronite","ability":"Moxie","moves":["bulletseed","rockblast","armthrust","pinmissile"],"nature":"Adamant","evs":{"hp":252,"atk":252,"def":0,"spa":0,"spd":4,"spe":0},"gender":"M","shiny":true,"ivs":{"hp":31,"atk":31,"def":31,"spa":31,"spd":31,"spe":31}},{"name":"Iron Dog","species":"lucario","item":"expertbelt","ability":"Steadfast","moves":["vacuumwave","aurasphere","darkpulse","flashcannon"],"nature":"Timid","evs":{"hp":0,"atk":0,"def":0,"spa":252,"spd":4,"spe":252},"gender":"M","shiny":true,"ivs":{"hp":31,"atk":31,"def":31,"spa":31,"spd":31,"spe":31}},{"name":"Respect Your Elder","species":"conkeldurr","item":"flameorb","ability":"Guts","moves":["drainpunch","icepunch","machpunch","thunderpunch"],"nature":"Adamant","evs":{"hp":252,"atk":252,"def":0,"spa":0,"spd":4,"spe":0},"gender":"M","shiny":true,"ivs":{"hp":31,"atk":31,"def":31,"spa":31,"spd":31,"spe":31}},{"name":"Shroom Addict","species":"breloom","item":"toxicorb","ability":"Poison Heal","moves":["spore","machpunch","focuspunch","seedbomb"],"nature":"Adamant","evs":{"hp":252,"atk":252,"def":0,"spa":0,"spd":4,"spe":0},"gender":"M","shiny":true,"ivs":{"hp":31,"atk":31,"def":31,"spa":31,"spd":31,"spe":31}}],"log":["|player|p1|Doctor Vergi|doctorvergi.png","|player|p2|E4 UltraInkay|293","|gametype|singles","|gen|6","|tier|Monotype","|rated","|rule|Baton Pass Clause: Limit one Baton Passer, can't pass Spe and other stats simultaneously","|rule|Swagger Clause: Swagger is banned","|rule|Same Type Clause: Pokémon in a team must share a type","|clearpoke","|poke|p1|Tentacruel, F","|poke|p1|Keldeo","|poke|p1|Sharpedo, M","|poke|p1|Rotom-Wash","|poke|p1|Quagsire, F","|poke|p1|Lapras, M","|poke|p2|Hawlucha, M, shiny","|poke|p2|Infernape, M, shiny","|poke|p2|Heracross, M, shiny","|poke|p2|Lucario, M, shiny","|poke|p2|Conkeldurr, M, shiny","|poke|p2|Breloom, M, shiny","|rule|Sleep Clause Mod: Limit one foe put to sleep","|rule|Species Clause: Limit one of each Pokémon","|rule|OHKO Clause: OHKO moves are banned","|rule|Moody Clause: Moody is banned","|rule|Evasion Moves Clause: Evasion moves are banned","|rule|Endless Battle Clause: Forcing endless battles is banned","|rule|HP Percentage Mod: HP is shown in percentages","|teampreview","|","|start","|switch|p1a: Lisbeth|Rotom-Wash|304/304","|switch|p2a: Zeuscross|Heracross, M, shiny|364/364","|turn|1","|","|detailschange|p2a: Zeuscross|Heracross-Mega, M, shiny","|-mega|p2a: Zeuscross|Heracross|Heracronite","|move|p1a: Lisbeth|Hydro Pump|p2a: Zeuscross","|-damage|p2a: Zeuscross|244/364","|move|p2a: Zeuscross|Bullet Seed|p1a: Lisbeth","|-supereffective|p1a: Lisbeth","|-damage|p1a: Lisbeth|246/304","|-supereffective|p1a: Lisbeth","|-damage|p1a: Lisbeth|186/304","|-supereffective|p1a: Lisbeth","|-damage|p1a: Lisbeth|124/304","|-supereffective|p1a: Lisbeth","|-damage|p1a: Lisbeth|62/304","|-supereffective|p1a: Lisbeth","|-damage|p1a: Lisbeth|0 fnt","|-hitcount|p1a: Lisbeth|5","|faint|p1a: Lisbeth","|","|","|switch|p1a: Klein|Tentacruel, F|301/301","|turn|2","|","|move|p1a: Klein|Acid Spray|p2a: Zeuscross","|-damage|p2a: Zeuscross|205/364","|-unboost|p2a: Zeuscross|spd|2","|move|p2a: Zeuscross|Bullet Seed|p1a: Klein","|-damage|p1a: Klein|241/301","|-damage|p1a: Klein|181/301","|-damage|p1a: Klein|124/301","|-damage|p1a: Klein|65/301","|-damage|p1a: Klein|9/301","|-hitcount|p1a: Klein|5","|","|-heal|p1a: Klein|27/301|[from] item: Leftovers","|turn|3","|","|switch|p2a: Iron Dog|Lucario, M, shiny|281/281","|move|p1a: Klein|Sludge Wave|p2a: Iron Dog","|-immune|p2a: Iron Dog|[msg]","|","|-heal|p1a: Klein|45/301|[from] item: Leftovers","|turn|4","|","|move|p2a: Iron Dog|Flash Cannon|p1a: Klein","|-resisted|p1a: Klein","|-damage|p1a: Klein|6/301","|move|p1a: Klein|Scald|p2a: Iron Dog","|-damage|p2a: Iron Dog|173/281","|","|-heal|p1a: Klein|24/301|[from] item: Leftovers","|turn|5","|","|move|p2a: Iron Dog|Flash Cannon|p1a: Klein","|-resisted|p1a: Klein","|-damage|p1a: Klein|0 fnt","|faint|p1a: Klein","|","|","|switch|p1a: Sinon|Keldeo|323/323","|turn|6","|","|move|p1a: Sinon|Substitute|p1a: Sinon","|-start|p1a: Sinon|Substitute","|-damage|p1a: Sinon|243/323","|move|p2a: Iron Dog|Aura Sphere|p1a: Sinon","|-end|p1a: Sinon|Substitute","|","|-heal|p1a: Sinon|263/323|[from] item: Leftovers","|turn|7","|","|move|p2a: Iron Dog|Vacuum Wave|p1a: Sinon","|-damage|p1a: Sinon|190/323","|move|p1a: Sinon|Secret Sword|p2a: Iron Dog","|-supereffective|p2a: Iron Dog","|-damage|p2a: Iron Dog|0 fnt","|faint|p2a: Iron Dog","|","|-heal|p1a: Sinon|210/323|[from] item: Leftovers","|","|switch|p2a: Zeuscross|Heracross-Mega, M, shiny|205/364","|turn|8","|","|move|p1a: Sinon|Scald|p2a: Zeuscross","|-damage|p2a: Zeuscross|79/364","|move|p2a: Zeuscross|Bullet Seed|p1a: Sinon","|-supereffective|p1a: Sinon","|-damage|p1a: Sinon|106/323","|-supereffective|p1a: Sinon","|-damage|p1a: Sinon|10/323","|-supereffective|p1a: Sinon","|-damage|p1a: Sinon|0 fnt","|-hitcount|p1a: Sinon|3","|faint|p1a: Sinon","|","|","|switch|p1a: Kirito|Sharpedo, M|281/281","|turn|9","|","|move|p1a: Kirito|Waterfall|p2a: Zeuscross","|-damage|p2a: Zeuscross|0 fnt","|faint|p2a: Zeuscross","|","|-boost|p1a: Kirito|spe|1|[from] ability: Speed Boost","|","|switch|p2a: Respect Your Elder|Conkeldurr, M, shiny|414/414","|turn|10","|","|switch|p1a: Silica|Quagsire, F|394/394","|move|p2a: Respect Your Elder|Drain Punch|p1a: Silica","|-damage|p1a: Silica|262/394","|","|-heal|p1a: Silica|286/394|[from] item: Leftovers","|-status|p2a: Respect Your Elder|brn|[from] item: Flame Orb","|turn|11","|","|switch|p2a: CrazyClown's A Dic|Hawlucha, M, shiny|298/298","|move|p1a: Silica|Recover|p1a: Silica","|-heal|p1a: Silica|394/394","|","|turn|12","|","|move|p2a: CrazyClown's A Dic|Sky Attack|p1a: Silica|[still]","|-prepare|p2a: CrazyClown's A Dic|Sky Attack|p1a: Silica","|-enditem|p2a: CrazyClown's A Dic|Power Herb","|-anim|p2a: CrazyClown's A Dic|Sky Attack|p1a: Silica","|-damage|p1a: Silica|234/394","|cant|p1a: Silica|flinch","|","|-heal|p1a: Silica|258/394|[from] item: Leftovers","|turn|13","|","|move|p2a: CrazyClown's A Dic|Acrobatics|p1a: Silica","|-damage|p1a: Silica|110/394","|move|p1a: Silica|Recover|p1a: Silica","|-heal|p1a: Silica|307/394","|","|-heal|p1a: Silica|331/394|[from] item: Leftovers","|turn|14","|","|move|p2a: CrazyClown's A Dic|Acrobatics|p1a: Silica","|-damage|p1a: Silica|198/394","|move|p1a: Silica|Toxic|p2a: CrazyClown's A Dic","|-status|p2a: CrazyClown's A Dic|tox","|","|-heal|p1a: Silica|222/394|[from] item: Leftovers","|-damage|p2a: CrazyClown's A Dic|280/298 tox|[from] psn","|turn|15","|","|move|p2a: CrazyClown's A Dic|High Jump Kick|p1a: Silica","|-damage|p1a: Silica|62/394","|move|p1a: Silica|Recover|p1a: Silica","|-heal|p1a: Silica|259/394","|","|-heal|p1a: Silica|283/394|[from] item: Leftovers","|-damage|p2a: CrazyClown's A Dic|244/298 tox|[from] psn","|turn|16","|","|move|p2a: CrazyClown's A Dic|High Jump Kick|p1a: Silica","|-damage|p1a: Silica|126/394","|move|p1a: Silica|Recover|p1a: Silica","|-heal|p1a: Silica|323/394","|","|-heal|p1a: Silica|347/394|[from] item: Leftovers","|-damage|p2a: CrazyClown's A Dic|190/298 tox|[from] psn","|turn|17","|","|switch|p2a: Shroom Addict|Breloom, M, shiny|324/324","|move|p1a: Silica|Stockpile|p1a: Silica","|-start|p1a: Silica|stockpile1","|-boost|p1a: Silica|def|1","|-boost|p1a: Silica|spd|1","|","|-heal|p1a: Silica|371/394|[from] item: Leftovers","|-status|p2a: Shroom Addict|tox|[from] item: Toxic Orb","|turn|18","|","|switch|p1a: Asuna|Lapras, M|443/443","|move|p2a: Shroom Addict|Seed Bomb|p1a: Asuna","|-supereffective|p1a: Asuna","|-damage|p1a: Asuna|51/443","|","|turn|19","|","|move|p2a: Shroom Addict|Mach Punch|p1a: Asuna","|-supereffective|p1a: Asuna","|-damage|p1a: Asuna|0 fnt","|faint|p1a: Asuna","|","|","|switch|p1a: Kirito|Sharpedo, M|281/281","|turn|20","|","|move|p1a: Kirito|Protect|p1a: Kirito","|-singleturn|p1a: Kirito|Protect","|move|p2a: Shroom Addict|Spore|p1a: Kirito","|-activate|p1a: Kirito|Protect","|","|-boost|p1a: Kirito|spe|1|[from] ability: Speed Boost","|turn|21","|","|detailschange|p1a: Kirito|Sharpedo-Mega, M","|-mega|p1a: Kirito|Sharpedo|Sharpedonite","|move|p1a: Kirito|Destiny Bond|p1a: Kirito","|-singlemove|p1a: Kirito|Destiny Bond","|move|p2a: Shroom Addict|Seed Bomb|p1a: Kirito","|-supereffective|p1a: Kirito","|-damage|p1a: Kirito|0 fnt","|faint|p1a: Kirito","|-activate|p1a: Kirito|Destiny Bond","|faint|p2a: Shroom Addict","|","|","|switch|p2a: CrazyClown's A Dic|Hawlucha, M, shiny|190/298 tox","|switch|p1a: Silica|Quagsire, F|371/394","|turn|22","|","|move|p2a: CrazyClown's A Dic|High Jump Kick|p1a: Silica","|-damage|p1a: Silica|215/394","|move|p1a: Silica|Stockpile|p1a: Silica","|-start|p1a: Silica|stockpile1","|-boost|p1a: Silica|def|1","|-boost|p1a: Silica|spd|1","|","|-heal|p1a: Silica|239/394|[from] item: Leftovers","|-damage|p2a: CrazyClown's A Dic|172/298 tox|[from] psn","|turn|23","|","|move|p2a: CrazyClown's A Dic|High Jump Kick|p1a: Silica","|-damage|p1a: Silica|124/394","|move|p1a: Silica|Recover|p1a: Silica","|-heal|p1a: Silica|321/394","|","|-heal|p1a: Silica|345/394|[from] item: Leftovers","|-damage|p2a: CrazyClown's A Dic|136/298 tox|[from] psn","|turn|24","|","|move|p2a: CrazyClown's A Dic|High Jump Kick|p1a: Silica","|-damage|p1a: Silica|233/394","|move|p1a: Silica|Stockpile|p1a: Silica","|-start|p1a: Silica|stockpile2","|-boost|p1a: Silica|def|1","|-boost|p1a: Silica|spd|1","|","|-heal|p1a: Silica|257/394|[from] item: Leftovers","|-damage|p2a: CrazyClown's A Dic|82/298 tox|[from] psn","|turn|25","|","|move|p2a: CrazyClown's A Dic|High Jump Kick|p1a: Silica","|-damage|p1a: Silica|170/394","|move|p1a: Silica|Recover|p1a: Silica","|-heal|p1a: Silica|367/394","|","|-heal|p1a: Silica|391/394|[from] item: Leftovers","|-damage|p2a: CrazyClown's A Dic|10/298 tox|[from] psn","|turn|26","|","|move|p2a: CrazyClown's A Dic|Acrobatics|p1a: Silica","|-damage|p1a: Silica|319/394","|move|p1a: Silica|Stockpile|p1a: Silica","|-start|p1a: Silica|stockpile3","|-boost|p1a: Silica|def|1","|-boost|p1a: Silica|spd|1","|","|-heal|p1a: Silica|343/394|[from] item: Leftovers","|-damage|p2a: CrazyClown's A Dic|0 fnt|[from] psn","|faint|p2a: CrazyClown's A Dic","|","|switch|p2a: Respect Your Elder|Conkeldurr, M, shiny|414/414 brn","|turn|27","|","|move|p2a: Respect Your Elder|Ice Punch|p1a: Silica","|-damage|p1a: Silica|291/394","|move|p1a: Silica|Earthquake|p2a: Respect Your Elder","|-damage|p2a: Respect Your Elder|299/414 brn","|","|-heal|p1a: Silica|315/394|[from] item: Leftovers","|-damage|p2a: Respect Your Elder|248/414 brn|[from] brn","|turn|28","|","|move|p2a: Respect Your Elder|Drain Punch|p1a: Silica","|-crit|p1a: Silica","|-damage|p1a: Silica|23/394","|-heal|p2a: Respect Your Elder|394/414 brn|[from] drain|[of] p1a: Silica","|move|p1a: Silica|Earthquake|p2a: Respect Your Elder","|-damage|p2a: Respect Your Elder|288/414 brn","|","|-heal|p1a: Silica|47/394|[from] item: Leftovers","|-damage|p2a: Respect Your Elder|237/414 brn|[from] brn","|turn|29","|","|move|p2a: Respect Your Elder|Drain Punch|p1a: Silica","|-damage|p1a: Silica|0 fnt","|-heal|p2a: Respect Your Elder|261/414 brn|[from] drain|[of] p1a: Silica","|faint|p1a: Silica","|","|win|E4 UltraInkay"],"p1rating":{"entryid":"6517225","serverid":"eos","formatid":"monotype","userid":"doctorvergi","username":"Doctor Vergi","w":"27","l":10,"t":"0","gxe":66,"r":"1634.1853618118","rd":"66.928830130751","sigma":"0","rptime":"1438851600","rpr":1626.8041010208,"rprd":64.999319859384,"rpsigma":"0","acre":1241.0052249824,"lacre":1241.0052249824,"oldacre":"1280.0729783471"},"p2rating":{"entryid":"6413228","serverid":"eos","formatid":"monotype","userid":"e4ultrainkay","username":"E4 UltraInkay","w":15,"l":"29","t":"0","gxe":37.6,"r":"1401.4645701782","rd":"55.260209721109","sigma":"0","rptime":"1438851600","rpr":1403.2652551529,"rprd":53.681086510899,"rpsigma":"0","acre":1107.5477888505,"lacre":1107.5477888505,"oldacre":"1058.8293717941"},"endType":"normal"}