{"seed":[20666,11899,53277,62194],"turns":26,"p1":"Sage.13","p2":"E4 UltraInkay","p1team":[{"name":"King Ludi","species":"ludicolo","item":"leftovers","ability":"Swift Swim","moves":["teeterdance","scald","icebeam","gigadrain"],"nature":"Modest","evs":{"hp":0,"atk":0,"def":0,"spa":252,"spd":4,"spe":252},"shiny":true,"ivs":{"hp":31,"atk":31,"def":31,"spa":31,"spd":31,"spe":31}},{"name":"SS2 Azu","species":"azumarill","item":"sitrusberry","ability":"Huge Power","moves":["aquajet","playrough","bellydrum","knockoff"],"nature":"Adamant","evs":{"hp":252,"atk":252,"def":0,"spa":0,"spd":4,"spe":0},"shiny":true,"ivs":{"hp":31,"atk":31,"def":31,"spa":31,"spd":31,"spe":31}},{"name":"Swampert","species":"Swampert","item":"swampertite","ability":"Damp","moves":["superpower","waterfall","earthquake","icepunch"],"nature":"Adamant","evs":{"hp":248,"atk":252,"def":0,"spa":0,"spd":8,"spe":0},"ivs":{"hp":31,"atk":31,"def":31,"spa":31,"spd":31,"spe":31}},{"name":"Milo","species":"milotic","item":"leftovers","ability":"Competitive","moves":["scald","icebeam","raindance","toxic"],"nature":"Bold","evs":{"hp":252,"atk":0,"def":252,"spa":4,"spd":0,"spe":0},"shiny":true,"ivs":{"hp":31,"atk":31,"def":31,"spa":31,"spd":31,"spe":31}},{"name":"Politoed","species":"Politoed","item":"widelens","ability":"Drizzle","moves":["icebeam","surf","hypnosis","perishsong"],"nature":"Modest","evs":{"hp":248,"atk":0,"def":0,"spa":252,"spd":8,"spe":0},"shiny":true,"ivs":{"hp":31,"atk":31,"def":31,"spa":31,"spd":31,"spe":31}},{"name":"Slowbro","species":"Slowbro","item":"assaultvest","ability":"Regenerator","moves":["surf","flamethrower","futuresight","focusblast"],"nature":"Modest","evs":{"hp":248,"atk":0,"def":0,"spa":252,"spd":8,"spe":0},"shiny":true,"ivs":{"hp":31,"atk":31,"def":31,"spa":31,"spd":31,"spe":31}}],"p2team":[{"name":"Scizor","species":"Scizor","item":"scizorite","ability":"Technician","moves":["swordsdance","bulletpunch","uturn","knockoff"],"nature":"Adamant","evs":{"hp":248,"atk":252,"def":0,"spa":0,"spd":8,"spe":0},"ivs":{"hp":31,"atk":31,"def":31,"spa":31,"spd":31,"spe":31}},{"name":"Klinklang","species":"Klinklang","item":"weaknesspolicy","ability":"Clear Body","moves":["shiftgear","geargrind","wildcharge","substitute"],"nature":"Impish","evs":{"hp":248,"atk":8,"def":252,"spa":0,"spd":0,"spe":0},"happiness":0,"ivs":{"hp":31,"atk":31,"def":31,"spa":31,"spd":31,"spe":31}},{"name":"Probopass","species":"Probopass","item":"sitrusberry","ability":"Sturdy","moves":["toxic","ancientpower","stealthrock","voltswitch"],"nature":"Calm","evs":{"hp":248,"atk":0,"def":0,"spa":8,"spd":252,"spe":0},"ivs":{"hp":31,"atk":0,"def":31,"spa":31,"spd":31,"spe":31}},{"name":"Bastiodon","species":"Bastiodon","item":"airballoon","ability":"Soundproof","moves":["protect","substitute","heavyslam","roar"],"nature":"Impish","evs":{"hp":248,"atk":8,"def":252,"spa":0,"spd":0,"spe":0},"ivs":{"hp":31,"atk":31,"def":31,"spa":31,"spd":31,"spe":31}},{"name":"Lucario","species":"Lucario","item":"blackbelt","ability":"Justified","moves":["aurasphere","vacuumwave","calmmind","flashcannon"],"nature":"Modest","evs":{"hp":248,"atk":0,"def":0,"spa":252,"spd":8,"spe":0},"ivs":{"hp":31,"atk":31,"def":31,"spa":31,"spd":31,"spe":31}},{"name":"Magnezone","species":"Magnezone","item":"lightclay","ability":"Analytic","moves":["hiddenpowerice","thunderbolt","lightscreen","reflect"],"nature":"Modest","evs":{"hp":248,"atk":0,"def":0,"spa":252,"spd":8,"spe":0},"ivs":{"hp":31,"atk":30,"def":30,"spa":31,"spd":31,"spe":31}}],"log":["|player|p1|Sage.13|154","|player|p2|E4 UltraInkay|293","|gametype|singles","|gen|6","|tier|Monotype","|rated","|rule|Baton Pass Clause: Limit one Baton Passer, can't pass Spe and other stats simultaneously","|rule|Swagger Clause: Swagger is banned","|rule|Same Type Clause: Pokémon in a team must share a type","|clearpoke","|poke|p1|Ludicolo, M, shiny","|poke|p1|Azumarill, F, shiny","|poke|p1|Swampert, F","|poke|p1|Milotic, F, shiny","|poke|p1|Politoed, F, shiny","|poke|p1|Slowbro, M, shiny","|poke|p2|Scizor, F","|poke|p2|Klinklang","|poke|p2|Probopass, F","|poke|p2|Bastiodon, F","|poke|p2|Lucario, M","|poke|p2|Magnezone","|rule|Sleep Clause Mod: Limit one foe put to sleep","|rule|Species Clause: Limit one of each Pokémon","|rule|OHKO Clause: OHKO moves are banned","|rule|Moody Clause: Moody is banned","|rule|Evasion Moves Clause: Evasion moves are banned","|rule|Endless Battle Clause: Forcing endless battles is banned","|rule|HP Percentage Mod: HP is shown in percentages","|teampreview","|","|start","|switch|p1a: Slowbro|Slowbro, M, shiny|393/393","|switch|p2a: Scizor|Scizor, F|343/343","|turn|1","|","|switch|p1a: Politoed|Politoed, F, shiny|383/383","|-weather|RainDance","|detailschange|p2a: Scizor|Scizor-Mega, F","|-mega|p2a: Scizor|Scizor|Scizorite","|move|p2a: Scizor|U-turn|p1a: Politoed","|-damage|p1a: Politoed|182/383","|","|switch|p2a: Magnezone|Magnezone|343/343","|","|-weather|RainDance|[upkeep]","|turn|2","|","|switch|p1a: Milo|Milotic, F, shiny|394/394","|move|p2a: Magnezone|Light Screen|p2a: Magnezone","|-sidestart|p2: E4 UltraInkay|move: Light Screen","|","|-weather|RainDance|[upkeep]","|turn|3","|","|move|p1a: Milo|Scald|p2a: Magnezone","|-damage|p2a: Magnezone|264/343","|move|p2a: Magnezone|Reflect|p2a: Magnezone","|-sidestart|p2: E4 UltraInkay|Reflect","|","|-weather|RainDance|[upkeep]","|turn|4","|","|switch|p1a: Swampert|Swampert, F|403/403","|move|p2a: Magnezone|Thunderbolt|p1a: Swampert","|-immune|p1a: Swampert|[msg]","|","|-weather|RainDance|[upkeep]","|turn|5","|","|detailschange|p1a: Swampert|Swampert-Mega, F","|-mega|p1a: Swampert|Swampert|Swampertite","|move|p2a: Magnezone|Hidden Power|p1a: Swampert","|-crit|p1a: Swampert","|-damage|p1a: Swampert|302/403","|move|p1a: Swampert|Earthquake|p2a: Magnezone","|-supereffective|p2a: Magnezone","|-damage|p2a: Magnezone|0 fnt","|faint|p2a: Magnezone","|","|-weather|none","|","|switch|p2a: Lucario|Lucario, M|343/343","|turn|6","|","|switch|p1a: Politoed|Politoed, F, shiny|182/383","|-weather|RainDance","|move|p2a: Lucario|Aura Sphere|p1a: Politoed","|-damage|p1a: Politoed|25/383","|","|-weather|RainDance|[upkeep]","|turn|7","|","|switch|p1a: Slowbro|Slowbro, M, shiny|393/393","|move|p2a: Lucario|Vacuum Wave|p1a: Slowbro","|-resisted|p1a: Slowbro","|-damage|p1a: Slowbro|361/393","|","|-weather|RainDance|[upkeep]","|turn|8","|","|move|p2a: Lucario|Calm Mind|p2a: Lucario","|-boost|p2a: Lucario|spa|1","|-boost|p2a: Lucario|spd|1","|move|p1a: Slowbro|Focus Blast|p2a: Lucario","|-supereffective|p2a: Lucario","|-damage|p2a: Lucario|223/343","|","|-weather|RainDance|[upkeep]","|turn|9","|","|move|p2a: Lucario|Flash Cannon|p1a: Slowbro","|-resisted|p1a: Slowbro","|-damage|p1a: Slowbro|268/393","|move|p1a: Slowbro|Surf|p2a: Lucario","|-damage|p2a: Lucario|127/343","|","|-weather|RainDance|[upkeep]","|-sideend|p2: E4 UltraInkay|move: Light Screen","|turn|10","|","|move|p2a: Lucario|Flash Cannon|p1a: Slowbro","|-resisted|p1a: Slowbro","|-damage|p1a: Slowbro|177/393","|move|p1a: Slowbro|Focus Blast|p2a: Lucario","|-supereffective|p2a: Lucario","|-damage|p2a: Lucario|0 fnt","|faint|p2a: Lucario","|","|-weather|none","|-sideend|p2: E4 UltraInkay|Reflect","|","|switch|p2a: Klinklang|Klinklang|323/323","|turn|11","|","|switch|p1a: Politoed|Politoed, F, shiny|25/383","|-weather|RainDance","|move|p2a: Klinklang|Wild Charge|p1a: Politoed","|-crit|p1a: Politoed","|-supereffective|p1a: Politoed","|-damage|p1a: Politoed|0 fnt","|-damage|p2a: Klinklang|317/323|[from] recoil|[of] p1a: Politoed","|faint|p1a: Politoed","|","|-weather|RainDance|[upkeep]","|","|switch|p1a: Swampert|Swampert-Mega, F|302/403","|turn|12","|","|move|p1a: Swampert|Earthquake|p2a: Klinklang","|-supereffective|p2a: Klinklang","|-damage|p2a: Klinklang|21/323","|-enditem|p2a: Klinklang|Weakness Policy","|-boost|p2a: Klinklang|atk|2|[from] item: Weakness Policy","|-boost|p2a: Klinklang|spa|2|[from] item: Weakness Policy","|move|p2a: Klinklang|Gear Grind|p1a: Swampert","|-resisted|p1a: Swampert","|-damage|p1a: Swampert|243/403","|-resisted|p1a: Swampert","|-damage|p1a: Swampert|186/403","|-hitcount|p1a: Swampert|2","|","|-weather|RainDance|[upkeep]","|turn|13","|","|move|p1a: Swampert|Waterfall|p2a: Klinklang","|-damage|p2a: Klinklang|0 fnt","|faint|p2a: Klinklang","|","|-weather|RainDance|[upkeep]","|","|switch|p2a: Scizor|Scizor-Mega, F|343/343","|turn|14","|","|switch|p1a: SS2 Azu|Azumarill, F, shiny|404/404","|move|p2a: Scizor|Knock Off|p1a: SS2 Azu","|-resisted|p1a: SS2 Azu","|-damage|p1a: SS2 Azu|320/404","|-enditem|p1a: SS2 Azu|Sitrus Berry|[from] move: Knock Off|[of] p2a: Scizor","|","|-weather|RainDance|[upkeep]","|turn|15","|","|move|p2a: Scizor|Bullet Punch|p1a: SS2 Azu","|-damage|p1a: SS2 Azu|170/404","|move|p1a: SS2 Azu|Aqua Jet|p2a: Scizor","|-damage|p2a: Scizor|243/343","|","|-weather|none","|turn|16","|","|move|p2a: Scizor|Bullet Punch|p1a: SS2 Azu","|-damage|p1a: SS2 Azu|11/404","|move|p1a: SS2 Azu|Aqua Jet|p2a: Scizor","|-damage|p2a: Scizor|180/343","|","|turn|17","|","|move|p2a: Scizor|Bullet Punch|p1a: SS2 Azu","|-damage|p1a: SS2 Azu|0 fnt","|faint|p1a: SS2 Azu","|","|","|switch|p1a: Milo|Milotic, F, shiny|394/394","|turn|18","|","|move|p1a: Milo|Scald|p2a: Scizor","|-crit|p2a: Scizor","|-damage|p2a: Scizor|35/343","|move|p2a: Scizor|Knock Off|p1a: Milo","|-damage|p1a: Milo|279/394","|-enditem|p1a: Milo|Leftovers|[from] move: Knock Off|[of] p2a: Scizor","|","|turn|19","|","|move|p1a: Milo|Rain Dance|p1a: Milo","|-weather|RainDance","|move|p2a: Scizor|U-turn|p1a: Milo","|-crit|p1a: Milo","|-damage|p1a: Milo|86/394","|","|switch|p2a: Bastiodon|Bastiodon, F|323/323","|-item|p2a: Bastiodon|Air Balloon","|","|-weather|RainDance|[upkeep]","|turn|20","|","|move|p1a: Milo|Scald|p2a: Bastiodon","|-supereffective|p2a: Bastiodon","|-damage|p2a: Bastiodon|113/323","|-enditem|p2a: Bastiodon|Air Balloon","|move|p2a: Bastiodon|Heavy Slam|p1a: Milo","|-resisted|p1a: Milo","|-damage|p1a: Milo|74/394","|","|-weather|RainDance|[upkeep]","|turn|21","|","|move|p1a: Milo|Scald|p2a: Bastiodon","|-supereffective|p2a: Bastiodon","|-damage|p2a: Bastiodon|0 fnt","|faint|p2a: Bastiodon","|","|-weather|RainDance|[upkeep]","|","|switch|p2a: Probopass|Probopass, F|323/323","|turn|22","|","|move|p1a: Milo|Scald|p2a: Probopass","|-supereffective|p2a: Probopass","|-damage|p2a: Probopass|159/323","|-status|p2a: Probopass|brn","|-enditem|p2a: Probopass|Sitrus Berry|[eat]","|-heal|p2a: Probopass|239/323 brn|[from] item: Sitrus Berry","|move|p2a: Probopass|Volt Switch|p1a: Milo","|-supereffective|p1a: Milo","|-damage|p1a: Milo|6/394","|","|switch|p2a: Scizor|Scizor-Mega, F|35/343","|","|-weather|RainDance|[upkeep]","|turn|23","|","|move|p2a: Scizor|Bullet Punch|p1a: Milo","|-resisted|p1a: Milo","|-damage|p1a: Milo|0 fnt","|faint|p1a: Milo","|","|-weather|none","|","|switch|p1a: King Ludi|Ludicolo, M, shiny|301/301","|turn|24","|","|move|p1a: King Ludi|Scald|p2a: Scizor","|-damage|p2a: Scizor|0 fnt","|faint|p2a: Scizor","|","|","|switch|p2a: Probopass|Probopass, F|239/323 brn","|turn|25","|","|move|p1a: King Ludi|Scald|p2a: Probopass","|-supereffective|p2a: Probopass","|-damage|p2a: Probopass|117/323 brn","|move|p2a: Probopass|Volt Switch|p1a: King Ludi","|-damage|p1a: King Ludi|255/301","|","|-heal|p1a: King Ludi|273/301|[from] item: Leftovers","|-damage|p2a: Probopass|77/323 brn|[from] brn","|turn|26","|","|move|p1a: King Ludi|Scald|p2a: Probopass","|-crit|p2a: Probopass","|-supereffective|p2a: Probopass","|-damage|p2a: Probopass|0 fnt","|faint|p2a: Probopass","|","|win|Sage.13"],"p1rating":{"entryid":"7365108","serverid":"eos","formatid":"monotype","userid":"sage13","username":"Sage.13","w":17,"l":"16","t":"0","gxe":49.1,"r":"1501.1655659872","rd":"60.373939054538","sigma":"0","rptime":"1438851600","rpr":1493.3889471917,"rprd":57.46484603094,"rpsigma":"0","acre":1106.6728310726,"lacre":1106.6728310726,"oldacre":"1075.7006771179"},"p2rating":{"entryid":"6413228","serverid":"eos","formatid":"monotype","userid":"e4ultrainkay","username":"E4 UltraInkay","w":"14","l":28,"t":"0","gxe":36.6,"r":1401.4645701782,"rd":55.260209721109,"sigma":"0","rptime":1438851600,"rpr":1395.3409595807,"rprd":54.647186581409,"rpsigma":"0","acre":1076.9593192424,"lacre":1076.9593192424,"oldacre":"1103.9904448963"},"endType":"normal"}