{"seed":[52139,47112,11217,50305],"turns":27,"p1":"Asiago noah123","p2":"SWL HB","p1team":[{"name":"Hoopa-Unbound","species":"Hoopa-Unbound","item":"choicescarf","ability":"Magician","moves":["zenheadbutt","drainpunch","hyperspacefury","gunkshot"],"nature":"Adamant","evs":{"hp":248,"atk":252,"def":0,"spa":0,"spd":8,"spe":0},"ivs":{"hp":31,"atk":31,"def":31,"spa":31,"spd":31,"spe":31}},{"name":"Weavile","species":"Weavile","item":"lifeorb","ability":"Pressure","moves":["iceshard","iciclecrash","nightslash","lowkick"],"nature":"Jolly","evs":{"hp":0,"atk":252,"def":0,"spa":0,"spd":4,"spe":252},"gender":"M","ivs":{"hp":31,"atk":31,"def":31,"spa":31,"spd":31,"spe":31}},{"name":"Mandibuzz","species":"Mandibuzz","item":"leftovers","ability":"Overcoat","moves":["roost","defog","bravebird","knockoff"],"nature":"Careful","evs":{"hp":252,"atk":0,"def":4,"spa":0,"spd":252,"spe":0},"ivs":{"hp":31,"atk":31,"def":31,"spa":31,"spd":31,"spe":31}},{"name":"Sableye","species":"Sableye","item":"sablenite","ability":"Prankster","moves":["willowisp","calmmind","recover","shadowball"],"nature":"Calm","evs":{"hp":248,"atk":0,"def":172,"spa":8,"spd":80,"spe":0},"gender":"M","ivs":{"hp":31,"atk":31,"def":31,"spa":31,"spd":31,"spe":31}},{"name":"Hydreigon","species":"Hydreigon","item":"choicescarf","ability":"Levitate","moves":["dracometeor","focusblast","flashcannon","darkpulse"],"nature":"Timid","evs":{"hp":0,"atk":0,"def":0,"spa":252,"spd":4,"spe":252},"ivs":{"hp":31,"atk":31,"def":31,"spa":31,"spd":31,"spe":31}},{"name":"Tyranitar","species":"Tyranitar","item":"leftovers","ability":"Sand Stream","moves":["stoneedge","earthquake","dragondance","crunch"],"nature":"Adamant","evs":{"hp":0,"atk":252,"def":0,"spa":0,"spd":4,"spe":252},"ivs":{"hp":31,"atk":31,"def":31,"spa":31,"spd":31,"spe":31}}],"p2team":[{"name":"Aegislash","species":"Aegislash","item":"leftovers","ability":"Stance Change","moves":["shadowball","kingsshield","sacredsword","shadowsneak"],"nature":"Relaxed","evs":{"hp":248,"atk":8,"def":252,"spa":0,"spd":0,"spe":0},"ivs":{"hp":31,"atk":31,"def":31,"spa":31,"spd":31,"spe":31}},{"name":"Hoopa","species":"Hoopa","item":"lifeorb","ability":"Magician","moves":["nastyplot","substitute","hyperspacehole","focusblast"],"nature":"Calm","evs":{"hp":218,"atk":0,"def":0,"spa":252,"spd":38,"spe":0},"ivs":{"hp":31,"atk":31,"def":31,"spa":31,"spd":31,"spe":31}},{"name":"Gengar","species":"Gengar","item":"custapberry","ability":"Levitate","moves":["destinybond","shadowball","endure","sludgebomb"],"nature":"Timid","evs":{"hp":0,"atk":0,"def":0,"spa":252,"spd":4,"spe":252},"ivs":{"hp":31,"atk":31,"def":31,"spa":31,"spd":31,"spe":31}},{"name":"Chandelure","species":"Chandelure","item":"choicescarf","ability":"Flash Fire","moves":["energyball","fireblast","shadowball","hiddenpowerrock"],"nature":"Timid","evs":{"hp":0,"atk":0,"def":0,"spa":252,"spd":4,"spe":252},"ivs":{"hp":31,"atk":31,"def":30,"spa":31,"spd":30,"spe":30}},{"name":"Sableye","species":"Sableye","item":"sablenite","ability":"Prankster","moves":["knockoff","nightshade","willowisp","recover"],"nature":"Careful","evs":{"hp":248,"atk":4,"def":112,"spa":0,"spd":144,"spe":0},"ivs":{"hp":31,"atk":31,"def":31,"spa":31,"spd":31,"spe":31}},{"name":"Jellicent","species":"Jellicent","item":"leftovers","ability":"Water Absorb","moves":["recover","scald","confuseray","willowisp"],"nature":"Bold","evs":{"hp":204,"atk":0,"def":216,"spa":0,"spd":88,"spe":0},"ivs":{"hp":31,"atk":31,"def":31,"spa":31,"spd":31,"spe":31}}],"log":["|player|p1|Asiago noah123|101","|player|p2|SWL HB|swlhb.gif","|gametype|singles","|gen|6","|tier|Monotype","|rated","|rule|Baton Pass Clause: Limit one Baton Passer, can't pass Spe and other stats simultaneously","|rule|Swagger Clause: Swagger is banned","|rule|Same Type Clause: Pokémon in a team must share a type","|clearpoke","|poke|p1|Hoopa-Unbound","|poke|p1|Weavile, M","|poke|p1|Mandibuzz, F","|poke|p1|Sableye, M","|poke|p1|Hydreigon, M","|poke|p1|Tyranitar, M","|poke|p2|Aegislash, F","|poke|p2|Hoopa","|poke|p2|Gengar, F","|poke|p2|Chandelure, F","|poke|p2|Sableye, F","|poke|p2|Jellicent, M","|rule|Sleep Clause Mod: Limit one foe put to sleep","|rule|Species Clause: Limit one of each Pokémon","|rule|OHKO Clause: OHKO moves are banned","|rule|Moody Clause: Moody is banned","|rule|Evasion Moves Clause: Evasion moves are banned","|rule|Endless Battle Clause: Forcing endless battles is banned","|rule|HP Percentage Mod: HP is shown in percentages","|teampreview","|","|start","|switch|p1a: Hydreigon|Hydreigon, M|325/325","|switch|p2a: Sableye|Sableye, F|303/303","|turn|1","|","|move|p2a: Sableye|Will-O-Wisp|p1a: Hydreigon","|-status|p1a: Hydreigon|brn","|move|p1a: Hydreigon|Draco Meteor|p2a: Sableye","|-damage|p2a: Sableye|57/303","|-unboost|p1a: Hydreigon|spa|2","|","|-damage|p1a: Hydreigon|285/325 brn|[from] brn","|turn|2","|","|move|p2a: Sableye|Recover|p2a: Sableye","|-heal|p2a: Sableye|209/303","|move|p1a: Hydreigon|Draco Meteor|p2a: Sableye","|-damage|p2a: Sableye|89/303","|-unboost|p1a: Hydreigon|spa|2","|","|-damage|p1a: Hydreigon|245/325 brn|[from] brn","|turn|3","|","|switch|p1a: Sableye|Sableye, M|303/303","|move|p2a: Sableye|Recover|p2a: Sableye","|-heal|p2a: Sableye|241/303","|","|turn|4","|","|detailschange|p2a: Sableye|Sableye-Mega, F","|-mega|p2a: Sableye|Sableye|Sablenite","|detailschange|p1a: Sableye|Sableye-Mega, M","|-mega|p1a: Sableye|Sableye|Sablenite","|move|p1a: Sableye|Calm Mind|p1a: Sableye","|-boost|p1a: Sableye|spa|1","|-boost|p1a: Sableye|spd|1","|move|p2a: Sableye|Knock Off|p1a: Sableye","|-damage|p1a: Sableye|257/303","|","|turn|5","|","|switch|p2a: Jellicent|Jellicent, M|392/392","|move|p1a: Sableye|Calm Mind|p1a: Sableye","|-boost|p1a: Sableye|spa|1","|-boost|p1a: Sableye|spd|1","|","|turn|6","|","|move|p2a: Jellicent|Scald|p1a: Sableye","|-damage|p1a: Sableye|224/303","|-status|p1a: Sableye|brn","|move|p1a: Sableye|Shadow Ball|p2a: Jellicent","|-supereffective|p2a: Jellicent","|-damage|p2a: Jellicent|102/392","|","|-heal|p2a: Jellicent|126/392|[from] item: Leftovers","|-damage|p1a: Sableye|187/303 brn|[from] brn","|turn|7","|","|move|p2a: Jellicent|Recover|p2a: Jellicent","|-heal|p2a: Jellicent|322/392","|move|p1a: Sableye|Recover|p1a: Sableye","|-heal|p1a: Sableye|303/303 brn","|","|-heal|p2a: Jellicent|346/392|[from] item: Leftovers","|-damage|p1a: Sableye|266/303 brn|[from] brn","|turn|8","|","|move|p2a: Jellicent|Scald|p1a: Sableye","|-damage|p1a: Sableye|235/303 brn","|move|p1a: Sableye|Calm Mind|p1a: Sableye","|-boost|p1a: Sableye|spa|1","|-boost|p1a: Sableye|spd|1","|","|-heal|p2a: Jellicent|370/392|[from] item: Leftovers","|-damage|p1a: Sableye|198/303 brn|[from] brn","|turn|9","|","|move|p2a: Jellicent|Scald|p1a: Sableye","|-damage|p1a: Sableye|171/303 brn","|move|p1a: Sableye|Calm Mind|p1a: Sableye","|-boost|p1a: Sableye|spa|1","|-boost|p1a: Sableye|spd|1","|","|-heal|p2a: Jellicent|392/392|[from] item: Leftovers","|-damage|p1a: Sableye|134/303 brn|[from] brn","|turn|10","|","|switch|p2a: Gengar|Gengar, F|261/261","|move|p1a: Sableye|Recover|p1a: Sableye","|-heal|p1a: Sableye|286/303 brn","|","|-damage|p1a: Sableye|249/303 brn|[from] brn","|turn|11","|","|move|p2a: Gengar|Destiny Bond|p2a: Gengar","|-singlemove|p2a: Gengar|Destiny Bond","|move|p1a: Sableye|Shadow Ball|p2a: Gengar","|-supereffective|p2a: Gengar","|-damage|p2a: Gengar|0 fnt","|faint|p2a: Gengar","|-activate|p2a: Gengar|Destiny Bond","|faint|p1a: Sableye","|","|","|switch|p1a: Tyranitar|Tyranitar, M|341/341","|switch|p2a: Sableye|Sableye-Mega, F|241/303","|-weather|Sandstorm","|turn|12","|","|switch|p1a: Hydreigon|Hydreigon, M|245/325 brn","|move|p2a: Sableye|Will-O-Wisp|p1a: Hydreigon|[miss]","|-miss|p2a: Sableye|p1a: Hydreigon","|","|-weather|Sandstorm|[upkeep]","|-damage|p1a: Hydreigon|225/325 brn|[from] sandstorm","|-damage|p2a: Sableye|223/303|[from] sandstorm","|-damage|p1a: Hydreigon|185/325 brn|[from] brn","|turn|13","|","|switch|p2a: Jellicent|Jellicent, M|392/392","|move|p1a: Hydreigon|Draco Meteor|p2a: Jellicent","|-damage|p2a: Jellicent|199/392","|-unboost|p1a: Hydreigon|spa|2","|","|-weather|Sandstorm|[upkeep]","|-damage|p1a: Hydreigon|165/325 brn|[from] sandstorm","|-damage|p2a: Jellicent|175/392|[from] sandstorm","|-heal|p2a: Jellicent|199/392|[from] item: Leftovers","|-damage|p1a: Hydreigon|125/325 brn|[from] brn","|turn|14","|","|switch|p1a: Mandibuzz|Mandibuzz, F|424/424","|move|p2a: Jellicent|Recover|p2a: Jellicent","|-heal|p2a: Jellicent|392/392","|","|-weather|Sandstorm|[upkeep]","|-damage|p2a: Jellicent|368/392|[from] sandstorm","|-heal|p2a: Jellicent|392/392|[from] item: Leftovers","|turn|15","|","|switch|p2a: Sableye|Sableye-Mega, F|223/303","|move|p1a: Mandibuzz|Knock Off|p2a: Sableye","|-damage|p2a: Sableye|178/303","|","|-weather|Sandstorm|[upkeep]","|-damage|p2a: Sableye|160/303|[from] sandstorm","|turn|16","|","|move|p1a: Mandibuzz|Brave Bird|p2a: Sableye","|-damage|p2a: Sableye|79/303","|-damage|p1a: Mandibuzz|397/424|[from] recoil|[of] p2a: Sableye","|move|p2a: Sableye|Recover|p2a: Sableye","|-heal|p2a: Sableye|231/303","|","|-weather|none","|-heal|p1a: Mandibuzz|423/424|[from] item: Leftovers","|turn|17","|","|switch|p1a: Hydreigon|Hydreigon, M|125/325 brn","|move|p2a: Sableye|Will-O-Wisp|p1a: Hydreigon","|-fail|p1a: Hydreigon|brn","|","|-damage|p1a: Hydreigon|85/325 brn|[from] brn","|turn|18","|","|move|p1a: Hydreigon|Dark Pulse|p2a: Sableye","|-damage|p2a: Sableye|138/303","|move|p2a: Sableye|Recover|p2a: Sableye","|-heal|p2a: Sableye|290/303","|","|-damage|p1a: Hydreigon|45/325 brn|[from] brn","|turn|19","|","|switch|p1a: Tyranitar|Tyranitar, M|341/341","|-weather|Sandstorm","|move|p2a: Sableye|Recover|p2a: Sableye","|-heal|p2a: Sableye|303/303","|","|-weather|Sandstorm|[upkeep]","|-damage|p2a: Sableye|285/303|[from] sandstorm","|turn|20","|","|move|p1a: Tyranitar|Stone Edge|p2a: Sableye","|-damage|p2a: Sableye|128/303","|move|p2a: Sableye|Night Shade|p1a: Tyranitar","|-damage|p1a: Tyranitar|241/341","|","|-weather|Sandstorm|[upkeep]","|-damage|p2a: Sableye|110/303|[from] sandstorm","|-heal|p1a: Tyranitar|262/341|[from] item: Leftovers","|turn|21","|","|switch|p2a: Aegislash|Aegislash, F|323/323","|move|p1a: Tyranitar|Stone Edge|p2a: Aegislash|[miss]","|-miss|p1a: Tyranitar|p2a: Aegislash","|","|-weather|Sandstorm|[upkeep]","|-heal|p1a: Tyranitar|283/341|[from] item: Leftovers","|turn|22","|","|move|p1a: Tyranitar|Earthquake|p2a: Aegislash","|-supereffective|p2a: Aegislash","|-damage|p2a: Aegislash|181/323","|-formechange|p2a: Aegislash|Aegislash-Blade","|move|p2a: Aegislash|Sacred Sword|p1a: Tyranitar","|-supereffective|p1a: Tyranitar","|-damage|p1a: Tyranitar|0 fnt","|faint|p1a: Tyranitar","|","|-weather|Sandstorm|[upkeep]","|-heal|p2a: Aegislash|201/323|[from] item: Leftovers","|","|switch|p1a: Hoopa-Unbound|Hoopa-Unbound|363/363","|turn|23","|","|-formechange|p2a: Aegislash|Aegislash","|move|p2a: Aegislash|King's Shield|p2a: Aegislash","|-singleturn|p2a: Aegislash|Protect","|move|p1a: Hoopa-Unbound|Hyperspace Fury|p2a: Aegislash","|-supereffective|p2a: Aegislash","|-damage|p2a: Aegislash|0 fnt","|-unboost|p1a: Hoopa-Unbound|def|1","|faint|p2a: Aegislash","|","|-weather|none","|","|switch|p2a: Chandelure|Chandelure, F|261/261","|turn|24","|","|move|p2a: Chandelure|Shadow Ball|p1a: Hoopa-Unbound","|-damage|p1a: Hoopa-Unbound|240/363","|move|p1a: Hoopa-Unbound|Hyperspace Fury|p2a: Chandelure","|-supereffective|p2a: Chandelure","|-damage|p2a: Chandelure|0 fnt","|-unboost|p1a: Hoopa-Unbound|def|1","|faint|p2a: Chandelure","|","|","|switch|p2a: Sableye|Sableye-Mega, F|110/303","|turn|25","|","|move|p1a: Hoopa-Unbound|Hyperspace Fury|p2a: Sableye","|-damage|p2a: Sableye|0 fnt","|-unboost|p1a: Hoopa-Unbound|def|1","|faint|p2a: Sableye","|","|","|switch|p2a: Hoopa|Hoopa|355/355","|turn|26","|","|move|p1a: Hoopa-Unbound|Hyperspace Fury|p2a: Hoopa","|-supereffective|p2a: Hoopa","|-damage|p2a: Hoopa|0 fnt","|-unboost|p1a: Hoopa-Unbound|def|1","|faint|p2a: Hoopa","|","|","|switch|p2a: Jellicent|Jellicent, M|392/392","|turn|27","|","|move|p1a: Hoopa-Unbound|Hyperspace Fury|p2a: Jellicent","|-supereffective|p2a: Jellicent","|-damage|p2a: Jellicent|0 fnt","|-unboost|p1a: Hoopa-Unbound|def|1","|faint|p2a: Jellicent","|","|win|Asiago noah123"],"p1rating":{"entryid":"7402864","serverid":"eos","formatid":"monotype","userid":"asiagonoah123","username":"Asiago Noah123","w":5,"l":"8","t":"0","gxe":43.5,"r":1431.9767415098,"rd":84.238126498154,"sigma":"0","rptime":1438851600,"rpr":1449.2818588477,"rprd":82.008575612423,"rpsigma":"0","acre":1081.7697166569,"lacre":1081.7697166569,"oldacre":"1048.200560191"},"p2rating":{"entryid":"6872578","serverid":"eos","formatid":"monotype","userid":"swlhb","username":"SWL HB","w":"6","l":13,"t":"0","gxe":34.9,"r":"1403.4297217191","rd":"77.098562465863","sigma":"0","rptime":"1438851600","rpr":1379.8661891605,"rprd":74.000901134325,"rpsigma":"0","acre":1037.7233665175,"lacre":1037.7233665175,"oldacre":"1056.6760066625"},"endType":"normal"}