{"seed":[27596,43946,20344,37973],"turns":27,"p1":"Guard Wanderer","p2":"Sovereign♕Cactus","p1team":[{"name":"Weezing","species":"Weezing","item":"sitrusberry","ability":"Levitate","moves":["toxicspikes","willowisp","memento","thief"],"nature":"Careful","evs":{"hp":248,"atk":8,"def":0,"spa":0,"spd":252,"spe":0},"ivs":{"hp":31,"atk":31,"def":31,"spa":31,"spd":31,"spe":31}},{"name":"Tentacruel","species":"Tentacruel","item":"assaultvest","ability":"Liquid Ooze","moves":["scald","acidspray","gigadrain","hex"],"nature":"Timid","evs":{"hp":0,"atk":0,"def":4,"spa":252,"spd":0,"spe":252},"ivs":{"hp":31,"atk":31,"def":31,"spa":31,"spd":31,"spe":31}},{"name":"Skuntank","species":"Skuntank","item":"","ability":"Stench","moves":["snatch","thief","suckerpunch","poisonjab"],"nature":"Adamant","evs":{"hp":248,"atk":252,"def":0,"spa":0,"spd":8,"spe":0},"ivs":{"hp":31,"atk":31,"def":31,"spa":31,"spd":31,"spe":31}},{"name":"Crobat","species":"Crobat","item":"whiteherb","ability":"Infiltrator","moves":["curse","acrobatics","roost","hypnosis"],"nature":"Jolly","evs":{"hp":248,"atk":8,"def":0,"spa":0,"spd":0,"spe":252},"ivs":{"hp":31,"atk":31,"def":31,"spa":31,"spd":31,"spe":31}},{"name":"Gengar","species":"Gengar","item":"choicescarf","ability":"Levitate","moves":["trick","destinybond","venoshock","hex"],"nature":"Timid","evs":{"hp":0,"atk":0,"def":0,"spa":252,"spd":4,"spe":252},"ivs":{"hp":31,"atk":31,"def":31,"spa":31,"spd":31,"spe":31}},{"name":"Amoonguss","species":"Amoonguss","item":"blacksludge","ability":"Regenerator","moves":["spore","gigadrain","gastroacid","stunspore"],"nature":"Calm","evs":{"hp":248,"atk":0,"def":0,"spa":8,"spd":252,"spe":0},"shiny":true,"ivs":{"hp":31,"atk":31,"def":31,"spa":31,"spd":31,"spe":31}}],"p2team":[{"name":"Rotom-Wash","species":"Rotom-Wash","item":"leftovers","ability":"Levitate","moves":["hydropump","voltswitch","willowisp","shadowball"],"nature":"Calm","evs":{"hp":252,"atk":0,"def":0,"spa":4,"spd":252,"spe":0},"ivs":{"hp":31,"atk":31,"def":31,"spa":31,"spd":31,"spe":31}},{"name":"Butters","species":"azumarill","item":"choiceband","ability":"Sap Sipper","moves":["aquajet","icepunch","superpower","playrough"],"nature":"Adamant","evs":{"hp":248,"atk":252,"def":0,"spa":0,"spd":8,"spe":0},"gender":"M","shiny":true,"ivs":{"hp":31,"atk":31,"def":31,"spa":31,"spd":31,"spe":31}},{"name":"Nemo","species":"lanturn","item":"leftovers","ability":"Volt Absorb","moves":["scald","thunderwave","voltswitch","icebeam"],"nature":"Modest","evs":{"hp":252,"atk":0,"def":0,"spa":252,"spd":4,"spe":0},"shiny":true,"ivs":{"hp":31,"atk":31,"def":31,"spa":31,"spd":31,"spe":31}},{"name":"TheHellThisThing?","species":"manaphy","item":"salacberry","ability":"Hydration","moves":["tailglow","icebeam","psychic","surf"],"nature":"Timid","evs":{"hp":0,"atk":0,"def":0,"spa":252,"spd":4,"spe":252},"shiny":true,"ivs":{"hp":31,"atk":31,"def":31,"spa":31,"spd":31,"spe":31}},{"name":"Cotton The D-bag","species":"politoed","item":"assaultvest","ability":"Drizzle","moves":["focusblast","icebeam","scald","psychic"],"nature":"Modest","evs":{"hp":248,"atk":0,"def":0,"spa":252,"spd":8,"spe":0},"gender":"F","shiny":true,"ivs":{"hp":31,"atk":31,"def":31,"spa":31,"spd":31,"spe":31}},{"name":"Churro","species":"ludicolo","item":"lifeorb","ability":"Swift Swim","moves":["energyball","icebeam","focusblast","surf"],"nature":"Modest","evs":{"hp":0,"atk":0,"def":0,"spa":252,"spd":4,"spe":252},"shiny":true,"ivs":{"hp":31,"atk":31,"def":31,"spa":31,"spd":31,"spe":31}}],"log":["|player|p1|Guard Wanderer|235","|player|p2|Sovereign♕Cactus|251","|gametype|singles","|gen|6","|tier|Monotype","|rated","|rule|Baton Pass Clause: Limit one Baton Passer, can't pass Spe and other stats simultaneously","|rule|Swagger Clause: Swagger is banned","|rule|Same Type Clause: Pokémon in a team must share a type","|clearpoke","|poke|p1|Weezing, F","|poke|p1|Tentacruel, F","|poke|p1|Skuntank, F","|poke|p1|Crobat, F","|poke|p1|Gengar, M","|poke|p1|Amoonguss, M, shiny","|poke|p2|Rotom-Wash","|poke|p2|Azumarill, M, shiny","|poke|p2|Lanturn, M, shiny","|poke|p2|Manaphy, shiny","|poke|p2|Politoed, F, shiny","|poke|p2|Ludicolo, F, shiny","|rule|Sleep Clause Mod: Limit one foe put to sleep","|rule|Species Clause: Limit one of each Pokémon","|rule|OHKO Clause: OHKO moves are banned","|rule|Moody Clause: Moody is banned","|rule|Evasion Moves Clause: Evasion moves are banned","|rule|Endless Battle Clause: Forcing endless battles is banned","|rule|HP Percentage Mod: HP is shown in percentages","|teampreview","|","|start","|switch|p1a: Weezing|Weezing, F|333/333","|switch|p2a: Cotton The D-bag|Politoed, F, shiny|383/383","|-weather|RainDance","|turn|1","|","|move|p2a: Cotton The D-bag|Scald|p1a: Weezing","|-damage|p1a: Weezing|177/333","|-status|p1a: Weezing|brn","|move|p1a: Weezing|Toxic Spikes|p2a: Cotton The D-bag","|-sidestart|p2: Sovereign♕Cactus|move: Toxic Spikes","|","|-weather|RainDance|[upkeep]","|-damage|p1a: Weezing|136/333 brn|[from] brn","|-enditem|p1a: Weezing|Sitrus Berry|[eat]","|-heal|p1a: Weezing|219/333 brn|[from] item: Sitrus Berry","|turn|2","|","|switch|p2a: TheHellThisThing?|Manaphy, shiny|341/341","|-status|p2a: TheHellThisThing?|psn","|switch|p1a: Tentacruel|Tentacruel, F|301/301","|","|-weather|RainDance|[upkeep]","|-curestatus|p2a: TheHellThisThing?|psn","|turn|3","|","|move|p2a: TheHellThisThing?|Tail Glow|p2a: TheHellThisThing?","|-boost|p2a: TheHellThisThing?|spa|3","|move|p1a: Tentacruel|Acid Spray|p2a: TheHellThisThing?","|-crit|p2a: TheHellThisThing?","|-damage|p2a: TheHellThisThing?|266/341","|-unboost|p2a: TheHellThisThing?|spd|2","|","|-weather|RainDance|[upkeep]","|turn|4","|","|move|p1a: Tentacruel|Giga Drain|p2a: TheHellThisThing?","|-supereffective|p2a: TheHellThisThing?","|-damage|p2a: TheHellThisThing?|4/341","|-enditem|p2a: TheHellThisThing?|Salac Berry|[eat]","|-boost|p2a: TheHellThisThing?|spe|1|[from] item: Salac Berry","|move|p2a: TheHellThisThing?|Psychic|p1a: Tentacruel","|-supereffective|p1a: Tentacruel","|-damage|p1a: Tentacruel|67/301","|","|-weather|RainDance|[upkeep]","|turn|5","|","|switch|p1a: Weezing|Weezing, F|219/333 brn","|move|p2a: TheHellThisThing?|Psychic|p1a: Weezing","|-supereffective|p1a: Weezing","|-damage|p1a: Weezing|0 fnt","|faint|p1a: Weezing","|","|-weather|none","|","|switch|p1a: Skuntank|Skuntank, F|409/409","|turn|6","|","|move|p1a: Skuntank|Sucker Punch|p2a: TheHellThisThing?","|-damage|p2a: TheHellThisThing?|0 fnt","|faint|p2a: TheHellThisThing?","|","|","|switch|p2a: Cotton The D-bag|Politoed, F, shiny|383/383","|-status|p2a: Cotton The D-bag|psn","|-weather|RainDance","|turn|7","|","|switch|p1a: Amoonguss|Amoonguss, M, shiny|431/431","|move|p2a: Cotton The D-bag|Scald|p1a: Amoonguss","|-crit|p1a: Amoonguss","|-resisted|p1a: Amoonguss","|-damage|p1a: Amoonguss|311/431","|","|-weather|RainDance|[upkeep]","|-heal|p1a: Amoonguss|337/431|[from] item: Black Sludge","|-damage|p2a: Cotton The D-bag|336/383 psn|[from] psn","|turn|8","|","|switch|p2a: Butters|Azumarill, M, shiny|403/403","|-status|p2a: Butters|psn","|move|p1a: Amoonguss|Gastro Acid|p2a: Butters","|-endability|p2a: Butters","|","|-weather|RainDance|[upkeep]","|-heal|p1a: Amoonguss|363/431|[from] item: Black Sludge","|-damage|p2a: Butters|353/403 psn|[from] psn","|turn|9","|","|move|p2a: Butters|Ice Punch|p1a: Amoonguss","|-supereffective|p1a: Amoonguss","|-damage|p1a: Amoonguss|149/431","|move|p1a: Amoonguss|Giga Drain|p2a: Butters","|-supereffective|p2a: Butters","|-damage|p2a: Butters|159/403 psn","|-heal|p1a: Amoonguss|246/431|[from] drain|[of] p2a: Butters","|","|-weather|RainDance|[upkeep]","|-heal|p1a: Amoonguss|272/431|[from] item: Black Sludge","|-damage|p2a: Butters|109/403 psn|[from] psn","|turn|10","|","|move|p2a: Butters|Ice Punch|p1a: Amoonguss","|-supereffective|p1a: Amoonguss","|-damage|p1a: Amoonguss|56/431","|move|p1a: Amoonguss|Giga Drain|p2a: Butters","|-supereffective|p2a: Butters","|-damage|p2a: Butters|0 fnt","|-heal|p1a: Amoonguss|111/431|[from] drain|[of] p2a: Butters","|faint|p2a: Butters","|","|-weather|RainDance|[upkeep]","|-heal|p1a: Amoonguss|137/431|[from] item: Black Sludge","|","|switch|p2a: Churro|Ludicolo, F, shiny|301/301","|-status|p2a: Churro|psn","|turn|11","|","|switch|p1a: Tentacruel|Tentacruel, F|67/301","|move|p2a: Churro|Ice Beam|p1a: Tentacruel","|-resisted|p1a: Tentacruel","|-damage|p1a: Tentacruel|33/301","|-damage|p2a: Churro|271/301 psn|[from] item: Life Orb","|","|-weather|none","|-damage|p2a: Churro|234/301 psn|[from] psn","|turn|12","|","|move|p1a: Tentacruel|Giga Drain|p2a: Churro","|-damage|p2a: Churro|174/301 psn","|-heal|p1a: Tentacruel|63/301|[from] drain|[of] p2a: Churro","|move|p2a: Churro|Surf|p1a: Tentacruel","|-crit|p1a: Tentacruel","|-resisted|p1a: Tentacruel","|-damage|p1a: Tentacruel|0 fnt","|-damage|p2a: Churro|144/301 psn|[from] item: Life Orb","|faint|p1a: Tentacruel","|","|-damage|p2a: Churro|107/301 psn|[from] psn","|","|switch|p1a: Crobat|Crobat, F|373/373","|turn|13","|","|move|p1a: Crobat|Curse|p1a: Crobat","|-unboost|p1a: Crobat|spe|1","|-boost|p1a: Crobat|atk|1","|-boost|p1a: Crobat|def|1","|-enditem|p1a: Crobat|White Herb","|-restoreboost|p1a: Crobat|[silent]","|move|p2a: Churro|Ice Beam|p1a: Crobat","|-supereffective|p1a: Crobat","|-damage|p1a: Crobat|69/373","|-damage|p2a: Churro|77/301 psn|[from] item: Life Orb","|","|-damage|p2a: Churro|40/301 psn|[from] psn","|turn|14","|","|move|p1a: Crobat|Acrobatics|p2a: Churro","|-supereffective|p2a: Churro","|-damage|p2a: Churro|0 fnt","|faint|p2a: Churro","|","|","|switch|p2a: Rotom-Wash|Rotom-Wash|304/304","|turn|15","|","|move|p1a: Crobat|Roost|p1a: Crobat","|-heal|p1a: Crobat|256/373","|move|p2a: Rotom-Wash|Will-O-Wisp|p1a: Crobat","|-status|p1a: Crobat|brn","|","|-damage|p1a: Crobat|210/373 brn|[from] brn","|turn|16","|","|move|p1a: Crobat|Hypnosis|p2a: Rotom-Wash","|-status|p2a: Rotom-Wash|slp","|cant|p2a: Rotom-Wash|slp","|","|-damage|p1a: Crobat|164/373 brn|[from] brn","|turn|17","|","|switch|p1a: Gengar|Gengar, M|261/261","|cant|p2a: Rotom-Wash|slp","|","|turn|18","|","|move|p1a: Gengar|Hex|p2a: Rotom-Wash","|-damage|p2a: Rotom-Wash|153/304 slp","|-curestatus|p2a: Rotom-Wash|slp","|move|p2a: Rotom-Wash|Shadow Ball|p1a: Gengar","|-supereffective|p1a: Gengar","|-damage|p1a: Gengar|99/261","|","|-heal|p2a: Rotom-Wash|172/304|[from] item: Leftovers","|turn|19","|","|switch|p1a: Skuntank|Skuntank, F|409/409","|move|p2a: Rotom-Wash|Volt Switch|p1a: Skuntank","|-damage|p1a: Skuntank|280/409","|","|switch|p2a: Cotton The D-bag|Politoed, F, shiny|336/383 psn","|-weather|RainDance","|","|-weather|RainDance|[upkeep]","|-damage|p2a: Cotton The D-bag|289/383 psn|[from] psn","|turn|20","|","|move|p1a: Skuntank|Thief|p2a: Cotton The D-bag","|-damage|p2a: Cotton The D-bag|162/383 psn","|-item|p1a: Skuntank|Assault Vest|[from] move: Thief|[of] p2a: Cotton The D-bag","|move|p2a: Cotton The D-bag|Scald|p1a: Skuntank","|-damage|p1a: Skuntank|94/409","|","|-weather|RainDance|[upkeep]","|-damage|p2a: Cotton The D-bag|115/383 psn|[from] psn","|turn|21","|","|move|p1a: Skuntank|Poison Jab|p2a: Cotton The D-bag","|-damage|p2a: Cotton The D-bag|0 fnt","|faint|p2a: Cotton The D-bag","|","|-weather|RainDance|[upkeep]","|","|switch|p2a: Rotom-Wash|Rotom-Wash|172/304","|turn|22","|","|move|p1a: Skuntank|Sucker Punch|p2a: Rotom-Wash","|-damage|p2a: Rotom-Wash|43/304","|move|p2a: Rotom-Wash|Volt Switch|p1a: Skuntank","|-damage|p1a: Skuntank|13/409","|","|switch|p2a: Nemo|Lanturn, M, shiny|454/454","|-status|p2a: Nemo|psn","|","|-weather|RainDance|[upkeep]","|-damage|p2a: Nemo|398/454 psn|[from] psn","|turn|23","|","|move|p1a: Skuntank|Poison Jab|p2a: Nemo","|-damage|p2a: Nemo|191/454 psn","|move|p2a: Nemo|Scald|p1a: Skuntank","|-damage|p1a: Skuntank|0 fnt","|faint|p1a: Skuntank","|","|-weather|none","|-heal|p2a: Nemo|219/454 psn|[from] item: Leftovers","|-damage|p2a: Nemo|163/454 psn|[from] psn","|","|switch|p1a: Amoonguss|Amoonguss, M, shiny|280/431","|turn|24","|","|move|p2a: Nemo|Thunder Wave|p1a: Amoonguss","|-status|p1a: Amoonguss|par","|cant|p1a: Amoonguss|par","|","|-heal|p2a: Nemo|191/454 psn|[from] item: Leftovers","|-heal|p1a: Amoonguss|306/431 par|[from] item: Black Sludge","|-damage|p2a: Nemo|135/454 psn|[from] psn","|turn|25","|","|move|p2a: Nemo|Ice Beam|p1a: Amoonguss","|-supereffective|p1a: Amoonguss","|-damage|p1a: Amoonguss|172/431 par","|move|p1a: Amoonguss|Giga Drain|p2a: Nemo","|-supereffective|p2a: Nemo","|-damage|p2a: Nemo|0 fnt","|-heal|p1a: Amoonguss|240/431 par|[from] drain|[of] p2a: Nemo","|faint|p2a: Nemo","|","|-heal|p1a: Amoonguss|266/431 par|[from] item: Black Sludge","|","|switch|p2a: Rotom-Wash|Rotom-Wash|43/304","|turn|26","|","|move|p2a: Rotom-Wash|Shadow Ball|p1a: Amoonguss","|-damage|p1a: Amoonguss|212/431 par","|-unboost|p1a: Amoonguss|spd|1","|cant|p1a: Amoonguss|par","|","|-heal|p2a: Rotom-Wash|62/304|[from] item: Leftovers","|-heal|p1a: Amoonguss|238/431 par|[from] item: Black Sludge","|turn|27","|","|move|p2a: Rotom-Wash|Shadow Ball|p1a: Amoonguss","|-damage|p1a: Amoonguss|150/431 par","|-unboost|p1a: Amoonguss|spd|1","|move|p1a: Amoonguss|Giga Drain|p2a: Rotom-Wash","|-supereffective|p2a: Rotom-Wash","|-damage|p2a: Rotom-Wash|0 fnt","|-heal|p1a: Amoonguss|181/431 par|[from] drain|[of] p2a: Rotom-Wash","|faint|p2a: Rotom-Wash","|","|win|Guard Wanderer"],"p1rating":{"entryid":"6731189","serverid":"eos","formatid":"monotype","userid":"guardwanderer","username":"Guard Wanderer","w":80,"l":"117","t":"0","gxe":39.1,"r":"1416.6716065611","rd":"31.012894024758","sigma":"0","rptime":"1438765200","rpr":1416.2613197696,"rprd":29.138010124587,"rpsigma":"0","acre":1094.0415902596,"lacre":1094.0415902596,"oldacre":"1055.6940680415"},"p2rating":{"entryid":"6867552","serverid":"eos","formatid":"monotype","userid":"sovereigncactus","username":"Sovereign♕Cactus","w":"92","l":105,"t":"0","gxe":46.3,"r":"1470.5949914224","rd":"26.614613354619","sigma":"0","rptime":"1438765200","rpr":1471.7151973843,"rprd":26.087880144434,"rpsigma":"0","acre":1100.1065235579,"lacre":1100.1065235579,"oldacre":"1130.4007596088"},"endType":"normal"}