{"seed":[20500,61023,49490,16520],"turns":30,"p1":"Alliance - Mxy","p2":"LTIL-Tahit","p1team":[{"name":"Not normal flying","species":"pidgeot","item":"pidgeotite","ability":"Keen Eye","moves":["hurricane","heatwave","hiddenpowerground","protect"],"nature":"Timid","evs":{"hp":0,"atk":0,"def":0,"spa":252,"spd":4,"spe":252},"ivs":{"hp":31,"atk":31,"def":31,"spa":30,"spd":30,"spe":31}},{"name":"Staravia","species":"Staravia","item":"eviolite","ability":"Intimidate","moves":["roost","bravebird","defog","toxic"],"nature":"Impish","evs":{"hp":248,"atk":8,"def":252,"spa":0,"spd":0,"spe":0},"ivs":{"hp":31,"atk":31,"def":31,"spa":31,"spd":31,"spe":31}},{"name":"Singing Bitch","species":"meloetta","item":"assaultvest","ability":"Serene Grace","moves":["psyshock","focusblast","shadowball","hypervoice"],"nature":"Modest","evs":{"hp":104,"atk":0,"def":0,"spa":252,"spd":0,"spe":152},"ivs":{"hp":31,"atk":31,"def":31,"spa":31,"spd":31,"spe":31}},{"name":"Troublebunny","species":"diggersby","item":"choicescarf","ability":"Huge Power","moves":["earthquake","wildcharge","stoneedge","frustration"],"nature":"Jolly","evs":{"hp":0,"atk":252,"def":0,"spa":0,"spd":4,"spe":252},"happiness":0,"ivs":{"hp":31,"atk":31,"def":31,"spa":31,"spd":31,"spe":31}},{"name":"Lizzy Lizard","species":"heliolisk","item":"lifeorb","ability":"Dry Skin","moves":["voltswitch","surf","thunderbolt","hypervoice"],"nature":"Timid","evs":{"hp":0,"atk":0,"def":0,"spa":252,"spd":4,"spe":252},"ivs":{"hp":31,"atk":31,"def":31,"spa":31,"spd":31,"spe":31}},{"name":"FluffyTrolly Ace","species":"wigglytuff","item":"leftovers","ability":"Frisk","moves":["knockoff","stealthrock","wish","healbell"],"nature":"Careful","evs":{"hp":248,"atk":0,"def":8,"spa":0,"spd":252,"spe":0},"ivs":{"hp":31,"atk":31,"def":31,"spa":31,"spd":31,"spe":31}}],"p2team":[{"name":"Skarmory","species":"Skarmory","item":"rockyhelmet","ability":"Sturdy","moves":["roost","stealthrock","bravebird","defog"],"nature":"Careful","evs":{"hp":4,"atk":0,"def":252,"spa":0,"spd":252,"spe":0},"ivs":{"hp":31,"atk":31,"def":31,"spa":31,"spd":31,"spe":31}},{"name":"Excadrill","species":"Excadrill","item":"airballoon","ability":"Mold Breaker","moves":["earthquake","ironhead","rockslide","rapidspin"],"nature":"Adamant","evs":{"hp":0,"atk":252,"def":4,"spa":0,"spd":0,"spe":252},"gender":"M","ivs":{"hp":29,"atk":31,"def":31,"spa":31,"spd":31,"spe":31}},{"name":"Heatran","species":"Heatran","item":"leftovers","ability":"Flash Fire","moves":["stealthrock","lavaplume","toxic","protect"],"nature":"Calm","evs":{"hp":252,"atk":0,"def":4,"spa":0,"spd":252,"spe":0},"ivs":{"hp":31,"atk":31,"def":31,"spa":31,"spd":31,"spe":31}},{"name":"Ferrothorn","species":"Ferrothorn","item":"rockyhelmet","ability":"Iron Barbs","moves":["leechseed","stealthrock","thunderwave","gyroball"],"nature":"Relaxed","evs":{"hp":252,"atk":0,"def":252,"spa":0,"spd":4,"spe":0},"ivs":{"hp":31,"atk":31,"def":31,"spa":31,"spd":31,"spe":0}},{"name":"Steelix","species":"Steelix","item":"steelixite","ability":"Sturdy","moves":["rockslide","roar","heavyslam","earthquake"],"nature":"Careful","evs":{"hp":252,"atk":0,"def":56,"spa":0,"spd":200,"spe":0},"ivs":{"hp":31,"atk":31,"def":31,"spa":31,"spd":31,"spe":31}},{"name":"Bronzong","species":"Bronzong","item":"normalgem","ability":"Levitate","moves":["trickroom","rocktomb","gyroball","explosion"],"nature":"Brave","evs":{"hp":252,"atk":252,"def":4,"spa":0,"spd":0,"spe":0},"ivs":{"hp":31,"atk":31,"def":31,"spa":31,"spd":31,"spe":31}}],"log":["|player|p1|Alliance - Mxy|270","|player|p2|LTIL-Tahit|169","|gametype|singles","|gen|6","|tier|Monotype","|rated","|rule|Baton Pass Clause: Limit one Baton Passer, can't pass Spe and other stats simultaneously","|rule|Swagger Clause: Swagger is banned","|rule|Same Type Clause: Pokémon in a team must share a type","|clearpoke","|poke|p1|Pidgeot, M","|poke|p1|Staravia, F","|poke|p1|Meloetta","|poke|p1|Diggersby, F","|poke|p1|Heliolisk, F","|poke|p1|Wigglytuff, F","|poke|p2|Skarmory, M","|poke|p2|Excadrill, M","|poke|p2|Heatran, M","|poke|p2|Ferrothorn, F","|poke|p2|Steelix, M","|poke|p2|Bronzong","|rule|Sleep Clause Mod: Limit one foe put to sleep","|rule|Species Clause: Limit one of each Pokémon","|rule|OHKO Clause: OHKO moves are banned","|rule|Moody Clause: Moody is banned","|rule|Evasion Moves Clause: Evasion moves are banned","|rule|Endless Battle Clause: Forcing endless battles is banned","|rule|HP Percentage Mod: HP is shown in percentages","|teampreview","|","|start","|switch|p1a: Not normal flying|Pidgeot, M|307/307","|switch|p2a: Ferrothorn|Ferrothorn, F|352/352","|turn|1","|","|detailschange|p1a: Not normal flying|Pidgeot-Mega, M","|-mega|p1a: Not normal flying|Pidgeot|Pidgeotite","|move|p1a: Not normal flying|Heat Wave|p2a: Ferrothorn","|-supereffective|p2a: Ferrothorn","|-damage|p2a: Ferrothorn|0 fnt","|faint|p2a: Ferrothorn","|","|","|switch|p2a: Bronzong|Bronzong|338/338","|turn|2","|","|move|p1a: Not normal flying|Heat Wave|p2a: Bronzong","|-supereffective|p2a: Bronzong","|-damage|p2a: Bronzong|140/338","|move|p2a: Bronzong|Trick Room|p2a: Bronzong","|-fieldstart|move: Trick Room|[of] p2a: Bronzong","|","|turn|3","|","|move|p1a: Not normal flying|Protect|p1a: Not normal flying","|-singleturn|p1a: Not normal flying|Protect","|move|p2a: Bronzong|Gyro Ball|p1a: Not normal flying","|-activate|p1a: Not normal flying|Protect","|","|turn|4","|","|switch|p1a: Staravia|Staravia, F|313/313","|-ability|p1a: Staravia|Intimidate","|-unboost|p2a: Bronzong|atk|1","|move|p2a: Bronzong|Explosion|p1a: Staravia","|-enditem|p2a: Bronzong|Normal Gem|[from] gem|[move] Explosion","|-damage|p1a: Staravia|162/313","|faint|p2a: Bronzong","|","|","|switch|p2a: Steelix|Steelix, M|354/354","|turn|5","|","|detailschange|p2a: Steelix|Steelix-Mega, M","|-mega|p2a: Steelix|Steelix|Steelixite","|move|p2a: Steelix|Heavy Slam|p1a: Staravia","|-damage|p1a: Staravia|30/313","|move|p1a: Staravia|Roost|p1a: Staravia","|-heal|p1a: Staravia|187/313","|","|turn|6","|","|move|p2a: Steelix|Rock Slide|p1a: Staravia","|-supereffective|p1a: Staravia","|-damage|p1a: Staravia|89/313","|cant|p1a: Staravia|flinch","|","|-fieldend|move: Trick Room","|turn|7","|","|move|p1a: Staravia|Roost|p1a: Staravia","|-heal|p1a: Staravia|246/313","|move|p2a: Steelix|Rock Slide|p1a: Staravia","|-damage|p1a: Staravia|190/313","|","|turn|8","|","|move|p1a: Staravia|Roost|p1a: Staravia","|-heal|p1a: Staravia|313/313","|move|p2a: Steelix|Heavy Slam|p1a: Staravia","|-crit|p1a: Staravia","|-damage|p1a: Staravia|142/313","|","|turn|9","|","|move|p1a: Staravia|Roost|p1a: Staravia","|-heal|p1a: Staravia|299/313","|move|p2a: Steelix|Heavy Slam|p1a: Staravia","|-crit|p1a: Staravia","|-damage|p1a: Staravia|100/313","|","|turn|10","|","|move|p1a: Staravia|Roost|p1a: Staravia","|-heal|p1a: Staravia|257/313","|move|p2a: Steelix|Heavy Slam|p1a: Staravia","|-damage|p1a: Staravia|142/313","|","|turn|11","|","|switch|p2a: Skarmory|Skarmory, M|272/272","|move|p1a: Staravia|Roost|p1a: Staravia","|-heal|p1a: Staravia|299/313","|","|turn|12","|","|switch|p1a: Lizzy Lizard|Heliolisk, F|265/265","|move|p2a: Skarmory|Stealth Rock|p1a: Lizzy Lizard","|-sidestart|p1: Alliance - Mxy|move: Stealth Rock","|","|turn|13","|","|switch|p2a: Excadrill|Excadrill, M|359/359","|-ability|p2a: Excadrill|Mold Breaker","|-item|p2a: Excadrill|Air Balloon","|move|p1a: Lizzy Lizard|Volt Switch|p2a: Excadrill","|-immune|p2a: Excadrill|[msg]","|","|turn|14","|","|move|p1a: Lizzy Lizard|Surf|p2a: Excadrill","|-supereffective|p2a: Excadrill","|-damage|p2a: Excadrill|34/359","|-enditem|p2a: Excadrill|Air Balloon","|-damage|p1a: Lizzy Lizard|239/265|[from] item: Life Orb","|move|p2a: Excadrill|Earthquake|p1a: Lizzy Lizard","|-supereffective|p1a: Lizzy Lizard","|-damage|p1a: Lizzy Lizard|0 fnt","|faint|p1a: Lizzy Lizard","|","|","|switch|p1a: Staravia|Staravia, F|299/313","|-damage|p1a: Staravia|221/313|[from] Stealth Rock","|-ability|p1a: Staravia|Intimidate","|-unboost|p2a: Excadrill|atk|1","|turn|15","|","|move|p2a: Excadrill|Rock Slide|p1a: Staravia","|-crit|p1a: Staravia","|-supereffective|p1a: Staravia","|-damage|p1a: Staravia|1/313","|move|p1a: Staravia|Defog|p2a: Excadrill","|-unboost|p2a: Excadrill|evasion|1","|-sideend|p1: Alliance - Mxy|Stealth Rock|[from] move: Defog|[of] p1a: Staravia","|","|turn|16","|","|move|p2a: Excadrill|Rock Slide|p1a: Staravia","|-supereffective|p1a: Staravia","|-damage|p1a: Staravia|0 fnt","|faint|p1a: Staravia","|","|","|switch|p1a: Not normal flying|Pidgeot-Mega, M|307/307","|turn|17","|","|move|p1a: Not normal flying|Hurricane|p2a: Excadrill","|-resisted|p2a: Excadrill","|-damage|p2a: Excadrill|0 fnt","|faint|p2a: Excadrill","|","|","|switch|p2a: Skarmory|Skarmory, M|272/272","|turn|18","|","|move|p1a: Not normal flying|Heat Wave|p2a: Skarmory","|-supereffective|p2a: Skarmory","|-damage|p2a: Skarmory|50/272","|-status|p2a: Skarmory|brn","|move|p2a: Skarmory|Stealth Rock|p1a: Not normal flying","|-sidestart|p1: Alliance - Mxy|move: Stealth Rock","|","|-damage|p2a: Skarmory|16/272 brn|[from] brn","|turn|19","|","|move|p1a: Not normal flying|Hurricane|p2a: Skarmory","|-resisted|p2a: Skarmory","|-damage|p2a: Skarmory|0 fnt","|faint|p2a: Skarmory","|","|","|switch|p2a: Steelix|Steelix-Mega, M|354/354","|turn|20","|","|switch|p2a: Heatran|Heatran, M|386/386","|move|p1a: Not normal flying|Heat Wave|p2a: Heatran","|-start|p2a: Heatran|ability: Flash Fire","|","|turn|21","|","|move|p1a: Not normal flying|Protect|p1a: Not normal flying","|-singleturn|p1a: Not normal flying|Protect","|move|p2a: Heatran|Protect|p2a: Heatran","|-fail|p2a: Heatran","|","|turn|22","|","|move|p2a: Heatran|Protect|p2a: Heatran","|-singleturn|p2a: Heatran|Protect","|move|p1a: Not normal flying|Hidden Power|p2a: Heatran","|-activate|p2a: Heatran|Protect","|","|turn|23","|","|move|p1a: Not normal flying|Hidden Power|p2a: Heatran","|-supereffective|p2a: Heatran","|-damage|p2a: Heatran|178/386","|move|p2a: Heatran|Lava Plume|p1a: Not normal flying","|-damage|p1a: Not normal flying|88/307","|-status|p1a: Not normal flying|brn","|","|-heal|p2a: Heatran|202/386|[from] item: Leftovers","|-damage|p1a: Not normal flying|50/307 brn|[from] brn","|turn|24","|","|move|p2a: Heatran|Protect|p2a: Heatran","|-singleturn|p2a: Heatran|Protect","|move|p1a: Not normal flying|Hidden Power|p2a: Heatran","|-activate|p2a: Heatran|Protect","|","|-heal|p2a: Heatran|226/386|[from] item: Leftovers","|-damage|p1a: Not normal flying|12/307 brn|[from] brn","|turn|25","|","|move|p2a: Heatran|Protect|p2a: Heatran","|-fail|p2a: Heatran","|move|p1a: Not normal flying|Hidden Power|p2a: Heatran","|-supereffective|p2a: Heatran","|-damage|p2a: Heatran|14/386","|","|-heal|p2a: Heatran|38/386|[from] item: Leftovers","|-damage|p1a: Not normal flying|0 fnt|[from] brn","|faint|p1a: Not normal flying","|","|switch|p1a: Troublebunny|Diggersby, F|311/311","|-damage|p1a: Troublebunny|292/311|[from] Stealth Rock","|turn|26","|","|move|p2a: Heatran|Protect|p2a: Heatran","|-singleturn|p2a: Heatran|Protect","|move|p1a: Troublebunny|Earthquake|p2a: Heatran","|-activate|p2a: Heatran|Protect","|","|-heal|p2a: Heatran|62/386|[from] item: Leftovers","|turn|27","|","|move|p1a: Troublebunny|Earthquake|p2a: Heatran","|-supereffective|p2a: Heatran","|-damage|p2a: Heatran|0 fnt","|faint|p2a: Heatran","|","|","|switch|p2a: Steelix|Steelix-Mega, M|354/354","|turn|28","|","|move|p1a: Troublebunny|Earthquake|p2a: Steelix","|-crit|p2a: Steelix","|-supereffective|p2a: Steelix","|-damage|p2a: Steelix|54/354","|move|p2a: Steelix|Roar|p1a: Troublebunny","|drag|p1a: FluffyTrolly Ace|Wigglytuff, F|483/483","|-damage|p1a: FluffyTrolly Ace|423/483|[from] Stealth Rock","|-item|p2a: Steelix|Steelixite|[from] ability: Frisk|[of] p1a: FluffyTrolly Ace|[identify]","|","|-heal|p1a: FluffyTrolly Ace|453/483|[from] item: Leftovers","|turn|29","|","|move|p1a: FluffyTrolly Ace|Knock Off|p2a: Steelix","|-damage|p2a: Steelix|35/354","|move|p2a: Steelix|Heavy Slam|p1a: FluffyTrolly Ace","|-crit|p1a: FluffyTrolly Ace","|-supereffective|p1a: FluffyTrolly Ace","|-damage|p1a: FluffyTrolly Ace|0 fnt","|faint|p1a: FluffyTrolly Ace","|","|","|switch|p1a: Troublebunny|Diggersby, F|292/311","|-damage|p1a: Troublebunny|273/311|[from] Stealth Rock","|turn|30","|","|move|p1a: Troublebunny|Earthquake|p2a: Steelix","|-supereffective|p2a: Steelix","|-damage|p2a: Steelix|0 fnt","|faint|p2a: Steelix","|","|win|Alliance - Mxy"],"p1rating":{"entryid":"6690851","serverid":"eos","formatid":"monotype","userid":"alliancemxy","username":"Alliance - Mxy","w":66,"l":"36","t":"0","gxe":63.4,"r":"1600.7337402727","rd":"38.005228754452","sigma":"0","rptime":"1438851600","rpr":1603.969164069,"rprd":37.792883588534,"rpsigma":"0","acre":1150.7287409757,"lacre":1150.7287409757,"oldacre":"1119.1420673622"},"p2rating":{"entryid":"6925118","serverid":"eos","formatid":"monotype","userid":"ltiltahit","username":"LTIL-Tahit","w":"49","l":47,"t":"0","gxe":53.1,"r":"1527.3447789984","rd":"40.548657138947","sigma":"0","rptime":"1438851600","rpr":1523.6648490066,"rprd":40.290576709866,"rpsigma":"0","acre":1181.3040503512,"lacre":1181.3040503512,"oldacre":"1212.8907239647"},"endType":"normal"}