{"seed":[11849,54888,8783,9399],"turns":45,"p1":"Chief Sokka","p2":"Orchestromic","p1team":[{"name":"Bulky","species":"chansey","item":"eviolite","ability":"Natural Cure","moves":["thunderwave","seismictoss","softboiled","aromatherapy"],"nature":"Bold","evs":{"hp":248,"atk":0,"def":252,"spa":0,"spd":8,"spe":0},"ivs":{"hp":31,"atk":31,"def":31,"spa":31,"spd":31,"spe":31}},{"name":"Ducky","species":"porygon2","item":"eviolite","ability":"Download","moves":["thunderwave","triattack","recover","icebeam"],"nature":"Bold","evs":{"hp":248,"atk":0,"def":252,"spa":8,"spd":0,"spe":0},"ivs":{"hp":31,"atk":31,"def":31,"spa":31,"spd":31,"spe":31}},{"name":"Pitchy","species":"meloetta","item":"assaultvest","ability":"Serene Grace","moves":["chargebeam","psyshock","hypervoice","shadowball"],"nature":"Modest","evs":{"hp":248,"atk":0,"def":0,"spa":252,"spd":8,"spe":0},"ivs":{"hp":31,"atk":31,"def":31,"spa":31,"spd":31,"spe":31}},{"name":"Milky","species":"miltank","item":"rockyhelmet","ability":"Scrappy","moves":["milkdrink","bodyslam","curse","earthquake"],"nature":"Adamant","evs":{"hp":248,"atk":252,"def":0,"spa":0,"spd":8,"spe":0},"ivs":{"hp":31,"atk":31,"def":31,"spa":31,"spd":31,"spe":31}},{"name":"Birdy","species":"pidgeot","item":"pidgeotite","ability":"Big Pecks","moves":["hurricane","workup","heatwave","roost"],"nature":"Timid","evs":{"hp":0,"atk":0,"def":0,"spa":252,"spd":4,"spe":252},"ivs":{"hp":31,"atk":31,"def":31,"spa":31,"spd":31,"spe":31}},{"name":"Blubber","species":"snorlax","item":"leftovers","ability":"Thick Fat","moves":["rest","curse","return","sleeptalk"],"nature":"Careful","evs":{"hp":252,"atk":4,"def":0,"spa":0,"spd":252,"spe":0},"ivs":{"hp":31,"atk":31,"def":31,"spa":31,"spd":31,"spe":31}}],"p2team":[{"name":"Tyranitar","species":"Tyranitar","item":"assaultvest","ability":"Sand Stream","moves":["rockslide","crunch","ironhead","dragontail"],"nature":"Adamant","evs":{"hp":0,"atk":252,"def":252,"spa":0,"spd":0,"spe":0},"gender":"M","shiny":true,"ivs":{"hp":31,"atk":31,"def":31,"spa":31,"spd":31,"spe":31}},{"name":"Umbreon","species":"Umbreon","item":"leftovers","ability":"Synchronize","moves":["foulplay","curse","moonlight","healbell"],"nature":"Careful","evs":{"hp":0,"atk":0,"def":252,"spa":0,"spd":252,"spe":0},"gender":"M","shiny":true,"ivs":{"hp":31,"atk":31,"def":31,"spa":31,"spd":31,"spe":31}},{"name":"Pedo Shark","species":"sharpedo","item":"sharpedonite","ability":"Speed Boost","moves":["crunch","waterfall","poisonjab","protect"],"nature":"Adamant","evs":{"hp":0,"atk":252,"def":0,"spa":0,"spd":0,"spe":252},"gender":"M","shiny":true,"ivs":{"hp":31,"atk":31,"def":31,"spa":31,"spd":31,"spe":31}},{"name":"Sableye","species":"Sableye","item":"leftovers","ability":"Prankster","moves":["taunt","willowisp","recover","knockoff"],"nature":"Careful","evs":{"hp":0,"atk":0,"def":252,"spa":0,"spd":252,"spe":0},"gender":"M","shiny":true,"ivs":{"hp":31,"atk":31,"def":31,"spa":31,"spd":31,"spe":31}},{"name":"Liepard","species":"Liepard","item":"focussash","ability":"Prankster","moves":["encore","taunt","copycat","knockoff"],"nature":"Adamant","evs":{"hp":4,"atk":252,"def":0,"spa":0,"spd":0,"spe":252},"gender":"M","shiny":true,"ivs":{"hp":31,"atk":31,"def":31,"spa":31,"spd":31,"spe":31}},{"name":"Slicey Rocker","species":"bisharp","item":"assaultvest","ability":"Defiant","moves":["suckerpunch","ironhead","knockoff","psychocut"],"nature":"Adamant","evs":{"hp":0,"atk":244,"def":144,"spa":0,"spd":120,"spe":0},"gender":"M","shiny":true,"ivs":{"hp":31,"atk":31,"def":31,"spa":31,"spd":31,"spe":31}}],"log":["|player|p1|Chief Sokka|chiefsokka.gif","|player|p2|Orchestromic|orchestromic.png","|gametype|singles","|gen|6","|tier|Monotype","|rated","|rule|Baton Pass Clause: Limit one Baton Passer, can't pass Spe and other stats simultaneously","|rule|Swagger Clause: Swagger is banned","|rule|Same Type Clause: Pokémon in a team must share a type","|clearpoke","|poke|p1|Chansey, F","|poke|p1|Porygon2","|poke|p1|Meloetta","|poke|p1|Miltank, F","|poke|p1|Pidgeot, F","|poke|p1|Snorlax, F","|poke|p2|Tyranitar, M, shiny","|poke|p2|Umbreon, M, shiny","|poke|p2|Sharpedo, M, shiny","|poke|p2|Sableye, M, shiny","|poke|p2|Liepard, M, shiny","|poke|p2|Bisharp, M, shiny","|rule|Sleep Clause Mod: Limit one foe put to sleep","|rule|Species Clause: Limit one of each Pokémon","|rule|OHKO Clause: OHKO moves are banned","|rule|Moody Clause: Moody is banned","|rule|Evasion Moves Clause: Evasion moves are banned","|rule|Endless Battle Clause: Forcing endless battles is banned","|rule|HP Percentage Mod: HP is shown in percentages","|teampreview","|","|start","|switch|p1a: Milky|Miltank, F|393/393","|switch|p2a: Slicey Rocker|Bisharp, M, shiny|271/271","|turn|1","|","|move|p1a: Milky|Curse|p1a: Milky","|-unboost|p1a: Milky|spe|1","|-boost|p1a: Milky|atk|1","|-boost|p1a: Milky|def|1","|move|p2a: Slicey Rocker|Knock Off|p1a: Milky","|-damage|p1a: Milky|284/393","|-damage|p2a: Slicey Rocker|226/271|[from] item: Rocky Helmet|[of] p1a: Milky","|-enditem|p1a: Milky|Rocky Helmet|[from] move: Knock Off|[of] p2a: Slicey Rocker","|","|turn|2","|","|switch|p2a: Sableye|Sableye, M, shiny|241/241","|move|p1a: Milky|Curse|p1a: Milky","|-unboost|p1a: Milky|spe|1","|-boost|p1a: Milky|atk|1","|-boost|p1a: Milky|def|1","|","|turn|3","|","|move|p2a: Sableye|Taunt|p1a: Milky","|-start|p1a: Milky|move: Taunt","|move|p1a: Milky|Body Slam|p2a: Sableye","|-damage|p2a: Sableye|9/241","|","|-heal|p2a: Sableye|24/241|[from] item: Leftovers","|turn|4","|","|switch|p1a: Pitchy|Meloetta|403/403","|move|p2a: Sableye|Will-O-Wisp|p1a: Pitchy","|-status|p1a: Pitchy|brn","|","|-heal|p2a: Sableye|39/241|[from] item: Leftovers","|-damage|p1a: Pitchy|353/403 brn|[from] brn","|turn|5","|","|move|p2a: Sableye|Recover|p2a: Sableye","|-heal|p2a: Sableye|160/241","|move|p1a: Pitchy|Shadow Ball|p2a: Sableye","|-damage|p2a: Sableye|59/241","|","|-heal|p2a: Sableye|74/241|[from] item: Leftovers","|-damage|p1a: Pitchy|303/403 brn|[from] brn","|turn|6","|","|move|p2a: Sableye|Recover|p2a: Sableye","|-heal|p2a: Sableye|195/241","|move|p1a: Pitchy|Charge Beam|p2a: Sableye","|-damage|p2a: Sableye|129/241","|-boost|p1a: Pitchy|spa|1","|","|-heal|p2a: Sableye|144/241|[from] item: Leftovers","|-damage|p1a: Pitchy|253/403 brn|[from] brn","|turn|7","|","|move|p1a: Pitchy|Shadow Ball|p2a: Sableye","|-damage|p2a: Sableye|0 fnt","|faint|p2a: Sableye","|","|-damage|p1a: Pitchy|203/403 brn|[from] brn","|","|switch|p2a: Tyranitar|Tyranitar, M, shiny|341/341","|-weather|Sandstorm","|turn|8","|","|switch|p1a: Ducky|Porygon2|373/373","|-boost|p1a: Ducky|spa|1|[from] ability: Download","|move|p2a: Tyranitar|Dragon Tail|p1a: Ducky","|-damage|p1a: Ducky|330/373","|drag|p1a: Pitchy|Meloetta|203/403 brn","|","|-weather|Sandstorm|[upkeep]","|-damage|p1a: Pitchy|178/403 brn|[from] sandstorm","|-damage|p1a: Pitchy|128/403 brn|[from] brn","|turn|9","|","|move|p1a: Pitchy|Hyper Voice|p2a: Tyranitar","|-resisted|p2a: Tyranitar","|-damage|p2a: Tyranitar|300/341","|move|p2a: Tyranitar|Dragon Tail|p1a: Pitchy|[miss]","|-miss|p2a: Tyranitar|p1a: Pitchy","|","|-weather|Sandstorm|[upkeep]","|-damage|p1a: Pitchy|103/403 brn|[from] sandstorm","|-damage|p1a: Pitchy|53/403 brn|[from] brn","|turn|10","|","|move|p1a: Pitchy|Hyper Voice|p2a: Tyranitar","|-resisted|p2a: Tyranitar","|-damage|p2a: Tyranitar|261/341","|move|p2a: Tyranitar|Rock Slide|p1a: Pitchy","|-damage|p1a: Pitchy|0 fnt","|faint|p1a: Pitchy","|","|-weather|Sandstorm|[upkeep]","|","|switch|p1a: Milky|Miltank, F|284/393","|turn|11","|","|move|p1a: Milky|Earthquake|p2a: Tyranitar","|-supereffective|p2a: Tyranitar","|-damage|p2a: Tyranitar|121/341","|move|p2a: Tyranitar|Dragon Tail|p1a: Milky","|-crit|p1a: Milky","|-damage|p1a: Milky|169/393","|drag|p1a: Ducky|Porygon2|330/373","|-boost|p1a: Ducky|spa|1|[from] ability: Download","|","|-weather|Sandstorm|[upkeep]","|-damage|p1a: Ducky|307/373|[from] sandstorm","|turn|12","|","|move|p1a: Ducky|Thunder Wave|p2a: Tyranitar","|-status|p2a: Tyranitar|par","|move|p2a: Tyranitar|Dragon Tail|p1a: Ducky","|-damage|p1a: Ducky|263/373","|drag|p1a: Birdy|Pidgeot, F|307/307","|","|-weather|none","|turn|13","|","|detailschange|p1a: Birdy|Pidgeot-Mega, F","|-mega|p1a: Birdy|Pidgeot|Pidgeotite","|move|p1a: Birdy|Hurricane|p2a: Tyranitar","|-resisted|p2a: Tyranitar","|-damage|p2a: Tyranitar|50/341 par","|-start|p2a: Tyranitar|confusion","|-activate|p2a: Tyranitar|confusion","|cant|p2a: Tyranitar|par","|","|turn|14","|","|move|p1a: Birdy|Hurricane|p2a: Tyranitar","|-resisted|p2a: Tyranitar","|-damage|p2a: Tyranitar|0 fnt","|faint|p2a: Tyranitar","|","|","|switch|p2a: Umbreon|Umbreon, M, shiny|331/331","|turn|15","|","|switch|p1a: Blubber|Snorlax, F|524/524","|move|p2a: Umbreon|Curse|p2a: Umbreon","|-unboost|p2a: Umbreon|spe|1","|-boost|p2a: Umbreon|atk|1","|-boost|p2a: Umbreon|def|1","|","|turn|16","|","|move|p2a: Umbreon|Curse|p2a: Umbreon","|-unboost|p2a: Umbreon|spe|1","|-boost|p2a: Umbreon|atk|1","|-boost|p2a: Umbreon|def|1","|move|p1a: Blubber|Curse|p1a: Blubber","|-unboost|p1a: Blubber|spe|1","|-boost|p1a: Blubber|atk|1","|-boost|p1a: Blubber|def|1","|","|turn|17","|","|move|p2a: Umbreon|Curse|p2a: Umbreon","|-unboost|p2a: Umbreon|spe|1","|-boost|p2a: Umbreon|atk|1","|-boost|p2a: Umbreon|def|1","|move|p1a: Blubber|Curse|p1a: Blubber","|-unboost|p1a: Blubber|spe|1","|-boost|p1a: Blubber|atk|1","|-boost|p1a: Blubber|def|1","|","|turn|18","|","|move|p2a: Umbreon|Curse|p2a: Umbreon","|-unboost|p2a: Umbreon|spe|1","|-boost|p2a: Umbreon|atk|1","|-boost|p2a: Umbreon|def|1","|move|p1a: Blubber|Curse|p1a: Blubber","|-unboost|p1a: Blubber|spe|1","|-boost|p1a: Blubber|atk|1","|-boost|p1a: Blubber|def|1","|","|turn|19","|","|move|p2a: Umbreon|Foul Play|p1a: Blubber","|-damage|p1a: Blubber|362/524","|move|p1a: Blubber|Curse|p1a: Blubber","|-unboost|p1a: Blubber|spe|1","|-boost|p1a: Blubber|atk|1","|-boost|p1a: Blubber|def|1","|","|-heal|p1a: Blubber|394/524|[from] item: Leftovers","|turn|20","|","|move|p2a: Umbreon|Curse|p2a: Umbreon","|-unboost|p2a: Umbreon|spe|1","|-boost|p2a: Umbreon|atk|1","|-boost|p2a: Umbreon|def|1","|move|p1a: Blubber|Return|p2a: Umbreon","|-damage|p2a: Umbreon|250/331","|","|-heal|p2a: Umbreon|270/331|[from] item: Leftovers","|-heal|p1a: Blubber|426/524|[from] item: Leftovers","|turn|21","|","|move|p2a: Umbreon|Curse|p2a: Umbreon","|-unboost|p2a: Umbreon|spe|1","|-boost|p2a: Umbreon|atk|1","|-boost|p2a: Umbreon|def|1","|move|p1a: Blubber|Curse|p1a: Blubber","|-unboost|p1a: Blubber|spe|1","|-boost|p1a: Blubber|atk|1","|-boost|p1a: Blubber|def|1","|","|-heal|p2a: Umbreon|290/331|[from] item: Leftovers","|-heal|p1a: Blubber|458/524|[from] item: Leftovers","|turn|22","|","|move|p2a: Umbreon|Foul Play|p1a: Blubber","|-damage|p1a: Blubber|281/524","|move|p1a: Blubber|Curse|p1a: Blubber","|-unboost|p1a: Blubber|spe|1","|-boost|p1a: Blubber|atk|1","|-boost|p1a: Blubber|def|1","|","|-heal|p2a: Umbreon|310/331|[from] item: Leftovers","|-heal|p1a: Blubber|313/524|[from] item: Leftovers","|turn|23","|","|move|p2a: Umbreon|Foul Play|p1a: Blubber","|-damage|p1a: Blubber|145/524","|move|p1a: Blubber|Return|p2a: Umbreon","|-damage|p2a: Umbreon|220/331","|","|-heal|p2a: Umbreon|240/331|[from] item: Leftovers","|-heal|p1a: Blubber|177/524|[from] item: Leftovers","|turn|24","|","|move|p2a: Umbreon|Foul Play|p1a: Blubber","|-damage|p1a: Blubber|17/524","|move|p1a: Blubber|Rest|p1a: Blubber","|-status|p1a: Blubber|slp","|-heal|p1a: Blubber|524/524 slp|[silent]","|-status|p1a: Blubber|slp|[from] move: Rest","|","|-heal|p2a: Umbreon|260/331|[from] item: Leftovers","|turn|25","|","|move|p2a: Umbreon|Foul Play|p1a: Blubber","|-damage|p1a: Blubber|340/524 slp","|cant|p1a: Blubber|slp","|move|p1a: Blubber|Sleep Talk|p1a: Blubber","|move|p1a: Blubber|Return|p2a: Umbreon|[from]Sleep Talk","|-damage|p2a: Umbreon|154/331","|","|-heal|p2a: Umbreon|174/331|[from] item: Leftovers","|-heal|p1a: Blubber|372/524 slp|[from] item: Leftovers","|turn|26","|","|move|p2a: Umbreon|Foul Play|p1a: Blubber","|-damage|p1a: Blubber|191/524 slp","|cant|p1a: Blubber|slp","|move|p1a: Blubber|Sleep Talk|p1a: Blubber","|move|p1a: Blubber|Rest|p1a: Blubber|[from]Sleep Talk","|-fail|p1a: Blubber","|","|-heal|p2a: Umbreon|194/331|[from] item: Leftovers","|-heal|p1a: Blubber|223/524 slp|[from] item: Leftovers","|turn|27","|","|move|p2a: Umbreon|Foul Play|p1a: Blubber","|-damage|p1a: Blubber|61/524 slp","|-curestatus|p1a: Blubber|slp","|move|p1a: Blubber|Rest|p1a: Blubber","|-status|p1a: Blubber|slp","|-heal|p1a: Blubber|524/524 slp|[silent]","|-status|p1a: Blubber|slp|[from] move: Rest","|","|-heal|p2a: Umbreon|214/331|[from] item: Leftovers","|turn|28","|","|move|p2a: Umbreon|Foul Play|p1a: Blubber","|-damage|p1a: Blubber|358/524 slp","|cant|p1a: Blubber|slp","|move|p1a: Blubber|Sleep Talk|p1a: Blubber","|move|p1a: Blubber|Return|p2a: Umbreon|[from]Sleep Talk","|-damage|p2a: Umbreon|124/331","|","|-heal|p2a: Umbreon|144/331|[from] item: Leftovers","|-heal|p1a: Blubber|390/524 slp|[from] item: Leftovers","|turn|29","|","|move|p2a: Umbreon|Moonlight|p2a: Umbreon","|-heal|p2a: Umbreon|309/331","|cant|p1a: Blubber|slp","|move|p1a: Blubber|Sleep Talk|p1a: Blubber","|move|p1a: Blubber|Curse|p1a: Blubber|[from]Sleep Talk","|","|-heal|p2a: Umbreon|329/331|[from] item: Leftovers","|-heal|p1a: Blubber|422/524 slp|[from] item: Leftovers","|turn|30","|","|move|p2a: Umbreon|Foul Play|p1a: Blubber","|-damage|p1a: Blubber|262/524 slp","|-curestatus|p1a: Blubber|slp","|move|p1a: Blubber|Sleep Talk|p1a: Blubber","|-fail|p1a: Blubber","|","|-heal|p2a: Umbreon|331/331|[from] item: Leftovers","|-heal|p1a: Blubber|294/524|[from] item: Leftovers","|turn|31","|","|move|p2a: Umbreon|Foul Play|p1a: Blubber","|-damage|p1a: Blubber|114/524","|move|p1a: Blubber|Return|p2a: Umbreon","|-damage|p2a: Umbreon|225/331","|","|-heal|p2a: Umbreon|245/331|[from] item: Leftovers","|-heal|p1a: Blubber|146/524|[from] item: Leftovers","|turn|32","|","|move|p2a: Umbreon|Foul Play|p1a: Blubber","|-damage|p1a: Blubber|0 fnt","|faint|p1a: Blubber","|","|-heal|p2a: Umbreon|265/331|[from] item: Leftovers","|","|switch|p1a: Birdy|Pidgeot-Mega, F|307/307","|turn|33","|","|move|p1a: Birdy|Hurricane|p2a: Umbreon","|-damage|p2a: Umbreon|147/331","|move|p2a: Umbreon|Moonlight|p2a: Umbreon","|-heal|p2a: Umbreon|312/331","|","|-heal|p2a: Umbreon|331/331|[from] item: Leftovers","|turn|34","|","|move|p1a: Birdy|Hurricane|p2a: Umbreon","|-damage|p2a: Umbreon|211/331","|move|p2a: Umbreon|Foul Play|p1a: Birdy","|-damage|p1a: Birdy|211/307","|","|-heal|p2a: Umbreon|231/331|[from] item: Leftovers","|turn|35","|","|move|p1a: Birdy|Work Up|p1a: Birdy","|-boost|p1a: Birdy|atk|1","|-boost|p1a: Birdy|spa|1","|move|p2a: Umbreon|Moonlight|p2a: Umbreon","|-heal|p2a: Umbreon|331/331","|","|turn|36","|","|move|p1a: Birdy|Hurricane|p2a: Umbreon","|-damage|p2a: Umbreon|138/331","|move|p2a: Umbreon|Foul Play|p1a: Birdy","|-damage|p1a: Birdy|57/307","|","|-heal|p2a: Umbreon|158/331|[from] item: Leftovers","|turn|37","|","|move|p1a: Birdy|Hurricane|p2a: Umbreon","|-damage|p2a: Umbreon|0 fnt","|faint|p2a: Umbreon","|","|","|switch|p2a: Slicey Rocker|Bisharp, M, shiny|226/271","|turn|38","|","|move|p1a: Birdy|Roost|p1a: Birdy","|-heal|p1a: Birdy|211/307","|move|p2a: Slicey Rocker|Knock Off|p1a: Birdy","|-crit|p1a: Birdy","|-damage|p1a: Birdy|0 fnt","|faint|p1a: Birdy","|","|","|switch|p1a: Milky|Miltank, F|169/393","|turn|39","|","|switch|p2a: Liepard|Liepard, M, shiny|270/270","|move|p1a: Milky|Milk Drink|p1a: Milky","|-heal|p1a: Milky|366/393","|","|turn|40","|","|switch|p1a: Ducky|Porygon2|263/373","|-boost|p1a: Ducky|spa|1|[from] ability: Download","|move|p2a: Liepard|Encore|p1a: Ducky","|-fail|p1a: Ducky","|","|turn|41","|","|move|p2a: Liepard|Taunt|p1a: Ducky","|-start|p1a: Ducky|move: Taunt","|move|p1a: Ducky|Tri Attack|p2a: Liepard","|-damage|p2a: Liepard|5/270","|","|turn|42","|","|move|p2a: Liepard|Knock Off|p1a: Ducky","|-damage|p1a: Ducky|182/373","|-enditem|p1a: Ducky|Eviolite|[from] move: Knock Off|[of] p2a: Liepard","|move|p1a: Ducky|Tri Attack|p2a: Liepard","|-damage|p2a: Liepard|0 fnt","|faint|p2a: Liepard","|","|","|switch|p2a: Slicey Rocker|Bisharp, M, shiny|226/271","|turn|43","|","|switch|p1a: Milky|Miltank, F|366/393","|move|p2a: Slicey Rocker|Sucker Punch|p1a: Milky","|-fail|p2a: Slicey Rocker","|","|turn|44","|","|move|p1a: Milky|Curse|p1a: Milky","|-unboost|p1a: Milky|spe|1","|-boost|p1a: Milky|atk|1","|-boost|p1a: Milky|def|1","|move|p2a: Slicey Rocker|Iron Head|p1a: Milky","|-damage|p1a: Milky|267/393","|","|turn|45","|","|switch|p2a: Pedo Shark|Sharpedo, M, shiny|281/281","|move|p1a: Milky|Earthquake|p2a: Pedo Shark","|-damage|p2a: Pedo Shark|0 fnt","|faint|p2a: Pedo Shark","|","|","|win|Chief Sokka"],"p1rating":{"entryid":"7438657","serverid":"eos","formatid":"monotype","userid":"chiefsokka","username":"Chief Sokka","w":6,"l":"1","t":"0","gxe":66,"r":"1500","rd":"130","sigma":"0","rptime":"1438851600","rpr":1629.1321395333,"rprd":94.239185862129,"rpsigma":"0","acre":1166.6716031537,"lacre":1166.6716031537,"oldacre":"1148.2394935436"},"p2rating":{"entryid":"6980159","serverid":"eos","formatid":"monotype","userid":"orchestromic","username":"Orchestromic","w":"10","l":19,"t":"0","gxe":39.9,"r":"1439.740106633","rd":"65.042039959911","sigma":"0","rptime":"1438851600","rpr":1421.8514658145,"rprd":63.222662976383,"rpsigma":"0","acre":1041.3411412386,"lacre":1041.3411412386,"oldacre":"1054.7712873097"},"endType":"forfeit"}