{"seed":[40796,60159,61453,53618],"turns":22,"p1":"Sage.13","p2":"IV RedBraze","p1team":[{"name":"King Ludi","species":"ludicolo","item":"leftovers","ability":"Swift Swim","moves":["teeterdance","scald","icebeam","gigadrain"],"nature":"Modest","evs":{"hp":0,"atk":0,"def":0,"spa":252,"spd":4,"spe":252},"shiny":true,"ivs":{"hp":31,"atk":31,"def":31,"spa":31,"spd":31,"spe":31}},{"name":"SS2 Azu","species":"azumarill","item":"sitrusberry","ability":"Huge Power","moves":["aquajet","playrough","bellydrum","knockoff"],"nature":"Adamant","evs":{"hp":252,"atk":252,"def":0,"spa":0,"spd":4,"spe":0},"shiny":true,"ivs":{"hp":31,"atk":31,"def":31,"spa":31,"spd":31,"spe":31}},{"name":"Swampert","species":"Swampert","item":"swampertite","ability":"Damp","moves":["superpower","waterfall","earthquake","icepunch"],"nature":"Adamant","evs":{"hp":248,"atk":252,"def":0,"spa":0,"spd":8,"spe":0},"ivs":{"hp":31,"atk":31,"def":31,"spa":31,"spd":31,"spe":31}},{"name":"Milo","species":"milotic","item":"leftovers","ability":"Competitive","moves":["scald","icebeam","raindance","toxic"],"nature":"Bold","evs":{"hp":252,"atk":0,"def":252,"spa":4,"spd":0,"spe":0},"shiny":true,"ivs":{"hp":31,"atk":31,"def":31,"spa":31,"spd":31,"spe":31}},{"name":"Politoed","species":"Politoed","item":"widelens","ability":"Drizzle","moves":["icebeam","surf","hypnosis","perishsong"],"nature":"Modest","evs":{"hp":248,"atk":0,"def":0,"spa":252,"spd":8,"spe":0},"shiny":true,"ivs":{"hp":31,"atk":31,"def":31,"spa":31,"spd":31,"spe":31}},{"name":"Slowbro","species":"Slowbro","item":"assaultvest","ability":"Regenerator","moves":["surf","flamethrower","futuresight","focusblast"],"nature":"Modest","evs":{"hp":248,"atk":0,"def":0,"spa":252,"spd":8,"spe":0},"shiny":true,"ivs":{"hp":31,"atk":31,"def":31,"spa":31,"spd":31,"spe":31}}],"p2team":[{"name":"Captain Toad","species":"breloom","item":"focussash","ability":"Technician","moves":["bulletseed","machpunch","spore","rocktomb"],"nature":"Jolly","evs":{"hp":0,"atk":252,"def":0,"spa":0,"spd":4,"spe":252},"shiny":true,"ivs":{"hp":31,"atk":31,"def":31,"spa":31,"spd":31,"spe":31}},{"name":"Hulk","species":"machamp","item":"assaultvest","ability":"No Guard","moves":["dynamicpunch","bulletpunch","icepunch","knockoff"],"nature":"Adamant","evs":{"hp":248,"atk":252,"def":0,"spa":0,"spd":8,"spe":0},"shiny":true,"ivs":{"hp":31,"atk":31,"def":31,"spa":31,"spd":31,"spe":31}},{"name":"Unicorn of Love","species":"keldeoresolute","item":"lifeorb","ability":"Justified","moves":["hydropump","hiddenpowerice","secretsword","focusblast"],"nature":"Timid","evs":{"hp":0,"atk":0,"def":0,"spa":252,"spd":4,"spe":252},"ivs":{"hp":31,"atk":30,"def":30,"spa":31,"spd":31,"spe":31}},{"name":"Diddy Kong","species":"infernape","item":"focussash","ability":"Blaze","moves":["stealthrock","endeavor","overheat","focusblast"],"nature":"Timid","evs":{"hp":0,"atk":0,"def":0,"spa":252,"spd":4,"spe":252},"shiny":true,"ivs":{"hp":31,"atk":31,"def":31,"spa":31,"spd":31,"spe":31}},{"name":"Dabade-Dabudaa","species":"medicham","item":"medichamite","ability":"Pure Power","moves":["fakeout","highjumpkick","icepunch","zenheadbutt"],"nature":"Jolly","evs":{"hp":0,"atk":252,"def":0,"spa":0,"spd":4,"spe":252},"shiny":true,"ivs":{"hp":31,"atk":31,"def":31,"spa":31,"spd":31,"spe":31}},{"name":"Yamakasi","species":"hitmontop","item":"leftovers","ability":"Intimidate","moves":["fakeout","bulletpunch","machpunch","rapidspin"],"nature":"Adamant","evs":{"hp":252,"atk":252,"def":0,"spa":0,"spd":4,"spe":0},"ivs":{"hp":31,"atk":31,"def":31,"spa":31,"spd":31,"spe":31}}],"log":["|player|p1|Sage.13|154","|player|p2|IV RedBraze|96","|gametype|singles","|gen|6","|tier|Monotype","|rated","|rule|Baton Pass Clause: Limit one Baton Passer, can't pass Spe and other stats simultaneously","|rule|Swagger Clause: Swagger is banned","|rule|Same Type Clause: Pokémon in a team must share a type","|clearpoke","|poke|p1|Ludicolo, M, shiny","|poke|p1|Azumarill, M, shiny","|poke|p1|Swampert, F","|poke|p1|Milotic, M, shiny","|poke|p1|Politoed, F, shiny","|poke|p1|Slowbro, F, shiny","|poke|p2|Breloom, M, shiny","|poke|p2|Machamp, M, shiny","|poke|p2|Keldeo-Resolute","|poke|p2|Infernape, M, shiny","|poke|p2|Medicham, M, shiny","|poke|p2|Hitmontop, M","|rule|Sleep Clause Mod: Limit one foe put to sleep","|rule|Species Clause: Limit one of each Pokémon","|rule|OHKO Clause: OHKO moves are banned","|rule|Moody Clause: Moody is banned","|rule|Evasion Moves Clause: Evasion moves are banned","|rule|Endless Battle Clause: Forcing endless battles is banned","|rule|HP Percentage Mod: HP is shown in percentages","|teampreview","|","|start","|switch|p1a: Politoed|Politoed, F, shiny|383/383","|switch|p2a: Diddy Kong|Infernape, M, shiny|293/293","|-weather|RainDance","|turn|1","|","|move|p2a: Diddy Kong|Stealth Rock|p1a: Politoed","|-sidestart|p1: Sage.13|move: Stealth Rock","|move|p1a: Politoed|Surf|p2a: Diddy Kong","|-supereffective|p2a: Diddy Kong","|-enditem|p2a: Diddy Kong|Focus Sash","|-damage|p2a: Diddy Kong|1/293","|","|-weather|RainDance|[upkeep]","|turn|2","|","|switch|p1a: Slowbro|Slowbro, F, shiny|393/393","|-damage|p1a: Slowbro|344/393|[from] Stealth Rock","|move|p2a: Diddy Kong|Endeavor|p1a: Slowbro","|-damage|p1a: Slowbro|1/393","|","|-weather|RainDance|[upkeep]","|turn|3","|","|switch|p1a: King Ludi|Ludicolo, M, shiny|301/301","|-damage|p1a: King Ludi|264/301|[from] Stealth Rock","|move|p2a: Diddy Kong|Overheat|p1a: King Ludi","|-damage|p1a: King Ludi|122/301","|-unboost|p2a: Diddy Kong|spa|2","|","|-weather|RainDance|[upkeep]","|-heal|p1a: King Ludi|140/301|[from] item: Leftovers","|turn|4","|","|move|p1a: King Ludi|Scald|p2a: Diddy Kong","|-supereffective|p2a: Diddy Kong","|-damage|p2a: Diddy Kong|0 fnt","|faint|p2a: Diddy Kong","|","|-weather|RainDance|[upkeep]","|-heal|p1a: King Ludi|158/301|[from] item: Leftovers","|","|switch|p2a: Dabade-Dabudaa|Medicham, M, shiny|261/261","|turn|5","|","|switch|p1a: SS2 Azu|Azumarill, M, shiny|404/404","|-damage|p1a: SS2 Azu|354/404|[from] Stealth Rock","|detailschange|p2a: Dabade-Dabudaa|Medicham-Mega, M, shiny","|-mega|p2a: Dabade-Dabudaa|Medicham|Medichamite","|move|p2a: Dabade-Dabudaa|Fake Out|p1a: SS2 Azu","|-damage|p1a: SS2 Azu|258/404","|","|-weather|none","|turn|6","|","|move|p2a: Dabade-Dabudaa|Zen Headbutt|p1a: SS2 Azu","|-damage|p1a: SS2 Azu|0 fnt","|faint|p1a: SS2 Azu","|","|","|switch|p1a: Slowbro|Slowbro, F, shiny|132/393","|-damage|p1a: Slowbro|83/393|[from] Stealth Rock","|turn|7","|","|switch|p2a: Yamakasi|Hitmontop, M|304/304","|-ability|p2a: Yamakasi|Intimidate","|-unboost|p1a: Slowbro|atk|1","|switch|p1a: Politoed|Politoed, F, shiny|383/383","|-damage|p1a: Politoed|336/383|[from] Stealth Rock","|-weather|RainDance","|","|-weather|RainDance|[upkeep]","|turn|8","|","|move|p2a: Yamakasi|Fake Out|p1a: Politoed","|-damage|p1a: Politoed|279/383","|cant|p1a: Politoed|flinch","|","|-weather|RainDance|[upkeep]","|turn|9","|","|switch|p1a: Milo|Milotic, M, shiny|394/394","|-damage|p1a: Milo|345/394|[from] Stealth Rock","|move|p2a: Yamakasi|Mach Punch|p1a: Milo","|-damage|p1a: Milo|293/394","|","|-weather|RainDance|[upkeep]","|-heal|p1a: Milo|317/394|[from] item: Leftovers","|turn|10","|","|switch|p2a: Unicorn of Love|Keldeo-Resolute|323/323","|move|p1a: Milo|Toxic|p2a: Unicorn of Love","|-status|p2a: Unicorn of Love|tox","|","|-weather|RainDance|[upkeep]","|-heal|p1a: Milo|341/394|[from] item: Leftovers","|-damage|p2a: Unicorn of Love|303/323 tox|[from] psn","|turn|11","|","|switch|p1a: Slowbro|Slowbro, F, shiny|214/393","|-damage|p1a: Slowbro|165/393|[from] Stealth Rock","|move|p2a: Unicorn of Love|Focus Blast|p1a: Slowbro","|-resisted|p1a: Slowbro","|-damage|p1a: Slowbro|64/393","|-damage|p2a: Unicorn of Love|271/323 tox|[from] item: Life Orb","|","|-weather|none","|-damage|p2a: Unicorn of Love|231/323 tox|[from] psn","|turn|12","|","|switch|p1a: Politoed|Politoed, F, shiny|279/383","|-damage|p1a: Politoed|232/383|[from] Stealth Rock","|-weather|RainDance","|move|p2a: Unicorn of Love|Secret Sword|p1a: Politoed","|-damage|p1a: Politoed|0 fnt","|-damage|p2a: Unicorn of Love|199/323 tox|[from] item: Life Orb","|faint|p1a: Politoed","|","|-weather|RainDance|[upkeep]","|-damage|p2a: Unicorn of Love|139/323 tox|[from] psn","|","|switch|p1a: King Ludi|Ludicolo, M, shiny|158/301","|-damage|p1a: King Ludi|121/301|[from] Stealth Rock","|turn|13","|","|move|p1a: King Ludi|Giga Drain|p2a: Unicorn of Love","|-supereffective|p2a: Unicorn of Love","|-damage|p2a: Unicorn of Love|0 fnt","|-heal|p1a: King Ludi|191/301|[from] drain|[of] p2a: Unicorn of Love","|faint|p2a: Unicorn of Love","|","|-weather|RainDance|[upkeep]","|-heal|p1a: King Ludi|209/301|[from] item: Leftovers","|","|switch|p2a: Hulk|Machamp, M, shiny|383/383","|turn|14","|","|move|p1a: King Ludi|Teeter Dance|p2a: Hulk","|-start|p2a: Hulk|confusion","|-activate|p2a: Hulk|confusion","|move|p2a: Hulk|Dynamic Punch|p1a: King Ludi","|-damage|p1a: King Ludi|0 fnt","|faint|p1a: King Ludi","|","|-weather|RainDance|[upkeep]","|","|switch|p1a: Slowbro|Slowbro, F, shiny|195/393","|-damage|p1a: Slowbro|146/393|[from] Stealth Rock","|turn|15","|","|switch|p2a: Yamakasi|Hitmontop, M|304/304","|-ability|p2a: Yamakasi|Intimidate","|-unboost|p1a: Slowbro|atk|1","|move|p1a: Slowbro|Future Sight|p2a: Yamakasi","|-start|p1a: Slowbro|move: Future Sight","|","|-weather|RainDance|[upkeep]","|turn|16","|","|switch|p1a: Swampert|Swampert, F|403/403","|-damage|p1a: Swampert|378/403|[from] Stealth Rock","|move|p2a: Yamakasi|Fake Out|p1a: Swampert","|-damage|p1a: Swampert|327/403","|","|-weather|none","|turn|17","|","|detailschange|p1a: Swampert|Swampert-Mega, F","|-mega|p1a: Swampert|Swampert|Swampertite","|move|p2a: Yamakasi|Mach Punch|p1a: Swampert","|-damage|p1a: Swampert|267/403","|move|p1a: Swampert|Waterfall|p2a: Yamakasi","|-damage|p2a: Yamakasi|129/304","|","|-end|p2a: Yamakasi|move: Future Sight","|-supereffective|p2a: Yamakasi","|-damage|p2a: Yamakasi|0 fnt","|faint|p2a: Yamakasi","|","|switch|p2a: Captain Toad|Breloom, M, shiny|261/261","|turn|18","|","|switch|p1a: Slowbro|Slowbro, F, shiny|277/393","|-damage|p1a: Slowbro|228/393|[from] Stealth Rock","|move|p2a: Captain Toad|Spore|p1a: Slowbro","|-status|p1a: Slowbro|slp","|","|turn|19","|","|move|p2a: Captain Toad|Bullet Seed|p1a: Slowbro","|-supereffective|p1a: Slowbro","|-damage|p1a: Slowbro|96/393 slp","|-supereffective|p1a: Slowbro","|-damage|p1a: Slowbro|0 fnt","|-hitcount|p1a: Slowbro|2","|faint|p1a: Slowbro","|","|","|switch|p1a: Milo|Milotic, M, shiny|341/394","|-damage|p1a: Milo|292/394|[from] Stealth Rock","|turn|20","|","|move|p2a: Captain Toad|Spore|p1a: Milo","|-status|p1a: Milo|slp","|cant|p1a: Milo|slp","|","|-heal|p1a: Milo|316/394 slp|[from] item: Leftovers","|turn|21","|","|move|p2a: Captain Toad|Bullet Seed|p1a: Milo","|-supereffective|p1a: Milo","|-damage|p1a: Milo|208/394 slp","|-supereffective|p1a: Milo","|-damage|p1a: Milo|100/394 slp","|-supereffective|p1a: Milo","|-damage|p1a: Milo|0 fnt","|-hitcount|p1a: Milo|3","|faint|p1a: Milo","|","|","|switch|p1a: Swampert|Swampert-Mega, F|267/403","|-damage|p1a: Swampert|242/403|[from] Stealth Rock","|turn|22","|","|move|p2a: Captain Toad|Bullet Seed|p1a: Swampert","|-supereffective|p1a: Swampert","|-damage|p1a: Swampert|0 fnt","|-hitcount|p1a: Swampert|1","|faint|p1a: Swampert","|","|win|IV RedBraze"],"p1rating":{"entryid":"7365108","serverid":"eos","formatid":"monotype","userid":"sage13","username":"Sage.13","w":"16","l":16,"t":"0","gxe":48.2,"r":"1501.1655659872","rd":"60.373939054538","sigma":"0","rptime":"1438851600","rpr":1486.1537574434,"rprd":58.184087982336,"rpsigma":"0","acre":1075.7006771179,"lacre":1075.7006771179,"oldacre":"1102.5355471842"},"p2rating":{"entryid":"7438506","serverid":"eos","formatid":"monotype","userid":"ivredbraze","username":"IV RedBraze","w":3,"l":"0","t":"0","gxe":61.9,"r":"1500","rd":"130","sigma":"0","rptime":"1438851600","rpr":1595.6701782557,"rprd":110.45695115827,"rpsigma":"0","acre":1107.5293941135,"lacre":1107.5293941135,"oldacre":"1076.9896446753"},"endType":"normal"}