{"seed":[24923,14897,48822,52527],"turns":19,"p1":"Inferno 용의ACE사용자","p2":"Sovereign♕Cactus","p1team":[{"name":"ラティオス","species":"latios","item":"choicescarf","ability":"Levitate","moves":["hiddenpowerfire","dragonpulse","psyshock","icebeam"],"nature":"Timid","evs":{"hp":0,"atk":0,"def":4,"spa":252,"spd":0,"spe":252},"ivs":{"hp":31,"atk":30,"def":31,"spa":30,"spd":31,"spe":30}},{"name":"キュレム","species":"kyuremblack","item":"lifeorb","ability":"Teravolt","moves":["icebeam","outrage","fusionbolt","ironhead"],"nature":"Naive","evs":{"hp":0,"atk":100,"def":0,"spa":180,"spd":0,"spe":228},"shiny":true,"ivs":{"hp":31,"atk":31,"def":31,"spa":31,"spd":31,"spe":31}},{"name":"ボーマンダ","species":"salamence","item":"choicescarf","ability":"Moxie","moves":["outrage","aerialace","steelwing","earthquake"],"nature":"Jolly","evs":{"hp":0,"atk":252,"def":4,"spa":0,"spd":0,"spe":252},"ivs":{"hp":31,"atk":31,"def":31,"spa":31,"spd":31,"spe":31}},{"name":"サザンドラ","species":"hydreigon","item":"lifeorb","ability":"Levitate","moves":["darkpulse","flamethrower","dracometeor","flashcannon"],"nature":"Timid","evs":{"hp":4,"atk":0,"def":0,"spa":252,"spd":0,"spe":252},"shiny":true,"ivs":{"hp":31,"atk":31,"def":31,"spa":31,"spd":31,"spe":31}},{"name":"ガブリアス","species":"garchomp","item":"rockyhelmet","ability":"Rough Skin","moves":["stealthrock","earthquake","dragontail","endure"],"nature":"Impish","evs":{"hp":252,"atk":0,"def":232,"spa":0,"spd":24,"spe":0},"ivs":{"hp":31,"atk":31,"def":31,"spa":31,"spd":31,"spe":31}},{"name":"ラティアス","species":"latias","item":"latiasite","ability":"Levitate","moves":["calmmind","recover","psyshock","dragonbreath"],"nature":"Bold","evs":{"hp":252,"atk":0,"def":224,"spa":0,"spd":0,"spe":32},"ivs":{"hp":31,"atk":0,"def":31,"spa":31,"spd":31,"spe":31}}],"p2team":[{"name":"Rotom-Wash","species":"Rotom-Wash","item":"leftovers","ability":"Levitate","moves":["hydropump","voltswitch","willowisp","shadowball"],"nature":"Calm","evs":{"hp":252,"atk":0,"def":0,"spa":4,"spd":252,"spe":0},"ivs":{"hp":31,"atk":31,"def":31,"spa":31,"spd":31,"spe":31}},{"name":"Butters","species":"azumarill","item":"choiceband","ability":"Sap Sipper","moves":["aquajet","icepunch","superpower","playrough"],"nature":"Adamant","evs":{"hp":248,"atk":252,"def":0,"spa":0,"spd":8,"spe":0},"gender":"M","shiny":true,"ivs":{"hp":31,"atk":31,"def":31,"spa":31,"spd":31,"spe":31}},{"name":"Nemo","species":"lanturn","item":"leftovers","ability":"Volt Absorb","moves":["toxic","healbell","voltswitch","scald"],"nature":"Modest","evs":{"hp":108,"atk":0,"def":0,"spa":148,"spd":252,"spe":0},"shiny":true,"ivs":{"hp":31,"atk":31,"def":31,"spa":31,"spd":31,"spe":31}},{"name":"TheHellThisThing?","species":"manaphy","item":"salacberry","ability":"Hydration","moves":["tailglow","icebeam","rest","surf"],"nature":"Timid","shiny":true,"evs":{"hp":0,"atk":0,"def":0,"spa":0,"spd":0,"spe":0},"ivs":{"hp":31,"atk":31,"def":31,"spa":31,"spd":31,"spe":31}},{"name":"Cotton The D-bag","species":"politoed","item":"ejectbutton","ability":"Drizzle","moves":["perishsong","toxic","scald","protect"],"nature":"Bold","evs":{"hp":248,"atk":0,"def":252,"spa":0,"spd":8,"spe":0},"gender":"F","shiny":true,"ivs":{"hp":31,"atk":31,"def":31,"spa":31,"spd":31,"spe":31}},{"name":"Churro","species":"ludicolo","item":"lifeorb","ability":"Swift Swim","moves":["energyball","icebeam","focusblast","surf"],"nature":"Modest","evs":{"hp":0,"atk":0,"def":0,"spa":252,"spd":4,"spe":252},"shiny":true,"ivs":{"hp":31,"atk":31,"def":31,"spa":31,"spd":31,"spe":31}}],"log":["|player|p1|Inferno 용의ACE사용자|alliancewutang.png","|player|p2|Sovereign♕Cactus|251","|gametype|singles","|gen|6","|tier|Monotype","|rated","|rule|Baton Pass Clause: Limit one Baton Passer, can't pass Spe and other stats simultaneously","|rule|Swagger Clause: Swagger is banned","|rule|Same Type Clause: Pokémon in a team must share a type","|clearpoke","|poke|p1|Latios, M","|poke|p1|Kyurem-Black, shiny","|poke|p1|Salamence, F","|poke|p1|Hydreigon, F, shiny","|poke|p1|Garchomp, F","|poke|p1|Latias, F","|poke|p2|Rotom-Wash","|poke|p2|Azumarill, M, shiny","|poke|p2|Lanturn, M, shiny","|poke|p2|Manaphy, shiny","|poke|p2|Politoed, F, shiny","|poke|p2|Ludicolo, M, shiny","|rule|Sleep Clause Mod: Limit one foe put to sleep","|rule|Species Clause: Limit one of each Pokémon","|rule|OHKO Clause: OHKO moves are banned","|rule|Moody Clause: Moody is banned","|rule|Evasion Moves Clause: Evasion moves are banned","|rule|Endless Battle Clause: Forcing endless battles is banned","|rule|HP Percentage Mod: HP is shown in percentages","|teampreview","|","|start","|switch|p1a: キュレム|Kyurem-Black, shiny|391/391","|switch|p2a: Rotom-Wash|Rotom-Wash|304/304","|-ability|p1a: キュレム|Teravolt","|turn|1","|","|move|p1a: キュレム|Fusion Bolt|p2a: Rotom-Wash","|-damage|p2a: Rotom-Wash|127/304","|-damage|p1a: キュレム|352/391|[from] item: Life Orb","|move|p2a: Rotom-Wash|Will-O-Wisp|p1a: キュレム","|-status|p1a: キュレム|brn","|","|-heal|p2a: Rotom-Wash|146/304|[from] item: Leftovers","|-damage|p1a: キュレム|304/391 brn|[from] brn","|turn|2","|","|switch|p2a: Nemo|Lanturn, M, shiny|418/418","|move|p1a: キュレム|Fusion Bolt|p2a: Nemo","|-damage|p2a: Nemo|276/418","|-damage|p1a: キュレム|265/391 brn|[from] item: Life Orb","|","|-heal|p2a: Nemo|302/418|[from] item: Leftovers","|-damage|p1a: キュレム|217/391 brn|[from] brn","|turn|3","|","|move|p1a: キュレム|Fusion Bolt|p2a: Nemo","|-damage|p2a: Nemo|168/418","|-damage|p1a: キュレム|178/391 brn|[from] item: Life Orb","|move|p2a: Nemo|Volt Switch|p1a: キュレム","|-resisted|p1a: キュレム","|-damage|p1a: キュレム|128/391 brn","|","|switch|p2a: Cotton The D-bag|Politoed, F, shiny|383/383","|-weather|RainDance","|","|-weather|RainDance|[upkeep]","|-damage|p1a: キュレム|80/391 brn|[from] brn","|turn|4","|","|switch|p2a: Nemo|Lanturn, M, shiny|168/418","|move|p1a: キュレム|Fusion Bolt|p2a: Nemo","|-damage|p2a: Nemo|41/418","|-damage|p1a: キュレム|41/391 brn|[from] item: Life Orb","|","|-weather|RainDance|[upkeep]","|-heal|p2a: Nemo|67/418|[from] item: Leftovers","|-damage|p1a: キュレム|0 fnt|[from] brn","|faint|p1a: キュレム","|","|switch|p1a: ラティオス|Latios, M|301/301","|turn|5","|","|move|p1a: ラティオス|Psyshock|p2a: Nemo","|-damage|p2a: Nemo|0 fnt","|faint|p2a: Nemo","|","|-weather|RainDance|[upkeep]","|","|switch|p2a: Cotton The D-bag|Politoed, F, shiny|383/383","|turn|6","|","|switch|p1a: サザンドラ|Hydreigon, F, shiny|326/326","|move|p2a: Cotton The D-bag|Toxic|p1a: サザンドラ","|-status|p1a: サザンドラ|tox","|","|-weather|RainDance|[upkeep]","|-damage|p1a: サザンドラ|306/326 tox|[from] psn","|turn|7","|","|move|p2a: Cotton The D-bag|Protect|p2a: Cotton The D-bag","|-singleturn|p2a: Cotton The D-bag|Protect","|move|p1a: サザンドラ|Draco Meteor|p2a: Cotton The D-bag","|-activate|p2a: Cotton The D-bag|Protect","|","|-weather|none","|-damage|p1a: サザンドラ|266/326 tox|[from] psn","|turn|8","|","|switch|p1a: ガブリアス|Garchomp, F|420/420","|switch|p2a: Butters|Azumarill, M, shiny|403/403","|","|turn|9","|","|move|p1a: ガブリアス|Stealth Rock|p2a: Butters","|-sidestart|p2: Sovereign♕Cactus|move: Stealth Rock","|move|p2a: Butters|Play Rough|p1a: ガブリアス","|-supereffective|p1a: ガブリアス","|-damage|p1a: ガブリアス|208/420","|-damage|p2a: Butters|353/403|[from] ability: Rough Skin|[of] p1a: ガブリアス","|-damage|p2a: Butters|286/403|[from] item: Rocky Helmet|[of] p1a: ガブリアス","|","|turn|10","|","|move|p1a: ガブリアス|Earthquake|p2a: Butters","|-damage|p2a: Butters|106/403","|move|p2a: Butters|Play Rough|p1a: ガブリアス","|-supereffective|p1a: ガブリアス","|-damage|p1a: ガブリアス|0 fnt","|-damage|p2a: Butters|56/403|[from] ability: Rough Skin|[of] p1a: ガブリアス","|-damage|p2a: Butters|0 fnt|[from] item: Rocky Helmet|[of] p1a: ガブリアス","|faint|p2a: Butters","|faint|p1a: ガブリアス","|","|","|switch|p1a: サザンドラ|Hydreigon, F, shiny|266/326 tox","|switch|p2a: Cotton The D-bag|Politoed, F, shiny|383/383","|-damage|p2a: Cotton The D-bag|336/383|[from] Stealth Rock","|-weather|RainDance","|turn|11","|","|move|p2a: Cotton The D-bag|Protect|p2a: Cotton The D-bag","|-singleturn|p2a: Cotton The D-bag|Protect","|move|p1a: サザンドラ|Dark Pulse|p2a: Cotton The D-bag","|-activate|p2a: Cotton The D-bag|Protect","|","|-weather|RainDance|[upkeep]","|-damage|p1a: サザンドラ|246/326 tox|[from] psn","|turn|12","|","|move|p1a: サザンドラ|Draco Meteor|p2a: Cotton The D-bag","|-damage|p2a: Cotton The D-bag|28/383","|-unboost|p1a: サザンドラ|spa|2","|-enditem|p2a: Cotton The D-bag|Eject Button","|-damage|p1a: サザンドラ|214/326 tox|[from] item: Life Orb","|","|switch|p2a: Churro|Ludicolo, M, shiny|301/301","|-damage|p2a: Churro|264/301|[from] Stealth Rock","|","|-weather|RainDance|[upkeep]","|-damage|p1a: サザンドラ|174/326 tox|[from] psn","|turn|13","|","|move|p2a: Churro|Ice Beam|p1a: サザンドラ","|-supereffective|p1a: サザンドラ","|-damage|p1a: サザンドラ|0 fnt","|-damage|p2a: Churro|234/301|[from] item: Life Orb","|faint|p1a: サザンドラ","|","|-weather|RainDance|[upkeep]","|","|switch|p1a: ラティオス|Latios, M|301/301","|turn|14","|","|move|p1a: ラティオス|Psyshock|p2a: Churro","|-damage|p2a: Churro|32/301","|move|p2a: Churro|Ice Beam|p1a: ラティオス","|-supereffective|p1a: ラティオス","|-damage|p1a: ラティオス|85/301","|-damage|p2a: Churro|2/301|[from] item: Life Orb","|","|-weather|RainDance|[upkeep]","|turn|15","|","|move|p1a: ラティオス|Psyshock|p2a: Churro","|-damage|p2a: Churro|0 fnt","|faint|p2a: Churro","|","|-weather|none","|","|switch|p2a: Cotton The D-bag|Politoed, F, shiny|28/383","|-damage|p2a: Cotton The D-bag|0 fnt|[from] Stealth Rock","|faint|p2a: Cotton The D-bag","|","|switch|p2a: TheHellThisThing?|Manaphy, shiny|341/341","|-damage|p2a: TheHellThisThing?|299/341|[from] Stealth Rock","|turn|16","|","|move|p1a: ラティオス|Psyshock|p2a: TheHellThisThing?","|-damage|p2a: TheHellThisThing?|154/341","|move|p2a: TheHellThisThing?|Tail Glow|p2a: TheHellThisThing?","|-boost|p2a: TheHellThisThing?|spa|3","|","|turn|17","|","|move|p1a: ラティオス|Psyshock|p2a: TheHellThisThing?","|-damage|p2a: TheHellThisThing?|3/341","|-enditem|p2a: TheHellThisThing?|Salac Berry|[eat]","|-boost|p2a: TheHellThisThing?|spe|1|[from] item: Salac Berry","|move|p2a: TheHellThisThing?|Ice Beam|p1a: ラティオス","|-crit|p1a: ラティオス","|-supereffective|p1a: ラティオス","|-damage|p1a: ラティオス|0 fnt","|faint|p1a: ラティオス","|","|","|switch|p1a: ボーマンダ|Salamence, F|331/331","|turn|18","|","|move|p1a: ボーマンダ|Outrage|p2a: TheHellThisThing?","|-damage|p2a: TheHellThisThing?|0 fnt","|faint|p2a: TheHellThisThing?","|-boost|p1a: ボーマンダ|atk|1|[from] ability: Moxie","|","|","|switch|p2a: Rotom-Wash|Rotom-Wash|146/304","|-damage|p2a: Rotom-Wash|108/304|[from] Stealth Rock","|turn|19","|","|move|p1a: ボーマンダ|Outrage|p2a: Rotom-Wash|[from]lockedmove","|-damage|p2a: Rotom-Wash|0 fnt","|-start|p1a: ボーマンダ|confusion|[fatigue]","|faint|p2a: Rotom-Wash","|-boost|p1a: ボーマンダ|atk|1|[from] ability: Moxie","|","|win|Inferno 용의ACE사용자"],"p1rating":{"entryid":"7316925","serverid":"eos","formatid":"monotype","userid":"infernoace","username":"Inferno Ace","w":16,"l":"8","t":"0","gxe":61.8,"r":"1595.0360755949","rd":"86.019341372529","sigma":"0","rptime":"1438851600","rpr":1592.3233532615,"rprd":66.190946101467,"rpsigma":"0","acre":1159.8103429376,"lacre":1159.8103429376,"oldacre":"1141.1074981193"},"p2rating":{"entryid":"6867552","serverid":"eos","formatid":"monotype","userid":"sovereigncactus","username":"Sovereign♕Cactus","w":"92","l":108,"t":"0","gxe":45.6,"r":"1471.7151973843","rd":"26.087880144434","sigma":"0","rptime":"1438851600","rpr":1466.8159555503,"rprd":25.896529397891,"rpsigma":"0","acre":1038.3893818585,"lacre":1038.3893818585,"oldacre":"1051.6686209877"},"endType":"normal"}