{"seed":[13746,51137,17945,46635],"turns":21,"p1":"Inferno Sasuke","p2":"Rustic Espeon","p1team":[{"name":"Kyurem-Black","species":"Kyurem-Black","item":"choicescarf","ability":"Teravolt","moves":["icebeam","outrage","ironhead","fusionbolt"],"nature":"Naive","evs":{"hp":0,"atk":220,"def":0,"spa":36,"spd":0,"spe":252},"shiny":true,"ivs":{"hp":31,"atk":31,"def":31,"spa":31,"spd":31,"spe":31}},{"name":"Garchomp","species":"Garchomp","item":"rockyhelmet","ability":"Rough Skin","moves":["stealthrock","dragontail","rest","earthquake"],"nature":"Impish","evs":{"hp":252,"atk":0,"def":252,"spa":0,"spd":4,"spe":0},"shiny":true,"ivs":{"hp":31,"atk":31,"def":31,"spa":31,"spd":31,"spe":31}},{"name":"Latias","species":"Latias","item":"leftovers","ability":"Levitate","moves":["wish","healingwish","defog","surf"],"nature":"Calm","evs":{"hp":252,"atk":0,"def":252,"spa":0,"spd":4,"spe":0},"ivs":{"hp":31,"atk":0,"def":31,"spa":31,"spd":31,"spe":31},"shiny":true},{"name":"Altaria","species":"Altaria","item":"altarianite","ability":"Natural Cure","moves":["frustration","healbell","roost","dragondance"],"nature":"Impish","evs":{"hp":248,"atk":0,"def":136,"spa":0,"spd":96,"spe":28},"shiny":true,"happiness":0,"ivs":{"hp":31,"atk":31,"def":31,"spa":31,"spd":31,"spe":31}},{"name":"Latios","species":"Latios","item":"choicescarf","ability":"Levitate","moves":["psyshock","icebeam","energyball","hiddenpowerfire"],"nature":"Timid","evs":{"hp":0,"atk":0,"def":4,"spa":252,"spd":0,"spe":252},"ivs":{"hp":31,"atk":30,"def":31,"spa":30,"spd":31,"spe":30},"shiny":true},{"name":"Dragonite","species":"Dragonite","item":"choiceband","ability":"Multiscale","moves":["outrage","earthquake","extremespeed","firepunch"],"nature":"Adamant","evs":{"hp":80,"atk":252,"def":0,"spa":0,"spd":0,"spe":176},"shiny":true,"ivs":{"hp":31,"atk":31,"def":31,"spa":31,"spd":31,"spe":31}}],"p2team":[{"name":"Torkoal","species":"Torkoal","item":"leftovers","ability":"White Smoke","moves":["rapidspin","lavaplume","stealthrock","yawn"],"nature":"Bold","evs":{"hp":252,"atk":0,"def":252,"spa":4,"spd":0,"spe":0},"ivs":{"hp":31,"atk":31,"def":31,"spa":31,"spd":31,"spe":31}},{"name":"Entei","species":"Entei","item":"choiceband","ability":"Pressure","moves":["stoneedge","sacredfire","extremespeed","ironhead"],"nature":"Adamant","evs":{"hp":4,"atk":252,"def":0,"spa":0,"spd":0,"spe":252},"shiny":true,"ivs":{"hp":31,"atk":31,"def":31,"spa":31,"spd":31,"spe":31}},{"name":"Victini","species":"Victini","item":"choicescarf","ability":"Victory Star","moves":["boltstrike","blueflare","vcreate","uturn"],"nature":"Hasty","evs":{"hp":0,"atk":252,"def":0,"spa":4,"spd":0,"spe":252},"ivs":{"hp":31,"atk":31,"def":31,"spa":31,"spd":31,"spe":31}},{"name":"Charizard","species":"Charizard","item":"charizarditex","ability":"Blaze","moves":["dragondance","flareblitz","earthquake","dragonclaw"],"nature":"Adamant","evs":{"hp":0,"atk":252,"def":0,"spa":0,"spd":4,"spe":252},"ivs":{"hp":31,"atk":31,"def":31,"spa":31,"spd":31,"spe":31}},{"name":"Ninetales","species":"Ninetales","item":"choicespecs","ability":"Drought","moves":["overheat","solarbeam","psyshock","fireblast"],"nature":"Timid","evs":{"hp":0,"atk":0,"def":0,"spa":252,"spd":4,"spe":252},"ivs":{"hp":31,"atk":31,"def":31,"spa":31,"spd":31,"spe":31}},{"name":"Arcanine","species":"Arcanine","item":"rockyhelmet","ability":"Intimidate","moves":["flareblitz","extremespeed","wildcharge","closecombat"],"nature":"Lonely","evs":{"hp":248,"atk":252,"def":0,"spa":8,"spd":0,"spe":0},"ivs":{"hp":31,"atk":31,"def":31,"spa":31,"spd":31,"spe":31}}],"log":["|player|p1|Inferno Sasuke|281","|player|p2|Rustic Espeon|70","|gametype|singles","|gen|6","|tier|Monotype","|rated","|rule|Baton Pass Clause: Limit one Baton Passer, can't pass Spe and other stats simultaneously","|rule|Swagger Clause: Swagger is banned","|rule|Same Type Clause: Pokémon in a team must share a type","|clearpoke","|poke|p1|Kyurem-Black, shiny","|poke|p1|Garchomp, M, shiny","|poke|p1|Latias, F, shiny","|poke|p1|Altaria, M, shiny","|poke|p1|Latios, M, shiny","|poke|p1|Dragonite, M, shiny","|poke|p2|Torkoal, F","|poke|p2|Entei, shiny","|poke|p2|Victini","|poke|p2|Charizard, F","|poke|p2|Ninetales, F","|poke|p2|Arcanine, M","|rule|Sleep Clause Mod: Limit one foe put to sleep","|rule|Species Clause: Limit one of each Pokémon","|rule|OHKO Clause: OHKO moves are banned","|rule|Moody Clause: Moody is banned","|rule|Evasion Moves Clause: Evasion moves are banned","|rule|Endless Battle Clause: Forcing endless battles is banned","|rule|HP Percentage Mod: HP is shown in percentages","|teampreview","|","|start","|switch|p1a: Garchomp|Garchomp, M, shiny|420/420","|switch|p2a: Torkoal|Torkoal, F|344/344","|turn|1","|","|move|p1a: Garchomp|Earthquake|p2a: Torkoal","|-supereffective|p2a: Torkoal","|-damage|p2a: Torkoal|162/344","|move|p2a: Torkoal|Yawn|p1a: Garchomp","|-start|p1a: Garchomp|move: Yawn|[of] p2a: Torkoal","|","|-heal|p2a: Torkoal|183/344|[from] item: Leftovers","|turn|2","|","|move|p1a: Garchomp|Earthquake|p2a: Torkoal","|-supereffective|p2a: Torkoal","|-damage|p2a: Torkoal|21/344","|move|p2a: Torkoal|Stealth Rock|p1a: Garchomp","|-sidestart|p1: Inferno Sasuke|move: Stealth Rock","|","|-end|p1a: Garchomp|move: Yawn|[silent]","|-status|p1a: Garchomp|slp","|-heal|p2a: Torkoal|42/344|[from] item: Leftovers","|turn|3","|","|switch|p2a: Charizard|Charizard, F|297/297","|cant|p1a: Garchomp|slp","|","|turn|4","|","|switch|p1a: Altaria|Altaria, M, shiny|353/353","|-damage|p1a: Altaria|265/353|[from] Stealth Rock","|detailschange|p2a: Charizard|Charizard-Mega-X, F","|-mega|p2a: Charizard|Charizard|Charizardite X","|move|p2a: Charizard|Dragon Dance|p2a: Charizard","|-boost|p2a: Charizard|atk|1","|-boost|p2a: Charizard|spe|1","|","|turn|5","|","|detailschange|p1a: Altaria|Altaria-Mega, M, shiny","|-mega|p1a: Altaria|Altaria|Altarianite","|move|p2a: Charizard|Earthquake|p1a: Altaria","|-crit|p1a: Altaria","|-damage|p1a: Altaria|56/353","|move|p1a: Altaria|Roost|p1a: Altaria","|-heal|p1a: Altaria|233/353","|","|turn|6","|","|move|p2a: Charizard|Flare Blitz|p1a: Altaria","|-resisted|p1a: Altaria","|-damage|p1a: Altaria|71/353","|-damage|p2a: Charizard|244/297|[from] recoil|[of] p1a: Altaria","|move|p1a: Altaria|Frustration|p2a: Charizard","|-damage|p2a: Charizard|96/297","|","|turn|7","|","|move|p2a: Charizard|Earthquake|p1a: Altaria","|-damage|p1a: Altaria|0 fnt","|faint|p1a: Altaria","|","|","|switch|p1a: Latios|Latios, M, shiny|301/301","|-damage|p1a: Latios|264/301|[from] Stealth Rock","|turn|8","|","|move|p1a: Latios|Psyshock|p2a: Charizard","|-damage|p2a: Charizard|0 fnt","|faint|p2a: Charizard","|","|","|switch|p2a: Victini|Victini|341/341","|turn|9","|","|move|p1a: Latios|Psyshock|p2a: Victini","|-resisted|p2a: Victini","|-damage|p2a: Victini|263/341","|move|p2a: Victini|U-turn|p1a: Latios","|-supereffective|p1a: Latios","|-damage|p1a: Latios|106/301","|","|switch|p2a: Entei|Entei, shiny|372/372","|-ability|p2a: Entei|Pressure","|","|turn|10","|","|move|p2a: Entei|Extreme Speed|p1a: Latios","|-damage|p1a: Latios|0 fnt","|faint|p1a: Latios","|","|","|switch|p1a: Dragonite|Dragonite, M, shiny|343/343","|-damage|p1a: Dragonite|258/343|[from] Stealth Rock","|turn|11","|","|move|p2a: Entei|Extreme Speed|p1a: Dragonite","|-damage|p1a: Dragonite|119/343","|move|p1a: Dragonite|Earthquake|p2a: Entei","|-supereffective|p2a: Entei","|-damage|p2a: Entei|0 fnt","|faint|p2a: Entei","|","|","|switch|p2a: Arcanine|Arcanine, M|383/383","|-ability|p2a: Arcanine|Intimidate","|-unboost|p1a: Dragonite|atk|1","|turn|12","|","|move|p2a: Arcanine|Extreme Speed|p1a: Dragonite","|-damage|p1a: Dragonite|17/343","|move|p1a: Dragonite|Earthquake|p2a: Arcanine","|-supereffective|p2a: Arcanine","|-damage|p2a: Arcanine|1/383","|","|turn|13","|","|move|p2a: Arcanine|Extreme Speed|p1a: Dragonite","|-damage|p1a: Dragonite|0 fnt","|faint|p1a: Dragonite","|","|","|switch|p1a: Latias|Latias, F, shiny|364/364","|-damage|p1a: Latias|319/364|[from] Stealth Rock","|turn|14","|","|switch|p2a: Torkoal|Torkoal, F|42/344","|move|p1a: Latias|Surf|p2a: Torkoal","|-supereffective|p2a: Torkoal","|-damage|p2a: Torkoal|0 fnt","|faint|p2a: Torkoal","|","|-heal|p1a: Latias|341/364|[from] item: Leftovers","|","|switch|p2a: Ninetales|Ninetales, F|287/287","|-weather|SunnyDay","|turn|15","|","|move|p2a: Ninetales|Overheat|p1a: Latias","|-crit|p1a: Latias","|-resisted|p1a: Latias","|-damage|p1a: Latias|137/364","|-unboost|p2a: Ninetales|spa|2","|move|p1a: Latias|Surf|p2a: Ninetales","|-supereffective|p2a: Ninetales","|-damage|p2a: Ninetales|209/287","|","|-weather|SunnyDay|[upkeep]","|-heal|p1a: Latias|159/364|[from] item: Leftovers","|turn|16","|","|move|p2a: Ninetales|Overheat|p1a: Latias","|-resisted|p1a: Latias","|-damage|p1a: Latias|86/364","|-unboost|p2a: Ninetales|spa|2","|move|p1a: Latias|Healing Wish|p1a: Latias","|faint|p1a: Latias","|","|-weather|SunnyDay|[upkeep]","|","|switch|p1a: Garchomp|Garchomp, M, shiny|420/420 slp","|-heal|p1a: Garchomp|420/420|[from] move: Healing Wish","|-damage|p1a: Garchomp|394/420|[from] Stealth Rock","|turn|17","|","|switch|p2a: Arcanine|Arcanine, M|1/383","|-ability|p2a: Arcanine|Intimidate","|-unboost|p1a: Garchomp|atk|1","|move|p1a: Garchomp|Earthquake|p2a: Arcanine","|-supereffective|p2a: Arcanine","|-damage|p2a: Arcanine|0 fnt","|faint|p2a: Arcanine","|","|-weather|SunnyDay|[upkeep]","|","|switch|p2a: Ninetales|Ninetales, F|209/287","|turn|18","|","|move|p2a: Ninetales|Solar Beam|p1a: Garchomp|[still]","|-prepare|p2a: Ninetales|Solar Beam|p1a: Garchomp","|-anim|p2a: Ninetales|Solar Beam|p1a: Garchomp","|-damage|p1a: Garchomp|214/420","|move|p1a: Garchomp|Earthquake|p2a: Ninetales","|-supereffective|p2a: Ninetales","|-damage|p2a: Ninetales|0 fnt","|faint|p2a: Ninetales","|","|-weather|SunnyDay|[upkeep]","|","|switch|p2a: Victini|Victini|263/341","|turn|19","|","|move|p2a: Victini|Blue Flare|p1a: Garchomp","|-resisted|p1a: Garchomp","|-damage|p1a: Garchomp|85/420","|-status|p1a: Garchomp|brn","|move|p1a: Garchomp|Earthquake|p2a: Victini","|-supereffective|p2a: Victini","|-damage|p2a: Victini|154/341","|","|-weather|none","|-damage|p1a: Garchomp|33/420 brn|[from] brn","|turn|20","|","|move|p2a: Victini|Blue Flare|p1a: Garchomp","|-resisted|p1a: Garchomp","|-damage|p1a: Garchomp|0 fnt","|faint|p1a: Garchomp","|","|","|switch|p1a: Kyurem-Black|Kyurem-Black, shiny|391/391","|-damage|p1a: Kyurem-Black|294/391|[from] Stealth Rock","|-ability|p1a: Kyurem-Black|Teravolt","|turn|21","|","|move|p2a: Victini|Blue Flare|p1a: Kyurem-Black","|-damage|p1a: Kyurem-Black|119/391","|move|p1a: Kyurem-Black|Fusion Bolt|p2a: Victini","|-damage|p2a: Victini|0 fnt","|faint|p2a: Victini","|","|win|Inferno Sasuke"],"p1rating":{"entryid":"7291991","serverid":"eos","formatid":"monotype","userid":"infernosasuke","username":"Inferno Sasuke","w":9,"l":"28","t":"0","gxe":28.8,"r":"1340.0123426009","rd":"64.231256878895","sigma":"0","rptime":"1438851600","rpr":1327.6278476717,"rprd":58.371033371611,"rpsigma":"0","acre":1068.4318931364,"lacre":1068.4318931364,"oldacre":"1018.0640675299"},"p2rating":{"entryid":"7202561","serverid":"eos","formatid":"monotype","userid":"rusticespeon","username":"Rustic Espeon","w":"10","l":7,"t":"0","gxe":57.8,"r":"1576.5497423781","rd":"78.042638651442","sigma":"0","rptime":"1438851600","rpr":1560.5970757439,"rprd":75.362148263517,"rpsigma":"0","acre":1111.538940642,"lacre":1111.538940642,"oldacre":"1145.3062368418"},"endType":"normal"}