{"seed":[45825,13747,12220,18741],"turns":26,"p1":"Guard Wanderer","p2":"Crystl Sabo","p1team":[{"name":"Weezing","species":"Weezing","item":"sitrusberry","ability":"Levitate","moves":["toxicspikes","willowisp","memento","thief"],"nature":"Careful","evs":{"hp":248,"atk":8,"def":0,"spa":0,"spd":252,"spe":0},"ivs":{"hp":31,"atk":31,"def":31,"spa":31,"spd":31,"spe":31}},{"name":"Tentacruel","species":"Tentacruel","item":"assaultvest","ability":"Liquid Ooze","moves":["scald","acidspray","gigadrain","hex"],"nature":"Timid","evs":{"hp":0,"atk":0,"def":4,"spa":252,"spd":0,"spe":252},"ivs":{"hp":31,"atk":31,"def":31,"spa":31,"spd":31,"spe":31}},{"name":"Skuntank","species":"Skuntank","item":"","ability":"Stench","moves":["snatch","thief","suckerpunch","poisonjab"],"nature":"Adamant","evs":{"hp":248,"atk":252,"def":0,"spa":0,"spd":8,"spe":0},"ivs":{"hp":31,"atk":31,"def":31,"spa":31,"spd":31,"spe":31}},{"name":"Crobat","species":"Crobat","item":"whiteherb","ability":"Infiltrator","moves":["curse","acrobatics","roost","hypnosis"],"nature":"Jolly","evs":{"hp":248,"atk":8,"def":0,"spa":0,"spd":0,"spe":252},"ivs":{"hp":31,"atk":31,"def":31,"spa":31,"spd":31,"spe":31}},{"name":"Gengar","species":"Gengar","item":"choicescarf","ability":"Levitate","moves":["trick","destinybond","venoshock","hex"],"nature":"Timid","evs":{"hp":0,"atk":0,"def":0,"spa":252,"spd":4,"spe":252},"ivs":{"hp":31,"atk":31,"def":31,"spa":31,"spd":31,"spe":31}},{"name":"Amoonguss","species":"Amoonguss","item":"blacksludge","ability":"Regenerator","moves":["spore","gigadrain","gastroacid","stunspore"],"nature":"Calm","evs":{"hp":248,"atk":0,"def":0,"spa":8,"spd":252,"spe":0},"shiny":true,"ivs":{"hp":31,"atk":31,"def":31,"spa":31,"spd":31,"spe":31}}],"p2team":[{"name":"Poseidick","species":"heracross","item":"heracronite","ability":"Moxie","moves":["pinmissile","rockblast","substitute","focuspunch"],"nature":"Impish","evs":{"hp":236,"atk":0,"def":252,"spa":0,"spd":0,"spe":20},"shiny":true,"ivs":{"hp":31,"atk":31,"def":31,"spa":31,"spd":31,"spe":31}},{"name":"Mr.NiceFro","species":"keldeo","item":"choicescarf","ability":"Justified","moves":["hydropump","icywind","secretsword","hiddenpowergrass"],"nature":"Modest","evs":{"hp":0,"atk":0,"def":0,"spa":252,"spd":4,"spe":252},"ivs":{"hp":31,"atk":30,"def":31,"spa":30,"spd":31,"spe":31}},{"name":"Deus","species":"medicham","item":"choicescarf","ability":"Pure Power","moves":["highjumpkick","psychocut","poisonjab","icepunch"],"nature":"Adamant","evs":{"hp":0,"atk":252,"def":0,"spa":0,"spd":4,"spe":252},"shiny":true,"ivs":{"hp":31,"atk":31,"def":31,"spa":31,"spd":31,"spe":31}},{"name":"HotHead","species":"infernape","item":"choiceband","ability":"Blaze","moves":["flareblitz","closecombat","stoneedge","shadowclaw"],"nature":"Jolly","evs":{"hp":0,"atk":252,"def":0,"spa":0,"spd":4,"spe":252},"ivs":{"hp":31,"atk":31,"def":31,"spa":31,"spd":31,"spe":31}},{"name":"Deepthroat","species":"toxicroak","item":"lifeorb","ability":"Dry Skin","moves":["gunkshot","suckerpunch","drainpunch","swordsdance"],"nature":"Jolly","evs":{"hp":0,"atk":252,"def":0,"spa":0,"spd":0,"spe":252},"shiny":true,"ivs":{"hp":31,"atk":31,"def":31,"spa":31,"spd":31,"spe":31}},{"name":"Kobi","species":"cobalion","item":"leftovers","ability":"Justified","moves":["thunderwave","ironhead","stealthrock","voltswitch"],"nature":"Impish","evs":{"hp":252,"atk":0,"def":252,"spa":0,"spd":0,"spe":0},"ivs":{"hp":31,"atk":31,"def":31,"spa":31,"spd":31,"spe":31}}],"log":["|player|p1|Guard Wanderer|235","|player|p2|Crystl Sabo|110","|gametype|singles","|gen|6","|tier|Monotype","|rated","|rule|Baton Pass Clause: Limit one Baton Passer, can't pass Spe and other stats simultaneously","|rule|Swagger Clause: Swagger is banned","|rule|Same Type Clause: Pokémon in a team must share a type","|clearpoke","|poke|p1|Weezing, M","|poke|p1|Tentacruel, M","|poke|p1|Skuntank, M","|poke|p1|Crobat, M","|poke|p1|Gengar, F","|poke|p1|Amoonguss, M, shiny","|poke|p2|Heracross, M, shiny","|poke|p2|Keldeo","|poke|p2|Medicham, M, shiny","|poke|p2|Infernape, M","|poke|p2|Toxicroak, M, shiny","|poke|p2|Cobalion","|rule|Sleep Clause Mod: Limit one foe put to sleep","|rule|Species Clause: Limit one of each Pokémon","|rule|OHKO Clause: OHKO moves are banned","|rule|Moody Clause: Moody is banned","|rule|Evasion Moves Clause: Evasion moves are banned","|rule|Endless Battle Clause: Forcing endless battles is banned","|rule|HP Percentage Mod: HP is shown in percentages","|teampreview","|","|start","|switch|p1a: Weezing|Weezing, M|333/333","|switch|p2a: Kobi|Cobalion|386/386","|turn|1","|","|move|p2a: Kobi|Stealth Rock|p1a: Weezing","|-sidestart|p1: Guard Wanderer|move: Stealth Rock","|move|p1a: Weezing|Will-O-Wisp|p2a: Kobi","|-status|p2a: Kobi|brn","|","|-damage|p2a: Kobi|338/386 brn|[from] brn","|turn|2","|","|move|p2a: Kobi|Volt Switch|p1a: Weezing","|-damage|p1a: Weezing|289/333","|","|switch|p2a: HotHead|Infernape, M|293/293","|move|p1a: Weezing|Toxic Spikes|p2a: HotHead","|-sidestart|p2: Crystl Sabo|move: Toxic Spikes","|","|turn|3","|","|switch|p1a: Tentacruel|Tentacruel, M|301/301","|-damage|p1a: Tentacruel|264/301|[from] Stealth Rock","|move|p2a: HotHead|Flare Blitz|p1a: Tentacruel","|-resisted|p1a: Tentacruel","|-damage|p1a: Tentacruel|55/301","|-damage|p2a: HotHead|224/293|[from] recoil|[of] p1a: Tentacruel","|","|turn|4","|","|switch|p2a: Deepthroat|Toxicroak, M, shiny|307/307","|-sideend|p2: Crystl Sabo|move: Toxic Spikes|[of] p2a: Deepthroat","|move|p1a: Tentacruel|Scald|p2a: Deepthroat","|-immune|p2a: Deepthroat|[msg]","|","|turn|5","|","|move|p1a: Tentacruel|Acid Spray|p2a: Deepthroat","|-resisted|p2a: Deepthroat","|-damage|p2a: Deepthroat|268/307","|-unboost|p2a: Deepthroat|spd|2","|move|p2a: Deepthroat|Gunk Shot|p1a: Tentacruel","|-resisted|p1a: Tentacruel","|-damage|p1a: Tentacruel|0 fnt","|-damage|p2a: Deepthroat|238/307|[from] item: Life Orb","|faint|p1a: Tentacruel","|","|","|switch|p1a: Crobat|Crobat, M|373/373","|-damage|p1a: Crobat|280/373|[from] Stealth Rock","|turn|6","|","|move|p2a: Deepthroat|Sucker Punch|p1a: Crobat","|-fail|p2a: Deepthroat","|move|p1a: Crobat|Curse|p1a: Crobat","|-unboost|p1a: Crobat|spe|1","|-boost|p1a: Crobat|atk|1","|-boost|p1a: Crobat|def|1","|-enditem|p1a: Crobat|White Herb","|-restoreboost|p1a: Crobat|[silent]","|","|turn|7","|","|move|p2a: Deepthroat|Sucker Punch|p1a: Crobat","|-damage|p1a: Crobat|196/373","|-damage|p2a: Deepthroat|208/307|[from] item: Life Orb","|move|p1a: Crobat|Acrobatics|p2a: Deepthroat","|-supereffective|p2a: Deepthroat","|-damage|p2a: Deepthroat|0 fnt","|faint|p2a: Deepthroat","|","|","|switch|p2a: Kobi|Cobalion|338/386 brn","|turn|8","|","|move|p1a: Crobat|Roost|p1a: Crobat","|-heal|p1a: Crobat|373/373","|move|p2a: Kobi|Thunder Wave|p1a: Crobat","|-status|p1a: Crobat|par","|","|-heal|p2a: Kobi|362/386 brn|[from] item: Leftovers","|-damage|p2a: Kobi|314/386 brn|[from] brn","|turn|9","|","|move|p2a: Kobi|Iron Head|p1a: Crobat","|-damage|p1a: Crobat|341/373 par","|move|p1a: Crobat|Curse|p1a: Crobat","|-unboost|p1a: Crobat|spe|1","|-boost|p1a: Crobat|atk|1","|-boost|p1a: Crobat|def|1","|","|-heal|p2a: Kobi|338/386 brn|[from] item: Leftovers","|-damage|p2a: Kobi|290/386 brn|[from] brn","|turn|10","|","|move|p2a: Kobi|Iron Head|p1a: Crobat","|-damage|p1a: Crobat|317/373 par","|move|p1a: Crobat|Acrobatics|p2a: Kobi","|-damage|p2a: Kobi|143/386 brn","|","|-heal|p2a: Kobi|167/386 brn|[from] item: Leftovers","|-damage|p2a: Kobi|119/386 brn|[from] brn","|turn|11","|","|move|p2a: Kobi|Volt Switch|p1a: Crobat","|-supereffective|p1a: Crobat","|-damage|p1a: Crobat|203/373 par","|","|switch|p2a: Mr.NiceFro|Keldeo|323/323","|move|p1a: Crobat|Curse|p1a: Crobat","|-unboost|p1a: Crobat|spe|1","|-boost|p1a: Crobat|atk|1","|-boost|p1a: Crobat|def|1","|","|turn|12","|","|move|p2a: Mr.NiceFro|Hydro Pump|p1a: Crobat","|-damage|p1a: Crobat|0 fnt","|faint|p1a: Crobat","|","|","|switch|p1a: Weezing|Weezing, M|289/333","|-damage|p1a: Weezing|248/333|[from] Stealth Rock","|turn|13","|","|move|p2a: Mr.NiceFro|Hydro Pump|p1a: Weezing|[miss]","|-miss|p2a: Mr.NiceFro|p1a: Weezing","|move|p1a: Weezing|Toxic Spikes|p2a: Mr.NiceFro","|-sidestart|p2: Crystl Sabo|move: Toxic Spikes","|","|turn|14","|","|move|p2a: Mr.NiceFro|Hydro Pump|p1a: Weezing","|-damage|p1a: Weezing|49/333","|-enditem|p1a: Weezing|Sitrus Berry|[eat]","|-heal|p1a: Weezing|132/333|[from] item: Sitrus Berry","|move|p1a: Weezing|Toxic Spikes|p2a: Mr.NiceFro","|-sidestart|p2: Crystl Sabo|move: Toxic Spikes","|","|turn|15","|","|switch|p1a: Amoonguss|Amoonguss, M, shiny|431/431","|-damage|p1a: Amoonguss|378/431|[from] Stealth Rock","|move|p2a: Mr.NiceFro|Hydro Pump|p1a: Amoonguss|[miss]","|-miss|p2a: Mr.NiceFro|p1a: Amoonguss","|","|-heal|p1a: Amoonguss|404/431|[from] item: Black Sludge","|turn|16","|","|switch|p2a: Kobi|Cobalion|119/386 brn","|move|p1a: Amoonguss|Giga Drain|p2a: Kobi","|-resisted|p2a: Kobi","|-damage|p2a: Kobi|71/386 brn","|-heal|p1a: Amoonguss|428/431|[from] drain|[of] p2a: Kobi","|","|-heal|p2a: Kobi|95/386 brn|[from] item: Leftovers","|-heal|p1a: Amoonguss|431/431|[from] item: Black Sludge","|-damage|p2a: Kobi|47/386 brn|[from] brn","|turn|17","|","|switch|p1a: Weezing|Weezing, M|132/333","|-damage|p1a: Weezing|91/333|[from] Stealth Rock","|move|p2a: Kobi|Volt Switch|p1a: Weezing","|-damage|p1a: Weezing|53/333","|","|switch|p2a: Poseidick|Heracross, M, shiny|360/360","|-status|p2a: Poseidick|tox","|","|-damage|p2a: Poseidick|338/360 tox|[from] psn","|turn|18","|","|detailschange|p2a: Poseidick|Heracross-Mega, M, shiny","|-mega|p2a: Poseidick|Heracross|Heracronite","|move|p2a: Poseidick|Pin Missile|p1a: Weezing","|-resisted|p1a: Weezing","|-damage|p1a: Weezing|31/333","|-resisted|p1a: Weezing","|-damage|p1a: Weezing|10/333","|-resisted|p1a: Weezing","|-damage|p1a: Weezing|0 fnt","|-hitcount|p1a: Weezing|3","|faint|p1a: Weezing","|","|-damage|p2a: Poseidick|294/360 tox|[from] psn","|","|switch|p1a: Amoonguss|Amoonguss, M, shiny|431/431","|-damage|p1a: Amoonguss|378/431|[from] Stealth Rock","|turn|19","|","|move|p2a: Poseidick|Pin Missile|p1a: Amoonguss","|-damage|p1a: Amoonguss|314/431","|-damage|p1a: Amoonguss|245/431","|-crit|p1a: Amoonguss","|-damage|p1a: Amoonguss|134/431","|-crit|p1a: Amoonguss","|-damage|p1a: Amoonguss|28/431","|-damage|p1a: Amoonguss|0 fnt","|-hitcount|p1a: Amoonguss|5","|faint|p1a: Amoonguss","|","|-damage|p2a: Poseidick|228/360 tox|[from] psn","|","|switch|p1a: Gengar|Gengar, F|261/261","|-damage|p1a: Gengar|229/261|[from] Stealth Rock","|turn|20","|","|switch|p2a: Kobi|Cobalion|47/386 brn","|move|p1a: Gengar|Hex|p2a: Kobi","|-damage|p2a: Kobi|0 fnt","|faint|p2a: Kobi","|","|","|switch|p2a: Deus|Medicham, M, shiny|261/261","|-status|p2a: Deus|tox","|turn|21","|","|move|p1a: Gengar|Hex|p2a: Deus","|-supereffective|p2a: Deus","|-damage|p2a: Deus|0 fnt","|faint|p2a: Deus","|","|","|switch|p2a: Mr.NiceFro|Keldeo|323/323","|-status|p2a: Mr.NiceFro|tox","|turn|22","|","|switch|p1a: Skuntank|Skuntank, M|409/409","|-damage|p1a: Skuntank|358/409|[from] Stealth Rock","|move|p2a: Mr.NiceFro|Hydro Pump|p1a: Skuntank","|-damage|p1a: Skuntank|70/409","|","|-damage|p2a: Mr.NiceFro|303/323 tox|[from] psn","|turn|23","|","|switch|p2a: Poseidick|Heracross-Mega, M, shiny|228/360 tox","|move|p1a: Skuntank|Sucker Punch|p2a: Poseidick","|-fail|p1a: Skuntank","|","|-damage|p2a: Poseidick|206/360 tox|[from] psn","|turn|24","|","|move|p1a: Skuntank|Sucker Punch|p2a: Poseidick","|-fail|p1a: Skuntank","|move|p2a: Poseidick|Substitute|p2a: Poseidick","|-start|p2a: Poseidick|Substitute","|-damage|p2a: Poseidick|116/360 tox","|","|-damage|p2a: Poseidick|72/360 tox|[from] psn","|turn|25","|","|move|p1a: Skuntank|Sucker Punch|p2a: Poseidick","|-resisted|p2a: Poseidick","|-activate|p2a: Poseidick|Substitute|[damage]","|move|p2a: Poseidick|Pin Missile|p1a: Skuntank","|-damage|p1a: Skuntank|1/409","|-damage|p1a: Skuntank|0 fnt","|-hitcount|p1a: Skuntank|2","|faint|p1a: Skuntank","|","|-damage|p2a: Poseidick|6/360 tox|[from] psn","|","|switch|p1a: Gengar|Gengar, F|229/261","|-damage|p1a: Gengar|197/261|[from] Stealth Rock","|turn|26","|","|move|p1a: Gengar|Hex|p2a: Poseidick","|-end|p2a: Poseidick|Substitute","|move|p2a: Poseidick|Rock Blast|p1a: Gengar","|-damage|p1a: Gengar|145/261","|-damage|p1a: Gengar|89/261","|-damage|p1a: Gengar|33/261","|-damage|p1a: Gengar|0 fnt","|-hitcount|p1a: Gengar|4","|faint|p1a: Gengar","|","|win|Crystl Sabo"],"p1rating":{"entryid":"6731189","serverid":"eos","formatid":"monotype","userid":"guardwanderer","username":"Guard Wanderer","w":"82","l":120,"t":"0","gxe":39.2,"r":"1416.6716065611","rd":"31.012894024758","sigma":"0","rptime":"1438765200","rpr":1417.0247054825,"rprd":28.728186986699,"rpsigma":"0","acre":1079.6321020783,"lacre":1079.6321020783,"oldacre":"1099.7333874272"},"p2rating":{"entryid":"5846197","serverid":"eos","formatid":"monotype","userid":"crystlsabo","username":"Crystl Sabo","w":57,"l":"49","t":"0","gxe":54.8,"r":"1533.499886233","rd":"41.746464673935","sigma":"0","rptime":"1438765200","rpr":1536.7429451225,"rprd":41.036201799003,"rpsigma":"0","acre":1188.3730105297,"lacre":1188.3730105297,"oldacre":"1168.2395181275"},"endType":"normal"}