{"seed":[29321,34345,21624,28384],"turns":20,"p1":"Sovereign♕Dooms","p2":"LTIL-Tahit","p1team":[{"name":"Cobalion","species":"Cobalion","item":"leftovers","ability":"Justified","moves":["thunderwave","stealthrock","ironhead","closecombat"],"nature":"Adamant","evs":{"hp":248,"atk":240,"def":0,"spa":0,"spd":20,"spe":0},"ivs":{"hp":31,"atk":31,"def":31,"spa":31,"spd":31,"spe":31}},{"name":"Pangoro","species":"Pangoro","item":"assaultvest","ability":"Scrappy","moves":["crunch","drainpunch","poisonjab","icepunch"],"nature":"Adamant","evs":{"hp":248,"atk":252,"def":0,"spa":0,"spd":8,"spe":0},"gender":"M","ivs":{"hp":31,"atk":31,"def":31,"spa":31,"spd":31,"spe":31}},{"name":"Terrakion","species":"Terrakion","item":"choicescarf","ability":"Justified","moves":["closecombat","stoneedge","earthquake","ironhead"],"nature":"Adamant","evs":{"hp":0,"atk":252,"def":0,"spa":0,"spd":4,"spe":252},"ivs":{"hp":31,"atk":31,"def":31,"spa":31,"spd":31,"spe":31}},{"name":"Keldeo","species":"Keldeo","item":"choicespecs","ability":"Justified","moves":["surf","secretsword","icywind","hiddenpowerghost"],"nature":"Timid","evs":{"hp":0,"atk":0,"def":0,"spa":252,"spd":4,"spe":252},"ivs":{"def":30,"spd":30,"hp":31,"atk":31,"spe":31,"spa":31}},{"name":"Infernape","species":"Infernape","item":"choiceband","ability":"Iron Fist","moves":["machpunch","closecombat","flareblitz","thunderpunch"],"nature":"Jolly","evs":{"hp":0,"atk":252,"def":0,"spa":0,"spd":4,"spe":252},"gender":"M","ivs":{"hp":31,"atk":31,"def":31,"spa":31,"spd":31,"spe":31}},{"name":"Medicham","species":"Medicham","item":"medichamite","ability":"Pure Power","moves":["fakeout","drainpunch","psychocut","thunderpunch"],"nature":"Adamant","evs":{"hp":248,"atk":252,"def":0,"spa":0,"spd":8,"spe":0},"gender":"M","ivs":{"hp":31,"atk":31,"def":31,"spa":31,"spd":31,"spe":31}}],"p2team":[{"name":"Swalot","species":"Swalot","item":"assaultvest","ability":"Sticky Hold","moves":["sludgebomb","gigadrain","icebeam","earthquake"],"nature":"Quiet","evs":{"hp":248,"atk":0,"def":0,"spa":200,"spd":60,"spe":0},"ivs":{"hp":31,"atk":31,"def":31,"spa":31,"spd":31,"spe":31}},{"name":"Scolipede","species":"Scolipede","item":"focussash","ability":"Speed Boost","moves":["steamroller","spikes","protect","endeavor"],"nature":"Jolly","evs":{"hp":4,"atk":252,"def":0,"spa":0,"spd":0,"spe":252},"ivs":{"hp":31,"atk":31,"def":31,"spa":31,"spd":31,"spe":31}},{"name":"Nidoking","species":"Nidoking","item":"lifeorb","ability":"Sheer Force","moves":["flamethrower","earthpower","venoshock","icebeam"],"nature":"Modest","evs":{"hp":4,"atk":0,"def":0,"spa":252,"spd":0,"spe":252},"ivs":{"hp":31,"atk":31,"def":31,"spa":31,"spd":31,"spe":31}},{"name":"Ariados","species":"Ariados","item":"focussash","ability":"Insomnia","moves":["stickyweb","toxicspikes","megahorn","suckerpunch"],"nature":"Jolly","evs":{"hp":0,"atk":252,"def":0,"spa":0,"spd":4,"spe":252},"ivs":{"hp":31,"atk":31,"def":31,"spa":31,"spd":31,"spe":31}},{"name":"Venusaur","species":"Venusaur","item":"venusaurite","ability":"Chlorophyll","moves":["gigadrain","sludgebomb","synthesis","leechseed"],"nature":"Bold","evs":{"hp":252,"atk":0,"def":112,"spa":0,"spd":144,"spe":0},"ivs":{"hp":31,"atk":31,"def":31,"spa":31,"spd":31,"spe":31}},{"name":"Muk","species":"Muk","item":"blacksludge","ability":"Poison Touch","moves":["poisonjab","curse","shadowsneak","brickbreak"],"nature":"Careful","evs":{"hp":252,"atk":4,"def":0,"spa":0,"spd":252,"spe":0},"ivs":{"hp":31,"atk":31,"def":31,"spa":31,"spd":31,"spe":31}}],"log":["|player|p1|Sovereign♕Dooms|20","|player|p2|LTIL-Tahit|169","|gametype|singles","|gen|6","|tier|Monotype","|rated","|rule|Baton Pass Clause: Limit one Baton Passer, can't pass Spe and other stats simultaneously","|rule|Swagger Clause: Swagger is banned","|rule|Same Type Clause: Pokémon in a team must share a type","|clearpoke","|poke|p1|Cobalion","|poke|p1|Pangoro, M","|poke|p1|Terrakion","|poke|p1|Keldeo","|poke|p1|Infernape, M","|poke|p1|Medicham, M","|poke|p2|Swalot, M","|poke|p2|Scolipede, M","|poke|p2|Nidoking, M","|poke|p2|Ariados, F","|poke|p2|Venusaur, M","|poke|p2|Muk, M","|rule|Sleep Clause Mod: Limit one foe put to sleep","|rule|Species Clause: Limit one of each Pokémon","|rule|OHKO Clause: OHKO moves are banned","|rule|Moody Clause: Moody is banned","|rule|Evasion Moves Clause: Evasion moves are banned","|rule|Endless Battle Clause: Forcing endless battles is banned","|rule|HP Percentage Mod: HP is shown in percentages","|teampreview","|","|start","|switch|p1a: Cobalion|Cobalion|385/385","|switch|p2a: Ariados|Ariados, F|281/281","|turn|1","|","|move|p1a: Cobalion|Thunder Wave|p2a: Ariados","|-status|p2a: Ariados|par","|move|p2a: Ariados|Sticky Web|p1a: Cobalion","|-sidestart|p1: Sovereign♕Dooms|move: Sticky Web","|","|turn|2","|","|move|p1a: Cobalion|Stealth Rock|p2a: Ariados","|-sidestart|p2: LTIL-Tahit|move: Stealth Rock","|cant|p2a: Ariados|par","|","|turn|3","|","|switch|p1a: Terrakion|Terrakion|323/323","|-activate|p1a: Terrakion|move: Sticky Web","|-unboost|p1a: Terrakion|spe|1","|move|p2a: Ariados|Toxic Spikes|p1a: Terrakion","|-sidestart|p1: Sovereign♕Dooms|move: Toxic Spikes","|","|turn|4","|","|move|p1a: Terrakion|Stone Edge|p2a: Ariados","|-supereffective|p2a: Ariados","|-enditem|p2a: Ariados|Focus Sash","|-damage|p2a: Ariados|1/281 par","|move|p2a: Ariados|Toxic Spikes|p1a: Terrakion","|-sidestart|p1: Sovereign♕Dooms|move: Toxic Spikes","|","|turn|5","|","|move|p1a: Terrakion|Stone Edge|p2a: Ariados","|-supereffective|p2a: Ariados","|-damage|p2a: Ariados|0 fnt","|faint|p2a: Ariados","|","|","|switch|p2a: Scolipede|Scolipede, M|262/262","|-damage|p2a: Scolipede|197/262|[from] Stealth Rock","|turn|6","|","|move|p2a: Scolipede|Protect|p2a: Scolipede","|-singleturn|p2a: Scolipede|Protect","|move|p1a: Terrakion|Stone Edge|p2a: Scolipede","|-activate|p2a: Scolipede|Protect","|","|-boost|p2a: Scolipede|spe|1|[from] ability: Speed Boost","|turn|7","|","|move|p2a: Scolipede|Spikes|p1a: Terrakion","|-sidestart|p1: Sovereign♕Dooms|Spikes","|move|p1a: Terrakion|Stone Edge|p2a: Scolipede","|-crit|p2a: Scolipede","|-supereffective|p2a: Scolipede","|-damage|p2a: Scolipede|0 fnt","|faint|p2a: Scolipede","|","|","|switch|p2a: Nidoking|Nidoking, M|304/304","|-damage|p2a: Nidoking|285/304|[from] Stealth Rock","|turn|8","|","|switch|p1a: Keldeo|Keldeo|323/323","|-damage|p1a: Keldeo|283/323|[from] Spikes","|-status|p1a: Keldeo|tox","|-activate|p1a: Keldeo|move: Sticky Web","|-unboost|p1a: Keldeo|spe|1","|move|p2a: Nidoking|Ice Beam|p1a: Keldeo","|-crit|p1a: Keldeo","|-resisted|p1a: Keldeo","|-damage|p1a: Keldeo|169/323 tox","|","|-damage|p1a: Keldeo|149/323 tox|[from] psn","|turn|9","|","|move|p2a: Nidoking|Venoshock|p1a: Keldeo","|-damage|p1a: Keldeo|0 fnt","|-damage|p2a: Nidoking|255/304|[from] item: Life Orb","|faint|p1a: Keldeo","|","|","|switch|p1a: Medicham|Medicham, M|323/323","|-status|p1a: Medicham|tox","|-activate|p1a: Medicham|move: Sticky Web","|-unboost|p1a: Medicham|spe|1","|-damage|p1a: Medicham|283/323 tox|[from] Spikes","|turn|10","|","|detailschange|p1a: Medicham|Medicham-Mega, M","|-mega|p1a: Medicham|Medicham|Medichamite","|move|p1a: Medicham|Fake Out|p2a: Nidoking","|-damage|p2a: Nidoking|141/304","|cant|p2a: Nidoking|flinch","|","|-damage|p1a: Medicham|263/323 tox|[from] psn","|turn|11","|","|move|p2a: Nidoking|Venoshock|p1a: Medicham","|-crit|p1a: Medicham","|-damage|p1a: Medicham|0 fnt","|-damage|p2a: Nidoking|111/304|[from] item: Life Orb","|faint|p1a: Medicham","|","|","|switch|p1a: Infernape|Infernape, M|293/293","|-status|p1a: Infernape|tox","|-damage|p1a: Infernape|257/293 tox|[from] Spikes","|-activate|p1a: Infernape|move: Sticky Web","|-unboost|p1a: Infernape|spe|1","|turn|12","|","|move|p1a: Infernape|Mach Punch|p2a: Nidoking","|-resisted|p2a: Nidoking","|-damage|p2a: Nidoking|37/304","|move|p2a: Nidoking|Earth Power|p1a: Infernape","|-supereffective|p1a: Infernape","|-damage|p1a: Infernape|0 fnt","|faint|p1a: Infernape","|","|","|switch|p1a: Pangoro|Pangoro, M|393/393","|-activate|p1a: Pangoro|move: Sticky Web","|-unboost|p1a: Pangoro|spe|1","|-status|p1a: Pangoro|tox","|-damage|p1a: Pangoro|344/393 tox|[from] Spikes","|turn|13","|","|move|p2a: Nidoking|Venoshock|p1a: Pangoro","|-damage|p1a: Pangoro|145/393 tox","|-damage|p2a: Nidoking|7/304|[from] item: Life Orb","|move|p1a: Pangoro|Ice Punch|p2a: Nidoking","|-supereffective|p2a: Nidoking","|-damage|p2a: Nidoking|0 fnt","|faint|p2a: Nidoking","|","|-damage|p1a: Pangoro|121/393 tox|[from] psn","|","|switch|p2a: Venusaur|Venusaur, M|364/364","|-damage|p2a: Venusaur|319/364|[from] Stealth Rock","|turn|14","|","|detailschange|p2a: Venusaur|Venusaur-Mega, M","|-mega|p2a: Venusaur|Venusaur|Venusaurite","|move|p2a: Venusaur|Leech Seed|p1a: Pangoro","|-start|p1a: Pangoro|move: Leech Seed","|move|p1a: Pangoro|Ice Punch|p2a: Venusaur","|-supereffective|p2a: Venusaur","|-damage|p2a: Venusaur|249/364","|","|-damage|p1a: Pangoro|72/393 tox|[from] Leech Seed|[of] p2a: Venusaur","|-heal|p2a: Venusaur|298/364|[silent]","|-damage|p1a: Pangoro|24/393 tox|[from] psn","|turn|15","|","|move|p2a: Venusaur|Synthesis|p2a: Venusaur","|-heal|p2a: Venusaur|364/364","|move|p1a: Pangoro|Ice Punch|p2a: Venusaur","|-supereffective|p2a: Venusaur","|-damage|p2a: Venusaur|300/364","|","|-damage|p1a: Pangoro|0 fnt|[from] Leech Seed|[of] p2a: Venusaur","|-heal|p2a: Venusaur|324/364|[silent]","|faint|p1a: Pangoro","|","|switch|p1a: Terrakion|Terrakion|323/323","|-status|p1a: Terrakion|tox","|-activate|p1a: Terrakion|move: Sticky Web","|-unboost|p1a: Terrakion|spe|1","|-damage|p1a: Terrakion|283/323 tox|[from] Spikes","|turn|16","|","|move|p1a: Terrakion|Iron Head|p2a: Venusaur","|-crit|p2a: Venusaur","|-damage|p2a: Venusaur|224/364","|cant|p2a: Venusaur|flinch","|","|-damage|p1a: Terrakion|263/323 tox|[from] psn","|turn|17","|","|move|p1a: Terrakion|Iron Head|p2a: Venusaur","|-damage|p2a: Venusaur|151/364","|cant|p2a: Venusaur|flinch","|","|-damage|p1a: Terrakion|223/323 tox|[from] psn","|turn|18","|","|move|p1a: Terrakion|Iron Head|p2a: Venusaur","|-damage|p2a: Venusaur|77/364","|move|p2a: Venusaur|Synthesis|p2a: Venusaur","|-heal|p2a: Venusaur|259/364","|","|-damage|p1a: Terrakion|163/323 tox|[from] psn","|turn|19","|","|move|p1a: Terrakion|Iron Head|p2a: Venusaur","|-damage|p2a: Venusaur|187/364","|cant|p2a: Venusaur|flinch","|","|-damage|p1a: Terrakion|83/323 tox|[from] psn","|turn|20","|","|move|p1a: Terrakion|Iron Head|p2a: Venusaur","|-damage|p2a: Venusaur|111/364","|move|p2a: Venusaur|Synthesis|p2a: Venusaur","|-heal|p2a: Venusaur|293/364","|","|-damage|p1a: Terrakion|0 fnt|[from] psn","|faint|p1a: Terrakion","|","|win|LTIL-Tahit"],"p1rating":{"entryid":"7390241","serverid":"eos","formatid":"monotype","userid":"sovereigndooms","username":"Sovereign♕Dooms","w":"15","l":13,"t":"0","gxe":55,"r":"1569.8599400771","rd":"67.460583971814","sigma":"0","rptime":"1438851600","rpr":1538.0055581907,"rprd":62.435376710319,"rpsigma":"0","acre":1093.5218491296,"lacre":1093.5218491296,"oldacre":"1121.8497222629"},"p2rating":{"entryid":"6925118","serverid":"eos","formatid":"monotype","userid":"ltiltahit","username":"LTIL-Tahit","w":51,"l":"52","t":"0","gxe":51.8,"r":"1527.3447789984","rd":"40.548657138947","sigma":"0","rptime":"1438851600","rpr":1513.6780610736,"rprd":38.667902014769,"rpsigma":"0","acre":1107.8466059969,"lacre":1107.8466059969,"oldacre":"1075.3247484993"},"endType":"forfeit"}