{"seed":[3138,12526,36761,58781],"turns":36,"p1":"Guard Wanderer","p2":"Jake1079","p1team":[{"name":"Weezing","species":"Weezing","item":"sitrusberry","ability":"Levitate","moves":["toxicspikes","willowisp","memento","thief"],"nature":"Careful","evs":{"hp":248,"atk":8,"def":0,"spa":0,"spd":252,"spe":0},"ivs":{"hp":31,"atk":31,"def":31,"spa":31,"spd":31,"spe":31}},{"name":"Tentacruel","species":"Tentacruel","item":"assaultvest","ability":"Liquid Ooze","moves":["scald","acidspray","gigadrain","hex"],"nature":"Timid","evs":{"hp":0,"atk":0,"def":4,"spa":252,"spd":0,"spe":252},"ivs":{"hp":31,"atk":31,"def":31,"spa":31,"spd":31,"spe":31}},{"name":"Skuntank","species":"Skuntank","item":"","ability":"Stench","moves":["snatch","thief","suckerpunch","poisonjab"],"nature":"Adamant","evs":{"hp":248,"atk":252,"def":0,"spa":0,"spd":8,"spe":0},"ivs":{"hp":31,"atk":31,"def":31,"spa":31,"spd":31,"spe":31}},{"name":"Crobat","species":"Crobat","item":"whiteherb","ability":"Infiltrator","moves":["curse","acrobatics","roost","hypnosis"],"nature":"Jolly","evs":{"hp":248,"atk":8,"def":0,"spa":0,"spd":0,"spe":252},"ivs":{"hp":31,"atk":31,"def":31,"spa":31,"spd":31,"spe":31}},{"name":"Gengar","species":"Gengar","item":"choicescarf","ability":"Levitate","moves":["trick","destinybond","venoshock","hex"],"nature":"Timid","evs":{"hp":0,"atk":0,"def":0,"spa":252,"spd":4,"spe":252},"ivs":{"hp":31,"atk":31,"def":31,"spa":31,"spd":31,"spe":31}},{"name":"Amoonguss","species":"Amoonguss","item":"blacksludge","ability":"Regenerator","moves":["spore","gigadrain","gastroacid","stunspore"],"nature":"Calm","evs":{"hp":248,"atk":0,"def":0,"spa":8,"spd":252,"spe":0},"shiny":true,"ivs":{"hp":31,"atk":31,"def":31,"spa":31,"spd":31,"spe":31}}],"p2team":[{"name":"Crobat","species":"Crobat","item":"choiceband","ability":"Infiltrator","moves":["bravebird","uturn","zenheadbutt","crosspoison"],"nature":"Adamant","evs":{"hp":0,"atk":252,"def":0,"spa":0,"spd":4,"spe":252},"ivs":{"hp":31,"atk":31,"def":31,"spa":31,"spd":31,"spe":31}},{"name":"Tentacruel","species":"Tentacruel","item":"blacksludge","ability":"Liquid Ooze","moves":["toxic","rapidspin","scald","blizzard"],"nature":"Timid","evs":{"hp":232,"atk":0,"def":176,"spa":12,"spd":88,"spe":0},"ivs":{"hp":31,"atk":31,"def":31,"spa":31,"spd":31,"spe":31}},{"name":"Nidoking","species":"Nidoking","item":"choicescarf","ability":"Sheer Force","moves":["icebeam","flamethrower","earthpower","sludgewave"],"nature":"Modest","evs":{"hp":0,"atk":0,"def":0,"spa":252,"spd":4,"spe":252},"ivs":{"hp":31,"atk":31,"def":31,"spa":31,"spd":31,"spe":31}},{"name":"Weezing","species":"Weezing","item":"blacksludge","ability":"Levitate","moves":["fireblast","willowisp","painsplit","taunt"],"nature":"Bold","evs":{"hp":252,"atk":0,"def":252,"spa":4,"spd":0,"spe":0},"ivs":{"hp":31,"atk":31,"def":31,"spa":31,"spd":31,"spe":31}},{"name":"Nidoqueen","species":"Nidoqueen","item":"leftovers","ability":"Poison Point","moves":["dragontail","superfang","rest","sleeptalk"],"nature":"Impish","evs":{"hp":252,"atk":4,"def":252,"spa":0,"spd":0,"spe":0},"ivs":{"hp":31,"atk":31,"def":31,"spa":31,"spd":31,"spe":31}},{"name":"Venusaur","species":"Venusaur","item":"venusaurite","ability":"Overgrow","moves":["gigadrain","leechseed","sludgebomb","protect"],"nature":"Calm","evs":{"hp":252,"atk":0,"def":0,"spa":4,"spd":252,"spe":0},"ivs":{"hp":31,"atk":31,"def":31,"spa":31,"spd":31,"spe":31}}],"log":["|player|p1|Guard Wanderer|235","|player|p2|Jake1079|150","|gametype|singles","|gen|6","|tier|Monotype","|rated","|rule|Baton Pass Clause: Limit one Baton Passer, can't pass Spe and other stats simultaneously","|rule|Swagger Clause: Swagger is banned","|rule|Same Type Clause: Pokémon in a team must share a type","|clearpoke","|poke|p1|Weezing, F","|poke|p1|Tentacruel, M","|poke|p1|Skuntank, F","|poke|p1|Crobat, M","|poke|p1|Gengar, M","|poke|p1|Amoonguss, F, shiny","|poke|p2|Crobat, F","|poke|p2|Tentacruel, F","|poke|p2|Nidoking, M","|poke|p2|Weezing, M","|poke|p2|Nidoqueen, F","|poke|p2|Venusaur, F","|rule|Sleep Clause Mod: Limit one foe put to sleep","|rule|Species Clause: Limit one of each Pokémon","|rule|OHKO Clause: OHKO moves are banned","|rule|Moody Clause: Moody is banned","|rule|Evasion Moves Clause: Evasion moves are banned","|rule|Endless Battle Clause: Forcing endless battles is banned","|rule|HP Percentage Mod: HP is shown in percentages","|teampreview","|","|start","|switch|p1a: Crobat|Crobat, M|373/373","|switch|p2a: Crobat|Crobat, F|311/311","|turn|1","|","|move|p1a: Crobat|Curse|p1a: Crobat","|-unboost|p1a: Crobat|spe|1","|-boost|p1a: Crobat|atk|1","|-boost|p1a: Crobat|def|1","|-enditem|p1a: Crobat|White Herb","|-restoreboost|p1a: Crobat|[silent]","|move|p2a: Crobat|Zen Headbutt|p1a: Crobat","|-supereffective|p1a: Crobat","|-damage|p1a: Crobat|193/373","|","|turn|2","|","|move|p1a: Crobat|Hypnosis|p2a: Crobat|[miss]","|-miss|p1a: Crobat|p2a: Crobat","|move|p2a: Crobat|Zen Headbutt|p1a: Crobat","|-supereffective|p1a: Crobat","|-damage|p1a: Crobat|0 fnt","|faint|p1a: Crobat","|","|","|switch|p1a: Skuntank|Skuntank, F|409/409","|turn|3","|","|switch|p2a: Nidoking|Nidoking, M|303/303","|move|p1a: Skuntank|Thief|p2a: Nidoking","|-damage|p2a: Nidoking|192/303","|-item|p1a: Skuntank|Choice Scarf|[from] move: Thief|[of] p2a: Nidoking","|","|turn|4","|","|move|p1a: Skuntank|Sucker Punch|p2a: Nidoking","|-damage|p2a: Nidoking|29/303","|move|p2a: Nidoking|Earth Power|p1a: Skuntank","|-supereffective|p1a: Skuntank","|-damage|p1a: Skuntank|0 fnt","|faint|p1a: Skuntank","|","|","|switch|p1a: Tentacruel|Tentacruel, M|301/301","|turn|5","|","|move|p1a: Tentacruel|Scald|p2a: Nidoking","|-supereffective|p2a: Nidoking","|-damage|p2a: Nidoking|0 fnt","|faint|p2a: Nidoking","|","|","|switch|p2a: Venusaur|Venusaur, F|364/364","|turn|6","|","|detailschange|p2a: Venusaur|Venusaur-Mega, F","|-mega|p2a: Venusaur|Venusaur|Venusaurite","|move|p1a: Tentacruel|Acid Spray|p2a: Venusaur","|-damage|p2a: Venusaur|331/364","|-unboost|p2a: Venusaur|spd|2","|move|p2a: Venusaur|Leech Seed|p1a: Tentacruel","|-start|p1a: Tentacruel|move: Leech Seed","|","|-damage|p1a: Tentacruel|264/301|[from] Leech Seed|[of] p2a: Venusaur","|-damage|p2a: Venusaur|294/364|[from] ability: Liquid Ooze|[of] p1a: Tentacruel","|turn|7","|","|move|p1a: Tentacruel|Scald|p2a: Venusaur","|-resisted|p2a: Venusaur","|-damage|p2a: Venusaur|224/364","|move|p2a: Venusaur|Giga Drain|p1a: Tentacruel","|-damage|p1a: Tentacruel|201/301","|-damage|p2a: Venusaur|192/364|[from] ability: Liquid Ooze|[of] p1a: Tentacruel","|","|-damage|p1a: Tentacruel|164/301|[from] Leech Seed|[of] p2a: Venusaur","|-damage|p2a: Venusaur|155/364|[from] ability: Liquid Ooze|[of] p1a: Tentacruel","|turn|8","|","|move|p1a: Tentacruel|Scald|p2a: Venusaur","|-resisted|p2a: Venusaur","|-damage|p2a: Venusaur|92/364","|move|p2a: Venusaur|Giga Drain|p1a: Tentacruel","|-damage|p1a: Tentacruel|101/301","|-damage|p2a: Venusaur|60/364|[from] ability: Liquid Ooze|[of] p1a: Tentacruel","|","|-damage|p1a: Tentacruel|64/301|[from] Leech Seed|[of] p2a: Venusaur","|-damage|p2a: Venusaur|23/364|[from] ability: Liquid Ooze|[of] p1a: Tentacruel","|turn|9","|","|move|p2a: Venusaur|Protect|p2a: Venusaur","|-singleturn|p2a: Venusaur|Protect","|move|p1a: Tentacruel|Acid Spray|p2a: Venusaur","|-activate|p2a: Venusaur|Protect","|","|-damage|p1a: Tentacruel|27/301|[from] Leech Seed|[of] p2a: Venusaur","|-damage|p2a: Venusaur|0 fnt|[from] ability: Liquid Ooze|[of] p1a: Tentacruel","|faint|p2a: Venusaur","|","|switch|p2a: Crobat|Crobat, F|311/311","|turn|10","|","|move|p2a: Crobat|U-turn|p1a: Tentacruel","|-resisted|p1a: Tentacruel","|-damage|p1a: Tentacruel|0 fnt","|faint|p1a: Tentacruel","|","|switch|p2a: Nidoqueen|Nidoqueen, F|384/384","|","|","|switch|p1a: Amoonguss|Amoonguss, F, shiny|431/431","|turn|11","|","|move|p2a: Nidoqueen|Super Fang|p1a: Amoonguss","|-damage|p1a: Amoonguss|216/431","|move|p1a: Amoonguss|Spore|p2a: Nidoqueen","|-status|p2a: Nidoqueen|slp","|","|-heal|p1a: Amoonguss|242/431|[from] item: Black Sludge","|turn|12","|","|cant|p2a: Nidoqueen|slp","|move|p1a: Amoonguss|Stun Spore|p2a: Nidoqueen","|-fail|p2a: Nidoqueen","|","|-heal|p1a: Amoonguss|268/431|[from] item: Black Sludge","|turn|13","|","|cant|p2a: Nidoqueen|slp","|move|p1a: Amoonguss|Giga Drain|p2a: Nidoqueen","|-damage|p2a: Nidoqueen|300/384 slp","|-heal|p1a: Amoonguss|310/431|[from] drain|[of] p2a: Nidoqueen","|","|-heal|p2a: Nidoqueen|324/384 slp|[from] item: Leftovers","|-heal|p1a: Amoonguss|336/431|[from] item: Black Sludge","|turn|14","|","|switch|p1a: Weezing|Weezing, F|333/333","|cant|p2a: Nidoqueen|slp","|","|-heal|p2a: Nidoqueen|348/384 slp|[from] item: Leftovers","|turn|15","|","|-curestatus|p2a: Nidoqueen|slp","|move|p2a: Nidoqueen|Super Fang|p1a: Weezing","|-damage|p1a: Weezing|167/333","|move|p1a: Weezing|Will-O-Wisp|p2a: Nidoqueen","|-status|p2a: Nidoqueen|brn","|","|-heal|p2a: Nidoqueen|372/384 brn|[from] item: Leftovers","|-damage|p2a: Nidoqueen|324/384 brn|[from] brn","|turn|16","|","|move|p1a: Weezing|Thief|p2a: Nidoqueen","|-damage|p2a: Nidoqueen|287/384 brn","|move|p2a: Nidoqueen|Dragon Tail|p1a: Weezing|[miss]","|-miss|p2a: Nidoqueen|p1a: Weezing","|","|-heal|p2a: Nidoqueen|311/384 brn|[from] item: Leftovers","|-damage|p2a: Nidoqueen|263/384 brn|[from] brn","|turn|17","|","|move|p1a: Weezing|Thief|p2a: Nidoqueen","|-damage|p2a: Nidoqueen|228/384 brn","|move|p2a: Nidoqueen|Dragon Tail|p1a: Weezing","|-damage|p1a: Weezing|149/333","|drag|p1a: Amoonguss|Amoonguss, F, shiny|431/431","|","|-heal|p2a: Nidoqueen|252/384 brn|[from] item: Leftovers","|-damage|p2a: Nidoqueen|204/384 brn|[from] brn","|turn|18","|","|move|p2a: Nidoqueen|Super Fang|p1a: Amoonguss","|-damage|p1a: Amoonguss|216/431","|move|p1a: Amoonguss|Giga Drain|p2a: Nidoqueen","|-damage|p2a: Nidoqueen|113/384 brn","|-heal|p1a: Amoonguss|262/431|[from] drain|[of] p2a: Nidoqueen","|","|-heal|p2a: Nidoqueen|137/384 brn|[from] item: Leftovers","|-heal|p1a: Amoonguss|288/431|[from] item: Black Sludge","|-damage|p2a: Nidoqueen|89/384 brn|[from] brn","|turn|19","|","|move|p2a: Nidoqueen|Super Fang|p1a: Amoonguss","|-damage|p1a: Amoonguss|144/431","|move|p1a: Amoonguss|Giga Drain|p2a: Nidoqueen","|-damage|p2a: Nidoqueen|0 fnt","|-heal|p1a: Amoonguss|189/431|[from] drain|[of] p2a: Nidoqueen","|faint|p2a: Nidoqueen","|","|-heal|p1a: Amoonguss|215/431|[from] item: Black Sludge","|","|switch|p2a: Tentacruel|Tentacruel, F|359/359","|turn|20","|","|move|p2a: Tentacruel|Blizzard|p1a: Amoonguss","|-supereffective|p1a: Amoonguss","|-damage|p1a: Amoonguss|85/431","|move|p1a: Amoonguss|Spore|p2a: Tentacruel","|-status|p2a: Tentacruel|slp","|","|-heal|p1a: Amoonguss|111/431|[from] item: Black Sludge","|turn|21","|","|switch|p2a: Crobat|Crobat, F|311/311","|switch|p1a: Gengar|Gengar, M|261/261","|","|turn|22","|","|move|p1a: Gengar|Destiny Bond|p1a: Gengar","|-singlemove|p1a: Gengar|Destiny Bond","|move|p2a: Crobat|Brave Bird|p1a: Gengar","|-damage|p1a: Gengar|0 fnt","|-damage|p2a: Crobat|225/311|[from] recoil|[of] p1a: Gengar","|faint|p1a: Gengar","|-activate|p1a: Gengar|Destiny Bond","|faint|p2a: Crobat","|","|","|switch|p1a: Weezing|Weezing, F|149/333","|switch|p2a: Weezing|Weezing, M|334/334","|-enditem|p1a: Weezing|Sitrus Berry|[eat]","|-heal|p1a: Weezing|232/333|[from] item: Sitrus Berry","|turn|23","|","|move|p2a: Weezing|Fire Blast|p1a: Weezing","|-damage|p1a: Weezing|163/333","|move|p1a: Weezing|Will-O-Wisp|p2a: Weezing","|-status|p2a: Weezing|brn","|","|-damage|p2a: Weezing|293/334 brn|[from] brn","|turn|24","|","|move|p2a: Weezing|Will-O-Wisp|p1a: Weezing","|-status|p1a: Weezing|brn","|move|p1a: Weezing|Thief|p2a: Weezing","|-damage|p2a: Weezing|279/334 brn","|-item|p1a: Weezing|Black Sludge|[from] move: Thief|[of] p2a: Weezing","|","|-heal|p1a: Weezing|183/333 brn|[from] item: Black Sludge","|-damage|p1a: Weezing|142/333 brn|[from] brn","|-damage|p2a: Weezing|238/334 brn|[from] brn","|turn|25","|","|switch|p1a: Amoonguss|Amoonguss, F, shiny|254/431","|move|p2a: Weezing|Fire Blast|p1a: Amoonguss","|-supereffective|p1a: Amoonguss","|-damage|p1a: Amoonguss|118/431","|","|-heal|p1a: Amoonguss|144/431|[from] item: Black Sludge","|-damage|p2a: Weezing|197/334 brn|[from] brn","|turn|26","|","|switch|p1a: Weezing|Weezing, F|142/333 brn","|move|p2a: Weezing|Fire Blast|p1a: Weezing","|-damage|p1a: Weezing|73/333 brn","|","|-heal|p1a: Weezing|93/333 brn|[from] item: Black Sludge","|-damage|p1a: Weezing|52/333 brn|[from] brn","|-damage|p2a: Weezing|156/334 brn|[from] brn","|turn|27","|","|move|p1a: Weezing|Memento|p2a: Weezing","|-unboost|p2a: Weezing|atk|2","|-unboost|p2a: Weezing|spa|2","|faint|p1a: Weezing","|move|p2a: Weezing|Fire Blast|p1: Weezing|[notarget]","|-notarget","|","|-damage|p2a: Weezing|115/334 brn|[from] brn","|","|switch|p1a: Amoonguss|Amoonguss, F, shiny|287/431","|turn|28","|","|move|p2a: Weezing|Will-O-Wisp|p1a: Amoonguss|[miss]","|-miss|p2a: Weezing|p1a: Amoonguss","|move|p1a: Amoonguss|Giga Drain|p2a: Weezing","|-resisted|p2a: Weezing","|-damage|p2a: Weezing|63/334 brn","|-heal|p1a: Amoonguss|313/431|[from] drain|[of] p2a: Weezing","|","|-heal|p1a: Amoonguss|339/431|[from] item: Black Sludge","|-damage|p2a: Weezing|22/334 brn|[from] brn","|turn|29","|","|move|p2a: Weezing|Will-O-Wisp|p1a: Amoonguss|[miss]","|-miss|p2a: Weezing|p1a: Amoonguss","|move|p1a: Amoonguss|Giga Drain|p2a: Weezing","|-resisted|p2a: Weezing","|-damage|p2a: Weezing|0 fnt","|-heal|p1a: Amoonguss|350/431|[from] drain|[of] p2a: Weezing","|faint|p2a: Weezing","|","|-heal|p1a: Amoonguss|376/431|[from] item: Black Sludge","|","|switch|p2a: Tentacruel|Tentacruel, F|359/359 slp","|turn|30","|","|cant|p2a: Tentacruel|slp","|move|p1a: Amoonguss|Gastro Acid|p2a: Tentacruel","|-endability|p2a: Tentacruel","|","|-heal|p1a: Amoonguss|402/431|[from] item: Black Sludge","|turn|31","|","|cant|p2a: Tentacruel|slp","|move|p1a: Amoonguss|Giga Drain|p2a: Tentacruel","|-damage|p2a: Tentacruel|295/359 slp","|-heal|p1a: Amoonguss|431/431|[from] drain|[of] p2a: Tentacruel","|","|-heal|p2a: Tentacruel|317/359 slp|[from] item: Black Sludge","|turn|32","|","|cant|p2a: Tentacruel|slp","|move|p1a: Amoonguss|Giga Drain|p2a: Tentacruel","|-damage|p2a: Tentacruel|253/359 slp","|","|-heal|p2a: Tentacruel|275/359 slp|[from] item: Black Sludge","|turn|33","|","|-curestatus|p2a: Tentacruel|slp","|move|p2a: Tentacruel|Blizzard|p1a: Amoonguss","|-supereffective|p1a: Amoonguss","|-damage|p1a: Amoonguss|313/431","|move|p1a: Amoonguss|Giga Drain|p2a: Tentacruel","|-crit|p2a: Tentacruel","|-damage|p2a: Tentacruel|176/359","|-heal|p1a: Amoonguss|363/431|[from] drain|[of] p2a: Tentacruel","|","|-heal|p2a: Tentacruel|198/359|[from] item: Black Sludge","|-heal|p1a: Amoonguss|389/431|[from] item: Black Sludge","|turn|34","|","|move|p2a: Tentacruel|Blizzard|p1a: Amoonguss","|-supereffective|p1a: Amoonguss","|-damage|p1a: Amoonguss|271/431","|move|p1a: Amoonguss|Stun Spore|p2a: Tentacruel","|-status|p2a: Tentacruel|par","|","|-heal|p1a: Amoonguss|297/431|[from] item: Black Sludge","|-heal|p2a: Tentacruel|220/359 par|[from] item: Black Sludge","|turn|35","|","|move|p1a: Amoonguss|Giga Drain|p2a: Tentacruel","|-damage|p2a: Tentacruel|162/359 par","|-heal|p1a: Amoonguss|326/431|[from] drain|[of] p2a: Tentacruel","|move|p2a: Tentacruel|Blizzard|p1a: Amoonguss","|-supereffective|p1a: Amoonguss","|-damage|p1a: Amoonguss|212/431","|","|-heal|p1a: Amoonguss|238/431|[from] item: Black Sludge","|-heal|p2a: Tentacruel|184/359 par|[from] item: Black Sludge","|turn|36","|","|win|Guard Wanderer"],"p1rating":{"entryid":"6731189","serverid":"eos","formatid":"monotype","userid":"guardwanderer","username":"Guard Wanderer","w":95,"l":"121","t":"0","gxe":43.1,"r":"1422.2201748306","rd":"28.556455732561","sigma":"0","rptime":"1438851600","rpr":1447.7629723725,"rprd":27.576508800426,"rpsigma":"0","acre":1294.9498610055,"lacre":1294.9498610055,"oldacre":"1281.307979863"},"p2rating":{"entryid":"7429437","serverid":"eos","formatid":"monotype","userid":"jake1079","username":"Jake1079","w":"7","l":7,"t":"0","gxe":46.3,"r":"1543.5648934858","rd":"122.25708225132","sigma":"0","rptime":"1438851600","rpr":1471.1063434737,"rprd":79.195854520523,"rpsigma":"0","acre":1097.3752412351,"lacre":1097.3752412351,"oldacre":"1111.0171223776"},"endType":"forfeit"}