{"seed":[11288,25616,26203,8545],"turns":33,"p1":"swirlix13","p2":"E4 IceHawk†","p1team":[{"name":"Diancie","species":"Diancie","item":"diancite","ability":"Clear Body","moves":["earthpower","moonblast","diamondstorm","protect"],"nature":"Naive","evs":{"hp":0,"atk":4,"def":0,"spa":252,"spd":0,"spe":252},"ivs":{"hp":31,"atk":31,"def":31,"spa":31,"spd":31,"spe":31}},{"name":"Togekiss","species":"Togekiss","item":"choicespecs","ability":"Serene Grace","moves":["dazzlinggleam","aurasphere","airslash","flamethrower"],"nature":"Modest","evs":{"hp":248,"atk":0,"def":0,"spa":252,"spd":8,"spe":0},"ivs":{"hp":31,"atk":31,"def":31,"spa":31,"spd":31,"spe":31}},{"name":"Klefki","species":"Klefki","item":"lightclay","ability":"Prankster","moves":["reflect","lightscreen","thunderwave","foulplay"],"nature":"Bold","evs":{"hp":252,"atk":0,"def":64,"spa":0,"spd":192,"spe":0},"ivs":{"hp":31,"atk":31,"def":31,"spa":31,"spd":31,"spe":31}},{"name":"Azumarill","species":"Azumarill","item":"assaultvest","ability":"Huge Power","moves":["playrough","aquajet","waterfall","poweruppunch"],"nature":"Adamant","evs":{"hp":248,"atk":252,"def":0,"spa":0,"spd":0,"spe":8},"gender":"M","ivs":{"hp":31,"atk":31,"def":31,"spa":31,"spd":31,"spe":31}},{"name":"Mr. Mime","species":"Mr. Mime","item":"leftovers","ability":"Soundproof","moves":["barrier","calmmind","dazzlinggleam","batonpass"],"nature":"Timid","evs":{"hp":0,"atk":0,"def":0,"spa":252,"spd":4,"spe":252},"ivs":{"hp":31,"atk":31,"def":31,"spa":31,"spd":31,"spe":31}},{"name":"Granbull","species":"Granbull","item":"leftovers","ability":"Intimidate","moves":["earthquake","firepunch","bulkup","playrough"],"nature":"Adamant","evs":{"hp":188,"atk":200,"def":120,"spa":0,"spd":0,"spe":0},"ivs":{"hp":31,"atk":31,"def":31,"spa":31,"spd":31,"spe":31}}],"p2team":[{"name":"^_^","species":"froslass","item":"focussash","ability":"Cursed Body","moves":["thunderwave","hiddenpowerfire","confuseray","hex"],"nature":"Timid","evs":{"hp":252,"atk":0,"def":0,"spa":4,"spd":0,"spe":252},"ivs":{"hp":31,"atk":30,"def":31,"spa":30,"spd":31,"spe":30}},{"name":"Weavile","species":"Weavile","item":"lifeorb","ability":"Pressure","moves":["knockoff","iciclecrash","iceshard","lowkick"],"nature":"Adamant","evs":{"hp":0,"atk":252,"def":0,"spa":0,"spd":4,"spe":252},"ivs":{"hp":31,"atk":31,"def":31,"spa":31,"spd":31,"spe":31}},{"name":"Kyurem-Black","species":"Kyurem-Black","item":"choicescarf","ability":"Teravolt","moves":["outrage","fusionbolt","icebeam","ironhead"],"nature":"Naive","evs":{"hp":0,"atk":252,"def":0,"spa":4,"spd":0,"spe":252},"ivs":{"hp":31,"atk":31,"def":31,"spa":31,"spd":31,"spe":31}},{"name":"Abomasnow","species":"Abomasnow","item":"abomasite","ability":"Soundproof","moves":["blizzard","gigadrain","earthquake","iceshard"],"nature":"Mild","evs":{"hp":248,"atk":8,"def":0,"spa":252,"spd":0,"spe":0},"ivs":{"hp":31,"atk":31,"def":31,"spa":31,"spd":31,"spe":31}},{"name":"Mamoswine","species":"Mamoswine","item":"lifeorb","ability":"Thick Fat","moves":["earthquake","iciclespear","iceshard","superpower"],"nature":"Jolly","evs":{"hp":0,"atk":252,"def":0,"spa":0,"spd":4,"spe":252},"ivs":{"hp":31,"atk":31,"def":31,"spa":31,"spd":31,"spe":31}},{"name":"Avalugg","species":"Avalugg","item":"rockyhelmet","ability":"Sturdy","moves":["avalanche","rapidspin","roar","recover"],"nature":"Relaxed","evs":{"hp":248,"atk":8,"def":252,"spa":0,"spd":0,"spe":0},"ivs":{"hp":31,"atk":31,"def":31,"spa":31,"spd":31,"spe":0}}],"log":["|player|p1|swirlix13|32","|player|p2|E4 IceHawk†|80","|gametype|singles","|gen|6","|tier|Monotype","|rated","|rule|Baton Pass Clause: Limit one Baton Passer, can't pass Spe and other stats simultaneously","|rule|Swagger Clause: Swagger is banned","|rule|Same Type Clause: Pokémon in a team must share a type","|clearpoke","|poke|p1|Diancie","|poke|p1|Togekiss, F","|poke|p1|Klefki, F","|poke|p1|Azumarill, M","|poke|p1|Mr. Mime, F","|poke|p1|Granbull, F","|poke|p2|Froslass, F","|poke|p2|Weavile, M","|poke|p2|Kyurem-Black","|poke|p2|Abomasnow, F","|poke|p2|Mamoswine, M","|poke|p2|Avalugg, F","|rule|Sleep Clause Mod: Limit one foe put to sleep","|rule|Species Clause: Limit one of each Pokémon","|rule|OHKO Clause: OHKO moves are banned","|rule|Moody Clause: Moody is banned","|rule|Evasion Moves Clause: Evasion moves are banned","|rule|Endless Battle Clause: Forcing endless battles is banned","|rule|HP Percentage Mod: HP is shown in percentages","|teampreview","|","|start","|switch|p1a: Klefki|Klefki, F|318/318","|switch|p2a: ^_^|Froslass, F|344/344","|turn|1","|","|move|p1a: Klefki|Thunder Wave|p2a: ^_^","|-status|p2a: ^_^|par","|move|p2a: ^_^|Thunder Wave|p1a: Klefki","|-status|p1a: Klefki|par","|","|turn|2","|","|move|p1a: Klefki|Light Screen|p1a: Klefki","|-sidestart|p1: swirlix13|move: Light Screen","|move|p2a: ^_^|Confuse Ray|p1a: Klefki","|-start|p1a: Klefki|confusion","|","|turn|3","|","|switch|p1a: Diancie|Diancie|241/241","|move|p2a: ^_^|Hidden Power|p1a: Diancie","|-crit|p1a: Diancie","|-resisted|p1a: Diancie","|-damage|p1a: Diancie|220/241","|","|turn|4","|","|detailschange|p1a: Diancie|Diancie-Mega","|-mega|p1a: Diancie|Diancie|Diancite","|move|p1a: Diancie|Diamond Storm|p2a: ^_^","|-crit|p2a: ^_^","|-supereffective|p2a: ^_^","|-enditem|p2a: ^_^|Focus Sash","|-damage|p2a: ^_^|1/344 par","|-boost|p1a: Diancie|def|1","|move|p2a: ^_^|Thunder Wave|p1a: Diancie","|move|p1a: Diancie|Thunder Wave|p2a: ^_^|[from]Magic Bounce","|-fail|p2a: ^_^|par","|","|turn|5","|","|move|p1a: Diancie|Moonblast|p2a: ^_^","|-damage|p2a: ^_^|0 fnt","|faint|p2a: ^_^","|","|","|switch|p2a: Kyurem-Black|Kyurem-Black|391/391","|-ability|p2a: Kyurem-Black|Teravolt","|turn|6","|","|switch|p1a: Klefki|Klefki, F|318/318 par","|move|p2a: Kyurem-Black|Iron Head|p1a: Klefki","|-damage|p1a: Klefki|206/318 par","|","|turn|7","|","|switch|p2a: Mamoswine|Mamoswine, M|361/361","|move|p1a: Klefki|Reflect|p1a: Klefki","|-sidestart|p1: swirlix13|Reflect","|","|turn|8","|","|switch|p1a: Granbull|Granbull, F|368/368","|-ability|p1a: Granbull|Intimidate","|-unboost|p2a: Mamoswine|atk|1","|move|p2a: Mamoswine|Earthquake|p1a: Granbull","|-damage|p1a: Granbull|284/368","|-damage|p2a: Mamoswine|325/361|[from] item: Life Orb","|","|-heal|p1a: Granbull|307/368|[from] item: Leftovers","|turn|9","|","|move|p2a: Mamoswine|Icicle Spear|p1a: Granbull","|-damage|p1a: Granbull|285/368","|-damage|p1a: Granbull|262/368","|-hitcount|p1a: Granbull|2","|-damage|p2a: Mamoswine|289/361|[from] item: Life Orb","|move|p1a: Granbull|Bulk Up|p1a: Granbull","|-boost|p1a: Granbull|atk|1","|-boost|p1a: Granbull|def|1","|","|-heal|p1a: Granbull|285/368|[from] item: Leftovers","|-sideend|p1: swirlix13|move: Light Screen","|turn|10","|","|switch|p2a: Avalugg|Avalugg, F|393/393","|move|p1a: Granbull|Play Rough|p2a: Avalugg","|-damage|p2a: Avalugg|285/393","|-damage|p1a: Granbull|224/368|[from] item: Rocky Helmet|[of] p2a: Avalugg","|","|-heal|p1a: Granbull|247/368|[from] item: Leftovers","|turn|11","|","|move|p1a: Granbull|Fire Punch|p2a: Avalugg","|-supereffective|p2a: Avalugg","|-damage|p2a: Avalugg|169/393","|-damage|p1a: Granbull|186/368|[from] item: Rocky Helmet|[of] p2a: Avalugg","|-status|p2a: Avalugg|brn","|move|p2a: Avalugg|Roar|p1a: Granbull","|drag|p1a: Diancie|Diancie-Mega|220/241","|","|-damage|p2a: Avalugg|120/393 brn|[from] brn","|turn|12","|","|move|p1a: Diancie|Moonblast|p2a: Avalugg","|-damage|p2a: Avalugg|0 fnt","|faint|p2a: Avalugg","|","|","|switch|p2a: Kyurem-Black|Kyurem-Black|391/391","|-ability|p2a: Kyurem-Black|Teravolt","|turn|13","|","|switch|p1a: Klefki|Klefki, F|206/318 par","|move|p2a: Kyurem-Black|Iron Head|p1a: Klefki","|-damage|p1a: Klefki|155/318 par","|","|turn|14","|","|switch|p2a: Mamoswine|Mamoswine, M|289/361","|move|p1a: Klefki|Light Screen|p1a: Klefki","|-sidestart|p1: swirlix13|move: Light Screen","|","|-sideend|p1: swirlix13|Reflect","|turn|15","|","|move|p1a: Klefki|Reflect|p1a: Klefki","|-sidestart|p1: swirlix13|Reflect","|move|p2a: Mamoswine|Icicle Spear|p1a: Klefki","|-resisted|p1a: Klefki","|-damage|p1a: Klefki|141/318 par","|-resisted|p1a: Klefki","|-damage|p1a: Klefki|126/318 par","|-resisted|p1a: Klefki","|-damage|p1a: Klefki|114/318 par","|-hitcount|p1a: Klefki|3","|-damage|p2a: Mamoswine|253/361|[from] item: Life Orb","|","|turn|16","|","|switch|p1a: Granbull|Granbull, F|186/368","|-ability|p1a: Granbull|Intimidate","|-unboost|p2a: Mamoswine|atk|1","|move|p2a: Mamoswine|Earthquake|p1a: Granbull","|-crit|p1a: Granbull","|-damage|p1a: Granbull|0 fnt","|-damage|p2a: Mamoswine|217/361|[from] item: Life Orb","|faint|p1a: Granbull","|","|","|switch|p1a: Mr. Mime|Mr. Mime, F|221/221","|turn|17","|","|switch|p2a: Abomasnow|Abomasnow, F|383/383","|move|p1a: Mr. Mime|Barrier|p1a: Mr. Mime","|-boost|p1a: Mr. Mime|def|2","|","|turn|18","|","|detailschange|p2a: Abomasnow|Abomasnow-Mega, F","|-mega|p2a: Abomasnow|Abomasnow|Abomasite","|-weather|Hail","|move|p1a: Mr. Mime|Calm Mind|p1a: Mr. Mime","|-boost|p1a: Mr. Mime|spa|1","|-boost|p1a: Mr. Mime|spd|1","|move|p2a: Abomasnow|Blizzard|p1a: Mr. Mime","|-damage|p1a: Mr. Mime|161/221","|","|-weather|Hail|[upkeep]","|-damage|p1a: Mr. Mime|148/221|[from] hail","|-heal|p1a: Mr. Mime|161/221|[from] item: Leftovers","|turn|19","|","|move|p1a: Mr. Mime|Calm Mind|p1a: Mr. Mime","|-boost|p1a: Mr. Mime|spa|1","|-boost|p1a: Mr. Mime|spd|1","|move|p2a: Abomasnow|Blizzard|p1a: Mr. Mime","|-damage|p1a: Mr. Mime|113/221","|","|-weather|Hail|[upkeep]","|-damage|p1a: Mr. Mime|100/221|[from] hail","|-heal|p1a: Mr. Mime|113/221|[from] item: Leftovers","|turn|20","|","|move|p1a: Mr. Mime|Baton Pass|p1a: Mr. Mime","|","|switch|p1a: Togekiss|Togekiss, F|373/373","|move|p2a: Abomasnow|Blizzard|p1a: Togekiss","|-supereffective|p1a: Togekiss","|-damage|p1a: Togekiss|279/373","|-status|p1a: Togekiss|frz","|","|-weather|Hail|[upkeep]","|-damage|p1a: Togekiss|256/373 frz|[from] hail","|turn|21","|","|cant|p1a: Togekiss|frz","|move|p2a: Abomasnow|Blizzard|p1a: Togekiss","|-supereffective|p1a: Togekiss","|-damage|p1a: Togekiss|162/373 frz","|","|-weather|Hail|[upkeep]","|-damage|p1a: Togekiss|139/373 frz|[from] hail","|-sideend|p1: swirlix13|move: Light Screen","|turn|22","|","|cant|p1a: Togekiss|frz","|move|p2a: Abomasnow|Blizzard|p1a: Togekiss","|-supereffective|p1a: Togekiss","|-damage|p1a: Togekiss|0 fnt","|faint|p1a: Togekiss","|","|-weather|none","|-sideend|p1: swirlix13|Reflect","|","|switch|p1a: Klefki|Klefki, F|114/318 par","|turn|23","|","|switch|p2a: Mamoswine|Mamoswine, M|217/361","|move|p1a: Klefki|Light Screen|p1a: Klefki","|-sidestart|p1: swirlix13|move: Light Screen","|","|turn|24","|","|move|p1a: Klefki|Reflect|p1a: Klefki","|-sidestart|p1: swirlix13|Reflect","|move|p2a: Mamoswine|Earthquake|p1a: Klefki","|-supereffective|p1a: Klefki","|-damage|p1a: Klefki|0 fnt","|-damage|p2a: Mamoswine|181/361|[from] item: Life Orb","|faint|p1a: Klefki","|","|","|switch|p1a: Mr. Mime|Mr. Mime, F|113/221","|turn|25","|","|move|p1a: Mr. Mime|Barrier|p1a: Mr. Mime","|-boost|p1a: Mr. Mime|def|2","|move|p2a: Mamoswine|Icicle Spear|p1a: Mr. Mime","|-damage|p1a: Mr. Mime|92/221","|-damage|p1a: Mr. Mime|72/221","|-damage|p1a: Mr. Mime|51/221","|-hitcount|p1a: Mr. Mime|3","|-damage|p2a: Mamoswine|145/361|[from] item: Life Orb","|","|-heal|p1a: Mr. Mime|64/221|[from] item: Leftovers","|turn|26","|","|move|p1a: Mr. Mime|Dazzling Gleam|p2a: Mamoswine","|-damage|p2a: Mamoswine|0 fnt","|faint|p2a: Mamoswine","|","|-heal|p1a: Mr. Mime|77/221|[from] item: Leftovers","|","|switch|p2a: Weavile|Weavile, M|281/281","|-ability|p2a: Weavile|Pressure","|turn|27","|","|move|p2a: Weavile|Knock Off|p1a: Mr. Mime","|-damage|p1a: Mr. Mime|0 fnt","|-enditem|p1a: Mr. Mime|Leftovers|[from] move: Knock Off|[of] p2a: Weavile","|-damage|p2a: Weavile|253/281|[from] item: Life Orb","|faint|p1a: Mr. Mime","|","|","|switch|p1a: Azumarill|Azumarill, M|403/403","|turn|28","|","|move|p2a: Weavile|Icicle Crash|p1a: Azumarill","|-resisted|p1a: Azumarill","|-damage|p1a: Azumarill|341/403","|-damage|p2a: Weavile|225/281|[from] item: Life Orb","|move|p1a: Azumarill|Power-Up Punch|p2a: Weavile","|-supereffective|p2a: Weavile","|-damage|p2a: Weavile|0 fnt","|-boost|p1a: Azumarill|atk|1","|faint|p2a: Weavile","|","|","|switch|p2a: Abomasnow|Abomasnow-Mega, F|383/383","|-weather|Hail","|turn|29","|","|move|p1a: Azumarill|Power-Up Punch|p2a: Abomasnow","|-supereffective|p2a: Abomasnow","|-damage|p2a: Abomasnow|203/383","|-boost|p1a: Azumarill|atk|1","|move|p2a: Abomasnow|Giga Drain|p1a: Azumarill","|-supereffective|p1a: Azumarill","|-damage|p1a: Azumarill|224/403","|-heal|p2a: Abomasnow|262/383|[from] drain|[of] p1a: Azumarill","|","|-weather|Hail|[upkeep]","|-damage|p1a: Azumarill|199/403|[from] hail","|turn|30","|","|move|p1a: Azumarill|Power-Up Punch|p2a: Abomasnow","|-supereffective|p2a: Abomasnow","|-damage|p2a: Abomasnow|20/383","|-boost|p1a: Azumarill|atk|1","|move|p2a: Abomasnow|Giga Drain|p1a: Azumarill","|-supereffective|p1a: Azumarill","|-damage|p1a: Azumarill|73/403","|-heal|p2a: Abomasnow|83/383|[from] drain|[of] p1a: Azumarill","|","|-weather|Hail|[upkeep]","|-damage|p1a: Azumarill|48/403|[from] hail","|-sideend|p1: swirlix13|move: Light Screen","|turn|31","|","|move|p2a: Abomasnow|Ice Shard|p1a: Azumarill","|-resisted|p1a: Azumarill","|-damage|p1a: Azumarill|30/403","|move|p1a: Azumarill|Power-Up Punch|p2a: Abomasnow","|-supereffective|p2a: Abomasnow","|-damage|p2a: Abomasnow|0 fnt","|-boost|p1a: Azumarill|atk|1","|faint|p2a: Abomasnow","|","|-weather|Hail|[upkeep]","|-damage|p1a: Azumarill|5/403|[from] hail","|-sideend|p1: swirlix13|Reflect","|","|switch|p2a: Kyurem-Black|Kyurem-Black|391/391","|-ability|p2a: Kyurem-Black|Teravolt","|turn|32","|","|move|p1a: Azumarill|Aqua Jet|p2a: Kyurem-Black","|-resisted|p2a: Kyurem-Black","|-damage|p2a: Kyurem-Black|255/391","|move|p2a: Kyurem-Black|Iron Head|p1a: Azumarill","|-damage|p1a: Azumarill|0 fnt","|faint|p1a: Azumarill","|","|-weather|Hail|[upkeep]","|","|switch|p1a: Diancie|Diancie-Mega|220/241","|turn|33","|","|move|p2a: Kyurem-Black|Iron Head|p1a: Diancie","|-supereffective|p1a: Diancie","|-damage|p1a: Diancie|0 fnt","|faint|p1a: Diancie","|","|win|E4 IceHawk†"],"p1rating":{"entryid":"7446090","serverid":"eos","formatid":"monotype","userid":"swirlix13","username":"swirlix13","w":"1","l":2,"t":"0","gxe":45.5,"r":"1500","rd":"130","sigma":"0","rptime":"1438851600","rpr":1464.1740587401,"rprd":110.6172251105,"rpsigma":"0","acre":1026.9927594072,"lacre":1026.9927594072,"oldacre":"1041.4551086279"},"p2rating":{"entryid":"7403154","serverid":"eos","formatid":"monotype","userid":"e4icehawk","username":"E4 IceHawk†","w":3,"l":"3","t":"0","gxe":50.8,"r":"1439.9294742743","rd":"106.19293799709","sigma":"0","rptime":"1438851600","rpr":1506.1927236238,"rprd":98.574016119594,"rpsigma":"0","acre":1104.292172461,"lacre":1104.292172461,"oldacre":"1079.2192381268"},"endType":"normal"}