{"seed":[19786,58324,13536,26726],"turns":50,"p1":"Sovereign♕Cactus","p2":"Guard Wanderer","p1team":[{"name":"Azumarill","species":"Azumarill","item":"choiceband","ability":"Sap Sipper","moves":["aquajet","waterfall","knockoff","playrough"],"nature":"Adamant","evs":{"hp":248,"atk":252,"def":0,"spa":0,"spd":8,"spe":0},"ivs":{"hp":31,"atk":31,"def":31,"spa":31,"spd":31,"spe":31}},{"name":"Quagsire","species":"Quagsire","item":"leftovers","ability":"Unaware","moves":["earthquake","scald","recover","counter"],"nature":"Impish","evs":{"hp":252,"atk":4,"def":252,"spa":0,"spd":0,"spe":0},"ivs":{"hp":31,"atk":31,"def":31,"spa":31,"spd":31,"spe":31}},{"name":"Lanturn","species":"Lanturn","item":"leftovers","ability":"Volt Absorb","moves":["scald","healbell","toxic","voltswitch"],"nature":"Bold","evs":{"hp":252,"atk":0,"def":252,"spa":4,"spd":0,"spe":0},"ivs":{"hp":31,"atk":31,"def":31,"spa":31,"spd":31,"spe":31}},{"name":"Tentacruel","species":"Tentacruel","item":"blacksludge","ability":"Liquid Ooze","moves":["acidspray","scald","toxicspikes","rapidspin"],"nature":"Timid","evs":{"hp":0,"atk":0,"def":0,"spa":252,"spd":4,"spe":252},"ivs":{"hp":31,"atk":31,"def":31,"spa":31,"spd":31,"spe":31}},{"name":"Empoleon","species":"Empoleon","item":"leftovers","ability":"Torrent","moves":["defog","stealthrock","scald","flashcannon"],"nature":"Modest","evs":{"hp":252,"atk":0,"def":0,"spa":252,"spd":4,"spe":0},"ivs":{"hp":31,"atk":31,"def":31,"spa":31,"spd":31,"spe":31}},{"name":"Gyarados","species":"Gyarados","item":"gyaradosite","ability":"Intimidate","moves":["dragondance","substitute","icefang","crunch"],"nature":"Adamant","evs":{"hp":0,"atk":252,"def":0,"spa":0,"spd":4,"spe":252},"ivs":{"hp":31,"atk":31,"def":31,"spa":31,"spd":31,"spe":31}}],"p2team":[{"name":"Weezing","species":"Weezing","item":"sitrusberry","ability":"Levitate","moves":["toxicspikes","willowisp","memento","thief"],"nature":"Careful","evs":{"hp":248,"atk":8,"def":0,"spa":0,"spd":252,"spe":0},"ivs":{"hp":31,"atk":31,"def":31,"spa":31,"spd":31,"spe":31}},{"name":"Tentacruel","species":"Tentacruel","item":"assaultvest","ability":"Liquid Ooze","moves":["scald","acidspray","gigadrain","hex"],"nature":"Timid","evs":{"hp":0,"atk":0,"def":4,"spa":252,"spd":0,"spe":252},"ivs":{"hp":31,"atk":31,"def":31,"spa":31,"spd":31,"spe":31}},{"name":"Skuntank","species":"Skuntank","item":"","ability":"Stench","moves":["snatch","thief","suckerpunch","poisonjab"],"nature":"Adamant","evs":{"hp":248,"atk":252,"def":0,"spa":0,"spd":8,"spe":0},"ivs":{"hp":31,"atk":31,"def":31,"spa":31,"spd":31,"spe":31}},{"name":"Crobat","species":"Crobat","item":"whiteherb","ability":"Infiltrator","moves":["curse","acrobatics","roost","hypnosis"],"nature":"Jolly","evs":{"hp":248,"atk":8,"def":0,"spa":0,"spd":0,"spe":252},"ivs":{"hp":31,"atk":31,"def":31,"spa":31,"spd":31,"spe":31}},{"name":"Gengar","species":"Gengar","item":"choicescarf","ability":"Levitate","moves":["trick","destinybond","venoshock","hex"],"nature":"Timid","evs":{"hp":0,"atk":0,"def":0,"spa":252,"spd":4,"spe":252},"ivs":{"hp":31,"atk":31,"def":31,"spa":31,"spd":31,"spe":31}},{"name":"Amoonguss","species":"Amoonguss","item":"blacksludge","ability":"Regenerator","moves":["spore","gigadrain","gastroacid","stunspore"],"nature":"Calm","evs":{"hp":248,"atk":0,"def":0,"spa":8,"spd":252,"spe":0},"shiny":true,"ivs":{"hp":31,"atk":31,"def":31,"spa":31,"spd":31,"spe":31}}],"log":["|player|p1|Sovereign♕Cactus|251","|player|p2|Guard Wanderer|235","|gametype|singles","|gen|6","|tier|Monotype","|rated","|rule|Baton Pass Clause: Limit one Baton Passer, can't pass Spe and other stats simultaneously","|rule|Swagger Clause: Swagger is banned","|rule|Same Type Clause: Pokémon in a team must share a type","|clearpoke","|poke|p1|Azumarill, F","|poke|p1|Quagsire, F","|poke|p1|Lanturn, F","|poke|p1|Tentacruel, M","|poke|p1|Empoleon, M","|poke|p1|Gyarados, F","|poke|p2|Weezing, M","|poke|p2|Tentacruel, F","|poke|p2|Skuntank, F","|poke|p2|Crobat, F","|poke|p2|Gengar, M","|poke|p2|Amoonguss, M, shiny","|rule|Sleep Clause Mod: Limit one foe put to sleep","|rule|Species Clause: Limit one of each Pokémon","|rule|OHKO Clause: OHKO moves are banned","|rule|Moody Clause: Moody is banned","|rule|Evasion Moves Clause: Evasion moves are banned","|rule|Endless Battle Clause: Forcing endless battles is banned","|rule|HP Percentage Mod: HP is shown in percentages","|teampreview","|","|start","|switch|p1a: Empoleon|Empoleon, M|372/372","|switch|p2a: Skuntank|Skuntank, F|409/409","|turn|1","|","|switch|p2a: Weezing|Weezing, M|333/333","|move|p1a: Empoleon|Stealth Rock|p2a: Weezing","|-sidestart|p2: Guard Wanderer|move: Stealth Rock","|","|turn|2","|","|move|p1a: Empoleon|Scald|p2a: Weezing","|-damage|p2a: Weezing|197/333","|move|p2a: Weezing|Will-O-Wisp|p1a: Empoleon","|-status|p1a: Empoleon|brn","|","|-damage|p1a: Empoleon|326/372 brn|[from] brn","|turn|3","|","|switch|p2a: Tentacruel|Tentacruel, F|301/301","|-damage|p2a: Tentacruel|264/301|[from] Stealth Rock","|move|p1a: Empoleon|Scald|p2a: Tentacruel","|-resisted|p2a: Tentacruel","|-damage|p2a: Tentacruel|221/301","|","|-heal|p1a: Empoleon|349/372 brn|[from] item: Leftovers","|-damage|p1a: Empoleon|303/372 brn|[from] brn","|turn|4","|","|switch|p1a: Lanturn|Lanturn, F|454/454","|move|p2a: Tentacruel|Hex|p1a: Lanturn","|-damage|p1a: Lanturn|381/454","|","|-heal|p1a: Lanturn|409/454|[from] item: Leftovers","|turn|5","|","|move|p2a: Tentacruel|Acid Spray|p1a: Lanturn","|-damage|p1a: Lanturn|346/454","|-unboost|p1a: Lanturn|spd|2","|move|p1a: Lanturn|Heal Bell|p1a: Lanturn","|-cureteam|p1a: Lanturn|[from] move: HealBell","|","|-heal|p1a: Lanturn|374/454|[from] item: Leftovers","|turn|6","|","|switch|p1a: Tentacruel|Tentacruel, M|301/301","|move|p2a: Tentacruel|Giga Drain|p1a: Tentacruel","|-damage|p1a: Tentacruel|244/301","|-damage|p2a: Tentacruel|192/301|[from] ability: Liquid Ooze|[of] p1a: Tentacruel","|","|-heal|p1a: Tentacruel|262/301|[from] item: Black Sludge","|turn|7","|","|move|p1a: Tentacruel|Scald|p2a: Tentacruel","|-resisted|p2a: Tentacruel","|-damage|p2a: Tentacruel|160/301","|move|p2a: Tentacruel|Acid Spray|p1a: Tentacruel","|-resisted|p1a: Tentacruel","|-damage|p1a: Tentacruel|241/301","|-unboost|p1a: Tentacruel|spd|2","|","|-heal|p1a: Tentacruel|259/301|[from] item: Black Sludge","|turn|8","|","|switch|p1a: Azumarill|Azumarill, F|403/403","|move|p2a: Tentacruel|Scald|p1a: Azumarill","|-resisted|p1a: Azumarill","|-damage|p1a: Azumarill|343/403","|","|turn|9","|","|move|p2a: Tentacruel|Scald|p1a: Azumarill","|-resisted|p1a: Azumarill","|-damage|p1a: Azumarill|284/403","|move|p1a: Azumarill|Knock Off|p2a: Tentacruel","|-damage|p2a: Tentacruel|17/301","|-enditem|p2a: Tentacruel|Assault Vest|[from] move: Knock Off|[of] p1a: Azumarill","|","|turn|10","|","|switch|p1a: Empoleon|Empoleon, M|303/372","|move|p2a: Tentacruel|Scald|p1a: Empoleon","|-resisted|p1a: Empoleon","|-damage|p1a: Empoleon|251/372","|","|-heal|p1a: Empoleon|274/372|[from] item: Leftovers","|turn|11","|","|move|p2a: Tentacruel|Scald|p1a: Empoleon","|-resisted|p1a: Empoleon","|-damage|p1a: Empoleon|226/372","|-status|p1a: Empoleon|brn","|move|p1a: Empoleon|Scald|p2a: Tentacruel","|-resisted|p2a: Tentacruel","|-damage|p2a: Tentacruel|0 fnt","|faint|p2a: Tentacruel","|","|-heal|p1a: Empoleon|249/372 brn|[from] item: Leftovers","|-damage|p1a: Empoleon|203/372 brn|[from] brn","|","|switch|p2a: Skuntank|Skuntank, F|409/409","|-damage|p2a: Skuntank|358/409|[from] Stealth Rock","|turn|12","|","|switch|p1a: Lanturn|Lanturn, F|374/454","|move|p2a: Skuntank|Thief|p1a: Lanturn","|-damage|p1a: Lanturn|272/454","|-item|p2a: Skuntank|Leftovers|[from] move: Thief|[of] p1a: Lanturn","|","|-heal|p2a: Skuntank|383/409|[from] item: Leftovers","|turn|13","|","|move|p2a: Skuntank|Snatch|p2a: Skuntank","|-singleturn|p2a: Skuntank|Snatch","|move|p1a: Lanturn|Heal Bell|p1a: Lanturn","|-activate|p2a: Skuntank|Snatch|[of] p1a: Lanturn","|move|p2a: Skuntank|Heal Bell|p2a: Skuntank|[from]Snatch","|-cureteam|p2a: Skuntank|[from] move: HealBell","|","|-heal|p2a: Skuntank|408/409|[from] item: Leftovers","|turn|14","|","|move|p2a: Skuntank|Poison Jab|p1a: Lanturn","|-damage|p1a: Lanturn|136/454","|move|p1a: Lanturn|Heal Bell|p1a: Lanturn","|-cureteam|p1a: Lanturn|[from] move: HealBell","|","|-heal|p2a: Skuntank|409/409|[from] item: Leftovers","|turn|15","|","|switch|p1a: Quagsire|Quagsire, F|394/394","|move|p2a: Skuntank|Poison Jab|p1a: Quagsire","|-resisted|p1a: Quagsire","|-damage|p1a: Quagsire|341/394","|-status|p1a: Quagsire|psn","|","|-heal|p1a: Quagsire|365/394 psn|[from] item: Leftovers","|-damage|p1a: Quagsire|316/394 psn|[from] psn","|turn|16","|","|switch|p2a: Amoonguss|Amoonguss, M, shiny|431/431","|-damage|p2a: Amoonguss|378/431|[from] Stealth Rock","|move|p1a: Quagsire|Counter|p2a: Amoonguss","|-fail|p2a: Amoonguss","|","|-heal|p1a: Quagsire|340/394 psn|[from] item: Leftovers","|-heal|p2a: Amoonguss|404/431|[from] item: Black Sludge","|-damage|p1a: Quagsire|291/394 psn|[from] psn","|turn|17","|","|switch|p1a: Azumarill|Azumarill, F|284/403","|move|p2a: Amoonguss|Gastro Acid|p1a: Azumarill","|-endability|p1a: Azumarill","|","|-heal|p2a: Amoonguss|430/431|[from] item: Black Sludge","|turn|18","|","|move|p1a: Azumarill|Knock Off|p2a: Amoonguss","|-damage|p2a: Amoonguss|297/431","|-enditem|p2a: Amoonguss|Black Sludge|[from] move: Knock Off|[of] p1a: Azumarill","|move|p2a: Amoonguss|Spore|p1a: Azumarill","|-status|p1a: Azumarill|slp","|","|turn|19","|","|switch|p1a: Tentacruel|Tentacruel, M|259/301","|switch|p2a: Skuntank|Skuntank, F|409/409","|-damage|p2a: Skuntank|358/409|[from] Stealth Rock","|","|-heal|p1a: Tentacruel|277/301|[from] item: Black Sludge","|-heal|p2a: Skuntank|383/409|[from] item: Leftovers","|turn|20","|","|switch|p2a: Amoonguss|Amoonguss, M, shiny|431/431","|-damage|p2a: Amoonguss|378/431|[from] Stealth Rock","|move|p1a: Tentacruel|Scald|p2a: Amoonguss","|-resisted|p2a: Amoonguss","|-damage|p2a: Amoonguss|333/431","|-status|p2a: Amoonguss|brn","|","|-heal|p1a: Tentacruel|295/301|[from] item: Black Sludge","|-damage|p2a: Amoonguss|280/431 brn|[from] brn","|turn|21","|","|switch|p1a: Azumarill|Azumarill, F|284/403 slp","|move|p2a: Amoonguss|Stun Spore|p1a: Azumarill","|-boost|p1a: Azumarill|atk|1|[from] ability: Sap Sipper","|","|-damage|p2a: Amoonguss|227/431 brn|[from] brn","|turn|22","|","|switch|p2a: Gengar|Gengar, M|261/261","|-damage|p2a: Gengar|229/261|[from] Stealth Rock","|cant|p1a: Azumarill|slp","|","|turn|23","|","|move|p2a: Gengar|Hex|p1a: Azumarill","|-crit|p1a: Azumarill","|-damage|p1a: Azumarill|0 fnt","|faint|p1a: Azumarill","|","|","|switch|p1a: Gyarados|Gyarados, F|331/331","|-ability|p1a: Gyarados|Intimidate","|-unboost|p2a: Gengar|atk|1","|turn|24","|","|switch|p2a: Crobat|Crobat, F|373/373","|-damage|p2a: Crobat|280/373|[from] Stealth Rock","|detailschange|p1a: Gyarados|Gyarados-Mega, F","|-mega|p1a: Gyarados|Gyarados|Gyaradosite","|-ability|p1a: Gyarados|Mold Breaker","|move|p1a: Gyarados|Substitute|p1a: Gyarados","|-start|p1a: Gyarados|Substitute","|-damage|p1a: Gyarados|249/331","|","|turn|25","|","|move|p2a: Crobat|Hypnosis|p1a: Gyarados","|-status|p1a: Gyarados|slp","|cant|p1a: Gyarados|slp","|","|turn|26","|","|move|p2a: Crobat|Curse|p2a: Crobat","|-unboost|p2a: Crobat|spe|1","|-boost|p2a: Crobat|atk|1","|-boost|p2a: Crobat|def|1","|-enditem|p2a: Crobat|White Herb","|-restoreboost|p2a: Crobat|[silent]","|cant|p1a: Gyarados|slp","|","|turn|27","|","|move|p2a: Crobat|Acrobatics|p1a: Gyarados","|-damage|p1a: Gyarados|78/331 slp","|cant|p1a: Gyarados|slp","|","|turn|28","|","|move|p2a: Crobat|Acrobatics|p1a: Gyarados","|-damage|p1a: Gyarados|0 fnt","|faint|p1a: Gyarados","|","|","|switch|p1a: Empoleon|Empoleon, M|203/372","|turn|29","|","|move|p2a: Crobat|Hypnosis|p1a: Empoleon|[miss]","|-miss|p2a: Crobat|p1a: Empoleon","|move|p1a: Empoleon|Scald|p2a: Crobat","|-damage|p2a: Crobat|111/373","|","|-heal|p1a: Empoleon|226/372|[from] item: Leftovers","|turn|30","|","|switch|p1a: Quagsire|Quagsire, F|291/394 psn","|move|p2a: Crobat|Hypnosis|p1a: Quagsire","|-fail|p1a: Quagsire","|","|-heal|p1a: Quagsire|315/394 psn|[from] item: Leftovers","|-damage|p1a: Quagsire|266/394 psn|[from] psn","|turn|31","|","|move|p2a: Crobat|Roost|p2a: Crobat","|-heal|p2a: Crobat|298/373","|move|p1a: Quagsire|Scald|p2a: Crobat","|-damage|p2a: Crobat|228/373","|","|-heal|p1a: Quagsire|290/394 psn|[from] item: Leftovers","|-damage|p1a: Quagsire|241/394 psn|[from] psn","|turn|32","|","|move|p2a: Crobat|Acrobatics|p1a: Quagsire","|-damage|p1a: Quagsire|151/394 psn","|move|p1a: Quagsire|Scald|p2a: Crobat","|-damage|p2a: Crobat|159/373","|","|-heal|p1a: Quagsire|175/394 psn|[from] item: Leftovers","|-damage|p1a: Quagsire|126/394 psn|[from] psn","|turn|33","|","|move|p2a: Crobat|Acrobatics|p1a: Quagsire","|-damage|p1a: Quagsire|32/394 psn","|move|p1a: Quagsire|Recover|p1a: Quagsire","|-heal|p1a: Quagsire|229/394 psn","|","|-heal|p1a: Quagsire|253/394 psn|[from] item: Leftovers","|-damage|p1a: Quagsire|204/394 psn|[from] psn","|turn|34","|","|move|p2a: Crobat|Roost|p2a: Crobat","|-heal|p2a: Crobat|346/373","|move|p1a: Quagsire|Recover|p1a: Quagsire","|-heal|p1a: Quagsire|394/394 psn","|","|-damage|p1a: Quagsire|345/394 psn|[from] psn","|turn|35","|","|switch|p2a: Amoonguss|Amoonguss, M, shiny|370/431 brn","|-damage|p2a: Amoonguss|317/431 brn|[from] Stealth Rock","|move|p1a: Quagsire|Scald|p2a: Amoonguss","|-resisted|p2a: Amoonguss","|-damage|p2a: Amoonguss|292/431 brn","|","|-heal|p1a: Quagsire|369/394 psn|[from] item: Leftovers","|-damage|p1a: Quagsire|320/394 psn|[from] psn","|-damage|p2a: Amoonguss|239/431 brn|[from] brn","|turn|36","|","|switch|p1a: Tentacruel|Tentacruel, M|295/301","|move|p2a: Amoonguss|Gastro Acid|p1a: Tentacruel","|-endability|p1a: Tentacruel","|","|-heal|p1a: Tentacruel|301/301|[from] item: Black Sludge","|-damage|p2a: Amoonguss|186/431 brn|[from] brn","|turn|37","|","|move|p1a: Tentacruel|Acid Spray|p2a: Amoonguss","|-damage|p2a: Amoonguss|140/431 brn","|-unboost|p2a: Amoonguss|spd|2","|move|p2a: Amoonguss|Giga Drain|p1a: Tentacruel","|-damage|p1a: Tentacruel|232/301","|-heal|p2a: Amoonguss|175/431 brn|[from] drain|[of] p1a: Tentacruel","|","|-heal|p1a: Tentacruel|250/301|[from] item: Black Sludge","|-damage|p2a: Amoonguss|122/431 brn|[from] brn","|turn|38","|","|switch|p2a: Weezing|Weezing, M|197/333","|-damage|p2a: Weezing|156/333|[from] Stealth Rock","|-enditem|p2a: Weezing|Sitrus Berry|[eat]","|-heal|p2a: Weezing|239/333|[from] item: Sitrus Berry","|move|p1a: Tentacruel|Acid Spray|p2a: Weezing","|-resisted|p2a: Weezing","|-damage|p2a: Weezing|216/333","|-unboost|p2a: Weezing|spd|2","|","|-heal|p1a: Tentacruel|268/301|[from] item: Black Sludge","|turn|39","|","|move|p1a: Tentacruel|Scald|p2a: Weezing","|-damage|p2a: Weezing|44/333","|move|p2a: Weezing|Thief|p1a: Tentacruel","|-damage|p1a: Tentacruel|207/301","|-item|p2a: Weezing|Black Sludge|[from] move: Thief|[of] p1a: Tentacruel","|","|-heal|p2a: Weezing|64/333|[from] item: Black Sludge","|turn|40","|","|switch|p2a: Amoonguss|Amoonguss, M, shiny|265/431 brn","|-damage|p2a: Amoonguss|212/431 brn|[from] Stealth Rock","|move|p1a: Tentacruel|Scald|p2a: Amoonguss","|-resisted|p2a: Amoonguss","|-damage|p2a: Amoonguss|167/431 brn","|","|-damage|p2a: Amoonguss|114/431 brn|[from] brn","|turn|41","|","|move|p1a: Tentacruel|Scald|p2a: Amoonguss","|-resisted|p2a: Amoonguss","|-damage|p2a: Amoonguss|72/431 brn","|move|p2a: Amoonguss|Stun Spore|p1a: Tentacruel|[miss]","|-miss|p2a: Amoonguss|p1a: Tentacruel","|","|-damage|p2a: Amoonguss|19/431 brn|[from] brn","|turn|42","|","|switch|p2a: Weezing|Weezing, M|64/333","|-damage|p2a: Weezing|23/333|[from] Stealth Rock","|move|p1a: Tentacruel|Scald|p2a: Weezing","|-damage|p2a: Weezing|0 fnt","|faint|p2a: Weezing","|","|","|switch|p2a: Amoonguss|Amoonguss, M, shiny|162/431 brn","|-damage|p2a: Amoonguss|109/431 brn|[from] Stealth Rock","|turn|43","|","|switch|p2a: Crobat|Crobat, F|346/373","|-damage|p2a: Crobat|253/373|[from] Stealth Rock","|move|p1a: Tentacruel|Acid Spray|p2a: Crobat","|-resisted|p2a: Crobat","|-damage|p2a: Crobat|223/373","|-unboost|p2a: Crobat|spd|2","|","|turn|44","|","|move|p2a: Crobat|Acrobatics|p1a: Tentacruel","|-damage|p1a: Tentacruel|29/301","|move|p1a: Tentacruel|Scald|p2a: Crobat","|-crit|p2a: Crobat","|-damage|p2a: Crobat|0 fnt","|faint|p2a: Crobat","|","|","|switch|p2a: Skuntank|Skuntank, F|383/409","|-damage|p2a: Skuntank|332/409|[from] Stealth Rock","|turn|45","|","|move|p2a: Skuntank|Sucker Punch|p1a: Tentacruel","|-crit|p1a: Tentacruel","|-damage|p1a: Tentacruel|0 fnt","|faint|p1a: Tentacruel","|","|-heal|p2a: Skuntank|357/409|[from] item: Leftovers","|","|switch|p1a: Lanturn|Lanturn, F|136/454","|turn|46","|","|move|p2a: Skuntank|Poison Jab|p1a: Lanturn","|-damage|p1a: Lanturn|9/454","|move|p1a: Lanturn|Scald|p2a: Skuntank","|-damage|p2a: Skuntank|239/409","|","|-heal|p2a: Skuntank|264/409|[from] item: Leftovers","|turn|47","|","|move|p2a: Skuntank|Poison Jab|p1a: Lanturn","|-damage|p1a: Lanturn|0 fnt","|faint|p1a: Lanturn","|","|-heal|p2a: Skuntank|289/409|[from] item: Leftovers","|","|switch|p1a: Empoleon|Empoleon, M|226/372","|turn|48","|","|move|p2a: Skuntank|Sucker Punch|p1a: Empoleon","|-crit|p1a: Empoleon","|-damage|p1a: Empoleon|24/372","|move|p1a: Empoleon|Scald|p2a: Skuntank","|-damage|p2a: Skuntank|0 fnt","|faint|p2a: Skuntank","|","|-heal|p1a: Empoleon|47/372|[from] item: Leftovers","|","|switch|p2a: Gengar|Gengar, M|229/261","|-damage|p2a: Gengar|197/261|[from] Stealth Rock","|turn|49","|","|switch|p1a: Quagsire|Quagsire, F|320/394 psn","|move|p2a: Gengar|Hex|p1a: Quagsire","|-damage|p1a: Quagsire|0 fnt","|faint|p1a: Quagsire","|","|","|switch|p1a: Empoleon|Empoleon, M|47/372","|turn|50","|","|move|p2a: Gengar|Hex|p1a: Empoleon","|-damage|p1a: Empoleon|0 fnt","|faint|p1a: Empoleon","|","|win|Guard Wanderer"],"p1rating":{"entryid":"6867552","serverid":"eos","formatid":"monotype","userid":"sovereigncactus","username":"Sovereign♕Cactus","w":"95","l":111,"t":"0","gxe":45.9,"r":"1471.7151973843","rd":"26.087880144434","sigma":"0","rptime":"1438851600","rpr":1468.8435403371,"rprd":25.521234165455,"rpsigma":"0","acre":1088.563466475,"lacre":1088.563466475,"oldacre":"1112.6023178268"},"p2rating":{"entryid":"6731189","serverid":"eos","formatid":"monotype","userid":"guardwanderer","username":"Guard Wanderer","w":86,"l":"121","t":"0","gxe":40.3,"r":"1422.2201748306","rd":"28.556455732561","sigma":"0","rptime":"1438851600","rpr":1426.2040471307,"rprd":28.304038051595,"rpsigma":"0","acre":1150.0052459495,"lacre":1150.0052459495,"oldacre":"1125.9663945977"},"endType":"normal"}