{"seed":[38049,2346,18523,43529],"turns":37,"p1":"Guard Choppah","p2":"Topaz~Pikel","p1team":[{"name":"Altaria","species":"Altaria","item":"altarianite","ability":"Natural Cure","moves":["dragondance","earthquake","return","roost"],"nature":"Adamant","evs":{"hp":0,"atk":252,"def":0,"spa":0,"spd":4,"spe":252},"ivs":{"hp":31,"atk":31,"def":31,"spa":31,"spd":31,"spe":31}},{"name":"Dragonite","species":"Dragonite","item":"choiceband","ability":"Multiscale","moves":["extremespeed","earthquake","outrage","firepunch"],"nature":"Adamant","evs":{"hp":0,"atk":252,"def":0,"spa":0,"spd":4,"spe":252},"ivs":{"hp":31,"atk":31,"def":31,"spa":31,"spd":31,"spe":31}},{"name":"Garchomp","species":"Garchomp","item":"rockyhelmet","ability":"Rough Skin","moves":["earthquake","outrage","fireblast","stealthrock"],"nature":"Lax","evs":{"hp":252,"atk":4,"def":252,"spa":0,"spd":0,"spe":0},"ivs":{"hp":31,"atk":31,"def":31,"spa":31,"spd":31,"spe":31}},{"name":"Kyurem-Black","species":"Kyurem-Black","item":"leftovers","ability":"Teravolt","moves":["outrage","fusionbolt","substitute","ironhead"],"nature":"Adamant","evs":{"hp":252,"atk":252,"def":0,"spa":0,"spd":4,"spe":0},"ivs":{"hp":31,"atk":31,"def":31,"spa":31,"spd":31,"spe":31}},{"name":"Latios","species":"Latios","item":"choicescarf","ability":"Levitate","moves":["dracometeor","energyball","psyshock","dragonpulse"],"nature":"Modest","evs":{"hp":0,"atk":0,"def":0,"spa":252,"spd":4,"spe":252},"ivs":{"hp":31,"atk":31,"def":31,"spa":31,"spd":31,"spe":31}},{"name":"Latias","species":"Latias","item":"choicescarf","ability":"Levitate","moves":["thunderbolt","dragonpulse","psyshock","healingwish"],"nature":"Modest","evs":{"hp":0,"atk":0,"def":0,"spa":252,"spd":4,"spe":252},"ivs":{"hp":31,"atk":31,"def":31,"spa":31,"spd":31,"spe":31}}],"p2team":[{"name":"BR34ST L3GZ","species":"medicham","item":"medichamite","ability":"Pure Power","moves":["highjumpkick","zenheadbutt","icepunch","fakeout"],"nature":"Jolly","evs":{"hp":0,"atk":252,"def":0,"spa":0,"spd":4,"spe":252},"ivs":{"hp":31,"atk":31,"def":31,"spa":31,"spd":31,"spe":31}},{"name":"BarsForEons","species":"latios","item":"lifeorb","ability":"Levitate","moves":["defog","dracometeor","psyshock","hiddenpowerfire"],"nature":"Timid","evs":{"hp":0,"atk":0,"def":0,"spa":252,"spd":4,"spe":252},"ivs":{"hp":31,"atk":30,"def":31,"spa":30,"spd":31,"spe":30}},{"name":"Zarel","species":"meloetta","item":"choicespecs","ability":"Serene Grace","moves":["shadowball","thunderbolt","hypervoice","psychic"],"nature":"Timid","evs":{"hp":0,"atk":0,"def":4,"spa":252,"spd":0,"spe":252},"ivs":{"hp":31,"atk":31,"def":31,"spa":31,"spd":31,"spe":31}},{"name":"Wish Maker","species":"jirachi","item":"leftovers","ability":"Serene Grace","moves":["stealthrock","wish","thunderwave","ironhead"],"nature":"Careful","evs":{"hp":252,"atk":0,"def":4,"spa":0,"spd":252,"spe":0},"ivs":{"hp":31,"atk":31,"def":31,"spa":31,"spd":31,"spe":31}},{"name":"V1C70RY","species":"victini","item":"choicescarf","ability":"Victory Star","moves":["boltstrike","zenheadbutt","uturn","vcreate"],"nature":"Jolly","evs":{"hp":0,"atk":252,"def":0,"spa":0,"spd":4,"spe":252},"ivs":{"hp":31,"atk":31,"def":31,"spa":31,"spd":31,"spe":31}},{"name":"Internet Explorer","species":"slowbro","item":"rockyhelmet","ability":"Regenerator","moves":["scald","slackoff","thunderwave","fireblast"],"nature":"Bold","evs":{"hp":248,"atk":0,"def":252,"spa":8,"spd":0,"spe":0},"ivs":{"hp":31,"atk":31,"def":31,"spa":31,"spd":31,"spe":31}}],"log":["|player|p1|Guard Choppah|146","|player|p2|Topaz~Pikel|164","|gametype|singles","|gen|6","|tier|Monotype","|rated","|rule|Baton Pass Clause: Limit one Baton Passer, can't pass Spe and other stats simultaneously","|rule|Swagger Clause: Swagger is banned","|rule|Same Type Clause: Pokémon in a team must share a type","|clearpoke","|poke|p1|Altaria, M","|poke|p1|Dragonite, F","|poke|p1|Garchomp, M","|poke|p1|Kyurem-Black","|poke|p1|Latios, M","|poke|p1|Latias, F","|poke|p2|Medicham, M","|poke|p2|Latios, M","|poke|p2|Meloetta","|poke|p2|Jirachi","|poke|p2|Victini","|poke|p2|Slowbro, F","|rule|Sleep Clause Mod: Limit one foe put to sleep","|rule|Species Clause: Limit one of each Pokémon","|rule|OHKO Clause: OHKO moves are banned","|rule|Moody Clause: Moody is banned","|rule|Evasion Moves Clause: Evasion moves are banned","|rule|Endless Battle Clause: Forcing endless battles is banned","|rule|HP Percentage Mod: HP is shown in percentages","|teampreview","|","|start","|switch|p1a: Latios|Latios, M|301/301","|switch|p2a: BR34ST L3GZ|Medicham, M|261/261","|turn|1","|","|switch|p1a: Garchomp|Garchomp, M|420/420","|detailschange|p2a: BR34ST L3GZ|Medicham-Mega, M","|-mega|p2a: BR34ST L3GZ|Medicham|Medichamite","|move|p2a: BR34ST L3GZ|Fake Out|p1a: Garchomp","|-crit|p1a: Garchomp","|-damage|p1a: Garchomp|323/420","|-damage|p2a: BR34ST L3GZ|229/261|[from] ability: Rough Skin|[of] p1a: Garchomp","|-damage|p2a: BR34ST L3GZ|186/261|[from] item: Rocky Helmet|[of] p1a: Garchomp","|","|turn|2","|","|move|p2a: BR34ST L3GZ|Ice Punch|p1a: Garchomp","|-supereffective|p1a: Garchomp","|-damage|p1a: Garchomp|0 fnt","|-damage|p2a: BR34ST L3GZ|154/261|[from] ability: Rough Skin|[of] p1a: Garchomp","|-damage|p2a: BR34ST L3GZ|111/261|[from] item: Rocky Helmet|[of] p1a: Garchomp","|faint|p1a: Garchomp","|","|","|switch|p1a: Latios|Latios, M|301/301","|turn|3","|","|switch|p2a: Wish Maker|Jirachi|404/404","|move|p1a: Latios|Draco Meteor|p2a: Wish Maker","|-resisted|p2a: Wish Maker","|-damage|p2a: Wish Maker|316/404","|-unboost|p1a: Latios|spa|2","|","|-heal|p2a: Wish Maker|341/404|[from] item: Leftovers","|turn|4","|","|switch|p1a: Altaria|Altaria, M|291/291","|move|p2a: Wish Maker|Thunder Wave|p1a: Altaria","|-status|p1a: Altaria|par","|","|-heal|p2a: Wish Maker|366/404|[from] item: Leftovers","|turn|5","|","|move|p2a: Wish Maker|Iron Head|p1a: Altaria","|-damage|p1a: Altaria|189/291 par","|cant|p1a: Altaria|flinch","|","|-heal|p2a: Wish Maker|391/404|[from] item: Leftovers","|turn|6","|","|switch|p1a: Dragonite|Dragonite, F|323/323","|move|p2a: Wish Maker|Iron Head|p1a: Dragonite","|-damage|p1a: Dragonite|275/323","|","|-heal|p2a: Wish Maker|404/404|[from] item: Leftovers","|turn|7","|","|move|p1a: Dragonite|Earthquake|p2a: Wish Maker","|-supereffective|p2a: Wish Maker","|-damage|p2a: Wish Maker|8/404","|move|p2a: Wish Maker|Thunder Wave|p1a: Dragonite","|-status|p1a: Dragonite|par","|","|-heal|p2a: Wish Maker|33/404|[from] item: Leftovers","|turn|8","|","|switch|p2a: BarsForEons|Latios, M|301/301","|cant|p1a: Dragonite|par","|","|turn|9","|","|switch|p1a: Kyurem-Black|Kyurem-Black|454/454","|-ability|p1a: Kyurem-Black|Teravolt","|move|p2a: BarsForEons|Draco Meteor|p1a: Kyurem-Black","|-supereffective|p1a: Kyurem-Black","|-damage|p1a: Kyurem-Black|0 fnt","|-unboost|p2a: BarsForEons|spa|2","|-damage|p2a: BarsForEons|271/301|[from] item: Life Orb","|faint|p1a: Kyurem-Black","|","|","|switch|p1a: Altaria|Altaria, M|189/291","|turn|10","|","|switch|p2a: Internet Explorer|Slowbro, F|393/393","|detailschange|p1a: Altaria|Altaria-Mega, M","|-mega|p1a: Altaria|Altaria|Altarianite","|move|p1a: Altaria|Dragon Dance|p1a: Altaria","|-boost|p1a: Altaria|atk|1","|-boost|p1a: Altaria|spe|1","|","|turn|11","|","|move|p1a: Altaria|Return|p2a: Internet Explorer","|-damage|p2a: Internet Explorer|173/393","|-damage|p1a: Altaria|141/291|[from] item: Rocky Helmet|[of] p2a: Internet Explorer","|move|p2a: Internet Explorer|Thunder Wave|p1a: Altaria","|-status|p1a: Altaria|par","|","|turn|12","|","|switch|p2a: Wish Maker|Jirachi|33/404","|move|p1a: Altaria|Roost|p1a: Altaria","|-heal|p1a: Altaria|287/291 par","|","|-heal|p2a: Wish Maker|58/404|[from] item: Leftovers","|turn|13","|","|switch|p1a: Latias|Latias, F|301/301","|move|p2a: Wish Maker|Iron Head|p1a: Latias","|-damage|p1a: Latias|190/301","|","|-heal|p2a: Wish Maker|83/404|[from] item: Leftovers","|turn|14","|","|move|p1a: Latias|Thunderbolt|p2a: Wish Maker","|-damage|p2a: Wish Maker|9/404","|move|p2a: Wish Maker|Wish|p2a: Wish Maker","|","|-heal|p2a: Wish Maker|34/404|[from] item: Leftovers","|turn|15","|","|switch|p1a: Dragonite|Dragonite, F|275/323 par","|switch|p2a: V1C70RY|Victini|341/341","|","|turn|16","|","|move|p1a: Dragonite|Extreme Speed|p2a: V1C70RY","|-damage|p2a: V1C70RY|174/341","|move|p2a: V1C70RY|U-turn|p1a: Dragonite","|-resisted|p1a: Dragonite","|-damage|p1a: Dragonite|240/323 par","|","|switch|p2a: BR34ST L3GZ|Medicham-Mega, M|111/261","|","|turn|17","|","|move|p2a: BR34ST L3GZ|Fake Out|p1a: Dragonite","|-damage|p1a: Dragonite|155/323 par","|cant|p1a: Dragonite|flinch","|","|turn|18","|","|move|p1a: Dragonite|Extreme Speed|p2a: BR34ST L3GZ","|-damage|p2a: BR34ST L3GZ|0 fnt","|faint|p2a: BR34ST L3GZ","|","|","|switch|p2a: Internet Explorer|Slowbro, F|304/393","|turn|19","|","|switch|p1a: Altaria|Altaria-Mega, M|287/291 par","|move|p2a: Internet Explorer|Slack Off|p2a: Internet Explorer","|-heal|p2a: Internet Explorer|393/393","|","|turn|20","|","|switch|p2a: Zarel|Meloetta|341/341","|move|p1a: Altaria|Dragon Dance|p1a: Altaria","|-boost|p1a: Altaria|atk|1","|-boost|p1a: Altaria|spe|1","|","|turn|21","|","|move|p2a: Zarel|Hyper Voice|p1a: Altaria","|-damage|p1a: Altaria|47/291 par","|move|p1a: Altaria|Return|p2a: Zarel","|-damage|p2a: Zarel|0 fnt","|faint|p2a: Zarel","|","|","|switch|p2a: Wish Maker|Jirachi|34/404","|turn|22","|","|move|p2a: Wish Maker|Iron Head|p1a: Altaria","|-supereffective|p1a: Altaria","|-damage|p1a: Altaria|0 fnt","|faint|p1a: Altaria","|","|-heal|p2a: Wish Maker|59/404|[from] item: Leftovers","|","|switch|p1a: Latios|Latios, M|301/301","|turn|23","|","|move|p1a: Latios|Draco Meteor|p2a: Wish Maker","|-resisted|p2a: Wish Maker","|-damage|p2a: Wish Maker|0 fnt","|-unboost|p1a: Latios|spa|2","|faint|p2a: Wish Maker","|","|","|switch|p2a: BarsForEons|Latios, M|271/301","|turn|24","|","|switch|p2a: Internet Explorer|Slowbro, F|393/393","|move|p1a: Latios|Draco Meteor|p2a: Internet Explorer|[miss]","|-miss|p1a: Latios|p2a: Internet Explorer","|","|turn|25","|","|switch|p1a: Dragonite|Dragonite, F|155/323 par","|move|p2a: Internet Explorer|Scald|p1a: Dragonite","|-resisted|p1a: Dragonite","|-damage|p1a: Dragonite|110/323 par","|","|turn|26","|","|move|p2a: Internet Explorer|Slack Off|p2a: Internet Explorer","|-fail|p2a: Internet Explorer","|move|p1a: Dragonite|Outrage|p2a: Internet Explorer","|-damage|p2a: Internet Explorer|152/393","|-damage|p1a: Dragonite|57/323 par|[from] item: Rocky Helmet|[of] p2a: Internet Explorer","|","|turn|27","|","|move|p2a: Internet Explorer|Slack Off|p2a: Internet Explorer","|-heal|p2a: Internet Explorer|349/393","|move|p1a: Dragonite|Outrage|p2a: Internet Explorer|[from]lockedmove","|-damage|p2a: Internet Explorer|100/393","|-damage|p1a: Dragonite|4/323 par|[from] item: Rocky Helmet|[of] p2a: Internet Explorer","|-start|p1a: Dragonite|confusion|[fatigue]","|","|turn|28","|","|switch|p1a: Latias|Latias, F|190/301","|move|p2a: Internet Explorer|Slack Off|p2a: Internet Explorer","|-heal|p2a: Internet Explorer|297/393","|","|turn|29","|","|switch|p2a: V1C70RY|Victini|174/341","|move|p1a: Latias|Thunderbolt|p2a: V1C70RY","|-damage|p2a: V1C70RY|73/341","|-status|p2a: V1C70RY|par","|","|turn|30","|","|move|p1a: Latias|Thunderbolt|p2a: V1C70RY","|-damage|p2a: V1C70RY|0 fnt","|faint|p2a: V1C70RY","|","|","|switch|p2a: BarsForEons|Latios, M|271/301","|turn|31","|","|switch|p1a: Dragonite|Dragonite, F|4/323 par","|move|p2a: BarsForEons|Psyshock|p1a: Dragonite","|-damage|p1a: Dragonite|0 fnt","|-damage|p2a: BarsForEons|241/301|[from] item: Life Orb","|faint|p1a: Dragonite","|","|","|switch|p1a: Latios|Latios, M|301/301","|turn|32","|","|switch|p2a: Internet Explorer|Slowbro, F|393/393","|move|p1a: Latios|Draco Meteor|p2a: Internet Explorer","|-damage|p2a: Internet Explorer|69/393","|-unboost|p1a: Latios|spa|2","|","|turn|33","|","|switch|p2a: BarsForEons|Latios, M|241/301","|move|p1a: Latios|Draco Meteor|p2a: BarsForEons|[miss]","|-miss|p1a: Latios|p2a: BarsForEons","|","|turn|34","|","|move|p1a: Latios|Draco Meteor|p2a: BarsForEons|[miss]","|-miss|p1a: Latios|p2a: BarsForEons","|move|p2a: BarsForEons|Draco Meteor|p1a: Latios","|-crit|p1a: Latios","|-supereffective|p1a: Latios","|-damage|p1a: Latios|0 fnt","|-unboost|p2a: BarsForEons|spa|2","|-damage|p2a: BarsForEons|211/301|[from] item: Life Orb","|faint|p1a: Latios","|","|","|switch|p1a: Latias|Latias, F|190/301","|turn|35","|","|switch|p2a: Internet Explorer|Slowbro, F|200/393","|move|p1a: Latias|Dragon Pulse|p2a: Internet Explorer","|-damage|p2a: Internet Explorer|32/393","|","|turn|36","|","|move|p1a: Latias|Dragon Pulse|p2a: Internet Explorer","|-damage|p2a: Internet Explorer|0 fnt","|faint|p2a: Internet Explorer","|","|","|switch|p2a: BarsForEons|Latios, M|211/301","|turn|37","|","|move|p1a: Latias|Dragon Pulse|p2a: BarsForEons","|-supereffective|p2a: BarsForEons","|-damage|p2a: BarsForEons|0 fnt","|faint|p2a: BarsForEons","|","|win|Guard Choppah"],"p1rating":{"entryid":"7425426","serverid":"eos","formatid":"monotype","userid":"guardchoppah","username":"Guard Choppah","w":14,"l":"4","t":"0","gxe":71.2,"r":"1640.6322842533","rd":"77.571937370979","sigma":"0","rptime":"1438851600","rpr":1673.6972571615,"rprd":73.271357492881,"rpsigma":"0","acre":1253.8223930288,"lacre":1253.8223930288,"oldacre":"1228.4208591901"},"p2rating":{"entryid":"7419563","serverid":"eos","formatid":"monotype","userid":"topazpikel","username":"Topaz~Pikel","w":"13","l":4,"t":"0","gxe":68.8,"r":"1668.6928763659","rd":"75.621277816465","sigma":"0","rptime":"1438851600","rpr":1652.1923965924,"rprd":73.996642178575,"rpsigma":"0","acre":1208.6000910434,"lacre":1208.6000910434,"oldacre":"1234.0016248821"},"endType":"normal"}