{"seed":[991,38417,38021,21308],"turns":25,"p1":"JusAnAlt","p2":"Twizz","p1team":[{"name":"Politoed","species":"Politoed","item":"ejectbutton","ability":"Drizzle","moves":["surf","icebeam","perishsong","toxic"],"nature":"Calm","evs":{"hp":248,"atk":0,"def":0,"spa":8,"spd":252,"spe":0},"ivs":{"hp":31,"atk":0,"def":31,"spa":31,"spd":31,"spe":31}},{"name":"Ludicolo","species":"Ludicolo","item":"lifeorb","ability":"Swift Swim","moves":["icebeam","surf","gigadrain","raindance"],"nature":"Modest","evs":{"hp":0,"atk":0,"def":0,"spa":252,"spd":4,"spe":252},"ivs":{"hp":31,"atk":31,"def":31,"spa":31,"spd":31,"spe":31}},{"name":"Swampert","species":"Swampert","item":"swampertite","ability":"Torrent","moves":["icepunch","earthquake","waterfall","raindance"],"nature":"Adamant","evs":{"hp":0,"atk":252,"def":0,"spa":0,"spd":4,"spe":252},"ivs":{"hp":31,"atk":31,"def":31,"spa":31,"spd":31,"spe":31}},{"name":"Kingdra","species":"Kingdra","item":"choicespecs","ability":"Swift Swim","moves":["surf","dragonpulse","icebeam","flashcannon"],"nature":"Modest","evs":{"hp":0,"atk":0,"def":0,"spa":252,"spd":4,"spe":252},"ivs":{"hp":31,"atk":31,"def":31,"spa":31,"spd":31,"spe":31}},{"name":"Azumarill","species":"Azumarill","item":"choiceband","ability":"Sap Sipper","moves":["playrough","aquajet","knockoff","waterfall"],"nature":"Adamant","evs":{"hp":248,"atk":252,"def":0,"spa":0,"spd":8,"spe":0},"ivs":{"hp":31,"atk":31,"def":31,"spa":31,"spd":31,"spe":31}},{"name":"Tentacruel","species":"Tentacruel","item":"blacksludge","ability":"Liquid Ooze","moves":["acidspray","scald","rapidspin","raindance"],"nature":"Bold","evs":{"hp":248,"atk":0,"def":252,"spa":8,"spd":0,"spe":0},"ivs":{"hp":31,"atk":0,"def":31,"spa":31,"spd":31,"spe":31}}],"p2team":[{"name":"Magnezone","species":"Magnezone","item":"leftovers","ability":"Sturdy","moves":["flashcannon","thunderbolt","protect","hiddenpowerice"],"nature":"Modest","evs":{"hp":76,"atk":0,"def":180,"spa":252,"spd":0,"spe":0},"ivs":{"hp":31,"atk":30,"def":30,"spa":31,"spd":31,"spe":31}},{"name":"Zapdos","species":"Zapdos","item":"leftovers","ability":"Pressure","moves":["discharge","heatwave","toxic","roost"],"nature":"Bold","evs":{"hp":4,"atk":0,"def":252,"spa":0,"spd":252,"spe":0},"ivs":{"hp":31,"atk":31,"def":31,"spa":31,"spd":31,"spe":31}},{"name":"Ampharos","species":"Ampharos","item":"ampharosite","ability":"Static","moves":["cottonguard","rest","sleeptalk","dragonpulse"],"nature":"Bold","evs":{"hp":0,"atk":0,"def":252,"spa":136,"spd":120,"spe":0},"ivs":{"hp":31,"atk":31,"def":31,"spa":31,"spd":31,"spe":31}},{"name":"Raikou","species":"Raikou","item":"leftovers","ability":"Pressure","moves":["calmmind","substitute","thunderbolt","extrasensory"],"nature":"Timid","evs":{"hp":0,"atk":0,"def":0,"spa":252,"spd":4,"spe":252},"ivs":{"hp":31,"atk":31,"def":31,"spa":31,"spd":31,"spe":31}},{"name":"Rotom-Wash","species":"Rotom-Wash","item":"choicescarf","ability":"Levitate","moves":["voltswitch","hydropump","willowisp","trick"],"nature":"Timid","evs":{"hp":0,"atk":0,"def":0,"spa":252,"spd":4,"spe":252},"ivs":{"hp":31,"atk":31,"def":31,"spa":31,"spd":31,"spe":31}},{"name":"Condom","species":"eelektross","item":"assaultvest","ability":"Levitate","moves":["gigadrain","thunderbolt","drainpunch","knockoff"],"nature":"Quiet","evs":{"hp":3,"atk":136,"def":0,"spa":108,"spd":252,"spe":0},"ivs":{"hp":31,"atk":31,"def":31,"spa":31,"spd":31,"spe":31}}],"log":["|player|p1|JusAnAlt|99","|player|p2|Twizz|122","|gametype|singles","|gen|6","|tier|Monotype","|rated","|rule|Baton Pass Clause: Limit one Baton Passer, can't pass Spe and other stats simultaneously","|rule|Swagger Clause: Swagger is banned","|rule|Same Type Clause: Pokémon in a team must share a type","|clearpoke","|poke|p1|Politoed, M","|poke|p1|Ludicolo, M","|poke|p1|Swampert, M","|poke|p1|Kingdra, M","|poke|p1|Azumarill, M","|poke|p1|Tentacruel, M","|poke|p2|Magnezone","|poke|p2|Zapdos","|poke|p2|Ampharos, F","|poke|p2|Raikou","|poke|p2|Rotom-Wash","|poke|p2|Eelektross, F","|rule|Sleep Clause Mod: Limit one foe put to sleep","|rule|Species Clause: Limit one of each Pokémon","|rule|OHKO Clause: OHKO moves are banned","|rule|Moody Clause: Moody is banned","|rule|Evasion Moves Clause: Evasion moves are banned","|rule|Endless Battle Clause: Forcing endless battles is banned","|rule|HP Percentage Mod: HP is shown in percentages","|teampreview","|","|start","|switch|p1a: Politoed|Politoed, M|383/383","|switch|p2a: Rotom-Wash|Rotom-Wash|241/241","|-weather|RainDance","|turn|1","|","|switch|p1a: Ludicolo|Ludicolo, M|301/301","|move|p2a: Rotom-Wash|Will-O-Wisp|p1a: Ludicolo","|-status|p1a: Ludicolo|brn","|","|-weather|RainDance|[upkeep]","|-damage|p1a: Ludicolo|264/301 brn|[from] brn","|turn|2","|","|switch|p2a: Condom|Eelektross, F|311/311","|move|p1a: Ludicolo|Giga Drain|p2a: Condom","|-damage|p2a: Condom|216/311","|-heal|p1a: Ludicolo|301/301 brn|[from] drain|[of] p2a: Condom","|-damage|p1a: Ludicolo|271/301 brn|[from] item: Life Orb","|","|-weather|RainDance|[upkeep]","|-damage|p1a: Ludicolo|234/301 brn|[from] brn","|turn|3","|","|switch|p1a: Swampert|Swampert, M|341/341","|move|p2a: Condom|Knock Off|p1a: Swampert","|-damage|p1a: Swampert|271/341","|","|-weather|RainDance|[upkeep]","|turn|4","|","|detailschange|p1a: Swampert|Swampert-Mega, M","|-mega|p1a: Swampert|Swampert|Swampertite","|move|p1a: Swampert|Waterfall|p2a: Condom","|-damage|p2a: Condom|0 fnt","|faint|p2a: Condom","|","|-weather|RainDance|[upkeep]","|","|switch|p2a: Rotom-Wash|Rotom-Wash|241/241","|turn|5","|","|switch|p1a: Ludicolo|Ludicolo, M|234/301 brn","|move|p2a: Rotom-Wash|Will-O-Wisp|p1a: Ludicolo","|-fail|p1a: Ludicolo|brn","|","|-weather|none","|-damage|p1a: Ludicolo|197/301 brn|[from] brn","|turn|6","|","|switch|p2a: Magnezone|Magnezone|300/300","|move|p1a: Ludicolo|Rain Dance|p1a: Ludicolo","|-weather|RainDance","|","|-weather|RainDance|[upkeep]","|-damage|p1a: Ludicolo|160/301 brn|[from] brn","|turn|7","|","|move|p2a: Magnezone|Protect|p2a: Magnezone","|-singleturn|p2a: Magnezone|Protect","|move|p1a: Ludicolo|Surf|p2a: Magnezone","|-activate|p2a: Magnezone|Protect","|","|-weather|RainDance|[upkeep]","|-damage|p1a: Ludicolo|123/301 brn|[from] brn","|turn|8","|","|move|p1a: Ludicolo|Surf|p2a: Magnezone","|-ability|p2a: Magnezone|Sturdy","|-damage|p2a: Magnezone|1/300","|-damage|p1a: Ludicolo|93/301 brn|[from] item: Life Orb","|move|p2a: Magnezone|Thunderbolt|p1a: Ludicolo","|-damage|p1a: Ludicolo|0 fnt","|faint|p1a: Ludicolo","|","|-weather|RainDance|[upkeep]","|-heal|p2a: Magnezone|19/300|[from] item: Leftovers","|","|switch|p1a: Swampert|Swampert-Mega, M|271/341","|turn|9","|","|move|p2a: Magnezone|Protect|p2a: Magnezone","|-singleturn|p2a: Magnezone|Protect","|move|p1a: Swampert|Waterfall|p2a: Magnezone","|-activate|p2a: Magnezone|Protect","|","|-weather|RainDance|[upkeep]","|-heal|p2a: Magnezone|37/300|[from] item: Leftovers","|turn|10","|","|move|p1a: Swampert|Waterfall|p2a: Magnezone","|-damage|p2a: Magnezone|0 fnt","|faint|p2a: Magnezone","|","|-weather|none","|","|switch|p2a: Rotom-Wash|Rotom-Wash|241/241","|turn|11","|","|switch|p1a: Politoed|Politoed, M|383/383","|-weather|RainDance","|move|p2a: Rotom-Wash|Volt Switch|p1a: Politoed","|-supereffective|p1a: Politoed","|-damage|p1a: Politoed|233/383","|-enditem|p1a: Politoed|Eject Button","|","|switch|p1a: Swampert|Swampert-Mega, M|271/341","|","|-weather|RainDance|[upkeep]","|turn|12","|","|switch|p2a: Zapdos|Zapdos|322/322","|-ability|p2a: Zapdos|Pressure","|move|p1a: Swampert|Waterfall|p2a: Zapdos","|-damage|p2a: Zapdos|117/322","|","|-weather|RainDance|[upkeep]","|-heal|p2a: Zapdos|137/322|[from] item: Leftovers","|turn|13","|","|move|p1a: Swampert|Waterfall|p2a: Zapdos","|-damage|p2a: Zapdos|0 fnt","|faint|p2a: Zapdos","|","|-weather|RainDance|[upkeep]","|","|switch|p2a: Rotom-Wash|Rotom-Wash|241/241","|turn|14","|","|switch|p1a: Kingdra|Kingdra, M|291/291","|move|p2a: Rotom-Wash|Will-O-Wisp|p1a: Kingdra","|-status|p1a: Kingdra|brn","|","|-weather|RainDance|[upkeep]","|-damage|p1a: Kingdra|255/291 brn|[from] brn","|turn|15","|","|switch|p2a: Ampharos|Ampharos, F|321/321","|move|p1a: Kingdra|Dragon Pulse|p2a: Ampharos","|-damage|p2a: Ampharos|144/321","|","|-weather|none","|-damage|p1a: Kingdra|219/291 brn|[from] brn","|turn|16","|","|move|p1a: Kingdra|Dragon Pulse|p2a: Ampharos","|-damage|p2a: Ampharos|0 fnt","|faint|p2a: Ampharos","|","|-damage|p1a: Kingdra|183/291 brn|[from] brn","|","|switch|p2a: Raikou|Raikou|321/321","|-ability|p2a: Raikou|Pressure","|turn|17","|","|move|p2a: Raikou|Calm Mind|p2a: Raikou","|-boost|p2a: Raikou|spa|1","|-boost|p2a: Raikou|spd|1","|move|p1a: Kingdra|Dragon Pulse|p2a: Raikou","|-damage|p2a: Raikou|180/321","|","|-heal|p2a: Raikou|200/321|[from] item: Leftovers","|-damage|p1a: Kingdra|147/291 brn|[from] brn","|turn|18","|","|move|p2a: Raikou|Calm Mind|p2a: Raikou","|-boost|p2a: Raikou|spa|1","|-boost|p2a: Raikou|spd|1","|move|p1a: Kingdra|Dragon Pulse|p2a: Raikou","|-damage|p2a: Raikou|107/321","|","|-heal|p2a: Raikou|127/321|[from] item: Leftovers","|-damage|p1a: Kingdra|111/291 brn|[from] brn","|turn|19","|","|move|p2a: Raikou|Calm Mind|p2a: Raikou","|-boost|p2a: Raikou|spa|1","|-boost|p2a: Raikou|spd|1","|move|p1a: Kingdra|Dragon Pulse|p2a: Raikou","|-damage|p2a: Raikou|39/321","|","|-heal|p2a: Raikou|59/321|[from] item: Leftovers","|-damage|p1a: Kingdra|75/291 brn|[from] brn","|turn|20","|","|move|p2a: Raikou|Thunderbolt|p1a: Kingdra","|-damage|p1a: Kingdra|0 fnt","|faint|p1a: Kingdra","|","|-heal|p2a: Raikou|79/321|[from] item: Leftovers","|","|switch|p1a: Politoed|Politoed, M|233/383","|-weather|RainDance","|turn|21","|","|move|p2a: Raikou|Extrasensory|p1a: Politoed","|-damage|p1a: Politoed|84/383","|move|p1a: Politoed|Surf|p2a: Raikou","|-crit|p2a: Raikou","|-damage|p2a: Raikou|0 fnt","|faint|p2a: Raikou","|","|-weather|RainDance|[upkeep]","|","|switch|p2a: Rotom-Wash|Rotom-Wash|241/241","|turn|22","|","|switch|p1a: Swampert|Swampert-Mega, M|271/341","|move|p2a: Rotom-Wash|Trick|p1a: Swampert","|-fail|p1a: Swampert","|","|-weather|RainDance|[upkeep]","|turn|23","|","|move|p1a: Swampert|Waterfall|p2a: Rotom-Wash","|-resisted|p2a: Rotom-Wash","|-damage|p2a: Rotom-Wash|127/241","|move|p2a: Rotom-Wash|Trick|p1a: Swampert","|-fail|p1a: Swampert","|","|-weather|RainDance|[upkeep]","|turn|24","|","|move|p1a: Swampert|Waterfall|p2a: Rotom-Wash","|-resisted|p2a: Rotom-Wash","|-damage|p2a: Rotom-Wash|7/241","|move|p2a: Rotom-Wash|Trick|p1a: Swampert","|-fail|p1a: Swampert","|","|-weather|RainDance|[upkeep]","|turn|25","|","|move|p1a: Swampert|Waterfall|p2a: Rotom-Wash","|-resisted|p2a: Rotom-Wash","|-damage|p2a: Rotom-Wash|0 fnt","|faint|p2a: Rotom-Wash","|","|win|JusAnAlt"],"p1rating":{"entryid":"6680044","serverid":"eos","formatid":"monotype","userid":"jusanalt","username":"JusAnAlt","w":45,"l":"18","t":"0","gxe":67.6,"r":"1617.7626828871","rd":"52.36928727867","sigma":"0","rptime":"1438851600","rpr":1639.9934665893,"rprd":49.206753983591,"rpsigma":"0","acre":1314.3451825446,"lacre":1314.3451825446,"oldacre":"1302.5517846561"},"p2rating":{"entryid":"6985408","serverid":"eos","formatid":"monotype","userid":"twizz","username":"Twizz","w":"21","l":31,"t":"0","gxe":41.3,"r":"1400.4981148932","rd":"53.302059810028","sigma":"0","rptime":"1438851600","rpr":1432.8419310423,"rprd":50.771926170059,"rpsigma":"0","acre":1136.3253088115,"lacre":1136.3253088115,"oldacre":"1151.0670561721"},"endType":"normal"}