{"seed":[13429,29966,19182,34513],"turns":27,"p1":"Zukushiku","p2":"Asiago Noah123","p1team":[{"name":"Drifblim","species":"Drifblim","item":"weaknesspolicy","ability":"Unburden","moves":["stockpile","substitute","batonpass","tailwind"],"nature":"Timid","evs":{"hp":248,"atk":0,"def":0,"spa":0,"spd":8,"spe":252},"ivs":{"hp":31,"atk":0,"def":31,"spa":31,"spd":31,"spe":31},"shiny":true},{"name":"Gengar","species":"Gengar","item":"lifeorb","ability":"Levitate","moves":["shadowball","focusblast","substitute","painsplit"],"nature":"Timid","evs":{"hp":0,"atk":0,"def":0,"spa":252,"spd":4,"spe":252},"ivs":{"hp":31,"atk":0,"def":31,"spa":31,"spd":31,"spe":31}},{"name":"Sableye","species":"Sableye","item":"sablenite","ability":"Prankster","moves":["knockoff","willowisp","recover","foulplay"],"nature":"Careful","evs":{"hp":252,"atk":0,"def":112,"spa":0,"spd":144,"spe":0},"ivs":{"hp":31,"atk":31,"def":31,"spa":31,"spd":31,"spe":31}},{"name":"Chandelure","species":"Chandelure","item":"choicescarf","ability":"Flash Fire","moves":["fireblast","shadowball","energyball","hiddenpowerice"],"nature":"Timid","evs":{"hp":0,"atk":0,"def":0,"spa":252,"spd":4,"spe":252},"ivs":{"hp":31,"atk":0,"def":30,"spa":31,"spd":31,"spe":31},"shiny":true},{"name":"Jellicent","species":"Jellicent","item":"leftovers","ability":"Water Absorb","moves":["taunt","toxic","scald","recover"],"nature":"Calm","evs":{"hp":248,"atk":0,"def":0,"spa":0,"spd":44,"spe":216},"ivs":{"hp":31,"atk":31,"def":31,"spa":31,"spd":31,"spe":31}},{"name":"Hoopa","species":"Hoopa","item":"lifeorb","ability":"Magician","moves":["substitute","hyperspacehole","shadowball","drainpunch"],"nature":"Naive","evs":{"hp":0,"atk":84,"def":0,"spa":172,"spd":0,"spe":252},"ivs":{"hp":31,"atk":31,"def":31,"spa":31,"spd":31,"spe":31}}],"p2team":[{"name":"Hoopa-Unbound","species":"Hoopa-Unbound","item":"choicescarf","ability":"Magician","moves":["zenheadbutt","drainpunch","hyperspacefury","gunkshot"],"nature":"Adamant","evs":{"hp":248,"atk":252,"def":0,"spa":0,"spd":8,"spe":0},"ivs":{"hp":31,"atk":31,"def":31,"spa":31,"spd":31,"spe":31}},{"name":"Weavile","species":"Weavile","item":"lifeorb","ability":"Pressure","moves":["iceshard","iciclecrash","nightslash","lowkick"],"nature":"Jolly","evs":{"hp":0,"atk":252,"def":0,"spa":0,"spd":4,"spe":252},"gender":"M","ivs":{"hp":31,"atk":31,"def":31,"spa":31,"spd":31,"spe":31}},{"name":"Mandibuzz","species":"Mandibuzz","item":"leftovers","ability":"Overcoat","moves":["roost","defog","bravebird","knockoff"],"nature":"Careful","evs":{"hp":252,"atk":0,"def":4,"spa":0,"spd":252,"spe":0},"ivs":{"hp":31,"atk":31,"def":31,"spa":31,"spd":31,"spe":31}},{"name":"Sableye","species":"Sableye","item":"sablenite","ability":"Prankster","moves":["willowisp","calmmind","recover","shadowball"],"nature":"Calm","evs":{"hp":248,"atk":0,"def":172,"spa":8,"spd":80,"spe":0},"gender":"M","ivs":{"hp":31,"atk":31,"def":31,"spa":31,"spd":31,"spe":31}},{"name":"Hydreigon","species":"Hydreigon","item":"choicescarf","ability":"Levitate","moves":["dracometeor","focusblast","flashcannon","darkpulse"],"nature":"Timid","evs":{"hp":0,"atk":0,"def":0,"spa":252,"spd":4,"spe":252},"ivs":{"hp":31,"atk":31,"def":31,"spa":31,"spd":31,"spe":31}},{"name":"Tyranitar","species":"Tyranitar","item":"leftovers","ability":"Sand Stream","moves":["stoneedge","earthquake","dragondance","crunch"],"nature":"Adamant","evs":{"hp":0,"atk":252,"def":0,"spa":0,"spd":4,"spe":252},"ivs":{"hp":31,"atk":31,"def":31,"spa":31,"spd":31,"spe":31}}],"log":["|player|p1|Zukushiku|zukushiku.png","|player|p2|Asiago Noah123|68","|gametype|singles","|gen|6","|tier|Monotype","|rated","|rule|Baton Pass Clause: Limit one Baton Passer, can't pass Spe and other stats simultaneously","|rule|Swagger Clause: Swagger is banned","|rule|Same Type Clause: Pokémon in a team must share a type","|clearpoke","|poke|p1|Drifblim, M, shiny","|poke|p1|Gengar, F","|poke|p1|Sableye, F","|poke|p1|Chandelure, M, shiny","|poke|p1|Jellicent, F","|poke|p1|Hoopa","|poke|p2|Hoopa-Unbound","|poke|p2|Weavile, M","|poke|p2|Mandibuzz, F","|poke|p2|Sableye, M","|poke|p2|Hydreigon, F","|poke|p2|Tyranitar, M","|rule|Sleep Clause Mod: Limit one foe put to sleep","|rule|Species Clause: Limit one of each Pokémon","|rule|OHKO Clause: OHKO moves are banned","|rule|Moody Clause: Moody is banned","|rule|Evasion Moves Clause: Evasion moves are banned","|rule|Endless Battle Clause: Forcing endless battles is banned","|rule|HP Percentage Mod: HP is shown in percentages","|teampreview","|","|start","|switch|p1a: Hoopa|Hoopa|301/301","|switch|p2a: Tyranitar|Tyranitar, M|341/341","|-weather|Sandstorm","|turn|1","|","|move|p1a: Hoopa|Drain Punch|p2a: Tyranitar","|-supereffective|p2a: Tyranitar","|-damage|p2a: Tyranitar|0 fnt","|-damage|p1a: Hoopa|271/301|[from] item: Life Orb","|faint|p2a: Tyranitar","|","|-weather|Sandstorm|[upkeep]","|-damage|p1a: Hoopa|253/301|[from] sandstorm","|","|switch|p2a: Hoopa-Unbound|Hoopa-Unbound|363/363","|turn|2","|","|switch|p1a: Drifblim|Drifblim, M, shiny|503/503","|move|p2a: Hoopa-Unbound|Hyperspace Fury|p1a: Drifblim","|-supereffective|p1a: Drifblim","|-damage|p1a: Drifblim|0 fnt","|-unboost|p2a: Hoopa-Unbound|def|1","|faint|p1a: Drifblim","|","|-weather|Sandstorm|[upkeep]","|-damage|p2a: Hoopa-Unbound|341/363|[from] sandstorm","|","|switch|p1a: Sableye|Sableye, F|304/304","|turn|3","|","|switch|p2a: Hydreigon|Hydreigon, F|325/325","|move|p1a: Sableye|Will-O-Wisp|p2a: Hydreigon","|-status|p2a: Hydreigon|brn","|","|-weather|Sandstorm|[upkeep]","|-damage|p2a: Hydreigon|305/325 brn|[from] sandstorm","|-damage|p1a: Sableye|285/304|[from] sandstorm","|-damage|p2a: Hydreigon|265/325 brn|[from] brn","|turn|4","|","|switch|p1a: Jellicent|Jellicent, F|403/403","|move|p2a: Hydreigon|Draco Meteor|p1a: Jellicent","|-damage|p1a: Jellicent|208/403","|-unboost|p2a: Hydreigon|spa|2","|","|-weather|Sandstorm|[upkeep]","|-damage|p2a: Hydreigon|245/325 brn|[from] sandstorm","|-damage|p1a: Jellicent|183/403|[from] sandstorm","|-heal|p1a: Jellicent|208/403|[from] item: Leftovers","|-damage|p2a: Hydreigon|205/325 brn|[from] brn","|turn|5","|","|switch|p2a: Mandibuzz|Mandibuzz, F|424/424","|switch|p1a: Sableye|Sableye, F|285/304","|","|-weather|none","|turn|6","|","|detailschange|p1a: Sableye|Sableye-Mega, F","|-mega|p1a: Sableye|Sableye|Sablenite","|move|p2a: Mandibuzz|Brave Bird|p1a: Sableye","|-damage|p1a: Sableye|209/304","|-damage|p2a: Mandibuzz|399/424|[from] recoil|[of] p1a: Sableye","|move|p1a: Sableye|Knock Off|p2a: Mandibuzz","|-resisted|p2a: Mandibuzz","|-damage|p2a: Mandibuzz|348/424","|-enditem|p2a: Mandibuzz|Leftovers|[from] move: Knock Off|[of] p1a: Sableye","|","|turn|7","|","|move|p2a: Mandibuzz|Brave Bird|p1a: Sableye","|-damage|p1a: Sableye|130/304","|-damage|p2a: Mandibuzz|322/424|[from] recoil|[of] p1a: Sableye","|move|p1a: Sableye|Recover|p1a: Sableye","|-heal|p1a: Sableye|282/304","|","|turn|8","|","|move|p2a: Mandibuzz|Roost|p2a: Mandibuzz","|-heal|p2a: Mandibuzz|424/424","|move|p1a: Sableye|Will-O-Wisp|p2a: Mandibuzz|[miss]","|-miss|p1a: Sableye|p2a: Mandibuzz","|","|turn|9","|","|move|p2a: Mandibuzz|Brave Bird|p1a: Sableye","|-damage|p1a: Sableye|206/304","|-damage|p2a: Mandibuzz|399/424|[from] recoil|[of] p1a: Sableye","|move|p1a: Sableye|Will-O-Wisp|p2a: Mandibuzz","|-status|p2a: Mandibuzz|brn","|","|-damage|p2a: Mandibuzz|346/424 brn|[from] brn","|turn|10","|","|switch|p2a: Hydreigon|Hydreigon, F|205/325 brn","|move|p1a: Sableye|Recover|p1a: Sableye","|-heal|p1a: Sableye|304/304","|","|-damage|p2a: Hydreigon|165/325 brn|[from] brn","|turn|11","|","|move|p2a: Hydreigon|Dark Pulse|p1a: Sableye","|-damage|p1a: Sableye|199/304","|move|p1a: Sableye|Recover|p1a: Sableye","|-heal|p1a: Sableye|304/304","|","|-damage|p2a: Hydreigon|125/325 brn|[from] brn","|turn|12","|","|move|p2a: Hydreigon|Dark Pulse|p1a: Sableye","|-damage|p1a: Sableye|198/304","|move|p1a: Sableye|Recover|p1a: Sableye","|-heal|p1a: Sableye|304/304","|","|-damage|p2a: Hydreigon|85/325 brn|[from] brn","|turn|13","|","|move|p2a: Hydreigon|Dark Pulse|p1a: Sableye","|-damage|p1a: Sableye|208/304","|move|p1a: Sableye|Recover|p1a: Sableye","|-heal|p1a: Sableye|304/304","|","|-damage|p2a: Hydreigon|45/325 brn|[from] brn","|turn|14","|","|move|p2a: Hydreigon|Dark Pulse|p1a: Sableye","|-damage|p1a: Sableye|201/304","|move|p1a: Sableye|Recover|p1a: Sableye","|-heal|p1a: Sableye|304/304","|","|-damage|p2a: Hydreigon|5/325 brn|[from] brn","|turn|15","|","|move|p2a: Hydreigon|Dark Pulse|p1a: Sableye","|-crit|p1a: Sableye","|-damage|p1a: Sableye|142/304","|move|p1a: Sableye|Recover|p1a: Sableye","|-heal|p1a: Sableye|294/304","|","|-damage|p2a: Hydreigon|0 fnt|[from] brn","|faint|p2a: Hydreigon","|","|switch|p2a: Hoopa-Unbound|Hoopa-Unbound|341/363","|turn|16","|","|move|p2a: Hoopa-Unbound|Hyperspace Fury|p1a: Sableye","|-damage|p1a: Sableye|126/304","|-unboost|p2a: Hoopa-Unbound|def|1","|move|p1a: Sableye|Knock Off|p2a: Hoopa-Unbound","|-damage|p2a: Hoopa-Unbound|124/363","|-enditem|p2a: Hoopa-Unbound|Choice Scarf|[from] move: Knock Off|[of] p1a: Sableye","|","|turn|17","|","|switch|p1a: Jellicent|Jellicent, F|208/403","|move|p2a: Hoopa-Unbound|Hyperspace Fury|p1a: Jellicent","|-supereffective|p1a: Jellicent","|-damage|p1a: Jellicent|0 fnt","|-item|p2a: Hoopa-Unbound|Leftovers|[from] ability: Magician|[of] p1a: Jellicent","|-unboost|p2a: Hoopa-Unbound|def|1","|faint|p1a: Jellicent","|","|-heal|p2a: Hoopa-Unbound|146/363|[from] item: Leftovers","|","|switch|p1a: Gengar|Gengar, F|261/261","|turn|18","|","|move|p1a: Gengar|Shadow Ball|p2a: Hoopa-Unbound","|-damage|p2a: Hoopa-Unbound|0 fnt","|-damage|p1a: Gengar|235/261|[from] item: Life Orb","|faint|p2a: Hoopa-Unbound","|","|","|switch|p2a: Weavile|Weavile, M|281/281","|-ability|p2a: Weavile|Pressure","|turn|19","|","|switch|p1a: Hoopa|Hoopa|253/301","|move|p2a: Weavile|Night Slash|p1a: Hoopa","|-supereffective|p1a: Hoopa","|-damage|p1a: Hoopa|0 fnt","|-damage|p2a: Weavile|253/281|[from] item: Life Orb","|faint|p1a: Hoopa","|","|","|switch|p1a: Chandelure|Chandelure, M, shiny|261/261","|turn|20","|","|move|p1a: Chandelure|Fire Blast|p2a: Weavile","|-supereffective|p2a: Weavile","|-damage|p2a: Weavile|0 fnt","|faint|p2a: Weavile","|","|","|switch|p2a: Mandibuzz|Mandibuzz, F|346/424 brn","|turn|21","|","|switch|p1a: Sableye|Sableye-Mega, F|126/304","|move|p2a: Mandibuzz|Knock Off|p1a: Sableye","|-damage|p1a: Sableye|108/304","|","|-damage|p2a: Mandibuzz|293/424 brn|[from] brn","|turn|22","|","|move|p2a: Mandibuzz|Brave Bird|p1a: Sableye","|-damage|p1a: Sableye|73/304","|-damage|p2a: Mandibuzz|281/424 brn|[from] recoil|[of] p1a: Sableye","|move|p1a: Sableye|Will-O-Wisp|p2a: Mandibuzz","|-fail|p2a: Mandibuzz|brn","|","|-damage|p2a: Mandibuzz|228/424 brn|[from] brn","|turn|23","|","|move|p2a: Mandibuzz|Brave Bird|p1a: Sableye","|-damage|p1a: Sableye|37/304","|-damage|p2a: Mandibuzz|216/424 brn|[from] recoil|[of] p1a: Sableye","|move|p1a: Sableye|Recover|p1a: Sableye","|-heal|p1a: Sableye|189/304","|","|-damage|p2a: Mandibuzz|163/424 brn|[from] brn","|turn|24","|","|move|p2a: Mandibuzz|Roost|p2a: Mandibuzz","|-heal|p2a: Mandibuzz|375/424 brn","|move|p1a: Sableye|Recover|p1a: Sableye","|-heal|p1a: Sableye|304/304","|","|-damage|p2a: Mandibuzz|322/424 brn|[from] brn","|turn|25","|","|switch|p2a: Sableye|Sableye, M|303/303","|switch|p1a: Chandelure|Chandelure, M, shiny|261/261","|","|turn|26","|","|detailschange|p2a: Sableye|Sableye-Mega, M","|-mega|p2a: Sableye|Sableye|Sablenite","|move|p1a: Chandelure|Fire Blast|p2a: Sableye","|-damage|p2a: Sableye|156/303","|move|p2a: Sableye|Shadow Ball|p1a: Chandelure","|-supereffective|p1a: Chandelure","|-damage|p1a: Chandelure|91/261","|","|turn|27","|","|win|Zukushiku"],"p1rating":{"entryid":"7076911","serverid":"eos","formatid":"monotype","userid":"zukushiku","username":"Zukushiku","w":30,"l":"14","t":"0","gxe":65.9,"r":"1598.3679066985","rd":"55.436480695911","sigma":"0","rptime":"1438851600","rpr":1625.1310971397,"rprd":53.125666600649,"rpsigma":"0","acre":1304.6296694252,"lacre":1304.6296694252,"oldacre":"1289.569583159"},"p2rating":{"entryid":"7402864","serverid":"eos","formatid":"monotype","userid":"asiagonoah123","username":"Asiago Noah123","w":"8","l":10,"t":"0","gxe":47.4,"r":"1431.9767415098","rd":"84.238126498154","sigma":"0","rptime":"1438851600","rpr":1480.1466189644,"rprd":73.864208479964,"rpsigma":"0","acre":1128.3117493683,"lacre":1128.3117493683,"oldacre":"1143.3718356345"},"endType":"forfeit"}