{"seed":[33795,60275,16481,36199],"turns":23,"p1":"IV-Wiley","p2":"JusAnAlt","p1team":[{"name":"Crawdaunt","species":"Crawdaunt","item":"focussash","ability":"Adaptability","moves":["aquajet","swordsdance","crabhammer","knockoff"],"nature":"Jolly","evs":{"hp":0,"atk":252,"def":0,"spa":0,"spd":4,"spe":252},"ivs":{"hp":31,"atk":31,"def":31,"spa":31,"spd":31,"spe":31}},{"name":"Kingdra","species":"Kingdra","item":"scopelens","ability":"Swift Swim","moves":["focusenergy","dracometeor","surf","hiddenpowerfire"],"nature":"Modest","evs":{"hp":0,"atk":0,"def":0,"spa":252,"spd":4,"spe":252},"ivs":{"hp":31,"atk":30,"def":31,"spa":30,"spd":31,"spe":30}},{"name":"Politoed","species":"Politoed","item":"leftovers","ability":"Drizzle","moves":["raindance","scald","icebeam","haze"],"nature":"Modest","evs":{"hp":252,"atk":0,"def":0,"spa":252,"spd":4,"spe":0},"ivs":{"hp":31,"atk":31,"def":31,"spa":31,"spd":31,"spe":31}},{"name":"Swampert","species":"Swampert","item":"swampertite","ability":"Damp","moves":["waterfall","earthquake","icepunch","raindance"],"nature":"Adamant","evs":{"hp":248,"atk":252,"def":0,"spa":0,"spd":8,"spe":0},"ivs":{"hp":31,"atk":31,"def":31,"spa":31,"spd":31,"spe":31}},{"name":"Azumarill","species":"Azumarill","item":"sitrusberry","ability":"Thick Fat","moves":["aquajet","bellydrum","brickbreak","playrough"],"nature":"Adamant","evs":{"hp":252,"atk":252,"def":0,"spa":0,"spd":4,"spe":0},"ivs":{"hp":31,"atk":31,"def":31,"spa":31,"spd":31,"spe":31}},{"name":"Keldeo","species":"Keldeo","item":"choicescarf","ability":"Justified","moves":["scald","icywind","secretsword","hiddenpowerfire"],"nature":"Timid","evs":{"hp":0,"atk":0,"def":0,"spa":252,"spd":4,"spe":252},"ivs":{"hp":31,"atk":30,"def":31,"spa":30,"spd":31,"spe":30}}],"p2team":[{"name":"Politoed","species":"Politoed","item":"ejectbutton","ability":"Drizzle","moves":["surf","icebeam","perishsong","toxic"],"nature":"Calm","evs":{"hp":248,"atk":0,"def":0,"spa":8,"spd":252,"spe":0},"ivs":{"hp":31,"atk":0,"def":31,"spa":31,"spd":31,"spe":31}},{"name":"Ludicolo","species":"Ludicolo","item":"lifeorb","ability":"Swift Swim","moves":["icebeam","surf","gigadrain","raindance"],"nature":"Modest","evs":{"hp":0,"atk":0,"def":0,"spa":252,"spd":4,"spe":252},"ivs":{"hp":31,"atk":31,"def":31,"spa":31,"spd":31,"spe":31}},{"name":"Swampert","species":"Swampert","item":"swampertite","ability":"Torrent","moves":["icepunch","earthquake","waterfall","raindance"],"nature":"Adamant","evs":{"hp":0,"atk":252,"def":0,"spa":0,"spd":4,"spe":252},"ivs":{"hp":31,"atk":31,"def":31,"spa":31,"spd":31,"spe":31}},{"name":"Kingdra","species":"Kingdra","item":"choicespecs","ability":"Swift Swim","moves":["surf","dragonpulse","icebeam","flashcannon"],"nature":"Modest","evs":{"hp":0,"atk":0,"def":0,"spa":252,"spd":4,"spe":252},"ivs":{"hp":31,"atk":31,"def":31,"spa":31,"spd":31,"spe":31}},{"name":"Azumarill","species":"Azumarill","item":"choiceband","ability":"Sap Sipper","moves":["playrough","aquajet","knockoff","waterfall"],"nature":"Adamant","evs":{"hp":248,"atk":252,"def":0,"spa":0,"spd":8,"spe":0},"ivs":{"hp":31,"atk":31,"def":31,"spa":31,"spd":31,"spe":31}},{"name":"Tentacruel","species":"Tentacruel","item":"blacksludge","ability":"Clear Body","moves":["acidspray","scald","rapidspin","raindance"],"nature":"Bold","evs":{"hp":248,"atk":0,"def":252,"spa":8,"spd":0,"spe":0},"ivs":{"hp":31,"atk":0,"def":31,"spa":31,"spd":31,"spe":31}}],"log":["|player|p1|IV-Wiley|264","|player|p2|JusAnAlt|99","|gametype|singles","|gen|6","|tier|Monotype","|rated","|rule|Baton Pass Clause: Limit one Baton Passer, can't pass Spe and other stats simultaneously","|rule|Swagger Clause: Swagger is banned","|rule|Same Type Clause: Pokémon in a team must share a type","|clearpoke","|poke|p1|Crawdaunt, M","|poke|p1|Kingdra, M","|poke|p1|Politoed, M","|poke|p1|Swampert, F","|poke|p1|Azumarill, M","|poke|p1|Keldeo","|poke|p2|Politoed, M","|poke|p2|Ludicolo, M","|poke|p2|Swampert, F","|poke|p2|Kingdra, M","|poke|p2|Azumarill, M","|poke|p2|Tentacruel, F","|rule|Sleep Clause Mod: Limit one foe put to sleep","|rule|Species Clause: Limit one of each Pokémon","|rule|OHKO Clause: OHKO moves are banned","|rule|Moody Clause: Moody is banned","|rule|Evasion Moves Clause: Evasion moves are banned","|rule|Endless Battle Clause: Forcing endless battles is banned","|rule|HP Percentage Mod: HP is shown in percentages","|teampreview","|","|start","|switch|p1a: Politoed|Politoed, M|384/384","|switch|p2a: Tentacruel|Tentacruel, F|363/363","|-weather|RainDance","|turn|1","|","|switch|p1a: Crawdaunt|Crawdaunt, M|267/267","|move|p2a: Tentacruel|Scald|p1a: Crawdaunt","|-resisted|p1a: Crawdaunt","|-damage|p1a: Crawdaunt|180/267","|","|-weather|RainDance|[upkeep]","|turn|2","|","|move|p2a: Tentacruel|Scald|p1a: Crawdaunt","|-resisted|p1a: Crawdaunt","|-damage|p1a: Crawdaunt|93/267","|move|p1a: Crawdaunt|Swords Dance|p1a: Crawdaunt","|-boost|p1a: Crawdaunt|atk|2","|","|-weather|RainDance|[upkeep]","|turn|3","|","|move|p2a: Tentacruel|Scald|p1a: Crawdaunt","|-resisted|p1a: Crawdaunt","|-damage|p1a: Crawdaunt|0 fnt","|faint|p1a: Crawdaunt","|","|-weather|RainDance|[upkeep]","|","|switch|p1a: Swampert|Swampert, F|403/403","|turn|4","|","|switch|p2a: Ludicolo|Ludicolo, M|301/301","|detailschange|p1a: Swampert|Swampert-Mega, F","|-mega|p1a: Swampert|Swampert|Swampertite","|move|p1a: Swampert|Earthquake|p2a: Ludicolo","|-resisted|p2a: Ludicolo","|-damage|p2a: Ludicolo|150/301","|","|-weather|RainDance|[upkeep]","|turn|5","|","|move|p2a: Ludicolo|Giga Drain|p1a: Swampert","|-supereffective|p1a: Swampert","|-damage|p1a: Swampert|0 fnt","|-heal|p2a: Ludicolo|301/301|[from] drain|[of] p1a: Swampert","|-damage|p2a: Ludicolo|271/301|[from] item: Life Orb","|faint|p1a: Swampert","|","|-weather|none","|","|switch|p1a: Kingdra|Kingdra, M|291/291","|turn|6","|","|switch|p2a: Politoed|Politoed, M|383/383","|-weather|RainDance","|move|p1a: Kingdra|Focus Energy|p1a: Kingdra","|-start|p1a: Kingdra|move: Focus Energy","|","|-weather|RainDance|[upkeep]","|turn|7","|","|move|p1a: Kingdra|Surf|p2a: Politoed","|-crit|p2a: Politoed","|-resisted|p2a: Politoed","|-damage|p2a: Politoed|263/383","|-enditem|p2a: Politoed|Eject Button","|","|switch|p2a: Kingdra|Kingdra, M|291/291","|","|-weather|RainDance|[upkeep]","|turn|8","|","|move|p2a: Kingdra|Dragon Pulse|p1a: Kingdra","|-supereffective|p1a: Kingdra","|-damage|p1a: Kingdra|0 fnt","|faint|p1a: Kingdra","|","|-weather|RainDance|[upkeep]","|","|switch|p1a: Azumarill|Azumarill, M|404/404","|turn|9","|","|switch|p2a: Tentacruel|Tentacruel, F|363/363","|move|p1a: Azumarill|Play Rough|p2a: Tentacruel","|-resisted|p2a: Tentacruel","|-damage|p2a: Tentacruel|318/363","|","|-weather|RainDance|[upkeep]","|-heal|p2a: Tentacruel|340/363|[from] item: Black Sludge","|turn|10","|","|move|p2a: Tentacruel|Acid Spray|p1a: Azumarill","|-supereffective|p1a: Azumarill","|-damage|p1a: Azumarill|314/404","|-unboost|p1a: Azumarill|spd|2","|move|p1a: Azumarill|Belly Drum|p1a: Azumarill","|-damage|p1a: Azumarill|112/404","|-setboost|p1a: Azumarill|atk|6|[from] move: Belly Drum","|-enditem|p1a: Azumarill|Sitrus Berry|[eat]","|-heal|p1a: Azumarill|213/404|[from] item: Sitrus Berry","|","|-weather|none","|-heal|p2a: Tentacruel|362/363|[from] item: Black Sludge","|turn|11","|","|move|p2a: Tentacruel|Scald|p1a: Azumarill","|-resisted|p1a: Azumarill","|-damage|p1a: Azumarill|126/404","|-status|p1a: Azumarill|brn","|move|p1a: Azumarill|Brick Break|p2a: Tentacruel","|-resisted|p2a: Tentacruel","|-damage|p2a: Tentacruel|310/363","|","|-heal|p2a: Tentacruel|332/363|[from] item: Black Sludge","|-damage|p1a: Azumarill|76/404 brn|[from] brn","|turn|12","|","|move|p1a: Azumarill|Aqua Jet|p2a: Tentacruel","|-resisted|p2a: Tentacruel","|-damage|p2a: Tentacruel|288/363","|move|p2a: Tentacruel|Scald|p1a: Azumarill","|-resisted|p1a: Azumarill","|-damage|p1a: Azumarill|0 fnt","|faint|p1a: Azumarill","|","|-heal|p2a: Tentacruel|310/363|[from] item: Black Sludge","|","|switch|p1a: Keldeo|Keldeo|323/323","|turn|13","|","|move|p1a: Keldeo|Secret Sword|p2a: Tentacruel","|-crit|p2a: Tentacruel","|-resisted|p2a: Tentacruel","|-damage|p2a: Tentacruel|211/363","|move|p2a: Tentacruel|Acid Spray|p1a: Keldeo","|-crit|p1a: Keldeo","|-damage|p1a: Keldeo|256/323","|-unboost|p1a: Keldeo|spd|2","|","|-heal|p2a: Tentacruel|233/363|[from] item: Black Sludge","|turn|14","|","|switch|p1a: Politoed|Politoed, M|384/384","|-weather|RainDance","|move|p2a: Tentacruel|Rain Dance|p2a: Tentacruel","|-fail|p2a: Tentacruel","|","|-weather|RainDance|[upkeep]","|-heal|p2a: Tentacruel|255/363|[from] item: Black Sludge","|turn|15","|","|move|p2a: Tentacruel|Acid Spray|p1a: Politoed","|-damage|p1a: Politoed|344/384","|-unboost|p1a: Politoed|spd|2","|move|p1a: Politoed|Ice Beam|p2a: Tentacruel","|-resisted|p2a: Tentacruel","|-damage|p2a: Tentacruel|214/363","|","|-weather|RainDance|[upkeep]","|-heal|p2a: Tentacruel|236/363|[from] item: Black Sludge","|-heal|p1a: Politoed|368/384|[from] item: Leftovers","|turn|16","|","|move|p2a: Tentacruel|Acid Spray|p1a: Politoed","|-damage|p1a: Politoed|295/384","|-unboost|p1a: Politoed|spd|2","|move|p1a: Politoed|Scald|p2a: Tentacruel","|-resisted|p2a: Tentacruel","|-damage|p2a: Tentacruel|159/363","|","|-weather|RainDance|[upkeep]","|-heal|p2a: Tentacruel|181/363|[from] item: Black Sludge","|-heal|p1a: Politoed|319/384|[from] item: Leftovers","|turn|17","|","|switch|p1a: Keldeo|Keldeo|256/323","|move|p2a: Tentacruel|Acid Spray|p1a: Keldeo","|-damage|p1a: Keldeo|211/323","|-unboost|p1a: Keldeo|spd|2","|","|-weather|RainDance|[upkeep]","|-heal|p2a: Tentacruel|203/363|[from] item: Black Sludge","|turn|18","|","|move|p1a: Keldeo|Scald|p2a: Tentacruel","|-crit|p2a: Tentacruel","|-resisted|p2a: Tentacruel","|-damage|p2a: Tentacruel|74/363","|move|p2a: Tentacruel|Acid Spray|p1a: Keldeo","|-damage|p1a: Keldeo|118/323","|-unboost|p1a: Keldeo|spd|2","|","|-weather|none","|-heal|p2a: Tentacruel|96/363|[from] item: Black Sludge","|turn|19","|","|move|p1a: Keldeo|Scald|p2a: Tentacruel","|-resisted|p2a: Tentacruel","|-damage|p2a: Tentacruel|40/363","|-status|p2a: Tentacruel|brn","|move|p2a: Tentacruel|Rain Dance|p2a: Tentacruel","|-weather|RainDance","|","|-weather|RainDance|[upkeep]","|-heal|p2a: Tentacruel|62/363 brn|[from] item: Black Sludge","|-damage|p2a: Tentacruel|17/363 brn|[from] brn","|turn|20","|","|move|p1a: Keldeo|Scald|p2a: Tentacruel","|-resisted|p2a: Tentacruel","|-damage|p2a: Tentacruel|0 fnt","|faint|p2a: Tentacruel","|","|-weather|RainDance|[upkeep]","|","|switch|p2a: Kingdra|Kingdra, M|291/291","|turn|21","|","|move|p2a: Kingdra|Dragon Pulse|p1a: Keldeo","|-damage|p1a: Keldeo|0 fnt","|faint|p1a: Keldeo","|","|-weather|RainDance|[upkeep]","|","|switch|p1a: Politoed|Politoed, M|319/384","|turn|22","|","|move|p2a: Kingdra|Dragon Pulse|p1a: Politoed","|-damage|p1a: Politoed|115/384","|move|p1a: Politoed|Ice Beam|p2a: Kingdra","|-damage|p2a: Kingdra|201/291","|","|-weather|RainDance|[upkeep]","|-heal|p1a: Politoed|139/384|[from] item: Leftovers","|turn|23","|","|move|p2a: Kingdra|Dragon Pulse|p1a: Politoed","|-crit|p1a: Politoed","|-damage|p1a: Politoed|0 fnt","|faint|p1a: Politoed","|","|win|JusAnAlt"],"p1rating":{"entryid":"7406762","serverid":"eos","formatid":"monotype","userid":"ivwiley","username":"IV Wiley","w":"12","l":11,"t":"0","gxe":51.9,"r":"1468.9838527697","rd":"72.883258448308","sigma":"0","rptime":"1438851600","rpr":1514.9127006938,"rprd":66.690340133217,"rpsigma":"0","acre":1149.8340481302,"lacre":1149.8340481302,"oldacre":"1168.2522373968"},"p2rating":{"entryid":"6680044","serverid":"eos","formatid":"monotype","userid":"jusanalt","username":"JusAnAlt","w":42,"l":"17","t":"0","gxe":66.7,"r":"1617.7626828871","rd":"52.36928727867","sigma":"0","rptime":"1438851600","rpr":1631.5987249893,"rprd":50.985758949864,"rpsigma":"0","acre":1280.3464646751,"lacre":1280.3464646751,"oldacre":"1261.9282754085"},"endType":"normal"}