{"seed":[16376,7275,33633,46765],"turns":22,"p1":"Emg GL Test Tech","p2":"MASTA_X용의☆사용자","p1team":[{"name":"Hoopa-Unbound","species":"Hoopa-Unbound","item":"choicescarf","ability":"Magician","moves":["darkpulse","trick","focusblast","psychic"],"nature":"Timid","evs":{"hp":4,"atk":0,"def":0,"spa":252,"spd":0,"spe":252},"ivs":{"hp":31,"atk":31,"def":31,"spa":31,"spd":31,"spe":31}},{"name":"Deoxys-Defense","species":"Deoxys-Defense","item":"leftovers","ability":"Pressure","moves":["toxic","cosmicpower","recover","seismictoss"],"nature":"Bold","evs":{"hp":248,"atk":0,"def":252,"spa":0,"spd":8,"spe":0},"ivs":{"hp":31,"atk":31,"def":31,"spa":31,"spd":31,"spe":31}},{"name":"Latias","species":"Latias","item":"latiasite","ability":"Levitate","moves":["psyshock","recover","calmmind","dragonpulse"],"nature":"Timid","evs":{"hp":0,"atk":0,"def":0,"spa":200,"spd":56,"spe":252},"ivs":{"hp":31,"atk":31,"def":31,"spa":31,"spd":31,"spe":31}},{"name":"Victini","species":"Victini","item":"choicescarf","ability":"Victory Star","moves":["vcreate","uturn","boltstrike","zenheadbutt"],"nature":"Jolly","evs":{"hp":0,"atk":252,"def":0,"spa":0,"spd":4,"spe":252},"ivs":{"hp":31,"atk":31,"def":31,"spa":31,"spd":31,"spe":31}},{"name":"Meloetta","species":"Meloetta","item":"assaultvest","ability":"Serene Grace","moves":["hypervoice","psyshock","shadowball","focusblast"],"nature":"Modest","evs":{"hp":248,"atk":0,"def":0,"spa":252,"spd":8,"spe":0},"ivs":{"hp":31,"atk":31,"def":31,"spa":31,"spd":31,"spe":31}},{"name":"Jirachi","species":"Jirachi","item":"leftovers","ability":"Serene Grace","moves":["thunderwave","ironhead","wish","protect"],"nature":"Careful","evs":{"hp":248,"atk":36,"def":0,"spa":0,"spd":224,"spe":0},"ivs":{"hp":31,"atk":31,"def":31,"spa":31,"spd":31,"spe":31}}],"p2team":[{"name":"キュレム","species":"kyurem","item":"choicescarf","ability":"Pressure","moves":["icebeam","flashcannon","dracometeor","earthpower"],"nature":"Modest","evs":{"hp":0,"atk":0,"def":4,"spa":252,"spd":0,"spe":252},"ivs":{"hp":31,"atk":31,"def":31,"spa":31,"spd":31,"spe":31}},{"name":"サザンドラ","species":"hydreigon","item":"lifeorb","ability":"Levitate","moves":["dracometeor","darkpulse","flamethrower","flashcannon"],"nature":"Timid","evs":{"hp":4,"atk":0,"def":0,"spa":252,"spd":0,"spe":252},"ivs":{"hp":31,"atk":31,"def":31,"spa":31,"spd":31,"spe":31}},{"name":"ガブリアス","species":"garchomp","item":"garchompite","ability":"Rough Skin","moves":["fireblast","earthquake","dracometeor","outrage"],"nature":"Naive","evs":{"hp":0,"atk":4,"def":0,"spa":252,"spd":0,"spe":252},"ivs":{"hp":31,"atk":31,"def":31,"spa":31,"spd":31,"spe":31}},{"name":"ボーマンダ","species":"salamence","item":"choicescarf","ability":"Moxie","moves":["outrage","aerialace","steelwing","earthquake"],"nature":"Jolly","evs":{"hp":0,"atk":252,"def":4,"spa":0,"spd":0,"spe":252},"ivs":{"hp":31,"atk":31,"def":31,"spa":31,"spd":31,"spe":31}},{"name":"ガチゴラス","species":"tyrantrum","item":"focussash","ability":"Rock Head","moves":["stealthrock","headsmash","earthquake","dragontail"],"nature":"Adamant","evs":{"hp":0,"atk":252,"def":0,"spa":0,"spd":4,"spe":252},"ivs":{"hp":31,"atk":31,"def":31,"spa":31,"spd":31,"spe":31}},{"name":"カイリュー","species":"dragonite","item":"weaknesspolicy","ability":"Multiscale","moves":["dragondance","extremespeed","earthquake","dragonclaw"],"nature":"Adamant","evs":{"hp":4,"atk":252,"def":0,"spa":0,"spd":0,"spe":252},"ivs":{"hp":31,"atk":31,"def":31,"spa":31,"spd":31,"spe":31}}],"log":["|player|p1|Emg GL Test Tech|149","|player|p2|MASTA_X용의☆사용자|alliancewutang.png","|gametype|singles","|gen|6","|tier|Monotype","|rated","|rule|Baton Pass Clause: Limit one Baton Passer, can't pass Spe and other stats simultaneously","|rule|Swagger Clause: Swagger is banned","|rule|Same Type Clause: Pokémon in a team must share a type","|clearpoke","|poke|p1|Hoopa-Unbound","|poke|p1|Deoxys-Defense","|poke|p1|Latias, F","|poke|p1|Victini","|poke|p1|Meloetta","|poke|p1|Jirachi","|poke|p2|Kyurem","|poke|p2|Hydreigon, M","|poke|p2|Garchomp, F","|poke|p2|Salamence, F","|poke|p2|Tyrantrum, M","|poke|p2|Dragonite, M","|rule|Sleep Clause Mod: Limit one foe put to sleep","|rule|Species Clause: Limit one of each Pokémon","|rule|OHKO Clause: OHKO moves are banned","|rule|Moody Clause: Moody is banned","|rule|Evasion Moves Clause: Evasion moves are banned","|rule|Endless Battle Clause: Forcing endless battles is banned","|rule|HP Percentage Mod: HP is shown in percentages","|teampreview","|","|start","|switch|p1a: Latias|Latias, F|301/301","|switch|p2a: ガチゴラス|Tyrantrum, M|305/305","|turn|1","|","|switch|p1a: Deoxys-Defense|Deoxys-Defense|303/303","|-ability|p1a: Deoxys-Defense|Pressure","|move|p2a: ガチゴラス|Stealth Rock|p1a: Deoxys-Defense","|-sidestart|p1: Emg GL Test Tech|move: Stealth Rock","|","|turn|2","|","|move|p1a: Deoxys-Defense|Cosmic Power|p1a: Deoxys-Defense","|-boost|p1a: Deoxys-Defense|def|1","|-boost|p1a: Deoxys-Defense|spd|1","|move|p2a: ガチゴラス|Dragon Tail|p1a: Deoxys-Defense","|-damage|p1a: Deoxys-Defense|266/303","|drag|p1a: Victini|Victini|341/341","|-damage|p1a: Victini|256/341|[from] Stealth Rock","|","|turn|3","|","|move|p1a: Victini|U-turn|p2a: ガチゴラス","|-damage|p2a: ガチゴラス|245/305","|","|switch|p1a: Jirachi|Jirachi|403/403","|-damage|p1a: Jirachi|378/403|[from] Stealth Rock","|move|p2a: ガチゴラス|Dragon Tail|p1a: Jirachi","|-resisted|p1a: Jirachi","|-damage|p1a: Jirachi|322/403","|drag|p1a: Deoxys-Defense|Deoxys-Defense|266/303","|-damage|p1a: Deoxys-Defense|229/303|[from] Stealth Rock","|-ability|p1a: Deoxys-Defense|Pressure","|","|-heal|p1a: Deoxys-Defense|247/303|[from] item: Leftovers","|turn|4","|","|move|p2a: ガチゴラス|Head Smash|p1a: Deoxys-Defense","|-damage|p1a: Deoxys-Defense|108/303","|move|p1a: Deoxys-Defense|Toxic|p2a: ガチゴラス","|-status|p2a: ガチゴラス|tox","|","|-heal|p1a: Deoxys-Defense|126/303|[from] item: Leftovers","|-damage|p2a: ガチゴラス|226/305 tox|[from] psn","|turn|5","|","|move|p2a: ガチゴラス|Head Smash|p1a: Deoxys-Defense|[miss]","|-miss|p2a: ガチゴラス|p1a: Deoxys-Defense","|move|p1a: Deoxys-Defense|Recover|p1a: Deoxys-Defense","|-heal|p1a: Deoxys-Defense|278/303","|","|-heal|p1a: Deoxys-Defense|296/303|[from] item: Leftovers","|-damage|p2a: ガチゴラス|188/305 tox|[from] psn","|turn|6","|","|switch|p2a: サザンドラ|Hydreigon, M|326/326","|move|p1a: Deoxys-Defense|Recover|p1a: Deoxys-Defense","|-heal|p1a: Deoxys-Defense|303/303","|","|turn|7","|","|move|p2a: サザンドラ|Dark Pulse|p1a: Deoxys-Defense","|-supereffective|p1a: Deoxys-Defense","|-damage|p1a: Deoxys-Defense|77/303","|-damage|p2a: サザンドラ|294/326|[from] item: Life Orb","|move|p1a: Deoxys-Defense|Toxic|p2a: サザンドラ","|-status|p2a: サザンドラ|tox","|","|-heal|p1a: Deoxys-Defense|95/303|[from] item: Leftovers","|-damage|p2a: サザンドラ|274/326 tox|[from] psn","|turn|8","|","|move|p2a: サザンドラ|Dark Pulse|p1a: Deoxys-Defense","|-supereffective|p1a: Deoxys-Defense","|-damage|p1a: Deoxys-Defense|0 fnt","|-damage|p2a: サザンドラ|242/326 tox|[from] item: Life Orb","|faint|p1a: Deoxys-Defense","|","|-damage|p2a: サザンドラ|202/326 tox|[from] psn","|","|switch|p1a: Meloetta|Meloetta|403/403","|-damage|p1a: Meloetta|353/403|[from] Stealth Rock","|turn|9","|","|move|p2a: サザンドラ|Dark Pulse|p1a: Meloetta","|-supereffective|p1a: Meloetta","|-damage|p1a: Meloetta|140/403","|-damage|p2a: サザンドラ|170/326 tox|[from] item: Life Orb","|move|p1a: Meloetta|Hyper Voice|p2a: サザンドラ","|-damage|p2a: サザンドラ|0 fnt","|faint|p2a: サザンドラ","|","|","|switch|p2a: ガブリアス|Garchomp, F|357/357","|turn|10","|","|move|p2a: ガブリアス|Earthquake|p1a: Meloetta","|-damage|p1a: Meloetta|0 fnt","|faint|p1a: Meloetta","|","|","|switch|p1a: Latias|Latias, F|301/301","|-damage|p1a: Latias|264/301|[from] Stealth Rock","|turn|11","|","|detailschange|p1a: Latias|Latias-Mega, F","|-mega|p1a: Latias|Latias|Latiasite","|move|p1a: Latias|Dragon Pulse|p2a: ガブリアス","|-supereffective|p2a: ガブリアス","|-damage|p2a: ガブリアス|0 fnt","|faint|p2a: ガブリアス","|","|","|switch|p2a: カイリュー|Dragonite, M|324/324","|turn|12","|","|move|p1a: Latias|Psyshock|p2a: カイリュー","|-damage|p2a: カイリュー|250/324","|move|p2a: カイリュー|Dragon Claw|p1a: Latias","|-supereffective|p1a: Latias","|-damage|p1a: Latias|0 fnt","|faint|p1a: Latias","|","|","|switch|p1a: Hoopa-Unbound|Hoopa-Unbound|302/302","|-damage|p1a: Hoopa-Unbound|265/302|[from] Stealth Rock","|turn|13","|","|switch|p2a: ガチゴラス|Tyrantrum, M|188/305 tox","|move|p1a: Hoopa-Unbound|Psychic|p2a: ガチゴラス","|-damage|p2a: ガチゴラス|0 fnt","|faint|p2a: ガチゴラス","|","|","|switch|p2a: キュレム|Kyurem|391/391","|-ability|p2a: キュレム|Pressure","|turn|14","|","|switch|p1a: Victini|Victini|256/341","|-damage|p1a: Victini|171/341|[from] Stealth Rock","|move|p2a: キュレム|Ice Beam|p1a: Victini","|-resisted|p1a: Victini","|-damage|p1a: Victini|83/341","|","|turn|15","|","|move|p1a: Victini|Bolt Strike|p2a: キュレム","|-resisted|p2a: キュレム","|-damage|p2a: キュレム|319/391","|move|p2a: キュレム|Ice Beam|p1a: Victini","|-resisted|p1a: Victini","|-damage|p1a: Victini|2/341","|","|turn|16","|","|move|p1a: Victini|Bolt Strike|p2a: キュレム","|-resisted|p2a: キュレム","|-damage|p2a: キュレム|253/391","|move|p2a: キュレム|Ice Beam|p1a: Victini","|-resisted|p1a: Victini","|-damage|p1a: Victini|0 fnt","|faint|p1a: Victini","|","|","|switch|p1a: Jirachi|Jirachi|322/403","|-damage|p1a: Jirachi|297/403|[from] Stealth Rock","|turn|17","|","|switch|p2a: カイリュー|Dragonite, M|250/324","|move|p1a: Jirachi|Wish|p1a: Jirachi","|","|-heal|p1a: Jirachi|322/403|[from] item: Leftovers","|turn|18","|","|move|p2a: カイリュー|Earthquake|p1a: Jirachi","|-supereffective|p1a: Jirachi","|-damage|p1a: Jirachi|48/403","|move|p1a: Jirachi|Thunder Wave|p2a: カイリュー","|-status|p2a: カイリュー|par","|","|-heal|p1a: Jirachi|249/403|[from] move: Wish|[wisher] Jirachi","|-heal|p1a: Jirachi|274/403|[from] item: Leftovers","|turn|19","|","|move|p1a: Jirachi|Iron Head|p2a: カイリュー","|-damage|p2a: カイリュー|148/324 par","|move|p2a: カイリュー|Earthquake|p1a: Jirachi","|-supereffective|p1a: Jirachi","|-damage|p1a: Jirachi|0 fnt","|faint|p1a: Jirachi","|","|","|switch|p1a: Hoopa-Unbound|Hoopa-Unbound|265/302","|-damage|p1a: Hoopa-Unbound|228/302|[from] Stealth Rock","|turn|20","|","|cant|p2a: カイリュー|par","|move|p1a: Hoopa-Unbound|Dark Pulse|p2a: カイリュー","|-damage|p2a: カイリュー|0 fnt","|faint|p2a: カイリュー","|","|","|switch|p2a: キュレム|Kyurem|253/391","|-ability|p2a: キュレム|Pressure","|turn|21","|","|move|p2a: キュレム|Ice Beam|p1a: Hoopa-Unbound","|-damage|p1a: Hoopa-Unbound|80/302","|move|p1a: Hoopa-Unbound|Dark Pulse|p2a: キュレム","|-damage|p2a: キュレム|70/391","|","|turn|22","|","|move|p2a: キュレム|Ice Beam|p1a: Hoopa-Unbound","|-damage|p1a: Hoopa-Unbound|0 fnt","|faint|p1a: Hoopa-Unbound","|","|win|MASTA_X용의☆사용자"],"p1rating":{"entryid":"7162853","serverid":"eos","formatid":"monotype","userid":"emggltesttech","username":"Emg GL Test Tech","w":"12","l":5,"t":"0","gxe":65.5,"r":"1636.7421226019","rd":"76.284749732874","sigma":"0","rptime":"1438851600","rpr":1623.2367691983,"rprd":74.586743336607,"rpsigma":"0","acre":1195.962879775,"lacre":1195.962879775,"oldacre":"1218.9836422802"},"p2rating":{"entryid":"7303561","serverid":"eos","formatid":"monotype","userid":"mastax","username":"MASTAX☆용의 사용자","w":45,"l":"16","t":"0","gxe":71.6,"r":"1688.5582274231","rd":"49.311646407017","sigma":"0","rptime":"1438851600","rpr":1675.7184817976,"rprd":48.107373000266,"rpsigma":"0","acre":1269.5683914806,"lacre":1269.5683914806,"oldacre":"1246.5476289754"},"endType":"normal"}