{"seed":[64627,49376,31555,32554],"turns":41,"p1":"Sapphire~Husky3310","p2":"OSoundTrack","p1team":[{"name":"Meloetta","species":"Meloetta","item":"silkscarf","ability":"Serene Grace","moves":["relicsong","psybeam","drainpunch","shadowball"],"nature":"Mild","evs":{"hp":248,"atk":8,"def":0,"spa":252,"spd":0,"spe":0},"ivs":{"hp":31,"atk":31,"def":31,"spa":31,"spd":31,"spe":31}},{"name":"Jirachi","species":"Jirachi","item":"leftovers","ability":"Serene Grace","moves":["bodyslam","ironhead","zenheadbutt","waterpulse"],"nature":"Lonely","evs":{"hp":224,"atk":252,"def":0,"spa":0,"spd":0,"spe":32},"ivs":{"hp":31,"atk":31,"def":31,"spa":31,"spd":31,"spe":31}},{"name":"Medicham","species":"Medicham","item":"medichamite","ability":"Pure Power","moves":["fakeout","bulletpunch","poweruppunch","psychocut"],"nature":"Jolly","evs":{"hp":0,"atk":252,"def":0,"spa":0,"spd":4,"spe":252},"ivs":{"hp":31,"atk":31,"def":31,"spa":31,"spd":31,"spe":31}},{"name":"Mew","species":"Mew","item":"leftovers","ability":"Synchronize","moves":["willowisp","softboiled","psychic","metronome"],"nature":"Calm","evs":{"hp":252,"atk":0,"def":0,"spa":4,"spd":252,"spe":0},"ivs":{"hp":31,"atk":31,"def":31,"spa":31,"spd":31,"spe":31}},{"name":"Gothitelle","species":"Gothitelle","item":"choicescarf","ability":"Shadow Tag","moves":["trick","calmmind","rest","psychic"],"nature":"Serious","evs":{"hp":252,"atk":0,"def":0,"spa":252,"spd":4,"spe":0},"ivs":{"hp":31,"atk":31,"def":31,"spa":31,"spd":31,"spe":31}},{"name":"Victini","species":"Victini","item":"shedshell","ability":"Victory Star","moves":["vcreate","brickbreak","uturn","fusionbolt"],"nature":"","evs":{"hp":0,"atk":0,"def":0,"spa":0,"spd":0,"spe":0},"ivs":{"hp":31,"atk":31,"def":31,"spa":31,"spd":31,"spe":31}}],"p2team":[{"name":"Seismitoad","species":"Seismitoad","item":"assaultvest","ability":"Water Absorb","moves":["earthpower","scald","sludgebomb","grassknot"],"nature":"Modest","evs":{"hp":184,"atk":0,"def":4,"spa":252,"spd":0,"spe":68},"ivs":{"hp":31,"atk":0,"def":31,"spa":31,"spd":31,"spe":31}},{"name":"Gastrodon","species":"Gastrodon","item":"leftovers","ability":"Storm Drain","moves":["earthquake","scald","toxic","recover"],"nature":"Relaxed","evs":{"hp":252,"atk":0,"def":252,"spa":0,"spd":4,"spe":0},"ivs":{"hp":31,"atk":31,"def":31,"spa":31,"spd":31,"spe":31}},{"name":"Mamoswine","species":"Mamoswine","item":"choiceband","ability":"Thick Fat","moves":["earthquake","iciclespear","knockoff","iceshard"],"nature":"Jolly","evs":{"hp":4,"atk":252,"def":0,"spa":0,"spd":0,"spe":252},"ivs":{"hp":31,"atk":31,"def":31,"spa":31,"spd":31,"spe":31}},{"name":"Garchomp","species":"Garchomp","item":"choicescarf","ability":"Rough Skin","moves":["outrage","earthquake","stoneedge","fireblast"],"nature":"Naive","evs":{"hp":0,"atk":252,"def":0,"spa":4,"spd":0,"spe":252},"ivs":{"hp":31,"atk":31,"def":31,"spa":31,"spd":31,"spe":31}},{"name":"Camerupt","species":"Camerupt","item":"cameruptite","ability":"Magma Armor","moves":["fireblast","earthpower","roar","stealthrock"],"nature":"Modest","evs":{"hp":168,"atk":0,"def":4,"spa":252,"spd":0,"spe":84},"ivs":{"hp":31,"atk":31,"def":31,"spa":31,"spd":31,"spe":31}},{"name":"Landorus","species":"Landorus","item":"lifeorb","ability":"Sheer Force","moves":["earthpower","psychic","rockslide","focusblast"],"nature":"Naive","evs":{"hp":0,"atk":4,"def":0,"spa":252,"spd":0,"spe":252},"ivs":{"hp":31,"atk":31,"def":31,"spa":31,"spd":31,"spe":31}}],"log":["|player|p1|Sapphire~Husky3310|290","|player|p2|OSoundTrack|2","|gametype|singles","|gen|6","|tier|Monotype","|rated","|rule|Baton Pass Clause: Limit one Baton Passer, can't pass Spe and other stats simultaneously","|rule|Swagger Clause: Swagger is banned","|rule|Same Type Clause: Pokémon in a team must share a type","|clearpoke","|poke|p1|Meloetta","|poke|p1|Jirachi","|poke|p1|Medicham, F","|poke|p1|Mew","|poke|p1|Gothitelle, F","|poke|p1|Victini","|poke|p2|Seismitoad, M","|poke|p2|Gastrodon, M","|poke|p2|Mamoswine, M","|poke|p2|Garchomp, M","|poke|p2|Camerupt, M","|poke|p2|Landorus, M","|rule|Sleep Clause Mod: Limit one foe put to sleep","|rule|Species Clause: Limit one of each Pokémon","|rule|OHKO Clause: OHKO moves are banned","|rule|Moody Clause: Moody is banned","|rule|Evasion Moves Clause: Evasion moves are banned","|rule|Endless Battle Clause: Forcing endless battles is banned","|rule|HP Percentage Mod: HP is shown in percentages","|teampreview","|","|start","|switch|p1a: Jirachi|Jirachi|397/397","|switch|p2a: Camerupt|Camerupt, M|323/323","|turn|1","|","|detailschange|p2a: Camerupt|Camerupt-Mega, M","|-mega|p2a: Camerupt|Camerupt|Cameruptite","|move|p1a: Jirachi|Water Pulse|p2a: Camerupt","|-supereffective|p2a: Camerupt","|-damage|p2a: Camerupt|131/323","|-start|p2a: Camerupt|confusion","|-activate|p2a: Camerupt|confusion","|move|p2a: Camerupt|Stealth Rock|p1a: Jirachi","|-sidestart|p1: Sapphire~Husky3310|move: Stealth Rock","|","|turn|2","|","|switch|p2a: Gastrodon|Gastrodon, M|426/426","|move|p1a: Jirachi|Water Pulse|p2a: Gastrodon","|-boost|p2a: Gastrodon|spa|1|[from] ability: Storm Drain","|","|turn|3","|","|move|p1a: Jirachi|Body Slam|p2a: Gastrodon","|-damage|p2a: Gastrodon|335/426","|move|p2a: Gastrodon|Scald|p1a: Jirachi","|-damage|p1a: Jirachi|262/397","|-status|p1a: Jirachi|brn","|","|-heal|p1a: Jirachi|286/397 brn|[from] item: Leftovers","|-heal|p2a: Gastrodon|361/426|[from] item: Leftovers","|-damage|p1a: Jirachi|237/397 brn|[from] brn","|turn|4","|","|move|p1a: Jirachi|Body Slam|p2a: Gastrodon","|-damage|p2a: Gastrodon|320/426","|-status|p2a: Gastrodon|par","|cant|p2a: Gastrodon|par","|","|-heal|p1a: Jirachi|261/397 brn|[from] item: Leftovers","|-heal|p2a: Gastrodon|346/426 par|[from] item: Leftovers","|-damage|p1a: Jirachi|212/397 brn|[from] brn","|turn|5","|","|move|p1a: Jirachi|Zen Headbutt|p2a: Gastrodon","|-crit|p2a: Gastrodon","|-damage|p2a: Gastrodon|261/426 par","|cant|p2a: Gastrodon|par","|","|-heal|p1a: Jirachi|236/397 brn|[from] item: Leftovers","|-heal|p2a: Gastrodon|287/426 par|[from] item: Leftovers","|-damage|p1a: Jirachi|187/397 brn|[from] brn","|turn|6","|","|move|p1a: Jirachi|Zen Headbutt|p2a: Gastrodon","|-damage|p2a: Gastrodon|225/426 par","|cant|p2a: Gastrodon|flinch","|","|-heal|p1a: Jirachi|211/397 brn|[from] item: Leftovers","|-heal|p2a: Gastrodon|251/426 par|[from] item: Leftovers","|-damage|p1a: Jirachi|162/397 brn|[from] brn","|turn|7","|","|move|p1a: Jirachi|Zen Headbutt|p2a: Gastrodon","|-crit|p2a: Gastrodon","|-damage|p2a: Gastrodon|160/426 par","|cant|p2a: Gastrodon|flinch","|","|-heal|p1a: Jirachi|186/397 brn|[from] item: Leftovers","|-heal|p2a: Gastrodon|186/426 par|[from] item: Leftovers","|-damage|p1a: Jirachi|137/397 brn|[from] brn","|turn|8","|","|move|p1a: Jirachi|Zen Headbutt|p2a: Gastrodon|[miss]","|-miss|p1a: Jirachi|p2a: Gastrodon","|move|p2a: Gastrodon|Recover|p2a: Gastrodon","|-heal|p2a: Gastrodon|399/426 par","|","|-heal|p1a: Jirachi|161/397 brn|[from] item: Leftovers","|-heal|p2a: Gastrodon|425/426 par|[from] item: Leftovers","|-damage|p1a: Jirachi|112/397 brn|[from] brn","|turn|9","|","|move|p1a: Jirachi|Zen Headbutt|p2a: Gastrodon","|-damage|p2a: Gastrodon|360/426 par","|move|p2a: Gastrodon|Recover|p2a: Gastrodon","|-heal|p2a: Gastrodon|426/426 par","|","|-heal|p1a: Jirachi|136/397 brn|[from] item: Leftovers","|-damage|p1a: Jirachi|87/397 brn|[from] brn","|turn|10","|","|switch|p1a: Gothitelle|Gothitelle, F|344/344","|-damage|p1a: Gothitelle|301/344|[from] Stealth Rock","|move|p2a: Gastrodon|Recover|p2a: Gastrodon","|-fail|p2a: Gastrodon","|","|turn|11","|","|move|p1a: Gothitelle|Trick|p2a: Gastrodon","|-activate|p1a: Gothitelle|move: Trick|[of] p2a: Gastrodon","|-item|p2a: Gastrodon|Choice Scarf|[from] move: Trick","|-item|p1a: Gothitelle|Leftovers|[from] move: Trick","|move|p2a: Gastrodon|Toxic|p1a: Gothitelle","|-status|p1a: Gothitelle|tox","|","|-heal|p1a: Gothitelle|322/344 tox|[from] item: Leftovers","|-damage|p1a: Gothitelle|301/344 tox|[from] psn","|turn|12","|","|move|p1a: Gothitelle|Calm Mind|p1a: Gothitelle","|-boost|p1a: Gothitelle|spa|1","|-boost|p1a: Gothitelle|spd|1","|cant|p2a: Gastrodon|par","|","|-heal|p1a: Gothitelle|322/344 tox|[from] item: Leftovers","|-damage|p1a: Gothitelle|280/344 tox|[from] psn","|turn|13","|","|move|p1a: Gothitelle|Calm Mind|p1a: Gothitelle","|-boost|p1a: Gothitelle|spa|1","|-boost|p1a: Gothitelle|spd|1","|move|p2a: Gastrodon|Toxic|p1a: Gothitelle","|-fail|p1a: Gothitelle|tox","|","|-heal|p1a: Gothitelle|301/344 tox|[from] item: Leftovers","|-damage|p1a: Gothitelle|238/344 tox|[from] psn","|turn|14","|","|move|p1a: Gothitelle|Calm Mind|p1a: Gothitelle","|-boost|p1a: Gothitelle|spa|1","|-boost|p1a: Gothitelle|spd|1","|move|p2a: Gastrodon|Toxic|p1a: Gothitelle|[miss]","|-miss|p2a: Gastrodon|p1a: Gothitelle","|","|-heal|p1a: Gothitelle|259/344 tox|[from] item: Leftovers","|-damage|p1a: Gothitelle|175/344 tox|[from] psn","|turn|15","|","|move|p1a: Gothitelle|Rest|p1a: Gothitelle","|-status|p1a: Gothitelle|slp","|-heal|p1a: Gothitelle|344/344 slp|[silent]","|-status|p1a: Gothitelle|slp|[from] move: Rest","|move|p2a: Gastrodon|Toxic|p1a: Gothitelle","|-fail|p1a: Gothitelle","|","|turn|16","|","|cant|p1a: Gothitelle|slp","|move|p2a: Gastrodon|Toxic|p1a: Gothitelle","|-fail|p1a: Gothitelle","|","|turn|17","|","|cant|p1a: Gothitelle|slp","|cant|p2a: Gastrodon|par","|","|turn|18","|","|-curestatus|p1a: Gothitelle|slp","|move|p1a: Gothitelle|Calm Mind|p1a: Gothitelle","|-boost|p1a: Gothitelle|spa|1","|-boost|p1a: Gothitelle|spd|1","|cant|p2a: Gastrodon|par","|","|turn|19","|","|move|p1a: Gothitelle|Calm Mind|p1a: Gothitelle","|-boost|p1a: Gothitelle|spa|1","|-boost|p1a: Gothitelle|spd|1","|move|p2a: Gastrodon|Toxic|p1a: Gothitelle","|-status|p1a: Gothitelle|tox","|","|-damage|p1a: Gothitelle|323/344 tox|[from] psn","|turn|20","|","|move|p1a: Gothitelle|Calm Mind|p1a: Gothitelle","|-boost|p1a: Gothitelle|spa|1","|-boost|p1a: Gothitelle|spd|1","|move|p2a: Gastrodon|Toxic|p1a: Gothitelle","|-fail|p1a: Gothitelle|tox","|","|-heal|p1a: Gothitelle|344/344 tox|[from] item: Leftovers","|-damage|p1a: Gothitelle|302/344 tox|[from] psn","|turn|21","|","|move|p1a: Gothitelle|Rest|p1a: Gothitelle","|-status|p1a: Gothitelle|slp","|-heal|p1a: Gothitelle|344/344 slp|[silent]","|-status|p1a: Gothitelle|slp|[from] move: Rest","|cant|p2a: Gastrodon|par","|","|turn|22","|","|cant|p1a: Gothitelle|slp","|cant|p2a: Gastrodon|par","|","|turn|23","|","|cant|p1a: Gothitelle|slp","|cant|p2a: Gastrodon|par","|","|turn|24","|","|-curestatus|p1a: Gothitelle|slp","|move|p1a: Gothitelle|Psychic|p2a: Gastrodon","|-damage|p2a: Gastrodon|0 fnt","|faint|p2a: Gastrodon","|","|","|switch|p2a: Mamoswine|Mamoswine, M|362/362","|turn|25","|","|move|p2a: Mamoswine|Knock Off|p1a: Gothitelle","|-supereffective|p1a: Gothitelle","|-damage|p1a: Gothitelle|0 fnt","|-enditem|p1a: Gothitelle|Leftovers|[from] move: Knock Off|[of] p2a: Mamoswine","|faint|p1a: Gothitelle","|","|","|switch|p1a: Jirachi|Jirachi|87/397 brn","|-damage|p1a: Jirachi|63/397 brn|[from] Stealth Rock","|turn|26","|","|switch|p2a: Seismitoad|Seismitoad, M|397/397","|move|p1a: Jirachi|Body Slam|p2a: Seismitoad","|-damage|p2a: Seismitoad|340/397","|","|-heal|p1a: Jirachi|87/397 brn|[from] item: Leftovers","|-damage|p1a: Jirachi|38/397 brn|[from] brn","|turn|27","|","|switch|p2a: Camerupt|Camerupt-Mega, M|131/323","|move|p1a: Jirachi|Body Slam|p2a: Camerupt","|-damage|p2a: Camerupt|85/323","|","|-heal|p1a: Jirachi|62/397 brn|[from] item: Leftovers","|-damage|p1a: Jirachi|13/397 brn|[from] brn","|turn|28","|","|move|p1a: Jirachi|Body Slam|p2a: Camerupt","|-damage|p2a: Camerupt|36/323","|move|p2a: Camerupt|Fire Blast|p1a: Jirachi","|-supereffective|p1a: Jirachi","|-damage|p1a: Jirachi|0 fnt","|faint|p1a: Jirachi","|","|","|switch|p1a: Medicham|Medicham, F|261/261","|-damage|p1a: Medicham|245/261|[from] Stealth Rock","|turn|29","|","|detailschange|p1a: Medicham|Medicham-Mega, F","|-mega|p1a: Medicham|Medicham|Medichamite","|move|p1a: Medicham|Fake Out|p2a: Camerupt","|-damage|p2a: Camerupt|0 fnt","|faint|p2a: Camerupt","|","|","|switch|p2a: Landorus|Landorus, M|319/319","|turn|30","|","|move|p2a: Landorus|Earth Power|p1a: Medicham","|-damage|p1a: Medicham|0 fnt","|faint|p1a: Medicham","|","|","|switch|p1a: Meloetta|Meloetta|403/403","|-damage|p1a: Meloetta|353/403|[from] Stealth Rock","|turn|31","|","|switch|p2a: Seismitoad|Seismitoad, M|340/397","|move|p1a: Meloetta|Relic Song|p2a: Seismitoad","|-damage|p2a: Seismitoad|183/397","|-formechange|p1a: Meloetta|Meloetta-Pirouette|[msg]","|","|turn|32","|","|move|p1a: Meloetta|Relic Song|p2a: Seismitoad","|-damage|p2a: Seismitoad|80/397","|-formechange|p1a: Meloetta|Meloetta|[msg]","|move|p2a: Seismitoad|Scald|p1a: Meloetta","|-damage|p1a: Meloetta|266/403","|","|turn|33","|","|move|p1a: Meloetta|Relic Song|p2a: Seismitoad","|-damage|p2a: Seismitoad|0 fnt","|-formechange|p1a: Meloetta|Meloetta-Pirouette|[msg]","|faint|p2a: Seismitoad","|","|","|switch|p2a: Mamoswine|Mamoswine, M|362/362","|turn|34","|","|move|p2a: Mamoswine|Ice Shard|p1a: Meloetta","|-damage|p1a: Meloetta|130/403","|move|p1a: Meloetta|Drain Punch|p2a: Mamoswine","|-supereffective|p2a: Mamoswine","|-damage|p2a: Mamoswine|108/362","|-heal|p1a: Meloetta|257/403|[from] drain|[of] p2a: Mamoswine","|","|turn|35","|","|move|p2a: Mamoswine|Ice Shard|p1a: Meloetta","|-damage|p1a: Meloetta|136/403","|move|p1a: Meloetta|Drain Punch|p2a: Mamoswine","|-supereffective|p2a: Mamoswine","|-damage|p2a: Mamoswine|0 fnt","|-heal|p1a: Meloetta|190/403|[from] drain|[of] p2a: Mamoswine","|faint|p2a: Mamoswine","|","|","|switch|p2a: Garchomp|Garchomp, M|357/357","|turn|36","|","|move|p2a: Garchomp|Earthquake|p1a: Meloetta","|-damage|p1a: Meloetta|0 fnt","|faint|p1a: Meloetta","|","|","|switch|p1a: Mew|Mew|404/404","|-damage|p1a: Mew|354/404|[from] Stealth Rock","|turn|37","|","|switch|p2a: Landorus|Landorus, M|319/319","|move|p1a: Mew|Metronome|p1a: Mew","|move|p1a: Mew|Zen Headbutt|p2a: Landorus|[from]Metronome|[miss]","|-miss|p1a: Mew|p2a: Landorus","|","|-heal|p1a: Mew|379/404|[from] item: Leftovers","|turn|38","|","|move|p2a: Landorus|Earth Power|p1a: Mew","|-damage|p1a: Mew|198/404","|move|p1a: Mew|Will-O-Wisp|p2a: Landorus","|-status|p2a: Landorus|brn","|","|-heal|p1a: Mew|223/404|[from] item: Leftovers","|-damage|p2a: Landorus|280/319 brn|[from] brn","|turn|39","|","|move|p2a: Landorus|Earth Power|p1a: Mew","|-damage|p1a: Mew|32/404","|move|p1a: Mew|Metronome|p1a: Mew","|move|p1a: Mew|Cross Poison|p2a: Landorus|[from]Metronome","|-resisted|p2a: Landorus","|-damage|p2a: Landorus|254/319 brn","|","|-heal|p1a: Mew|57/404|[from] item: Leftovers","|-damage|p2a: Landorus|215/319 brn|[from] brn","|turn|40","|","|move|p2a: Landorus|Earth Power|p1a: Mew","|-damage|p1a: Mew|0 fnt","|faint|p1a: Mew","|","|-damage|p2a: Landorus|176/319 brn|[from] brn","|","|switch|p1a: Victini|Victini|341/341","|-damage|p1a: Victini|256/341|[from] Stealth Rock","|turn|41","|","|move|p2a: Landorus|Earth Power|p1a: Victini","|-supereffective|p1a: Victini","|-damage|p1a: Victini|0 fnt","|faint|p1a: Victini","|","|win|OSoundTrack"],"p1rating":{"entryid":"7167721","serverid":"eos","formatid":"monotype","userid":"sapphirehusky3310","username":"Sapphire~Husky3310","w":"4","l":21,"t":"0","gxe":24.7,"r":"1298.3012946023","rd":"68.011274120613","sigma":"0","rptime":"1438851600","rpr":1286.3534762721,"rprd":66.380526873969,"rpsigma":"0","acre":1000,"lacre":1000,"oldacre":"1000"},"p2rating":{"entryid":"7427579","serverid":"eos","formatid":"monotype","userid":"osoundtrack","username":"OSoundTrack","w":3,"l":"1","t":"0","gxe":58.5,"r":1554.7718657433,"rd":111.39849644572,"sigma":"0","rptime":1438851600,"rpr":1567.349395509,"rprd":108.16269886984,"rpsigma":"0","acre":1121.215897075,"lacre":1121.215897075,"oldacre":"1103.4470791948"},"endType":"normal"}