{"seed":[16405,15059,57553,13975],"turns":35,"p1":"GL♅Torii","p2":"GL♅Shinigami","p1team":[{"name":"Whimsicott","species":"Whimsicott","item":"focussash","ability":"Prankster","moves":["memento","naturepower","grasswhistle","endeavor"],"nature":"Modest","evs":{"hp":0,"atk":0,"def":0,"spa":252,"spd":0,"spe":252},"ivs":{"hp":31,"atk":31,"def":31,"spa":31,"spd":31,"spe":31}},{"name":"Clefable","species":"Clefable","item":"leftovers","ability":"Magic Guard","moves":["cosmicpower","storedpower","softboiled","fireblast"],"nature":"Bold","evs":{"hp":252,"atk":0,"def":148,"spa":0,"spd":108,"spe":0},"ivs":{"hp":31,"atk":31,"def":31,"spa":31,"spd":31,"spe":31}},{"name":"Azumarill","species":"Azumarill","item":"sitrusberry","ability":"Huge Power","moves":["bellydrum","aquajet","superpower","waterfall"],"nature":"Adamant","evs":{"hp":252,"atk":252,"def":0,"spa":0,"spd":4,"spe":0},"ivs":{"hp":31,"atk":31,"def":31,"spa":31,"spd":31,"spe":31}},{"name":"Gardevoir","species":"Gardevoir","item":"gardevoirite","ability":"Synchronize","moves":["hypervoice","psyshock","focusblast","substitute"],"nature":"Timid","evs":{"hp":0,"atk":0,"def":0,"spa":252,"spd":4,"spe":252},"ivs":{"hp":31,"atk":31,"def":31,"spa":31,"spd":31,"spe":31}},{"name":"Klefki","species":"Klefki","item":"lightclay","ability":"Prankster","moves":["reflect","lightscreen","thunderwave","spikes"],"nature":"Bold","evs":{"hp":248,"atk":0,"def":252,"spa":0,"spd":8,"spe":0},"ivs":{"hp":31,"atk":31,"def":31,"spa":31,"spd":31,"spe":31}},{"name":"Slurpuff","species":"Slurpuff","item":"sitrusberry","ability":"Unburden","moves":["bellydrum","drainpunch","return","playrough"],"nature":"Adamant","evs":{"hp":119,"atk":252,"def":1,"spa":0,"spd":0,"spe":136},"ivs":{"hp":31,"atk":31,"def":31,"spa":31,"spd":31,"spe":31}}],"p2team":[{"name":"Evil Stitch","species":"gengar","item":"focussash","ability":"Levitate","moves":["destinybond","shadowball","sludgewave","focusblast"],"nature":"Timid","evs":{"hp":0,"atk":0,"def":0,"spa":252,"spd":4,"spe":252},"ivs":{"hp":31,"atk":31,"def":31,"spa":31,"spd":31,"spe":31}},{"name":"Avant-Garde","species":"aegislash","item":"weaknesspolicy","ability":"Stance Change","moves":["kingsshield","swordsdance","shadowsneak","sacredsword"],"nature":"Adamant","evs":{"hp":248,"atk":252,"def":0,"spa":0,"spd":8,"spe":0},"shiny":true,"ivs":{"hp":31,"atk":31,"def":31,"spa":31,"spd":31,"spe":31}},{"name":"Drix","species":"jellicent","item":"leftovers","ability":"Cursed Body","moves":["scald","hex","willowisp","recover"],"nature":"Calm","evs":{"hp":252,"atk":0,"def":0,"spa":4,"spd":252,"spe":0},"gender":"M","ivs":{"hp":31,"atk":31,"def":31,"spa":31,"spd":31,"spe":31}},{"name":"Sentinel","species":"sableye","item":"sablenite","ability":"Prankster","moves":["calmmind","willowisp","recover","darkpulse"],"nature":"Calm","evs":{"hp":248,"atk":0,"def":252,"spa":8,"spd":0,"spe":0},"ivs":{"hp":31,"atk":31,"def":31,"spa":31,"spd":31,"spe":31}},{"name":"Chappo The Great","species":"golurk","item":"focussash","ability":"No Guard","moves":["dynamicpunch","stealthrock","stoneedge","phantomforce"],"nature":"Adamant","evs":{"hp":248,"atk":252,"def":0,"spa":0,"spd":8,"spe":0},"shiny":true,"ivs":{"hp":31,"atk":31,"def":31,"spa":31,"spd":31,"spe":31}},{"name":"Chandelure Bing","species":"chandelure","item":"choicescarf","ability":"Infiltrator","moves":["flamethrower","shadowball","trick","energyball"],"nature":"Timid","evs":{"hp":0,"atk":0,"def":0,"spa":252,"spd":4,"spe":252},"shiny":true,"ivs":{"hp":31,"atk":31,"def":31,"spa":31,"spd":31,"spe":31}}],"log":["|player|p1|GL♅Torii|gltorii.png","|player|p2|GL♅Shinigami|glshinigami.png","|gametype|singles","|gen|6","|tier|Monotype","|rated","|rule|Baton Pass Clause: Limit one Baton Passer, can't pass Spe and other stats simultaneously","|rule|Swagger Clause: Swagger is banned","|rule|Same Type Clause: Pokémon in a team must share a type","|clearpoke","|poke|p1|Whimsicott, F","|poke|p1|Clefable, M","|poke|p1|Azumarill, F","|poke|p1|Gardevoir, F","|poke|p1|Klefki, F","|poke|p1|Slurpuff, F","|poke|p2|Gengar, F","|poke|p2|Aegislash, M, shiny","|poke|p2|Jellicent, M","|poke|p2|Sableye, F","|poke|p2|Golurk, shiny","|poke|p2|Chandelure, M, shiny","|rule|Sleep Clause Mod: Limit one foe put to sleep","|rule|Species Clause: Limit one of each Pokémon","|rule|OHKO Clause: OHKO moves are banned","|rule|Moody Clause: Moody is banned","|rule|Evasion Moves Clause: Evasion moves are banned","|rule|Endless Battle Clause: Forcing endless battles is banned","|rule|HP Percentage Mod: HP is shown in percentages","|teampreview","|","|start","|switch|p1a: Klefki|Klefki, F|317/317","|switch|p2a: Chappo The Great|Golurk, shiny|381/381","|turn|1","|","|move|p1a: Klefki|Reflect|p1a: Klefki","|-sidestart|p1: GL♅Torii|Reflect","|move|p2a: Chappo The Great|Dynamic Punch|p1a: Klefki","|-damage|p1a: Klefki|273/317","|-start|p1a: Klefki|confusion","|","|turn|2","|","|-activate|p1a: Klefki|confusion","|move|p1a: Klefki|Light Screen|p1a: Klefki","|-sidestart|p1: GL♅Torii|move: Light Screen","|move|p2a: Chappo The Great|Stealth Rock|p1a: Klefki","|-sidestart|p1: GL♅Torii|move: Stealth Rock","|","|turn|3","|","|-activate|p1a: Klefki|confusion","|move|p1a: Klefki|Spikes|p2a: Chappo The Great","|-sidestart|p2: GL♅Shinigami|Spikes","|move|p2a: Chappo The Great|Phantom Force|p1a: Klefki|[still]","|-prepare|p2a: Chappo The Great|Phantom Force|p1a: Klefki","|","|turn|4","|","|-activate|p1a: Klefki|confusion","|move|p1a: Klefki|Spikes|p2a: Chappo The Great","|-sidestart|p2: GL♅Shinigami|Spikes","|move|p2a: Chappo The Great|Phantom Force|p1a: Klefki|[from]lockedmove","|-damage|p1a: Klefki|213/317","|","|turn|5","|","|-activate|p1a: Klefki|confusion","|move|p1a: Klefki|Spikes|p2a: Chappo The Great","|-sidestart|p2: GL♅Shinigami|Spikes","|move|p2a: Chappo The Great|Dynamic Punch|p1a: Klefki","|-damage|p1a: Klefki|165/317","|","|turn|6","|","|switch|p1a: Azumarill|Azumarill, F|404/404","|-damage|p1a: Azumarill|354/404|[from] Stealth Rock","|move|p2a: Chappo The Great|Dynamic Punch|p1a: Azumarill","|-resisted|p1a: Azumarill","|-damage|p1a: Azumarill|317/404","|-start|p1a: Azumarill|confusion","|","|turn|7","|","|move|p2a: Chappo The Great|Stone Edge|p1a: Azumarill","|-damage|p1a: Azumarill|240/404","|-activate|p1a: Azumarill|confusion","|move|p1a: Azumarill|Waterfall|p2a: Chappo The Great","|-supereffective|p2a: Chappo The Great","|-enditem|p2a: Chappo The Great|Focus Sash","|-damage|p2a: Chappo The Great|1/381","|","|turn|8","|","|-activate|p1a: Azumarill|confusion","|-damage|p1a: Azumarill|172/404|[from] confusion","|-enditem|p1a: Azumarill|Sitrus Berry|[eat]","|-heal|p1a: Azumarill|273/404|[from] item: Sitrus Berry","|move|p2a: Chappo The Great|Stone Edge|p1a: Azumarill","|-damage|p1a: Azumarill|197/404","|","|-sideend|p1: GL♅Torii|Reflect","|turn|9","|","|-end|p1a: Azumarill|confusion","|move|p1a: Azumarill|Aqua Jet|p2a: Chappo The Great","|-supereffective|p2a: Chappo The Great","|-damage|p2a: Chappo The Great|0 fnt","|faint|p2a: Chappo The Great","|","|-sideend|p1: GL♅Torii|move: Light Screen","|","|switch|p2a: Avant-Garde|Aegislash, M, shiny|323/323","|-damage|p2a: Avant-Garde|243/323|[from] Spikes","|turn|10","|","|move|p2a: Avant-Garde|Swords Dance|p2a: Avant-Garde","|-boost|p2a: Avant-Garde|atk|2","|move|p1a: Azumarill|Waterfall|p2a: Avant-Garde","|-damage|p2a: Avant-Garde|113/323","|","|turn|11","|","|move|p2a: Avant-Garde|King's Shield|p2a: Avant-Garde","|-singleturn|p2a: Avant-Garde|Protect","|move|p1a: Azumarill|Aqua Jet|p2a: Avant-Garde","|-activate|p2a: Avant-Garde|Protect","|-unboost|p1a: Azumarill|atk|2","|","|turn|12","|","|switch|p1a: Klefki|Klefki, F|165/317","|-damage|p1a: Klefki|146/317|[from] Stealth Rock","|-formechange|p2a: Avant-Garde|Aegislash-Blade","|move|p2a: Avant-Garde|Shadow Sneak|p1a: Klefki","|-damage|p1a: Klefki|10/317","|","|turn|13","|","|move|p1a: Klefki|Reflect|p1a: Klefki","|-sidestart|p1: GL♅Torii|Reflect","|move|p2a: Avant-Garde|Shadow Sneak|p1a: Klefki","|-damage|p1a: Klefki|0 fnt","|faint|p1a: Klefki","|","|","|switch|p1a: Azumarill|Azumarill, F|197/404","|-damage|p1a: Azumarill|147/404|[from] Stealth Rock","|turn|14","|","|move|p2a: Avant-Garde|Shadow Sneak|p1a: Azumarill","|-damage|p1a: Azumarill|39/404","|move|p1a: Azumarill|Belly Drum|p1a: Azumarill","|-fail|p1a: Azumarill","|","|turn|15","|","|move|p2a: Avant-Garde|Shadow Sneak|p1a: Azumarill","|-damage|p1a: Azumarill|0 fnt","|faint|p1a: Azumarill","|","|","|switch|p1a: Whimsicott|Whimsicott, F|261/261","|-damage|p1a: Whimsicott|229/261|[from] Stealth Rock","|turn|16","|","|move|p1a: Whimsicott|Memento|p2a: Avant-Garde","|-unboost|p2a: Avant-Garde|atk|2","|-unboost|p2a: Avant-Garde|spa|2","|faint|p1a: Whimsicott","|move|p2a: Avant-Garde|Swords Dance|p2a: Avant-Garde","|-boost|p2a: Avant-Garde|atk|2","|","|","|switch|p1a: Slurpuff|Slurpuff, F|334/334","|-damage|p1a: Slurpuff|293/334|[from] Stealth Rock","|turn|17","|","|move|p1a: Slurpuff|Belly Drum|p1a: Slurpuff","|-damage|p1a: Slurpuff|126/334","|-setboost|p1a: Slurpuff|atk|6|[from] move: Belly Drum","|-enditem|p1a: Slurpuff|Sitrus Berry|[eat]","|-heal|p1a: Slurpuff|209/334|[from] item: Sitrus Berry","|move|p2a: Avant-Garde|Sacred Sword|p1a: Slurpuff","|-resisted|p1a: Slurpuff","|-damage|p1a: Slurpuff|139/334","|","|turn|18","|","|-formechange|p2a: Avant-Garde|Aegislash","|move|p2a: Avant-Garde|King's Shield|p2a: Avant-Garde","|-singleturn|p2a: Avant-Garde|Protect","|move|p1a: Slurpuff|Play Rough|p2a: Avant-Garde","|-activate|p2a: Avant-Garde|Protect","|-unboost|p1a: Slurpuff|atk|2","|","|turn|19","|","|-formechange|p2a: Avant-Garde|Aegislash-Blade","|move|p2a: Avant-Garde|Shadow Sneak|p1a: Slurpuff","|-damage|p1a: Slurpuff|43/334","|move|p1a: Slurpuff|Play Rough|p2a: Avant-Garde","|-resisted|p2a: Avant-Garde","|-damage|p2a: Avant-Garde|0 fnt","|faint|p2a: Avant-Garde","|","|","|switch|p2a: Chandelure Bing|Chandelure, M, shiny|261/261","|-damage|p2a: Chandelure Bing|196/261|[from] Spikes","|turn|20","|","|move|p1a: Slurpuff|Play Rough|p2a: Chandelure Bing","|-resisted|p2a: Chandelure Bing","|-damage|p2a: Chandelure Bing|0 fnt","|faint|p2a: Chandelure Bing","|","|-sideend|p1: GL♅Torii|Reflect","|","|switch|p2a: Drix|Jellicent, M|404/404","|-damage|p2a: Drix|303/404|[from] Spikes","|turn|21","|","|move|p1a: Slurpuff|Play Rough|p2a: Drix","|-damage|p2a: Drix|0 fnt","|faint|p2a: Drix","|","|","|switch|p2a: Sentinel|Sableye, F|303/303","|-damage|p2a: Sentinel|228/303|[from] Spikes","|turn|22","|","|move|p2a: Sentinel|Will-O-Wisp|p1a: Slurpuff","|-status|p1a: Slurpuff|brn","|move|p1a: Slurpuff|Play Rough|p2a: Sentinel","|-supereffective|p2a: Sentinel","|-damage|p2a: Sentinel|0 fnt","|faint|p2a: Sentinel","|","|-damage|p1a: Slurpuff|2/334 brn|[from] brn","|","|switch|p2a: Evil Stitch|Gengar, F|261/261","|turn|23","|","|move|p1a: Slurpuff|Play Rough|p2a: Evil Stitch","|-resisted|p2a: Evil Stitch","|-damage|p2a: Evil Stitch|108/261","|move|p2a: Evil Stitch|Shadow Ball|p1a: Slurpuff","|-damage|p1a: Slurpuff|0 fnt","|faint|p1a: Slurpuff","|","|","|switch|p1a: Clefable|Clefable, M|394/394","|turn|24","|","|move|p2a: Evil Stitch|Destiny Bond|p2a: Evil Stitch","|-singlemove|p2a: Evil Stitch|Destiny Bond","|move|p1a: Clefable|Cosmic Power|p1a: Clefable","|-boost|p1a: Clefable|def|1","|-boost|p1a: Clefable|spd|1","|","|turn|25","|","|move|p2a: Evil Stitch|Sludge Wave|p1a: Clefable","|-supereffective|p1a: Clefable","|-damage|p1a: Clefable|178/394","|move|p1a: Clefable|Cosmic Power|p1a: Clefable","|-boost|p1a: Clefable|def|1","|-boost|p1a: Clefable|spd|1","|","|-heal|p1a: Clefable|202/394|[from] item: Leftovers","|turn|26","|","|move|p2a: Evil Stitch|Sludge Wave|p1a: Clefable","|-supereffective|p1a: Clefable","|-damage|p1a: Clefable|50/394","|move|p1a: Clefable|Soft-Boiled|p1a: Clefable","|-heal|p1a: Clefable|247/394","|","|-heal|p1a: Clefable|271/394|[from] item: Leftovers","|turn|27","|","|move|p2a: Evil Stitch|Sludge Wave|p1a: Clefable","|-supereffective|p1a: Clefable","|-damage|p1a: Clefable|119/394","|move|p1a: Clefable|Cosmic Power|p1a: Clefable","|-boost|p1a: Clefable|def|1","|-boost|p1a: Clefable|spd|1","|","|-heal|p1a: Clefable|143/394|[from] item: Leftovers","|turn|28","|","|move|p2a: Evil Stitch|Sludge Wave|p1a: Clefable","|-supereffective|p1a: Clefable","|-damage|p1a: Clefable|15/394","|-status|p1a: Clefable|psn","|move|p1a: Clefable|Soft-Boiled|p1a: Clefable","|-heal|p1a: Clefable|212/394 psn","|","|-heal|p1a: Clefable|236/394 psn|[from] item: Leftovers","|turn|29","|","|move|p2a: Evil Stitch|Sludge Wave|p1a: Clefable","|-supereffective|p1a: Clefable","|-damage|p1a: Clefable|108/394 psn","|move|p1a: Clefable|Soft-Boiled|p1a: Clefable","|-heal|p1a: Clefable|305/394 psn","|","|-heal|p1a: Clefable|329/394 psn|[from] item: Leftovers","|turn|30","|","|move|p2a: Evil Stitch|Sludge Wave|p1a: Clefable","|-supereffective|p1a: Clefable","|-damage|p1a: Clefable|197/394 psn","|move|p1a: Clefable|Cosmic Power|p1a: Clefable","|-boost|p1a: Clefable|def|1","|-boost|p1a: Clefable|spd|1","|","|-heal|p1a: Clefable|221/394 psn|[from] item: Leftovers","|turn|31","|","|move|p2a: Evil Stitch|Sludge Wave|p1a: Clefable","|-supereffective|p1a: Clefable","|-damage|p1a: Clefable|113/394 psn","|move|p1a: Clefable|Soft-Boiled|p1a: Clefable","|-heal|p1a: Clefable|310/394 psn","|","|-heal|p1a: Clefable|334/394 psn|[from] item: Leftovers","|turn|32","|","|move|p2a: Evil Stitch|Focus Blast|p1a: Clefable","|-resisted|p1a: Clefable","|-damage|p1a: Clefable|310/394 psn","|move|p1a: Clefable|Cosmic Power|p1a: Clefable","|-boost|p1a: Clefable|def|1","|-boost|p1a: Clefable|spd|1","|","|-heal|p1a: Clefable|334/394 psn|[from] item: Leftovers","|turn|33","|","|move|p2a: Evil Stitch|Sludge Wave|p1a: Clefable","|-supereffective|p1a: Clefable","|-damage|p1a: Clefable|236/394 psn","|move|p1a: Clefable|Cosmic Power|p1a: Clefable","|-boost|p1a: Clefable|def|1","|-boost|p1a: Clefable|spd|1","|","|-heal|p1a: Clefable|260/394 psn|[from] item: Leftovers","|turn|34","|","|move|p2a: Evil Stitch|Destiny Bond|p2a: Evil Stitch","|-singlemove|p2a: Evil Stitch|Destiny Bond","|move|p1a: Clefable|Soft-Boiled|p1a: Clefable","|-heal|p1a: Clefable|394/394 psn","|","|turn|35","|","|move|p2a: Evil Stitch|Destiny Bond|p2a: Evil Stitch","|-singlemove|p2a: Evil Stitch|Destiny Bond","|move|p1a: Clefable|Stored Power|p2a: Evil Stitch","|-supereffective|p2a: Evil Stitch","|-damage|p2a: Evil Stitch|0 fnt","|faint|p2a: Evil Stitch","|-activate|p2a: Evil Stitch|Destiny Bond","|faint|p1a: Clefable","|","|win|GL♅Torii"],"p1rating":{"entryid":"7298449","serverid":"eos","formatid":"monotype","userid":"gltorii","username":"GL♅Torii","w":2,"l":"2","t":"0","gxe":50.3,"r":1469.213811824,"rd":112.48286189686,"sigma":"0","rptime":1439370000,"rpr":1502.6538349312,"rprd":107.78997170815,"rpsigma":"0","acre":1061.83095024,"lacre":1061.83095024,"oldacre":"1022.557216472"},"p2rating":{"entryid":"7366394","serverid":"eos","formatid":"monotype","userid":"glshinigami","username":"GL♅Shinigami","w":"1","l":1,"t":"0","gxe":50.7,"r":1547.0269663871,"rd":123.4652342115,"sigma":"0","rptime":1439370000,"rpr":1505.800068821,"rprd":117.38697064491,"rpsigma":"0","acre":1029.3970487934,"lacre":1029.3970487934,"oldacre":"1047.8156178377"},"endType":"normal"}