{"seed":[8669,25746,41667,56557],"turns":30,"p1":"Void KGBeast","p2":"Kre8noyz","p1team":[{"name":"Charizard","species":"Charizard","item":"charizarditey","ability":"Blaze","moves":["defog","focusblast","fireblast","solarbeam"],"nature":"Timid","evs":{"hp":0,"atk":0,"def":0,"spa":252,"spd":4,"spe":252},"ivs":{"hp":31,"atk":31,"def":31,"spa":31,"spd":31,"spe":31}},{"name":"Infernape","species":"Infernape","item":"focussash","ability":"Blaze","moves":["stealthrock","taunt","closecombat","fireblast"],"nature":"Naive","evs":{"hp":0,"atk":252,"def":0,"spa":4,"spd":0,"spe":252},"ivs":{"hp":31,"atk":31,"def":31,"spa":31,"spd":31,"spe":31}},{"name":"Darmanitan","species":"Darmanitan","item":"choicescarf","ability":"Sheer Force","moves":["flareblitz","uturn","rockslide","superpower"],"nature":"Jolly","evs":{"hp":0,"atk":252,"def":0,"spa":0,"spd":4,"spe":252},"ivs":{"hp":31,"atk":31,"def":31,"spa":31,"spd":31,"spe":31}},{"name":"Heatran","species":"Heatran","item":"leftovers","ability":"Flash Fire","moves":["solarbeam","toxic","earthpower","flashcannon"],"nature":"Calm","evs":{"hp":248,"atk":0,"def":0,"spa":0,"spd":252,"spe":8},"ivs":{"hp":31,"atk":0,"def":31,"spa":31,"spd":31,"spe":31}},{"name":"Chandelure","species":"Chandelure","item":"choicescarf","ability":"Flash Fire","moves":["flamethrower","shadowball","energyball","hiddenpowerice"],"nature":"Timid","evs":{"hp":0,"atk":0,"def":4,"spa":252,"spd":0,"spe":252},"ivs":{"hp":31,"atk":30,"def":30,"spa":31,"spd":31,"spe":31}},{"name":"Arcanine","species":"Arcanine","item":"leftovers","ability":"Intimidate","moves":["willowisp","flareblitz","extremespeed","morningsun"],"nature":"Impish","evs":{"hp":252,"atk":0,"def":252,"spa":0,"spd":0,"spe":4},"ivs":{"hp":31,"atk":31,"def":31,"spa":31,"spd":31,"spe":31}}],"p2team":[{"name":"Swampert","species":"Swampert","item":"focussash","ability":"Damp","moves":["earthquake","brickbreak","icepunch","counter"],"nature":"Impish","evs":{"hp":8,"atk":252,"def":0,"spa":0,"spd":0,"spe":248},"happiness":0,"ivs":{"hp":31,"atk":31,"def":31,"spa":31,"spd":31,"spe":31}},{"name":"Starmie","species":"Starmie","item":"leftovers","ability":"Natural Cure","moves":["rapidspin","signalbeam","psychic","reflecttype"],"nature":"Timid","evs":{"hp":0,"atk":0,"def":4,"spa":188,"spd":64,"spe":252},"ivs":{"hp":31,"atk":31,"def":31,"spa":31,"spd":31,"spe":31}},{"name":"Keldeo-Resolute","species":"Keldeo-Resolute","item":"leftovers","ability":"Justified","moves":["surf","secretsword","hiddenpowerflying","calmmind"],"nature":"Timid","evs":{"hp":0,"atk":4,"def":0,"spa":252,"spd":0,"spe":252},"ivs":{"hp":30,"atk":30,"def":30,"spa":30,"spd":30,"spe":31}},{"name":"Politoed","species":"Politoed","item":"leftovers","ability":"Drizzle","moves":["endeavor","hypnosis","perishsong","scald"],"nature":"","evs":{"hp":0,"atk":0,"def":252,"spa":0,"spd":252,"spe":4},"ivs":{"hp":31,"atk":31,"def":31,"spa":31,"spd":31,"spe":31}},{"name":"Lapras","species":"Lapras","item":"leftovers","ability":"Hydration","moves":["raindance","confuseray","freezedry","surf"],"nature":"Timid","evs":{"hp":0,"atk":0,"def":4,"spa":252,"spd":0,"spe":252},"ivs":{"hp":31,"atk":31,"def":31,"spa":31,"spd":31,"spe":31}},{"name":"Kingdra","species":"Kingdra","item":"lifeorb","ability":"Swift Swim","moves":["clearsmog","dragonpulse","scald","raindance"],"nature":"","evs":{"hp":4,"atk":0,"def":0,"spa":252,"spd":0,"spe":252},"ivs":{"hp":31,"atk":31,"def":31,"spa":31,"spd":31,"spe":31}}],"log":["|player|p1|Void KGBeast|kgbeast.png","|player|p2|Kre8noyz|163","|gametype|singles","|gen|6","|tier|Monotype","|rated","|rule|Baton Pass Clause: Limit one Baton Passer, can't pass Spe and other stats simultaneously","|rule|Swagger Clause: Swagger is banned","|rule|Same Type Clause: Pokémon in a team must share a type","|clearpoke","|poke|p1|Charizard, F","|poke|p1|Infernape, F","|poke|p1|Darmanitan, F","|poke|p1|Heatran, M","|poke|p1|Chandelure, M","|poke|p1|Arcanine, F","|poke|p2|Swampert, F","|poke|p2|Starmie","|poke|p2|Keldeo-Resolute","|poke|p2|Politoed, F","|poke|p2|Lapras, M","|poke|p2|Kingdra, M","|rule|Sleep Clause Mod: Limit one foe put to sleep","|rule|Species Clause: Limit one of each Pokémon","|rule|OHKO Clause: OHKO moves are banned","|rule|Moody Clause: Moody is banned","|rule|Evasion Moves Clause: Evasion moves are banned","|rule|Endless Battle Clause: Forcing endless battles is banned","|rule|HP Percentage Mod: HP is shown in percentages","|teampreview","|","|start","|switch|p1a: Chandelure|Chandelure, M|261/261","|switch|p2a: Keldeo-Resolute|Keldeo-Resolute|322/322","|turn|1","|","|move|p1a: Chandelure|Energy Ball|p2a: Keldeo-Resolute","|-supereffective|p2a: Keldeo-Resolute","|-damage|p2a: Keldeo-Resolute|46/322","|move|p2a: Keldeo-Resolute|Surf|p1a: Chandelure","|-supereffective|p1a: Chandelure","|-damage|p1a: Chandelure|0 fnt","|faint|p1a: Chandelure","|","|-heal|p2a: Keldeo-Resolute|66/322|[from] item: Leftovers","|","|switch|p1a: Infernape|Infernape, F|293/293","|turn|2","|","|switch|p2a: Swampert|Swampert, F|343/343","|move|p1a: Infernape|Close Combat|p2a: Swampert","|-crit|p2a: Swampert","|-damage|p2a: Swampert|76/343","|-unboost|p1a: Infernape|def|1","|-unboost|p1a: Infernape|spd|1","|","|turn|3","|","|move|p1a: Infernape|Close Combat|p2a: Swampert","|-damage|p2a: Swampert|0 fnt","|-unboost|p1a: Infernape|def|1","|-unboost|p1a: Infernape|spd|1","|faint|p2a: Swampert","|","|","|switch|p2a: Starmie|Starmie|261/261","|turn|4","|","|switch|p1a: Heatran|Heatran, M|385/385","|move|p2a: Starmie|Psychic|p1a: Heatran","|-resisted|p1a: Heatran","|-damage|p1a: Heatran|337/385","|","|-heal|p1a: Heatran|361/385|[from] item: Leftovers","|turn|5","|","|switch|p2a: Politoed|Politoed, F|321/321","|-weather|RainDance","|switch|p1a: Charizard|Charizard, F|297/297","|","|-weather|RainDance|[upkeep]","|turn|6","|","|detailschange|p1a: Charizard|Charizard-Mega-Y, F","|-mega|p1a: Charizard|Charizard|Charizardite Y","|-weather|SunnyDay","|move|p1a: Charizard|Solar Beam|p2a: Politoed|[still]","|-prepare|p1a: Charizard|Solar Beam|p2a: Politoed","|-anim|p1a: Charizard|Solar Beam|p2a: Politoed","|-supereffective|p2a: Politoed","|-damage|p2a: Politoed|67/321","|move|p2a: Politoed|Hypnosis|p1a: Charizard|[miss]","|-miss|p2a: Politoed|p1a: Charizard","|","|-weather|SunnyDay|[upkeep]","|-heal|p2a: Politoed|87/321|[from] item: Leftovers","|turn|7","|","|switch|p2a: Kingdra|Kingdra, M|292/292","|move|p1a: Charizard|Solar Beam|p2a: Kingdra|[still]","|-prepare|p1a: Charizard|Solar Beam|p2a: Kingdra","|-anim|p1a: Charizard|Solar Beam|p2a: Kingdra","|-damage|p2a: Kingdra|117/292","|","|-weather|SunnyDay|[upkeep]","|turn|8","|","|move|p1a: Charizard|Focus Blast|p2a: Kingdra|[miss]","|-miss|p1a: Charizard|p2a: Kingdra","|move|p2a: Kingdra|Rain Dance|p2a: Kingdra","|-weather|RainDance","|","|-weather|RainDance|[upkeep]","|turn|9","|","|switch|p1a: Arcanine|Arcanine, F|384/384","|-ability|p1a: Arcanine|Intimidate","|-unboost|p2a: Kingdra|atk|1","|move|p2a: Kingdra|Scald|p1a: Arcanine","|-supereffective|p1a: Arcanine","|-damage|p1a: Arcanine|0 fnt","|-damage|p2a: Kingdra|88/292|[from] item: Life Orb","|faint|p1a: Arcanine","|","|-weather|RainDance|[upkeep]","|","|switch|p1a: Charizard|Charizard-Mega-Y, F|297/297","|-weather|SunnyDay","|turn|10","|","|switch|p2a: Politoed|Politoed, F|87/321","|-weather|RainDance","|move|p1a: Charizard|Solar Beam|p2a: Politoed|[still]","|-prepare|p1a: Charizard|Solar Beam|p2a: Politoed","|","|-weather|RainDance|[upkeep]","|-heal|p2a: Politoed|107/321|[from] item: Leftovers","|turn|11","|","|move|p1a: Charizard|Solar Beam|p2a: Politoed|[from]lockedmove","|-supereffective|p2a: Politoed","|-damage|p2a: Politoed|0 fnt","|faint|p2a: Politoed","|","|-weather|RainDance|[upkeep]","|","|switch|p2a: Kingdra|Kingdra, M|88/292","|turn|12","|","|switch|p1a: Infernape|Infernape, F|293/293","|move|p2a: Kingdra|Scald|p1a: Infernape","|-supereffective|p1a: Infernape","|-enditem|p1a: Infernape|Focus Sash","|-damage|p1a: Infernape|1/293","|-damage|p2a: Kingdra|59/292|[from] item: Life Orb","|","|-weather|RainDance|[upkeep]","|turn|13","|","|switch|p2a: Starmie|Starmie|261/261","|move|p1a: Infernape|Stealth Rock|p2a: Starmie","|-sidestart|p2: Kre8noyz|move: Stealth Rock","|","|-weather|RainDance|[upkeep]","|turn|14","|","|switch|p1a: Heatran|Heatran, M|361/385","|move|p2a: Starmie|Rapid Spin|p1a: Heatran","|-resisted|p1a: Heatran","|-damage|p1a: Heatran|356/385","|-sideend|p2: Kre8noyz|Stealth Rock|[from] move: Rapid Spin|[of] p2a: Starmie","|","|-weather|none","|-heal|p1a: Heatran|380/385|[from] item: Leftovers","|turn|15","|","|switch|p2a: Keldeo-Resolute|Keldeo-Resolute|66/322","|move|p1a: Heatran|Earth Power|p2a: Keldeo-Resolute","|-damage|p2a: Keldeo-Resolute|0 fnt","|faint|p2a: Keldeo-Resolute","|","|-heal|p1a: Heatran|385/385|[from] item: Leftovers","|","|switch|p2a: Lapras|Lapras, M|401/401","|turn|16","|","|move|p2a: Lapras|Rain Dance|p2a: Lapras","|-weather|RainDance","|move|p1a: Heatran|Toxic|p2a: Lapras","|-status|p2a: Lapras|tox","|","|-weather|RainDance|[upkeep]","|-curestatus|p2a: Lapras|tox","|turn|17","|","|switch|p1a: Infernape|Infernape, F|1/293","|move|p2a: Lapras|Surf|p1a: Infernape","|-supereffective|p1a: Infernape","|-damage|p1a: Infernape|0 fnt","|faint|p1a: Infernape","|","|-weather|RainDance|[upkeep]","|","|switch|p1a: Charizard|Charizard-Mega-Y, F|297/297","|-weather|SunnyDay","|turn|18","|","|move|p1a: Charizard|Solar Beam|p2a: Lapras|[still]","|-prepare|p1a: Charizard|Solar Beam|p2a: Lapras","|-anim|p1a: Charizard|Solar Beam|p2a: Lapras","|-supereffective|p2a: Lapras","|-damage|p2a: Lapras|69/401","|move|p2a: Lapras|Rain Dance|p2a: Lapras","|-weather|RainDance","|","|-weather|RainDance|[upkeep]","|-heal|p2a: Lapras|94/401|[from] item: Leftovers","|turn|19","|","|switch|p1a: Darmanitan|Darmanitan, F|351/351","|move|p2a: Lapras|Surf|p1a: Darmanitan","|-supereffective|p1a: Darmanitan","|-damage|p1a: Darmanitan|0 fnt","|faint|p1a: Darmanitan","|","|-weather|RainDance|[upkeep]","|-heal|p2a: Lapras|119/401|[from] item: Leftovers","|","|switch|p1a: Charizard|Charizard-Mega-Y, F|297/297","|-weather|SunnyDay","|turn|20","|","|move|p1a: Charizard|Solar Beam|p2a: Lapras|[still]","|-prepare|p1a: Charizard|Solar Beam|p2a: Lapras","|-anim|p1a: Charizard|Solar Beam|p2a: Lapras","|-supereffective|p2a: Lapras","|-damage|p2a: Lapras|0 fnt","|faint|p2a: Lapras","|","|-weather|SunnyDay|[upkeep]","|","|switch|p2a: Starmie|Starmie|261/261","|turn|21","|","|move|p2a: Starmie|Reflect Type|p1a: Charizard","|-start|p2a: Starmie|typechange|[from] move: Reflect Type|[of] p1a: Charizard","|move|p1a: Charizard|Solar Beam|p2a: Starmie|[still]","|-prepare|p1a: Charizard|Solar Beam|p2a: Starmie","|-anim|p1a: Charizard|Solar Beam|p2a: Starmie","|-resisted|p2a: Starmie","|-damage|p2a: Starmie|218/261","|","|-weather|SunnyDay|[upkeep]","|-heal|p2a: Starmie|234/261|[from] item: Leftovers","|turn|22","|","|switch|p1a: Heatran|Heatran, M|385/385","|move|p2a: Starmie|Psychic|p1a: Heatran","|-resisted|p1a: Heatran","|-damage|p1a: Heatran|357/385","|","|-weather|SunnyDay|[upkeep]","|-heal|p2a: Starmie|250/261|[from] item: Leftovers","|-heal|p1a: Heatran|381/385|[from] item: Leftovers","|turn|23","|","|move|p2a: Starmie|Psychic|p1a: Heatran","|-resisted|p1a: Heatran","|-damage|p1a: Heatran|353/385","|move|p1a: Heatran|Solar Beam|p2a: Starmie|[still]","|-prepare|p1a: Heatran|Solar Beam|p2a: Starmie","|-anim|p1a: Heatran|Solar Beam|p2a: Starmie","|-resisted|p2a: Starmie","|-damage|p2a: Starmie|217/261","|","|-weather|SunnyDay|[upkeep]","|-heal|p2a: Starmie|233/261|[from] item: Leftovers","|-heal|p1a: Heatran|377/385|[from] item: Leftovers","|turn|24","|","|move|p2a: Starmie|Psychic|p1a: Heatran","|-resisted|p1a: Heatran","|-damage|p1a: Heatran|350/385","|move|p1a: Heatran|Toxic|p2a: Starmie","|-status|p2a: Starmie|tox","|","|-weather|none","|-heal|p2a: Starmie|249/261 tox|[from] item: Leftovers","|-heal|p1a: Heatran|374/385|[from] item: Leftovers","|-damage|p2a: Starmie|233/261 tox|[from] psn","|turn|25","|","|move|p2a: Starmie|Psychic|p1a: Heatran","|-resisted|p1a: Heatran","|-damage|p1a: Heatran|343/385","|move|p1a: Heatran|Earth Power|p2a: Starmie","|-immune|p2a: Starmie|[msg]","|","|-heal|p2a: Starmie|249/261 tox|[from] item: Leftovers","|-heal|p1a: Heatran|367/385|[from] item: Leftovers","|-damage|p2a: Starmie|217/261 tox|[from] psn","|turn|26","|","|move|p2a: Starmie|Psychic|p1a: Heatran","|-crit|p1a: Heatran","|-resisted|p1a: Heatran","|-damage|p1a: Heatran|322/385","|move|p1a: Heatran|Flash Cannon|p2a: Starmie","|-resisted|p2a: Starmie","|-damage|p2a: Starmie|156/261 tox","|","|-heal|p2a: Starmie|172/261 tox|[from] item: Leftovers","|-heal|p1a: Heatran|346/385|[from] item: Leftovers","|-damage|p2a: Starmie|124/261 tox|[from] psn","|turn|27","|","|switch|p2a: Kingdra|Kingdra, M|59/292","|move|p1a: Heatran|Flash Cannon|p2a: Kingdra","|-resisted|p2a: Kingdra","|-damage|p2a: Kingdra|0 fnt","|faint|p2a: Kingdra","|","|-heal|p1a: Heatran|370/385|[from] item: Leftovers","|","|switch|p2a: Starmie|Starmie|124/261","|turn|28","|","|move|p2a: Starmie|Psychic|p1a: Heatran","|-resisted|p1a: Heatran","|-damage|p1a: Heatran|327/385","|move|p1a: Heatran|Toxic|p2a: Starmie","|-status|p2a: Starmie|tox","|","|-heal|p2a: Starmie|140/261 tox|[from] item: Leftovers","|-heal|p1a: Heatran|351/385|[from] item: Leftovers","|-damage|p2a: Starmie|124/261 tox|[from] psn","|turn|29","|","|move|p2a: Starmie|Psychic|p1a: Heatran","|-crit|p1a: Heatran","|-resisted|p1a: Heatran","|-damage|p1a: Heatran|282/385","|move|p1a: Heatran|Flash Cannon|p2a: Starmie","|-resisted|p2a: Starmie","|-damage|p2a: Starmie|67/261 tox","|","|-heal|p2a: Starmie|83/261 tox|[from] item: Leftovers","|-heal|p1a: Heatran|306/385|[from] item: Leftovers","|-damage|p2a: Starmie|51/261 tox|[from] psn","|turn|30","|","|move|p2a: Starmie|Psychic|p1a: Heatran","|-resisted|p1a: Heatran","|-damage|p1a: Heatran|261/385","|-unboost|p1a: Heatran|spd|1","|move|p1a: Heatran|Flash Cannon|p2a: Starmie","|-resisted|p2a: Starmie","|-damage|p2a: Starmie|0 fnt","|faint|p2a: Starmie","|","|win|Void KGBeast"],"p1rating":{"entryid":"6841698","serverid":"eos","formatid":"monotype","userid":"voidkgbeast","username":"Void KGBeast","w":14,"l":"11","t":"0","gxe":51.9,"r":"1512.0293141398","rd":"71.469052118224","sigma":"0","rptime":"1439370000","rpr":1514.4461400283,"rprd":68.876275165196,"rpsigma":"0","acre":1116.8488223694,"lacre":1116.8488223694,"oldacre":"1091.4110583669"},"p2rating":{"entryid":"6510480","serverid":"eos","formatid":"monotype","userid":"kre8noyz","username":"Kre8noyz","w":"44","l":61,"t":"0","gxe":42.6,"r":"1450.6753167543","rd":"39.188045084654","sigma":"0","rptime":"1439370000","rpr":1443.7033935254,"rprd":38.755731089769,"rpsigma":"0","acre":1058.8534035085,"lacre":1058.8534035085,"oldacre":"1080.1656172682"},"endType":"normal"}