{"seed":[38763,10775,32239,3147],"turns":23,"p1":"Lazulite Leavanny","p2":"Guard Wanderer","p1team":[{"name":"Porygon-Z","species":"Porygon-Z","item":"choicespecs","ability":"Adaptability","moves":["triattack","shadowball","discharge","icebeam"],"nature":"Modest","evs":{"hp":0,"atk":0,"def":4,"spa":252,"spd":0,"spe":252},"ivs":{"hp":31,"atk":31,"def":31,"spa":31,"spd":31,"spe":31}},{"name":"Ditto","species":"Ditto","item":"choicescarf","ability":"Imposter","moves":["transform"],"nature":"","evs":{"hp":0,"atk":0,"def":0,"spa":0,"spd":0,"spe":0},"ivs":{"hp":31,"atk":31,"def":31,"spa":31,"spd":31,"spe":31}},{"name":"Snorlax","species":"Snorlax","item":"leftovers","ability":"Immunity","moves":["rest","sleeptalk","bodyslam","curse"],"nature":"Careful","evs":{"hp":252,"atk":4,"def":0,"spa":0,"spd":252,"spe":0},"ivs":{"hp":31,"atk":31,"def":31,"spa":31,"spd":31,"spe":31}},{"name":"Lopunny","species":"Lopunny","item":"lopunnite","ability":"Cute Charm","moves":["fakeout","return","highjumpkick","thunderpunch"],"nature":"Jolly","evs":{"hp":0,"atk":252,"def":0,"spa":0,"spd":4,"spe":252},"ivs":{"hp":31,"atk":31,"def":31,"spa":31,"spd":31,"spe":31}},{"name":"Chansey","species":"Chansey","item":"eviolite","ability":"Serene Grace","moves":["toxic","seismictoss","psychic","softboiled"],"nature":"Bold","evs":{"hp":248,"atk":0,"def":252,"spa":8,"spd":0,"spe":0},"ivs":{"hp":31,"atk":31,"def":31,"spa":31,"spd":31,"spe":31}},{"name":"Ambipom","species":"Ambipom","item":"lifeorb","ability":"Technician","moves":["fakeout","lastresort","doublehit"],"nature":"","evs":{"hp":4,"atk":252,"def":0,"spa":0,"spd":0,"spe":252},"ivs":{"hp":31,"atk":31,"def":31,"spa":31,"spd":31,"spe":31}}],"p2team":[{"name":"Weezing","species":"Weezing","item":"sitrusberry","ability":"Levitate","moves":["toxicspikes","willowisp","thief","memento"],"nature":"Careful","evs":{"hp":248,"atk":8,"def":0,"spa":0,"spd":252,"spe":0},"ivs":{"hp":31,"atk":31,"def":31,"spa":31,"spd":31,"spe":31}},{"name":"Dragalge","species":"Dragalge","item":"assaultvest","ability":"Adaptability","moves":["dracometeor","sludgewave","surf","dragontail"],"nature":"Modest","evs":{"hp":248,"atk":0,"def":0,"spa":252,"spd":8,"spe":0},"ivs":{"hp":31,"atk":31,"def":31,"spa":31,"spd":31,"spe":31}},{"name":"Skuntank","species":"Skuntank","item":"","ability":"Stench","moves":["snatch","thief","suckerpunch","poisonjab"],"nature":"Adamant","evs":{"hp":248,"atk":252,"def":0,"spa":0,"spd":8,"spe":0},"ivs":{"hp":31,"atk":31,"def":31,"spa":31,"spd":31,"spe":31}},{"name":"Venomoth","species":"Venomoth","item":"blacksludge","ability":"Tinted Lens","moves":["venoshock","protect","quiverdance","bugbuzz"],"nature":"Calm","evs":{"hp":240,"atk":0,"def":0,"spa":0,"spd":16,"spe":252},"ivs":{"hp":31,"atk":31,"def":31,"spa":31,"spd":31,"spe":31}},{"name":"Crobat","species":"Crobat","item":"whiteherb","ability":"Infiltrator","moves":["curse","acrobatics","roost","snatch"],"nature":"Jolly","evs":{"hp":248,"atk":8,"def":0,"spa":0,"spd":0,"spe":252},"ivs":{"hp":31,"atk":31,"def":31,"spa":31,"spd":31,"spe":31}},{"name":"Toxicroak","species":"Toxicroak","item":"bigroot","ability":"Poison Touch","moves":["suckerpunch","bulkup","thunderpunch","drainpunch"],"nature":"Adamant","evs":{"hp":248,"atk":252,"def":0,"spa":0,"spd":8,"spe":0},"ivs":{"hp":31,"atk":31,"def":31,"spa":31,"spd":31,"spe":31}}],"log":["|player|p1|Lazulite Leavanny|102","|player|p2|Guard Wanderer|235","|gametype|singles","|gen|6","|tier|Monotype","|rated","|rule|Baton Pass Clause: Limit one Baton Passer, can't pass Spe and other stats simultaneously","|rule|Swagger Clause: Swagger is banned","|rule|Same Type Clause: Pokémon in a team must share a type","|clearpoke","|poke|p1|Porygon-Z","|poke|p1|Ditto","|poke|p1|Snorlax, F","|poke|p1|Lopunny, F","|poke|p1|Chansey, F","|poke|p1|Ambipom, M","|poke|p2|Weezing, M","|poke|p2|Dragalge, M","|poke|p2|Skuntank, F","|poke|p2|Venomoth, F","|poke|p2|Crobat, F","|poke|p2|Toxicroak, F","|rule|Sleep Clause Mod: Limit one foe put to sleep","|rule|Species Clause: Limit one of each Pokémon","|rule|OHKO Clause: OHKO moves are banned","|rule|Moody Clause: Moody is banned","|rule|Evasion Moves Clause: Evasion moves are banned","|rule|Endless Battle Clause: Forcing endless battles is banned","|rule|HP Percentage Mod: HP is shown in percentages","|teampreview","|","|start","|switch|p1a: Ambipom|Ambipom, M|292/292","|switch|p2a: Weezing|Weezing, M|333/333","|turn|1","|","|move|p1a: Ambipom|Fake Out|p2a: Weezing","|-damage|p2a: Weezing|238/333","|-damage|p1a: Ambipom|263/292|[from] item: Life Orb","|cant|p2a: Weezing|flinch","|","|turn|2","|","|move|p1a: Ambipom|Double Hit|p2a: Weezing","|-damage|p2a: Weezing|147/333","|-enditem|p2a: Weezing|Sitrus Berry|[eat]","|-heal|p2a: Weezing|230/333|[from] item: Sitrus Berry","|-damage|p2a: Weezing|139/333","|-hitcount|p2a: Weezing|2","|-damage|p1a: Ambipom|234/292|[from] item: Life Orb","|move|p2a: Weezing|Will-O-Wisp|p1a: Ambipom","|-status|p1a: Ambipom|brn","|","|-damage|p1a: Ambipom|198/292 brn|[from] brn","|turn|3","|","|move|p1a: Ambipom|Last Resort|p2a: Weezing","|-damage|p2a: Weezing|18/333","|-damage|p1a: Ambipom|169/292 brn|[from] item: Life Orb","|move|p2a: Weezing|Toxic Spikes|p1a: Ambipom","|-sidestart|p1: Lazulite Leavanny|move: Toxic Spikes","|","|-damage|p1a: Ambipom|133/292 brn|[from] brn","|turn|4","|","|switch|p2a: Dragalge|Dragalge, M|333/333","|move|p1a: Ambipom|Double Hit|p2a: Dragalge","|-damage|p2a: Dragalge|278/333","|-damage|p2a: Dragalge|222/333","|-hitcount|p2a: Dragalge|2","|-damage|p1a: Ambipom|104/292 brn|[from] item: Life Orb","|","|-damage|p1a: Ambipom|68/292 brn|[from] brn","|turn|5","|","|move|p1a: Ambipom|Last Resort|p2a: Dragalge","|-damage|p2a: Dragalge|82/333","|-damage|p1a: Ambipom|39/292 brn|[from] item: Life Orb","|move|p2a: Dragalge|Sludge Wave|p1a: Ambipom","|-damage|p1a: Ambipom|0 fnt","|faint|p1a: Ambipom","|","|","|switch|p1a: Lopunny|Lopunny, F|271/271","|-status|p1a: Lopunny|psn","|turn|6","|","|detailschange|p1a: Lopunny|Lopunny-Mega, F","|-mega|p1a: Lopunny|Lopunny|Lopunnite","|move|p1a: Lopunny|Fake Out|p2a: Dragalge","|-damage|p2a: Dragalge|3/333","|cant|p2a: Dragalge|flinch","|","|-damage|p1a: Lopunny|238/271 psn|[from] psn","|turn|7","|","|move|p1a: Lopunny|Return|p2a: Dragalge","|-damage|p2a: Dragalge|0 fnt","|faint|p2a: Dragalge","|","|-damage|p1a: Lopunny|205/271 psn|[from] psn","|","|switch|p2a: Toxicroak|Toxicroak, F|369/369","|turn|8","|","|move|p1a: Lopunny|High Jump Kick|p2a: Toxicroak","|-resisted|p2a: Toxicroak","|-damage|p2a: Toxicroak|211/369","|move|p2a: Toxicroak|Bulk Up|p2a: Toxicroak","|-boost|p2a: Toxicroak|atk|1","|-boost|p2a: Toxicroak|def|1","|","|-damage|p1a: Lopunny|172/271 psn|[from] psn","|turn|9","|","|move|p1a: Lopunny|Return|p2a: Toxicroak","|-damage|p2a: Toxicroak|22/369","|move|p2a: Toxicroak|Drain Punch|p1a: Lopunny","|-supereffective|p1a: Lopunny","|-damage|p1a: Lopunny|0 fnt","|-heal|p2a: Toxicroak|134/369|[from] drain|[of] p1a: Lopunny","|faint|p1a: Lopunny","|","|","|switch|p1a: Porygon-Z|Porygon-Z|311/311","|-status|p1a: Porygon-Z|psn","|turn|10","|","|move|p2a: Toxicroak|Sucker Punch|p1a: Porygon-Z","|-damage|p1a: Porygon-Z|117/311 psn","|move|p1a: Porygon-Z|Tri Attack|p2a: Toxicroak","|-damage|p2a: Toxicroak|0 fnt","|faint|p2a: Toxicroak","|","|-damage|p1a: Porygon-Z|79/311 psn|[from] psn","|","|switch|p2a: Skuntank|Skuntank, F|409/409","|turn|11","|","|move|p2a: Skuntank|Sucker Punch|p1a: Porygon-Z","|-damage|p1a: Porygon-Z|0 fnt","|faint|p1a: Porygon-Z","|","|","|switch|p1a: Ditto|Ditto|237/237","|-status|p1a: Ditto|psn","|-transform|p1a: Ditto|p2a: Skuntank","|turn|12","|","|move|p1a: Ditto|Sucker Punch|p2a: Skuntank","|-resisted|p2a: Skuntank","|-damage|p2a: Skuntank|327/409","|move|p2a: Skuntank|Poison Jab|p1a: Ditto","|-resisted|p1a: Ditto","|-damage|p1a: Ditto|158/237 psn","|","|-damage|p1a: Ditto|129/237 psn|[from] psn","|turn|13","|","|switch|p2a: Venomoth|Venomoth, F|341/341","|move|p1a: Ditto|Sucker Punch|p2a: Venomoth","|-fail|p1a: Ditto","|","|-damage|p1a: Ditto|100/237 psn|[from] psn","|turn|14","|","|move|p1a: Ditto|Sucker Punch|p2a: Venomoth","|-fail|p1a: Ditto","|move|p2a: Venomoth|Quiver Dance|p2a: Venomoth","|-boost|p2a: Venomoth|spa|1","|-boost|p2a: Venomoth|spd|1","|-boost|p2a: Venomoth|spe|1","|","|-damage|p1a: Ditto|71/237 psn|[from] psn","|turn|15","|","|move|p1a: Ditto|Sucker Punch|p2a: Venomoth","|-fail|p1a: Ditto","|move|p2a: Venomoth|Quiver Dance|p2a: Venomoth","|-boost|p2a: Venomoth|spa|1","|-boost|p2a: Venomoth|spd|1","|-boost|p2a: Venomoth|spe|1","|","|-damage|p1a: Ditto|42/237 psn|[from] psn","|turn|16","|","|move|p1a: Ditto|Sucker Punch|p2a: Venomoth","|-fail|p1a: Ditto","|move|p2a: Venomoth|Quiver Dance|p2a: Venomoth","|-boost|p2a: Venomoth|spa|1","|-boost|p2a: Venomoth|spd|1","|-boost|p2a: Venomoth|spe|1","|","|-damage|p1a: Ditto|13/237 psn|[from] psn","|turn|17","|","|move|p2a: Venomoth|Quiver Dance|p2a: Venomoth","|-boost|p2a: Venomoth|spa|1","|-boost|p2a: Venomoth|spd|1","|-boost|p2a: Venomoth|spe|1","|-activate|p1a: Ditto|move: Struggle","|move|p1a: Ditto|Struggle|p2a: Venomoth","|-damage|p2a: Venomoth|262/341","|-damage|p1a: Ditto|0 fnt|[from] recoil","|faint|p1a: Ditto","|","|-heal|p2a: Venomoth|283/341|[from] item: Black Sludge","|","|switch|p1a: Chansey|Chansey, F|703/703","|-status|p1a: Chansey|psn","|turn|18","|","|move|p2a: Venomoth|Venoshock|p1a: Chansey","|-damage|p1a: Chansey|435/703 psn","|move|p1a: Chansey|Psychic|p2a: Venomoth","|-supereffective|p2a: Venomoth","|-damage|p2a: Venomoth|257/341","|","|-heal|p2a: Venomoth|278/341|[from] item: Black Sludge","|-damage|p1a: Chansey|348/703 psn|[from] psn","|turn|19","|","|move|p2a: Venomoth|Venoshock|p1a: Chansey","|-damage|p1a: Chansey|65/703 psn","|move|p1a: Chansey|Seismic Toss|p2a: Venomoth","|-damage|p2a: Venomoth|178/341","|","|-heal|p2a: Venomoth|199/341|[from] item: Black Sludge","|-damage|p1a: Chansey|0 fnt|[from] psn","|faint|p1a: Chansey","|","|switch|p1a: Snorlax|Snorlax, F|524/524","|turn|20","|","|move|p2a: Venomoth|Bug Buzz|p1a: Snorlax","|-damage|p1a: Snorlax|320/524","|move|p1a: Snorlax|Curse|p1a: Snorlax","|-unboost|p1a: Snorlax|spe|1","|-boost|p1a: Snorlax|atk|1","|-boost|p1a: Snorlax|def|1","|","|-heal|p2a: Venomoth|220/341|[from] item: Black Sludge","|-heal|p1a: Snorlax|352/524|[from] item: Leftovers","|turn|21","|","|move|p2a: Venomoth|Bug Buzz|p1a: Snorlax","|-damage|p1a: Snorlax|141/524","|move|p1a: Snorlax|Rest|p1a: Snorlax","|-status|p1a: Snorlax|slp","|-heal|p1a: Snorlax|524/524 slp|[silent]","|-status|p1a: Snorlax|slp|[from] move: Rest","|","|-heal|p2a: Venomoth|241/341|[from] item: Black Sludge","|turn|22","|","|move|p2a: Venomoth|Bug Buzz|p1a: Snorlax","|-crit|p1a: Snorlax","|-damage|p1a: Snorlax|230/524 slp","|-unboost|p1a: Snorlax|spd|1","|cant|p1a: Snorlax|slp","|move|p1a: Snorlax|Sleep Talk|p1a: Snorlax","|move|p1a: Snorlax|Curse|p1a: Snorlax|[from]Sleep Talk","|-unboost|p1a: Snorlax|spe|1","|-boost|p1a: Snorlax|atk|1","|-boost|p1a: Snorlax|def|1","|","|-heal|p2a: Venomoth|262/341|[from] item: Black Sludge","|-heal|p1a: Snorlax|262/524 slp|[from] item: Leftovers","|turn|23","|","|move|p2a: Venomoth|Bug Buzz|p1a: Snorlax","|-damage|p1a: Snorlax|0 fnt","|faint|p1a: Snorlax","|","|win|Guard Wanderer"],"p1rating":{"entryid":"7549999","serverid":"eos","formatid":"monotype","userid":"lazuliteleavanny","username":"Lazulite Leavanny","w":"13","l":5,"t":"0","gxe":64.6,"r":"1555.262798558","rd":"92.650464186322","sigma":"0","rptime":"1439370000","rpr":1615.4195909301,"rprd":73.154841487938,"rpsigma":"0","acre":1205.9540960419,"lacre":1205.9540960419,"oldacre":"1238.7217001269"},"p2rating":{"entryid":"6731189","serverid":"eos","formatid":"monotype","userid":"guardwanderer","username":"Guard Wanderer","w":113,"l":"140","t":"0","gxe":44.6,"r":"1458.7749056961","rd":"25.315145155093","sigma":"0","rptime":"1439370000","rpr":1458.9978953159,"rprd":25.194074414757,"rpsigma":"0","acre":1159.8496947634,"lacre":1159.8496947634,"oldacre":"1127.0820906784"},"endType":"normal"}