{"seed":[28666,64182,38958,45397],"turns":23,"p1":"Merciless Marx","p2":"Alliance - Mxy","p1team":[{"name":"Pidgeot","species":"Pidgeot","item":"pidgeotite","ability":"Tangled Feet","moves":["hurricane","heatwave","uturn","protect"],"nature":"Timid","evs":{"hp":0,"atk":0,"def":0,"spa":252,"spd":4,"spe":252},"ivs":{"hp":31,"atk":30,"def":30,"spa":31,"spd":31,"spe":31}},{"name":"Skarmory","species":"Skarmory","item":"rockyhelmet","ability":"Sturdy","moves":["bravebird","stealthrock","roost","whirlwind"],"nature":"Impish","evs":{"hp":248,"atk":0,"def":236,"spa":0,"spd":0,"spe":24},"ivs":{"hp":31,"atk":31,"def":31,"spa":31,"spd":31,"spe":31}},{"name":"Landorus-Therian","species":"Landorus-Therian","item":"choicescarf","ability":"Intimidate","moves":["knockoff","earthquake","stoneedge","uturn"],"nature":"Jolly","evs":{"hp":0,"atk":252,"def":0,"spa":0,"spd":4,"spe":252},"ivs":{"hp":31,"atk":31,"def":31,"spa":31,"spd":31,"spe":31}},{"name":"Xatu","species":"Xatu","item":"leftovers","ability":"Magic Bounce","moves":["nightshade","reflect","lightscreen","roost"],"nature":"Calm","evs":{"hp":252,"atk":0,"def":4,"spa":0,"spd":252,"spe":0},"ivs":{"hp":31,"atk":31,"def":31,"spa":31,"spd":31,"spe":31}},{"name":"Gyarados","species":"Gyarados","item":"leftovers","ability":"Intimidate","moves":["substitute","dragondance","waterfall","bounce"],"nature":"Adamant","evs":{"hp":0,"atk":252,"def":0,"spa":0,"spd":4,"spe":252},"ivs":{"hp":31,"atk":31,"def":31,"spa":31,"spd":31,"spe":31}},{"name":"Thundurus","species":"Thundurus","item":"lifeorb","ability":"Prankster","moves":["thunderwave","thunderbolt","voltswitch","focusblast"],"nature":"Timid","evs":{"hp":0,"atk":0,"def":0,"spa":252,"spd":4,"spe":252},"ivs":{"hp":31,"atk":31,"def":31,"spa":31,"spd":31,"spe":31}}],"p2team":[{"name":"Beedrill","species":"Beedrill","item":"beedrillite","ability":"Swarm","moves":["uturn","poisonjab","knockoff","protect"],"nature":"Jolly","evs":{"hp":0,"atk":252,"def":0,"spa":0,"spd":4,"spe":252},"ivs":{"hp":31,"atk":31,"def":31,"spa":31,"spd":31,"spe":31}},{"name":"Weezing","species":"Weezing","item":"blacksludge","ability":"Levitate","moves":["fireblast","sludgewave","willowisp","painsplit"],"nature":"Bold","evs":{"hp":248,"atk":0,"def":252,"spa":8,"spd":0,"spe":0},"ivs":{"hp":31,"atk":0,"def":31,"spa":31,"spd":31,"spe":31}},{"name":"Drapion","species":"Drapion","item":"choicescarf","ability":"Sniper","moves":["knockoff","rockslide","nightslash","icefang"],"nature":"Jolly","evs":{"hp":0,"atk":252,"def":0,"spa":0,"spd":4,"spe":252},"ivs":{"hp":31,"atk":31,"def":31,"spa":31,"spd":31,"spe":31}},{"name":"Gengar","species":"Gengar","item":"focussash","ability":"Levitate","moves":["shadowball","sludgewave","focusblast","destinybond"],"nature":"Timid","evs":{"hp":0,"atk":0,"def":0,"spa":252,"spd":4,"spe":252},"ivs":{"hp":31,"atk":0,"def":31,"spa":31,"spd":31,"spe":31}},{"name":"Skuntank","species":"Skuntank","item":"blackglasses","ability":"Aftermath","moves":["suckerpunch","pursuit","toxic","defog"],"nature":"Adamant","evs":{"hp":0,"atk":252,"def":0,"spa":0,"spd":0,"spe":252},"ivs":{"hp":31,"atk":31,"def":31,"spa":31,"spd":31,"spe":31}},{"name":"Nidoking","species":"Nidoking","item":"lifeorb","ability":"Sheer Force","moves":["earthpower","flamethrower","icebeam","suckerpunch"],"nature":"Naive","evs":{"hp":0,"atk":4,"def":0,"spa":252,"spd":0,"spe":252},"ivs":{"hp":31,"atk":31,"def":31,"spa":31,"spd":31,"spe":31}}],"log":["|player|p1|Merciless Marx|2","|player|p2|Alliance - Mxy|270","|gametype|singles","|gen|6","|tier|Monotype","|rated","|rule|Baton Pass Clause: Limit one Baton Passer, can't pass Spe and other stats simultaneously","|rule|Swagger Clause: Swagger is banned","|rule|Same Type Clause: Pokémon in a team must share a type","|clearpoke","|poke|p1|Pidgeot, F","|poke|p1|Skarmory, F","|poke|p1|Landorus-Therian, M","|poke|p1|Xatu, M","|poke|p1|Gyarados, M","|poke|p1|Thundurus, M","|poke|p2|Beedrill, F","|poke|p2|Weezing, M","|poke|p2|Drapion, F","|poke|p2|Gengar, M","|poke|p2|Skuntank, F","|poke|p2|Nidoking, M","|rule|Sleep Clause Mod: Limit one foe put to sleep","|rule|Species Clause: Limit one of each Pokémon","|rule|OHKO Clause: OHKO moves are banned","|rule|Moody Clause: Moody is banned","|rule|Evasion Moves Clause: Evasion moves are banned","|rule|Endless Battle Clause: Forcing endless battles is banned","|rule|HP Percentage Mod: HP is shown in percentages","|teampreview","|","|start","|switch|p1a: Xatu|Xatu, M|334/334","|switch|p2a: Beedrill|Beedrill, F|271/271","|turn|1","|","|detailschange|p2a: Beedrill|Beedrill-Mega, F","|-mega|p2a: Beedrill|Beedrill|Beedrillite","|move|p2a: Beedrill|Protect|p2a: Beedrill","|-singleturn|p2a: Beedrill|Protect","|move|p1a: Xatu|Reflect|p1a: Xatu","|-sidestart|p1: Merciless Marx|Reflect","|","|turn|2","|","|move|p2a: Beedrill|Knock Off|p1a: Xatu","|-supereffective|p1a: Xatu","|-damage|p1a: Xatu|155/334","|-enditem|p1a: Xatu|Leftovers|[from] move: Knock Off|[of] p2a: Beedrill","|move|p1a: Xatu|Night Shade|p2a: Beedrill","|-damage|p2a: Beedrill|171/271","|","|turn|3","|","|move|p2a: Beedrill|U-turn|p1a: Xatu","|-damage|p1a: Xatu|24/334","|","|switch|p2a: Skuntank|Skuntank, F|347/347","|move|p1a: Xatu|Roost|p1a: Xatu","|-heal|p1a: Xatu|191/334","|","|turn|4","|","|move|p2a: Skuntank|Defog|p1a: Xatu","|move|p1a: Xatu|Defog|p2a: Skuntank|[from]Magic Bounce","|-unboost|p2a: Skuntank|evasion|1","|move|p1a: Xatu|Light Screen|p1a: Xatu","|-sidestart|p1: Merciless Marx|move: Light Screen","|","|turn|5","|","|move|p2a: Skuntank|Pursuit|p1a: Xatu","|-supereffective|p1a: Xatu","|-damage|p1a: Xatu|88/334","|move|p1a: Xatu|Night Shade|p2a: Skuntank","|-damage|p2a: Skuntank|247/347","|","|-sideend|p1: Merciless Marx|Reflect","|turn|6","|","|move|p2a: Skuntank|Pursuit|p1a: Xatu","|-supereffective|p1a: Xatu","|-damage|p1a: Xatu|0 fnt","|faint|p1a: Xatu","|","|","|switch|p1a: Gyarados|Gyarados, M|331/331","|-ability|p1a: Gyarados|Intimidate","|-unboost|p2a: Skuntank|atk|1","|turn|7","|","|move|p2a: Skuntank|Toxic|p1a: Gyarados","|-status|p1a: Gyarados|tox","|move|p1a: Gyarados|Dragon Dance|p1a: Gyarados","|-boost|p1a: Gyarados|atk|1","|-boost|p1a: Gyarados|spe|1","|","|-damage|p1a: Gyarados|311/331 tox|[from] psn","|turn|8","|","|switch|p2a: Weezing|Weezing, M|333/333","|move|p1a: Gyarados|Waterfall|p2a: Weezing","|-damage|p2a: Weezing|192/333","|","|-heal|p1a: Gyarados|331/331 tox|[from] item: Leftovers","|-heal|p2a: Weezing|212/333|[from] item: Black Sludge","|-damage|p1a: Gyarados|291/331 tox|[from] psn","|-sideend|p1: Merciless Marx|move: Light Screen","|turn|9","|","|move|p1a: Gyarados|Dragon Dance|p1a: Gyarados","|-boost|p1a: Gyarados|atk|1","|-boost|p1a: Gyarados|spe|1","|move|p2a: Weezing|Sludge Wave|p1a: Gyarados","|-damage|p1a: Gyarados|188/331 tox","|","|-heal|p1a: Gyarados|208/331 tox|[from] item: Leftovers","|-heal|p2a: Weezing|232/333|[from] item: Black Sludge","|-damage|p1a: Gyarados|148/331 tox|[from] psn","|turn|10","|","|move|p1a: Gyarados|Waterfall|p2a: Weezing","|-damage|p2a: Weezing|54/333","|move|p2a: Weezing|Sludge Wave|p1a: Gyarados","|-damage|p1a: Gyarados|54/331 tox","|","|-heal|p1a: Gyarados|74/331 tox|[from] item: Leftovers","|-heal|p2a: Weezing|74/333|[from] item: Black Sludge","|-damage|p1a: Gyarados|0 fnt|[from] psn","|faint|p1a: Gyarados","|","|switch|p1a: Pidgeot|Pidgeot, F|307/307","|turn|11","|","|detailschange|p1a: Pidgeot|Pidgeot-Mega, F","|-mega|p1a: Pidgeot|Pidgeot|Pidgeotite","|move|p1a: Pidgeot|Hurricane|p2a: Weezing","|-damage|p2a: Weezing|0 fnt","|faint|p2a: Weezing","|","|","|switch|p2a: Beedrill|Beedrill-Mega, F|171/271","|turn|12","|","|switch|p1a: Skarmory|Skarmory, F|333/333","|move|p2a: Beedrill|U-turn|p1a: Skarmory","|-resisted|p1a: Skarmory","|-damage|p1a: Skarmory|305/333","|-damage|p2a: Beedrill|126/271|[from] item: Rocky Helmet|[of] p1a: Skarmory","|","|switch|p2a: Nidoking|Nidoking, M|303/303","|","|turn|13","|","|switch|p1a: Landorus-Therian|Landorus-Therian, M|319/319","|-ability|p1a: Landorus-Therian|Intimidate","|-unboost|p2a: Nidoking|atk|1","|move|p2a: Nidoking|Flamethrower|p1a: Landorus-Therian","|-damage|p1a: Landorus-Therian|162/319","|","|turn|14","|","|switch|p2a: Drapion|Drapion, F|281/281","|move|p1a: Landorus-Therian|Earthquake|p2a: Drapion","|-supereffective|p2a: Drapion","|-damage|p2a: Drapion|0 fnt","|faint|p2a: Drapion","|","|","|switch|p2a: Gengar|Gengar, M|261/261","|turn|15","|","|switch|p1a: Pidgeot|Pidgeot-Mega, F|307/307","|move|p2a: Gengar|Sludge Wave|p1a: Pidgeot","|-damage|p1a: Pidgeot|96/307","|","|turn|16","|","|switch|p2a: Skuntank|Skuntank, F|247/347","|move|p1a: Pidgeot|Hurricane|p2a: Skuntank","|-crit|p2a: Skuntank","|-damage|p2a: Skuntank|0 fnt","|faint|p2a: Skuntank","|","|","|switch|p2a: Beedrill|Beedrill-Mega, F|126/271","|turn|17","|","|switch|p1a: Skarmory|Skarmory, F|305/333","|move|p2a: Beedrill|U-turn|p1a: Skarmory","|-resisted|p1a: Skarmory","|-damage|p1a: Skarmory|278/333","|-damage|p2a: Beedrill|81/271|[from] item: Rocky Helmet|[of] p1a: Skarmory","|","|switch|p2a: Nidoking|Nidoking, M|303/303","|","|turn|18","|","|switch|p1a: Pidgeot|Pidgeot-Mega, F|96/307","|move|p2a: Nidoking|Ice Beam|p1a: Pidgeot","|-supereffective|p1a: Pidgeot","|-damage|p1a: Pidgeot|0 fnt","|faint|p1a: Pidgeot","|","|","|switch|p1a: Landorus-Therian|Landorus-Therian, M|162/319","|-ability|p1a: Landorus-Therian|Intimidate","|-unboost|p2a: Nidoking|atk|1","|turn|19","|","|switch|p2a: Beedrill|Beedrill-Mega, F|81/271","|move|p1a: Landorus-Therian|Knock Off|p2a: Beedrill","|-damage|p2a: Beedrill|0 fnt","|faint|p2a: Beedrill","|","|","|switch|p2a: Nidoking|Nidoking, M|303/303","|turn|20","|","|move|p1a: Landorus-Therian|Knock Off|p2a: Nidoking","|-damage|p2a: Nidoking|137/303","|-enditem|p2a: Nidoking|Life Orb|[from] move: Knock Off|[of] p1a: Landorus-Therian","|move|p2a: Nidoking|Ice Beam|p1a: Landorus-Therian","|-supereffective|p1a: Landorus-Therian","|-damage|p1a: Landorus-Therian|0 fnt","|faint|p1a: Landorus-Therian","|","|","|switch|p1a: Skarmory|Skarmory, F|278/333","|turn|21","|","|move|p2a: Nidoking|Flamethrower|p1a: Skarmory","|-supereffective|p1a: Skarmory","|-damage|p1a: Skarmory|2/333","|move|p1a: Skarmory|Brave Bird|p2a: Nidoking","|-damage|p2a: Nidoking|0 fnt","|-damage|p1a: Skarmory|0 fnt|[from] recoil|[of] p2a: Nidoking","|faint|p2a: Nidoking","|faint|p1a: Skarmory","|","|","|switch|p1a: Thundurus|Thundurus, M|299/299","|switch|p2a: Gengar|Gengar, M|261/261","|turn|22","|","|move|p1a: Thundurus|Thunderbolt|p2a: Gengar","|-damage|p2a: Gengar|19/261","|-damage|p1a: Thundurus|270/299|[from] item: Life Orb","|move|p2a: Gengar|Sludge Wave|p1a: Thundurus","|-damage|p1a: Thundurus|66/299","|","|turn|23","|","|move|p1a: Thundurus|Thunderbolt|p2a: Gengar","|-damage|p2a: Gengar|0 fnt","|-damage|p1a: Thundurus|37/299|[from] item: Life Orb","|faint|p2a: Gengar","|","|win|Merciless Marx"],"p1rating":{"entryid":"7565564","serverid":"eos","formatid":"monotype","userid":"mercilessmarx","username":"Merciless Marx","w":6,"l":"3","t":"0","gxe":60.6,"r":"1563.102404145","rd":"106.67300213107","sigma":"0","rptime":"1439370000","rpr":1583.2196270028,"rprd":88.972903920562,"rpsigma":"0","acre":1148.302607341,"lacre":1148.302607341,"oldacre":"1121.1724490452"},"p2rating":{"entryid":"6690851","serverid":"eos","formatid":"monotype","userid":"alliancemxy","username":"Alliance - Mxy","w":"78","l":51,"t":"0","gxe":59.6,"r":"1579.4683195154","rd":"35.435839462802","sigma":"0","rptime":"1439370000","rpr":1573.0849520774,"rprd":34.38362096814,"rpsigma":"0","acre":1123.7179584016,"lacre":1123.7179584016,"oldacre":"1150.8481166974"},"endType":"normal"}