{"seed":[32103,12792,55791,60029],"turns":19,"p1":"Intern olBezerkolo","p2":"Apex Bank","p1team":[{"name":"Dat Head doe'","species":"manectric","item":"manectite","ability":"Static","moves":["hiddenpowerice","voltswitch","overheat","thunderbolt"],"nature":"Mild","evs":{"hp":0,"atk":4,"def":0,"spa":252,"spd":0,"spe":252},"ivs":{"hp":31,"atk":30,"def":30,"spa":31,"spd":31,"spe":31}},{"name":"Stache'","species":"thundurus","item":"sitrusberry","ability":"Prankster","moves":["taunt","confide","grassknot","thunderbolt"],"nature":"Timid","evs":{"hp":0,"atk":0,"def":0,"spa":252,"spd":4,"spe":252},"ivs":{"hp":31,"atk":30,"def":30,"spa":31,"spd":31,"spe":31}},{"name":"Dem Lips'","species":"eelektross","item":"assaultvest","ability":"Levitate","moves":["aquatail","wildcharge","drainpunch","firepunch"],"nature":"Adamant","evs":{"hp":248,"atk":252,"def":0,"spa":0,"spd":8,"spe":0},"ivs":{"hp":31,"atk":31,"def":31,"spa":31,"spd":31,"spe":31}},{"name":"Bae","species":"electivire","item":"choicescarf","ability":"Vital Spirit","moves":["wildcharge","earthquake","crosschop","icepunch"],"nature":"Jolly","evs":{"hp":0,"atk":252,"def":0,"spa":0,"spd":4,"spe":252},"shiny":true,"ivs":{"hp":31,"atk":31,"def":31,"spa":31,"spd":31,"spe":31}},{"name":"Thor's Hairbrush","species":"zapdos","item":"leftovers","ability":"Pressure","moves":["aircutter","roost","heatwave","thunderbolt"],"nature":"Calm","evs":{"hp":252,"atk":0,"def":212,"spa":4,"spd":40,"spe":0},"ivs":{"hp":31,"atk":31,"def":31,"spa":31,"spd":31,"spe":31}},{"name":"Zap Doge","species":"raikou","item":"focussash","ability":"Pressure","moves":["calmmind","extrasensory","thunder","aurasphere"],"nature":"Rash","evs":{"hp":4,"atk":0,"def":0,"spa":252,"spd":0,"spe":252},"shiny":true,"ivs":{"hp":31,"atk":31,"def":31,"spa":31,"spd":31,"spe":31}}],"p2team":[{"name":"Jirachi","species":"Jirachi","item":"leftovers","ability":"Serene Grace","moves":["thunderwave","ironhead","wish","stealthrock"],"nature":"Careful","evs":{"hp":252,"atk":0,"def":0,"spa":0,"spd":224,"spe":32},"ivs":{"hp":31,"atk":31,"def":31,"spa":31,"spd":31,"spe":31}},{"name":"Gardevoir","species":"Gardevoir","item":"gardevoirite","ability":"Trace","moves":["substitute","hypervoice","shadowball","psyshock"],"nature":"Timid","evs":{"hp":4,"atk":0,"def":0,"spa":252,"spd":0,"spe":252},"ivs":{"hp":31,"atk":30,"def":31,"spa":30,"spd":31,"spe":30}},{"name":"Slowbro","species":"Slowbro","item":"rockyhelmet","ability":"Regenerator","moves":["slackoff","scald","flamethrower","thunderwave"],"nature":"Bold","evs":{"hp":248,"atk":0,"def":252,"spa":8,"spd":0,"spe":0},"ivs":{"hp":31,"atk":31,"def":31,"spa":31,"spd":31,"spe":31}},{"name":"Victini","species":"Victini","item":"choicescarf","ability":"Victory Star","moves":["vcreate","boltstrike","uturn","zenheadbutt"],"nature":"Jolly","evs":{"hp":0,"atk":252,"def":0,"spa":0,"spd":4,"spe":252},"ivs":{"hp":31,"atk":31,"def":31,"spa":31,"spd":31,"spe":31}},{"name":"Hoopa-Unbound","species":"Hoopa-Unbound","item":"lifeorb","ability":"Magician","moves":["hyperspacefury","hyperspacehole","drainpunch","substitute"],"nature":"Lonely","evs":{"hp":252,"atk":252,"def":0,"spa":4,"spd":0,"spe":0},"ivs":{"hp":31,"atk":31,"def":31,"spa":31,"spd":31,"spe":31}},{"name":"Deoxys-Speed","species":"Deoxys-Speed","item":"lifeorb","ability":"Pressure","moves":["superpower","extremespeed","knockoff","psychoboost"],"nature":"Hasty","evs":{"hp":0,"atk":252,"def":0,"spa":4,"spd":0,"spe":252},"ivs":{"hp":31,"atk":31,"def":31,"spa":31,"spd":31,"spe":31}}],"log":["|player|p1|Intern olBezerkolo|136","|player|p2|Apex Bank|til4steelmasterx.png","|gametype|singles","|gen|6","|tier|Monotype","|rated","|rule|Baton Pass Clause: Limit one Baton Passer, can't pass Spe and other stats simultaneously","|rule|Swagger Clause: Swagger is banned","|rule|Same Type Clause: Pokémon in a team must share a type","|clearpoke","|poke|p1|Manectric, F","|poke|p1|Thundurus, M","|poke|p1|Eelektross, M","|poke|p1|Electivire, F, shiny","|poke|p1|Zapdos","|poke|p1|Raikou, shiny","|poke|p2|Jirachi","|poke|p2|Gardevoir, F","|poke|p2|Slowbro, F","|poke|p2|Victini","|poke|p2|Hoopa-Unbound","|poke|p2|Deoxys-Speed","|rule|Sleep Clause Mod: Limit one foe put to sleep","|rule|Species Clause: Limit one of each Pokémon","|rule|OHKO Clause: OHKO moves are banned","|rule|Moody Clause: Moody is banned","|rule|Evasion Moves Clause: Evasion moves are banned","|rule|Endless Battle Clause: Forcing endless battles is banned","|rule|HP Percentage Mod: HP is shown in percentages","|teampreview","|","|start","|switch|p1a: Stache'|Thundurus, M|299/299","|switch|p2a: Victini|Victini|341/341","|turn|1","|","|switch|p1a: Dat Head doe'|Manectric, F|281/281","|move|p2a: Victini|V-create|p1a: Dat Head doe'","|-damage|p1a: Dat Head doe'|0 fnt","|-unboost|p2a: Victini|spe|1","|-unboost|p2a: Victini|def|1","|-unboost|p2a: Victini|spd|1","|faint|p1a: Dat Head doe'","|","|","|switch|p1a: Zap Doge|Raikou, shiny|322/322","|-ability|p1a: Zap Doge|Pressure","|turn|2","|","|switch|p2a: Jirachi|Jirachi|404/404","|move|p1a: Zap Doge|Thunder|p2a: Jirachi","|-damage|p2a: Jirachi|262/404","|-status|p2a: Jirachi|par","|","|-heal|p2a: Jirachi|287/404 par|[from] item: Leftovers","|turn|3","|","|move|p1a: Zap Doge|Aura Sphere|p2a: Jirachi","|-crit|p2a: Jirachi","|-damage|p2a: Jirachi|179/404 par","|move|p2a: Jirachi|Stealth Rock|p1a: Zap Doge","|-sidestart|p1: Intern olBezerkolo|move: Stealth Rock","|","|-heal|p2a: Jirachi|204/404 par|[from] item: Leftovers","|turn|4","|","|move|p1a: Zap Doge|Thunder|p2a: Jirachi","|-damage|p2a: Jirachi|60/404 par","|move|p2a: Jirachi|Wish|p2a: Jirachi","|","|-heal|p2a: Jirachi|85/404 par|[from] item: Leftovers","|turn|5","|","|switch|p2a: Hoopa-Unbound|Hoopa-Unbound|364/364","|move|p1a: Zap Doge|Thunder|p2a: Hoopa-Unbound","|-damage|p2a: Hoopa-Unbound|199/364","|-status|p2a: Hoopa-Unbound|par","|","|-heal|p2a: Hoopa-Unbound|364/364 par|[from] move: Wish|[wisher] Jirachi","|turn|6","|","|move|p1a: Zap Doge|Aura Sphere|p2a: Hoopa-Unbound","|-damage|p2a: Hoopa-Unbound|289/364 par","|move|p2a: Hoopa-Unbound|Hyperspace Fury|p1a: Zap Doge","|-enditem|p1a: Zap Doge|Focus Sash","|-damage|p1a: Zap Doge|1/322","|-unboost|p2a: Hoopa-Unbound|def|1","|-damage|p2a: Hoopa-Unbound|253/364 par|[from] item: Life Orb","|","|turn|7","|","|move|p1a: Zap Doge|Thunder|p2a: Hoopa-Unbound","|-damage|p2a: Hoopa-Unbound|93/364 par","|move|p2a: Hoopa-Unbound|Hyperspace Fury|p1a: Zap Doge","|-damage|p1a: Zap Doge|0 fnt","|-unboost|p2a: Hoopa-Unbound|def|1","|-damage|p2a: Hoopa-Unbound|57/364 par|[from] item: Life Orb","|faint|p1a: Zap Doge","|","|","|switch|p1a: Dem Lips'|Eelektross, M|373/373","|-damage|p1a: Dem Lips'|327/373|[from] Stealth Rock","|turn|8","|","|move|p1a: Dem Lips'|Wild Charge|p2a: Hoopa-Unbound","|-damage|p2a: Hoopa-Unbound|0 fnt","|-damage|p1a: Dem Lips'|313/373|[from] recoil|[of] p2a: Hoopa-Unbound","|faint|p2a: Hoopa-Unbound","|","|","|switch|p2a: Slowbro|Slowbro, F|393/393","|turn|9","|","|move|p1a: Dem Lips'|Wild Charge|p2a: Slowbro","|-supereffective|p2a: Slowbro","|-damage|p2a: Slowbro|169/393","|-damage|p1a: Dem Lips'|251/373|[from] item: Rocky Helmet|[of] p2a: Slowbro","|-damage|p1a: Dem Lips'|195/373|[from] recoil|[of] p2a: Slowbro","|move|p2a: Slowbro|Scald|p1a: Dem Lips'","|-damage|p1a: Dem Lips'|117/373","|","|turn|10","|","|switch|p2a: Jirachi|Jirachi|85/404 par","|move|p1a: Dem Lips'|Wild Charge|p2a: Jirachi","|-damage|p2a: Jirachi|0 fnt","|-damage|p1a: Dem Lips'|96/373|[from] recoil|[of] p2a: Jirachi","|faint|p2a: Jirachi","|","|","|switch|p2a: Deoxys-Speed|Deoxys-Speed|241/241","|-ability|p2a: Deoxys-Speed|Pressure","|turn|11","|","|move|p2a: Deoxys-Speed|Knock Off|p1a: Dem Lips'","|-damage|p1a: Dem Lips'|0 fnt","|-enditem|p1a: Dem Lips'|Assault Vest|[from] move: Knock Off|[of] p2a: Deoxys-Speed","|-damage|p2a: Deoxys-Speed|217/241|[from] item: Life Orb","|faint|p1a: Dem Lips'","|","|","|switch|p1a: Bae|Electivire, F, shiny|291/291","|-damage|p1a: Bae|255/291|[from] Stealth Rock","|turn|12","|","|move|p2a: Deoxys-Speed|Psycho Boost|p1a: Bae","|-damage|p1a: Bae|28/291","|-unboost|p2a: Deoxys-Speed|spa|2","|-damage|p2a: Deoxys-Speed|193/241|[from] item: Life Orb","|move|p1a: Bae|Wild Charge|p2a: Deoxys-Speed","|-damage|p2a: Deoxys-Speed|15/241","|-damage|p1a: Bae|0 fnt|[from] recoil|[of] p2a: Deoxys-Speed","|faint|p1a: Bae","|","|","|switch|p1a: Stache'|Thundurus, M|299/299","|-damage|p1a: Stache'|225/299|[from] Stealth Rock","|turn|13","|","|move|p2a: Deoxys-Speed|Knock Off|p1a: Stache'","|-damage|p1a: Stache'|63/299","|-enditem|p1a: Stache'|Sitrus Berry|[from] move: Knock Off|[of] p2a: Deoxys-Speed","|-damage|p2a: Deoxys-Speed|0 fnt|[from] item: Life Orb","|faint|p2a: Deoxys-Speed","|move|p1a: Stache'|Thunderbolt|p2: Deoxys-Speed|[notarget]","|-notarget","|","|","|switch|p2a: Victini|Victini|341/341","|turn|14","|","|move|p2a: Victini|V-create|p1a: Stache'","|-damage|p1a: Stache'|0 fnt","|-unboost|p2a: Victini|spe|1","|-unboost|p2a: Victini|def|1","|-unboost|p2a: Victini|spd|1","|faint|p1a: Stache'","|","|","|switch|p1a: Thor's Hairbrush|Zapdos|384/384","|-damage|p1a: Thor's Hairbrush|288/384|[from] Stealth Rock","|-ability|p1a: Thor's Hairbrush|Pressure","|turn|15","|","|switch|p2a: Gardevoir|Gardevoir, F|278/278","|-ability|p2a: Gardevoir|Pressure|[from] ability: Trace|[of] p1a: Thor's Hairbrush","|-ability|p2a: Gardevoir|Pressure","|move|p1a: Thor's Hairbrush|Thunderbolt|p2a: Gardevoir","|-damage|p2a: Gardevoir|157/278","|-status|p2a: Gardevoir|par","|","|-heal|p1a: Thor's Hairbrush|312/384|[from] item: Leftovers","|turn|16","|","|detailschange|p2a: Gardevoir|Gardevoir-Mega, F","|-mega|p2a: Gardevoir|Gardevoir|Gardevoirite","|move|p1a: Thor's Hairbrush|Air Cutter|p2a: Gardevoir","|-damage|p2a: Gardevoir|87/278 par","|cant|p2a: Gardevoir|par","|","|-heal|p1a: Thor's Hairbrush|336/384|[from] item: Leftovers","|turn|17","|","|move|p1a: Thor's Hairbrush|Air Cutter|p2a: Gardevoir","|-damage|p2a: Gardevoir|15/278 par","|move|p2a: Gardevoir|Hyper Voice|p1a: Thor's Hairbrush","|-damage|p1a: Thor's Hairbrush|98/384","|","|-heal|p1a: Thor's Hairbrush|122/384|[from] item: Leftovers","|turn|18","|","|move|p1a: Thor's Hairbrush|Air Cutter|p2a: Gardevoir","|-damage|p2a: Gardevoir|0 fnt","|faint|p2a: Gardevoir","|","|-heal|p1a: Thor's Hairbrush|146/384|[from] item: Leftovers","|","|switch|p2a: Victini|Victini|341/341","|turn|19","|","|move|p2a: Victini|V-create|p1a: Thor's Hairbrush","|-crit|p1a: Thor's Hairbrush","|-damage|p1a: Thor's Hairbrush|0 fnt","|-unboost|p2a: Victini|spe|1","|-unboost|p2a: Victini|def|1","|-unboost|p2a: Victini|spd|1","|faint|p1a: Thor's Hairbrush","|","|win|Apex Bank"],"p1rating":{"entryid":"7487892","serverid":"eos","formatid":"monotype","userid":"internolbezerkolo","username":"InternOlbezerkolo","w":"5","l":11,"t":"0","gxe":38.1,"r":"1453.0825833825","rd":"80.286087547735","sigma":"0","rptime":"1439370000","rpr":1406.9088083491,"rprd":75.271167843589,"rpsigma":"0","acre":1007.5057048232,"lacre":1007.5057048232,"oldacre":"1019.8942350946"},"p2rating":{"entryid":"7576782","serverid":"eos","formatid":"monotype","userid":"apexbank","username":"Apex Bank","w":2,"l":"1","t":"0","gxe":53.2,"r":"1500","rd":"130","sigma":"0","rptime":"1439370000","rpr":1525.5293494782,"rprd":110.85053708855,"rpsigma":"0","acre":1068.8782265013,"lacre":1068.8782265013,"oldacre":"1035.8429058138"},"endType":"normal"}