{"seed":[53002,26372,24126,1079],"turns":21,"p1":"Void Who","p2":"V Photon","p1team":[{"name":"Coke Sniffer","species":"landorus","item":"lifeorb","ability":"Sheer Force","moves":["sludgewave","earthpower","gravity","psychic"],"nature":"Timid","evs":{"hp":0,"atk":0,"def":0,"spa":252,"spd":4,"spe":252},"ivs":{"hp":31,"atk":31,"def":31,"spa":31,"spd":31,"spe":31}},{"name":"Bertha","species":"hippowdon","item":"leftovers","ability":"Sand Stream","moves":["toxic","stealthrock","earthquake","slackoff"],"nature":"Impish","evs":{"hp":252,"atk":4,"def":252,"spa":0,"spd":0,"spe":0},"gender":"F","ivs":{"hp":31,"atk":31,"def":31,"spa":31,"spd":31,"spe":31}},{"name":"R.I.P Smooth Stone","species":"excadrill","item":"choiceband","ability":"Sand Rush","moves":["earthquake","rockslide","rapidspin","ironhead"],"nature":"","evs":{"hp":0,"atk":0,"def":0,"spa":0,"spd":0,"spe":0},"ivs":{"hp":31,"atk":31,"def":31,"spa":31,"spd":31,"spe":31}},{"name":"Staph","species":"garchomp","item":"rockyhelmet","ability":"Rough Skin","moves":["stealthrock","dragontail","flamethrower","earthquake"],"nature":"Sassy","evs":{"hp":252,"atk":0,"def":252,"spa":4,"spd":0,"spe":0},"ivs":{"hp":31,"atk":31,"def":31,"spa":31,"spd":31,"spe":31}},{"name":"The Swine!","species":"mamoswine","item":"focussash","ability":"Thick Fat","moves":["earthquake","iceshard","endeavor","superpower"],"nature":"","evs":{"hp":0,"atk":0,"def":0,"spa":0,"spd":0,"spe":0},"ivs":{"hp":31,"atk":31,"def":31,"spa":31,"spd":31,"spe":31}},{"name":"Meek Mill","species":"seismitoad","item":"leftovers","ability":"Water Absorb","moves":["earthpower","scald","grassknot","protect"],"nature":"Bold","evs":{"hp":252,"atk":0,"def":252,"spa":4,"spd":0,"spe":0},"ivs":{"hp":31,"atk":31,"def":31,"spa":31,"spd":31,"spe":31}}],"p2team":[{"name":"Ferrothorn","species":"Ferrothorn","item":"rockyhelmet","ability":"Iron Barbs","moves":["stealthrock","thunderwave","gyroball","leechseed"],"nature":"Relaxed","evs":{"hp":252,"atk":4,"def":252,"spa":0,"spd":0,"spe":0},"ivs":{"hp":31,"atk":31,"def":31,"spa":31,"spd":31,"spe":0}},{"name":"Cradily","species":"Cradily","item":"leftovers","ability":"Storm Drain","moves":["stealthrock","recover","rockslide","toxic"],"nature":"Careful","evs":{"hp":252,"atk":4,"def":0,"spa":0,"spd":252,"spe":0},"ivs":{"hp":31,"atk":31,"def":31,"spa":31,"spd":31,"spe":31}},{"name":"Ludicolo","species":"Ludicolo","item":"choicespecs","ability":"Swift Swim","moves":["surf","energyball","icebeam","hiddenpowerfire"],"nature":"Modest","evs":{"hp":0,"atk":0,"def":0,"spa":252,"spd":4,"spe":252},"ivs":{"hp":31,"atk":30,"def":31,"spa":30,"spd":31,"spe":30}},{"name":"Roserade","species":"Roserade","item":"choicescarf","ability":"Technician","moves":["sludgebomb","shadowball","energyball","hiddenpowerice"],"nature":"Timid","evs":{"hp":0,"atk":0,"def":0,"spa":252,"spd":4,"spe":252},"ivs":{"hp":31,"atk":30,"def":30,"spa":31,"spd":31,"spe":31}},{"name":"Sceptile","species":"Sceptile","item":"choiceband","ability":"Overgrow","moves":["leafblade","drainpunch","outrage","rockslide"],"nature":"Jolly","evs":{"hp":0,"atk":252,"def":0,"spa":0,"spd":4,"spe":252},"ivs":{"hp":31,"atk":31,"def":31,"spa":31,"spd":31,"spe":31}},{"name":"Venusaur","species":"Venusaur","item":"venusaurite","ability":"Overgrow","moves":["curse","petalblizzard","earthquake","synthesis"],"nature":"Adamant","evs":{"hp":248,"atk":252,"def":0,"spa":0,"spd":8,"spe":0},"ivs":{"hp":31,"atk":31,"def":31,"spa":31,"spd":31,"spe":31}}],"log":["|player|p1|Void Who|voidwho.gif","|player|p2|V Photon|66","|gametype|singles","|gen|6","|tier|Monotype","|rated","|rule|Baton Pass Clause: Limit one Baton Passer, can't pass Spe and other stats simultaneously","|rule|Swagger Clause: Swagger is banned","|rule|Same Type Clause: Pokémon in a team must share a type","|clearpoke","|poke|p1|Landorus, M","|poke|p1|Hippowdon, F","|poke|p1|Excadrill, F","|poke|p1|Garchomp, F","|poke|p1|Mamoswine, M","|poke|p1|Seismitoad, F","|poke|p2|Ferrothorn, F","|poke|p2|Cradily, F","|poke|p2|Ludicolo, M","|poke|p2|Roserade, F","|poke|p2|Sceptile, F","|poke|p2|Venusaur, M","|rule|Sleep Clause Mod: Limit one foe put to sleep","|rule|Species Clause: Limit one of each Pokémon","|rule|OHKO Clause: OHKO moves are banned","|rule|Moody Clause: Moody is banned","|rule|Evasion Moves Clause: Evasion moves are banned","|rule|Endless Battle Clause: Forcing endless battles is banned","|rule|HP Percentage Mod: HP is shown in percentages","|teampreview","|","|start","|switch|p1a: Bertha|Hippowdon, F|420/420","|switch|p2a: Sceptile|Sceptile, F|281/281","|-weather|Sandstorm","|turn|1","|","|move|p2a: Sceptile|Leaf Blade|p1a: Bertha","|-supereffective|p1a: Bertha","|-damage|p1a: Bertha|190/420","|move|p1a: Bertha|Toxic|p2a: Sceptile","|-status|p2a: Sceptile|tox","|","|-weather|Sandstorm|[upkeep]","|-damage|p2a: Sceptile|264/281 tox|[from] sandstorm","|-heal|p1a: Bertha|216/420|[from] item: Leftovers","|-damage|p2a: Sceptile|247/281 tox|[from] psn","|turn|2","|","|switch|p1a: Staph|Garchomp, F|420/420","|move|p2a: Sceptile|Leaf Blade|p1a: Staph","|-damage|p1a: Staph|264/420","|-damage|p2a: Sceptile|212/281 tox|[from] ability: Rough Skin|[of] p1a: Staph","|-damage|p2a: Sceptile|166/281 tox|[from] item: Rocky Helmet|[of] p1a: Staph","|","|-weather|Sandstorm|[upkeep]","|-damage|p2a: Sceptile|149/281 tox|[from] sandstorm","|-damage|p2a: Sceptile|115/281 tox|[from] psn","|turn|3","|","|switch|p2a: Ferrothorn|Ferrothorn, F|352/352","|switch|p1a: Bertha|Hippowdon, F|216/420","|","|-weather|Sandstorm|[upkeep]","|-heal|p1a: Bertha|242/420|[from] item: Leftovers","|turn|4","|","|move|p1a: Bertha|Stealth Rock|p2a: Ferrothorn","|-sidestart|p2: V Photon|move: Stealth Rock","|move|p2a: Ferrothorn|Leech Seed|p1a: Bertha|[miss]","|-miss|p2a: Ferrothorn|p1a: Bertha","|","|-weather|Sandstorm|[upkeep]","|-heal|p1a: Bertha|268/420|[from] item: Leftovers","|turn|5","|","|move|p1a: Bertha|Earthquake|p2a: Ferrothorn","|-crit|p2a: Ferrothorn","|-damage|p2a: Ferrothorn|225/352","|move|p2a: Ferrothorn|Stealth Rock|p1a: Bertha","|-sidestart|p1: Void Who|move: Stealth Rock","|","|-weather|none","|-heal|p1a: Bertha|294/420|[from] item: Leftovers","|turn|6","|","|move|p1a: Bertha|Slack Off|p1a: Bertha","|-heal|p1a: Bertha|420/420","|move|p2a: Ferrothorn|Leech Seed|p1a: Bertha","|-start|p1a: Bertha|move: Leech Seed","|","|-damage|p1a: Bertha|368/420|[from] Leech Seed|[of] p2a: Ferrothorn","|-heal|p2a: Ferrothorn|277/352|[silent]","|turn|7","|","|switch|p1a: Staph|Garchomp, F|264/420","|-damage|p1a: Staph|238/420|[from] Stealth Rock","|move|p2a: Ferrothorn|Leech Seed|p1a: Staph","|-start|p1a: Staph|move: Leech Seed","|","|-damage|p1a: Staph|186/420|[from] Leech Seed|[of] p2a: Ferrothorn","|-heal|p2a: Ferrothorn|329/352|[silent]","|turn|8","|","|switch|p2a: Cradily|Cradily, F|376/376","|-damage|p2a: Cradily|329/376|[from] Stealth Rock","|move|p1a: Staph|Flamethrower|p2a: Cradily","|-damage|p2a: Cradily|287/376","|","|-heal|p2a: Cradily|310/376|[from] item: Leftovers","|-damage|p1a: Staph|134/420|[from] Leech Seed|[of] p2a: Cradily","|-heal|p2a: Cradily|362/376|[silent]","|turn|9","|","|switch|p1a: Bertha|Hippowdon, F|368/420","|-damage|p1a: Bertha|342/420|[from] Stealth Rock","|-weather|Sandstorm","|switch|p2a: Ludicolo|Ludicolo, M|301/301","|-damage|p2a: Ludicolo|264/301|[from] Stealth Rock","|","|-weather|Sandstorm|[upkeep]","|-damage|p2a: Ludicolo|246/301|[from] sandstorm","|-heal|p1a: Bertha|368/420|[from] item: Leftovers","|turn|10","|","|switch|p1a: Meek Mill|Seismitoad, F|414/414","|-damage|p1a: Meek Mill|389/414|[from] Stealth Rock","|move|p2a: Ludicolo|Energy Ball|p1a: Meek Mill","|-supereffective|p1a: Meek Mill","|-damage|p1a: Meek Mill|0 fnt","|faint|p1a: Meek Mill","|","|-weather|Sandstorm|[upkeep]","|-damage|p2a: Ludicolo|228/301|[from] sandstorm","|","|switch|p1a: Coke Sniffer|Landorus, M|319/319","|-damage|p1a: Coke Sniffer|280/319|[from] Stealth Rock","|turn|11","|","|move|p1a: Coke Sniffer|Sludge Wave|p2a: Ludicolo","|-crit|p2a: Ludicolo","|-supereffective|p2a: Ludicolo","|-damage|p2a: Ludicolo|0 fnt","|faint|p2a: Ludicolo","|","|-weather|Sandstorm|[upkeep]","|","|switch|p2a: Roserade|Roserade, F|261/261","|-damage|p2a: Roserade|229/261|[from] Stealth Rock","|turn|12","|","|move|p2a: Roserade|Hidden Power|p1a: Coke Sniffer","|-supereffective|p1a: Coke Sniffer","|-damage|p1a: Coke Sniffer|0 fnt","|faint|p1a: Coke Sniffer","|","|-weather|Sandstorm|[upkeep]","|-damage|p2a: Roserade|213/261|[from] sandstorm","|","|switch|p1a: R.I.P Smooth Stone|Excadrill, F|361/361","|-damage|p1a: R.I.P Smooth Stone|350/361|[from] Stealth Rock","|turn|13","|","|switch|p2a: Ferrothorn|Ferrothorn, F|329/352","|-damage|p2a: Ferrothorn|307/352|[from] Stealth Rock","|move|p1a: R.I.P Smooth Stone|Rapid Spin|p2a: Ferrothorn","|-resisted|p2a: Ferrothorn","|-damage|p2a: Ferrothorn|297/352","|-damage|p1a: R.I.P Smooth Stone|305/361|[from] ability: Iron Barbs|[of] p2a: Ferrothorn","|-damage|p1a: R.I.P Smooth Stone|245/361|[from] item: Rocky Helmet|[of] p2a: Ferrothorn","|-sideend|p1: Void Who|Stealth Rock|[from] move: Rapid Spin|[of] p1a: R.I.P Smooth Stone","|","|-weather|none","|turn|14","|","|switch|p1a: Staph|Garchomp, F|134/420","|move|p2a: Ferrothorn|Stealth Rock|p1a: Staph","|-sidestart|p1: Void Who|move: Stealth Rock","|","|turn|15","|","|switch|p2a: Cradily|Cradily, F|362/376","|-damage|p2a: Cradily|315/376|[from] Stealth Rock","|move|p1a: Staph|Earthquake|p2a: Cradily","|-damage|p2a: Cradily|155/376","|","|-heal|p2a: Cradily|178/376|[from] item: Leftovers","|turn|16","|","|move|p1a: Staph|Earthquake|p2a: Cradily","|-crit|p2a: Cradily","|-damage|p2a: Cradily|0 fnt","|faint|p2a: Cradily","|","|","|switch|p2a: Roserade|Roserade, F|213/261","|-damage|p2a: Roserade|181/261|[from] Stealth Rock","|turn|17","|","|move|p2a: Roserade|Energy Ball|p1a: Staph","|-damage|p1a: Staph|0 fnt","|faint|p1a: Staph","|","|","|switch|p1a: Bertha|Hippowdon, F|368/420","|-damage|p1a: Bertha|342/420|[from] Stealth Rock","|-weather|Sandstorm","|turn|18","|","|move|p2a: Roserade|Energy Ball|p1a: Bertha","|-supereffective|p1a: Bertha","|-damage|p1a: Bertha|0 fnt","|faint|p1a: Bertha","|","|-weather|Sandstorm|[upkeep]","|-damage|p2a: Roserade|165/261|[from] sandstorm","|","|switch|p1a: R.I.P Smooth Stone|Excadrill, F|245/361","|-damage|p1a: R.I.P Smooth Stone|234/361|[from] Stealth Rock","|turn|19","|","|move|p2a: Roserade|Energy Ball|p1a: R.I.P Smooth Stone","|-damage|p1a: R.I.P Smooth Stone|2/361","|move|p1a: R.I.P Smooth Stone|Earthquake|p2a: Roserade","|-damage|p2a: Roserade|0 fnt","|faint|p2a: Roserade","|","|-weather|Sandstorm|[upkeep]","|","|switch|p2a: Ferrothorn|Ferrothorn, F|297/352","|-damage|p2a: Ferrothorn|275/352|[from] Stealth Rock","|turn|20","|","|move|p1a: R.I.P Smooth Stone|Earthquake|p2a: Ferrothorn","|-damage|p2a: Ferrothorn|134/352","|move|p2a: Ferrothorn|Gyro Ball|p1a: R.I.P Smooth Stone","|-crit|p1a: R.I.P Smooth Stone","|-resisted|p1a: R.I.P Smooth Stone","|-damage|p1a: R.I.P Smooth Stone|0 fnt","|faint|p1a: R.I.P Smooth Stone","|","|-weather|Sandstorm|[upkeep]","|","|switch|p1a: The Swine!|Mamoswine, M|361/361","|-damage|p1a: The Swine!|316/361|[from] Stealth Rock","|turn|21","|","|move|p1a: The Swine!|Earthquake|p2a: Ferrothorn","|-damage|p2a: Ferrothorn|52/352","|move|p2a: Ferrothorn|Gyro Ball|p1a: The Swine!","|-supereffective|p1a: The Swine!","|-damage|p1a: The Swine!|0 fnt","|faint|p1a: The Swine!","|","|win|V Photon"],"p1rating":{"entryid":"6866008","serverid":"eos","formatid":"monotype","userid":"voidwho","username":"Void Who","w":"40","l":24,"t":"0","gxe":59.7,"r":"1584.1374030598","rd":"51.397151712228","sigma":"0","rptime":"1439370000","rpr":1574.735436221,"rprd":49.573707232788,"rpsigma":"0","acre":1146.1762818984,"lacre":1146.1762818984,"oldacre":"1178.329034398"},"p2rating":{"entryid":"7561969","serverid":"eos","formatid":"monotype","userid":"vphoton","username":"V Photon","w":4,"l":"3","t":"0","gxe":52.5,"r":"1544.0518122414","rd":"110.60442705577","sigma":"0","rptime":"1439370000","rpr":1519.9066523252,"rprd":95.388111554235,"rpsigma":"0","acre":1112.8394625726,"lacre":1112.8394625726,"oldacre":"1076.0702699462"},"endType":"normal"}