{"seed":[1662,32986,19049,29878],"turns":27,"p1":"V SLootBoot","p2":"V Photon","p1team":[{"name":"Xatu","species":"Xatu","item":"lightclay","ability":"Magic Bounce","moves":["thunderwave","reflect","uturn","nightshade"],"nature":"Jolly","evs":{"hp":248,"atk":0,"def":0,"spa":0,"spd":8,"spe":252},"ivs":{"hp":31,"atk":31,"def":31,"spa":31,"spd":31,"spe":31}},{"name":"Alakazam","species":"Alakazam","item":"alakazite","ability":"Magic Guard","moves":["psychic","focusblast","shadowball","encore"],"nature":"Timid","evs":{"hp":0,"atk":0,"def":4,"spa":252,"spd":0,"spe":252},"ivs":{"hp":31,"atk":31,"def":31,"spa":31,"spd":31,"spe":31}},{"name":"Slowbro","species":"Slowbro","item":"leftovers","ability":"Regenerator","moves":["scald","slackoff","thunderwave","icebeam"],"nature":"Bold","evs":{"hp":252,"atk":0,"def":232,"spa":0,"spd":24,"spe":0},"ivs":{"hp":31,"atk":31,"def":31,"spa":31,"spd":31,"spe":31}},{"name":"Jirachi","species":"Jirachi","item":"leftovers","ability":"Serene Grace","moves":["bodyslam","ironhead","healingwish","stealthrock"],"nature":"Careful","evs":{"hp":252,"atk":0,"def":0,"spa":0,"spd":220,"spe":36},"ivs":{"hp":31,"atk":31,"def":31,"spa":31,"spd":31,"spe":31}},{"name":"Celebi","species":"Celebi","item":"leftovers","ability":"Natural Cure","moves":["gigadrain","earthpower","leechseed","perishsong"],"nature":"Calm","evs":{"hp":252,"atk":0,"def":0,"spa":0,"spd":220,"spe":36},"ivs":{"hp":31,"atk":31,"def":31,"spa":31,"spd":31,"spe":31}},{"name":"Medicham","species":"Medicham","item":"medichamite","ability":"Pure Power","moves":["fakeout","highjumpkick","icepunch","thunderpunch"],"nature":"Jolly","evs":{"hp":0,"atk":252,"def":0,"spa":0,"spd":4,"spe":252},"ivs":{"hp":31,"atk":31,"def":31,"spa":31,"spd":31,"spe":31}}],"p2team":[{"name":"Sceptile","species":"Sceptile","item":"choiceband","ability":"Unburden","moves":["leafblade","drainpunch","outrage","rockslide"],"nature":"Jolly","evs":{"hp":0,"atk":252,"def":0,"spa":0,"spd":4,"spe":252},"ivs":{"hp":31,"atk":31,"def":31,"spa":31,"spd":31,"spe":31}},{"name":"Venusaur","species":"Venusaur","item":"venusaurite","ability":"Overgrow","moves":["curse","synthesis","earthquake","petalblizzard"],"nature":"Adamant","evs":{"hp":248,"atk":252,"def":0,"spa":0,"spd":8,"spe":0},"ivs":{"hp":31,"atk":31,"def":31,"spa":31,"spd":31,"spe":31}},{"name":"Ludicolo","species":"Ludicolo","item":"choicespecs","ability":"Own Tempo","moves":["energyball","hiddenpowerfire","surf","icebeam"],"nature":"Modest","evs":{"hp":0,"atk":0,"def":0,"spa":252,"spd":4,"spe":252},"ivs":{"hp":31,"atk":30,"def":31,"spa":30,"spd":31,"spe":30}},{"name":"Ferrothorn","species":"Ferrothorn","item":"rockyhelmet","ability":"Iron Barbs","moves":["leechseed","stealthrock","thunderwave","gyroball"],"nature":"Impish","evs":{"hp":248,"atk":8,"def":252,"spa":0,"spd":0,"spe":0},"ivs":{"hp":31,"atk":31,"def":31,"spa":31,"spd":31,"spe":0}},{"name":"Cradily","species":"Cradily","item":"leftovers","ability":"Storm Drain","moves":["stealthrock","rockslide","recover","toxic"],"nature":"Careful","evs":{"hp":252,"atk":4,"def":0,"spa":0,"spd":252,"spe":0},"ivs":{"hp":31,"atk":30,"def":31,"spa":30,"spd":31,"spe":30}},{"name":"Roserade","species":"Roserade","item":"choicescarf","ability":"Technician","moves":["sludgebomb","energyball","hiddenpowerice","shadowball"],"nature":"Timid","evs":{"hp":0,"atk":0,"def":0,"spa":252,"spd":4,"spe":252},"ivs":{"hp":31,"atk":30,"def":30,"spa":31,"spd":31,"spe":31}}],"log":["|player|p1|V SLootBoot|285","|player|p2|V Photon|66","|gametype|singles","|gen|6","|tier|Monotype","|rated","|rule|Baton Pass Clause: Limit one Baton Passer, can't pass Spe and other stats simultaneously","|rule|Swagger Clause: Swagger is banned","|rule|Same Type Clause: Pokémon in a team must share a type","|clearpoke","|poke|p1|Xatu, F","|poke|p1|Alakazam, F","|poke|p1|Slowbro, M","|poke|p1|Jirachi","|poke|p1|Celebi","|poke|p1|Medicham, M","|poke|p2|Sceptile, F","|poke|p2|Venusaur, F","|poke|p2|Ludicolo, M","|poke|p2|Ferrothorn, F","|poke|p2|Cradily, F","|poke|p2|Roserade, F","|rule|Sleep Clause Mod: Limit one foe put to sleep","|rule|Species Clause: Limit one of each Pokémon","|rule|OHKO Clause: OHKO moves are banned","|rule|Moody Clause: Moody is banned","|rule|Evasion Moves Clause: Evasion moves are banned","|rule|Endless Battle Clause: Forcing endless battles is banned","|rule|HP Percentage Mod: HP is shown in percentages","|teampreview","|","|start","|switch|p1a: Jirachi|Jirachi|404/404","|switch|p2a: Cradily|Cradily, F|376/376","|turn|1","|","|switch|p2a: Ferrothorn|Ferrothorn, F|351/351","|move|p1a: Jirachi|Iron Head|p2a: Ferrothorn","|-resisted|p2a: Ferrothorn","|-damage|p2a: Ferrothorn|326/351","|-damage|p1a: Jirachi|354/404|[from] ability: Iron Barbs|[of] p2a: Ferrothorn","|-damage|p1a: Jirachi|287/404|[from] item: Rocky Helmet|[of] p2a: Ferrothorn","|","|-heal|p1a: Jirachi|312/404|[from] item: Leftovers","|turn|2","|","|switch|p1a: Xatu|Xatu, F|333/333","|move|p2a: Ferrothorn|Leech Seed|p1a: Xatu","|move|p1a: Xatu|Leech Seed|p2a: Ferrothorn|[from]Magic Bounce","|-immune|p2a: Ferrothorn|[msg]","|","|turn|3","|","|move|p1a: Xatu|Reflect|p1a: Xatu","|-sidestart|p1: V SLootBoot|Reflect","|move|p2a: Ferrothorn|Thunder Wave|p1a: Xatu","|move|p1a: Xatu|Thunder Wave|p2a: Ferrothorn|[from]Magic Bounce","|-status|p2a: Ferrothorn|par","|","|turn|4","|","|move|p1a: Xatu|Night Shade|p2a: Ferrothorn","|-damage|p2a: Ferrothorn|226/351 par","|move|p2a: Ferrothorn|Gyro Ball|p1a: Xatu","|-damage|p1a: Xatu|216/333","|","|turn|5","|","|switch|p2a: Roserade|Roserade, F|261/261","|move|p1a: Xatu|Night Shade|p2a: Roserade","|-damage|p2a: Roserade|161/261","|","|turn|6","|","|move|p2a: Roserade|Shadow Ball|p1a: Xatu","|-supereffective|p1a: Xatu","|-damage|p1a: Xatu|0 fnt","|faint|p1a: Xatu","|","|","|switch|p1a: Celebi|Celebi|404/404","|turn|7","|","|switch|p2a: Cradily|Cradily, F|376/376","|move|p1a: Celebi|Earth Power|p2a: Cradily","|-damage|p2a: Cradily|327/376","|-unboost|p2a: Cradily|spd|1","|","|-heal|p2a: Cradily|350/376|[from] item: Leftovers","|turn|8","|","|move|p1a: Celebi|Perish Song|p1a: Celebi","|-start|p1a: Celebi|perish3|[silent]","|-start|p2a: Cradily|perish3|[silent]","|-fieldactivate|move: Perish Song","|move|p2a: Cradily|Stealth Rock|p1a: Celebi","|-sidestart|p1: V SLootBoot|move: Stealth Rock","|","|-start|p1a: Celebi|perish3","|-start|p2a: Cradily|perish3","|-heal|p2a: Cradily|373/376|[from] item: Leftovers","|turn|9","|","|switch|p1a: Medicham|Medicham, M|261/261","|-damage|p1a: Medicham|245/261|[from] Stealth Rock","|switch|p2a: Ludicolo|Ludicolo, M|301/301","|","|turn|10","|","|switch|p2a: Ferrothorn|Ferrothorn, F|226/351 par","|move|p1a: Medicham|Fake Out|p2a: Ferrothorn","|-resisted|p2a: Ferrothorn","|-damage|p2a: Ferrothorn|209/351 par","|-damage|p1a: Medicham|213/261|[from] ability: Iron Barbs|[of] p2a: Ferrothorn","|-damage|p1a: Medicham|170/261|[from] item: Rocky Helmet|[of] p2a: Ferrothorn","|","|-sideend|p1: V SLootBoot|Reflect","|turn|11","|","|switch|p1a: Celebi|Celebi|404/404","|-damage|p1a: Celebi|354/404|[from] Stealth Rock","|switch|p2a: Venusaur|Venusaur, F|363/363","|","|-heal|p1a: Celebi|379/404|[from] item: Leftovers","|turn|12","|","|detailschange|p2a: Venusaur|Venusaur-Mega, F","|-mega|p2a: Venusaur|Venusaur|Venusaurite","|move|p1a: Celebi|Perish Song|p1a: Celebi","|-start|p1a: Celebi|perish3|[silent]","|-start|p2a: Venusaur|perish3|[silent]","|-fieldactivate|move: Perish Song","|move|p2a: Venusaur|Curse|p2a: Venusaur","|-unboost|p2a: Venusaur|spe|1","|-boost|p2a: Venusaur|atk|1","|-boost|p2a: Venusaur|def|1","|","|-start|p1a: Celebi|perish3","|-start|p2a: Venusaur|perish3","|-heal|p1a: Celebi|404/404|[from] item: Leftovers","|turn|13","|","|switch|p1a: Jirachi|Jirachi|312/404","|-damage|p1a: Jirachi|287/404|[from] Stealth Rock","|move|p2a: Venusaur|Petal Blizzard|p1a: Jirachi","|-resisted|p1a: Jirachi","|-damage|p1a: Jirachi|172/404","|","|-start|p2a: Venusaur|perish2","|-heal|p1a: Jirachi|197/404|[from] item: Leftovers","|turn|14","|","|move|p1a: Jirachi|Stealth Rock|p2a: Venusaur","|-sidestart|p2: V Photon|move: Stealth Rock","|move|p2a: Venusaur|Earthquake|p1a: Jirachi","|-crit|p1a: Jirachi","|-supereffective|p1a: Jirachi","|-damage|p1a: Jirachi|0 fnt","|faint|p1a: Jirachi","|","|-start|p2a: Venusaur|perish1","|","|switch|p1a: Alakazam|Alakazam, F|251/251","|turn|15","|","|switch|p2a: Ludicolo|Ludicolo, M|301/301","|-damage|p2a: Ludicolo|264/301|[from] Stealth Rock","|detailschange|p1a: Alakazam|Alakazam-Mega, F","|-mega|p1a: Alakazam|Alakazam|Alakazite","|-ability|p1a: Alakazam|Own Tempo|[from] ability: Trace|[of] p2a: Ludicolo","|move|p1a: Alakazam|Psychic|p2a: Ludicolo","|-crit|p2a: Ludicolo","|-damage|p2a: Ludicolo|0 fnt","|faint|p2a: Ludicolo","|","|","|switch|p2a: Cradily|Cradily, F|373/376","|-damage|p2a: Cradily|326/376|[from] Stealth Rock","|turn|16","|","|move|p1a: Alakazam|Focus Blast|p2a: Cradily","|-supereffective|p2a: Cradily","|-damage|p2a: Cradily|90/376","|move|p2a: Cradily|Rock Slide|p1a: Alakazam","|-damage|p1a: Alakazam|146/251","|","|-heal|p2a: Cradily|113/376|[from] item: Leftovers","|turn|17","|","|move|p1a: Alakazam|Psychic|p2a: Cradily","|-damage|p2a: Cradily|0 fnt","|faint|p2a: Cradily","|","|","|switch|p2a: Roserade|Roserade, F|161/261","|-damage|p2a: Roserade|129/261|[from] Stealth Rock","|turn|18","|","|move|p2a: Roserade|Shadow Ball|p1a: Alakazam","|-supereffective|p1a: Alakazam","|-damage|p1a: Alakazam|0 fnt","|faint|p1a: Alakazam","|","|","|switch|p1a: Medicham|Medicham, M|170/261","|-damage|p1a: Medicham|154/261|[from] Stealth Rock","|turn|19","|","|switch|p2a: Ferrothorn|Ferrothorn, F|209/351 par","|-damage|p2a: Ferrothorn|188/351 par|[from] Stealth Rock","|move|p1a: Medicham|Fake Out|p2a: Ferrothorn","|-resisted|p2a: Ferrothorn","|-damage|p2a: Ferrothorn|172/351 par","|-damage|p1a: Medicham|122/261|[from] ability: Iron Barbs|[of] p2a: Ferrothorn","|-damage|p1a: Medicham|79/261|[from] item: Rocky Helmet|[of] p2a: Ferrothorn","|","|turn|20","|","|move|p1a: Medicham|High Jump Kick|p2a: Ferrothorn","|-supereffective|p2a: Ferrothorn","|-damage|p2a: Ferrothorn|0 fnt","|-damage|p1a: Medicham|47/261|[from] ability: Iron Barbs|[of] p2a: Ferrothorn","|-damage|p1a: Medicham|4/261|[from] item: Rocky Helmet|[of] p2a: Ferrothorn","|faint|p2a: Ferrothorn","|","|","|switch|p2a: Roserade|Roserade, F|129/261","|-damage|p2a: Roserade|97/261|[from] Stealth Rock","|turn|21","|","|move|p2a: Roserade|Shadow Ball|p1a: Medicham","|-supereffective|p1a: Medicham","|-damage|p1a: Medicham|0 fnt","|faint|p1a: Medicham","|","|","|switch|p1a: Celebi|Celebi|404/404","|-damage|p1a: Celebi|354/404|[from] Stealth Rock","|turn|22","|","|move|p2a: Roserade|Shadow Ball|p1a: Celebi","|-supereffective|p1a: Celebi","|-damage|p1a: Celebi|222/404","|move|p1a: Celebi|Perish Song|p1a: Celebi","|-start|p1a: Celebi|perish3|[silent]","|-start|p2a: Roserade|perish3|[silent]","|-fieldactivate|move: Perish Song","|","|-start|p2a: Roserade|perish3","|-start|p1a: Celebi|perish3","|-heal|p1a: Celebi|247/404|[from] item: Leftovers","|turn|23","|","|move|p2a: Roserade|Shadow Ball|p1a: Celebi","|-supereffective|p1a: Celebi","|-damage|p1a: Celebi|103/404","|move|p1a: Celebi|Earth Power|p2a: Roserade","|-damage|p2a: Roserade|24/261","|","|-start|p2a: Roserade|perish2","|-start|p1a: Celebi|perish2","|-heal|p1a: Celebi|128/404|[from] item: Leftovers","|turn|24","|","|switch|p1a: Slowbro|Slowbro, M|394/394","|-damage|p1a: Slowbro|345/394|[from] Stealth Rock","|move|p2a: Roserade|Shadow Ball|p1a: Slowbro","|-supereffective|p1a: Slowbro","|-damage|p1a: Slowbro|139/394","|","|-start|p2a: Roserade|perish1","|-heal|p1a: Slowbro|163/394|[from] item: Leftovers","|turn|25","|","|switch|p1a: Celebi|Celebi|128/404","|-damage|p1a: Celebi|78/404|[from] Stealth Rock","|move|p2a: Roserade|Shadow Ball|p1a: Celebi","|-supereffective|p1a: Celebi","|-damage|p1a: Celebi|0 fnt","|faint|p1a: Celebi","|","|-start|p2a: Roserade|perish0","|faint|p2a: Roserade","|","|switch|p2a: Sceptile|Sceptile, F|281/281","|switch|p1a: Slowbro|Slowbro, M|294/394","|-damage|p2a: Sceptile|246/281|[from] Stealth Rock","|-damage|p1a: Slowbro|245/394|[from] Stealth Rock","|turn|26","|","|move|p2a: Sceptile|Leaf Blade|p1a: Slowbro","|-supereffective|p1a: Slowbro","|-damage|p1a: Slowbro|3/394","|move|p1a: Slowbro|Ice Beam|p2a: Sceptile","|-supereffective|p2a: Sceptile","|-damage|p2a: Sceptile|84/281","|","|-heal|p1a: Slowbro|27/394|[from] item: Leftovers","|turn|27","|","|move|p2a: Sceptile|Leaf Blade|p1a: Slowbro","|-supereffective|p1a: Slowbro","|-damage|p1a: Slowbro|0 fnt","|faint|p1a: Slowbro","|","|win|V Photon"],"p1rating":{"entryid":"7571098","serverid":"eos","formatid":"monotype","userid":"vslootboot","username":"V SLootBoot","w":"2","l":1,"t":"0","gxe":54.2,"r":"1500","rd":"130","sigma":"0","rptime":"1439283600","rpr":1533.1385125152,"rprd":110.53642162522,"rpsigma":"0","acre":1062.5450615841,"lacre":1062.5450615841,"oldacre":"1092.6746139512"},"p2rating":{"entryid":"7561969","serverid":"eos","formatid":"monotype","userid":"vphoton","username":"V Photon","w":1,"l":"1","t":"0","gxe":50.9,"r":"1500","rd":"130","sigma":"0","rptime":"1439283600","rpr":1506.9160390433,"rprd":116.33707753332,"rpsigma":"0","acre":1050.4235140243,"lacre":1050.4235140243,"oldacre":"1000"},"endType":"normal"}