{"seed":[13755,15705,64692,48462],"turns":25,"p1":"Shining Yin","p2":"GTX♅Bzumzum","p1team":[{"name":"Aegislash","species":"Aegislash","item":"weaknesspolicy","ability":"Stance Change","moves":["kingsshield","swordsdance","shadowsneak","ironhead"],"nature":"Adamant","evs":{"hp":248,"atk":252,"def":0,"spa":0,"spd":8,"spe":0},"ivs":{"hp":31,"atk":31,"def":31,"spa":31,"spd":31,"spe":31}},{"name":"Sableye","species":"Sableye","item":"sablenite","ability":"Prankster","moves":["willowisp","recover","calmmind","snarl"],"nature":"Calm","evs":{"hp":252,"atk":0,"def":160,"spa":0,"spd":96,"spe":0},"ivs":{"hp":31,"atk":0,"def":31,"spa":31,"spd":31,"spe":31}},{"name":"Golurk","species":"Golurk","item":"focussash","ability":"No Guard","moves":["stealthrock","stoneedge","dynamicpunch","earthquake"],"nature":"Adamant","evs":{"hp":0,"atk":252,"def":0,"spa":0,"spd":4,"spe":252},"ivs":{"hp":31,"atk":31,"def":31,"spa":31,"spd":31,"spe":31}},{"name":"Jellicent","species":"Jellicent","item":"leftovers","ability":"Cursed Body","moves":["acidarmor","toxic","recover","scald"],"nature":"Calm","evs":{"hp":252,"atk":0,"def":4,"spa":0,"spd":252,"spe":0},"gender":"M","ivs":{"hp":31,"atk":0,"def":31,"spa":31,"spd":31,"spe":31}},{"name":"Chandelure","species":"Chandelure","item":"choicescarf","ability":"Flash Fire","moves":["flamethrower","shadowball","energyball","trick"],"nature":"Timid","evs":{"hp":0,"atk":0,"def":4,"spa":252,"spd":0,"spe":252},"ivs":{"hp":31,"atk":30,"def":30,"spa":31,"spd":31,"spe":31}},{"name":"Gengar","species":"Gengar","item":"focussash","ability":"Levitate","moves":["destinybond","shadowball","icywind","sludgewave"],"nature":"Timid","evs":{"hp":0,"atk":0,"def":0,"spa":252,"spd":4,"spe":252},"ivs":{"hp":31,"atk":0,"def":31,"spa":31,"spd":31,"spe":31}}],"p2team":[{"name":"Elec","species":"manectric","item":"manectite","ability":"Lightning Rod","moves":["thunderbolt","hiddenpowergrass","voltswitch","overheat"],"nature":"Timid","evs":{"hp":0,"atk":0,"def":0,"spa":252,"spd":4,"spe":252},"gender":"M","ivs":{"hp":31,"atk":30,"def":31,"spa":30,"spd":31,"spe":31}},{"name":"Water-Safe","species":"rotomwash","item":"chestoberry","ability":"Levitate","moves":["hydropump","hiddenpowerice","willowisp","rest"],"nature":"Bold","evs":{"hp":236,"atk":0,"def":96,"spa":16,"spd":160,"spe":0},"ivs":{"hp":31,"atk":30,"def":30,"spa":31,"spd":31,"spe":31},"shiny":true},{"name":"MY ZONE!!!","species":"magnezone","item":"choicespecs","ability":"Sturdy","moves":["hiddenpowerice","flashcannon","triattack","signalbeam"],"nature":"Modest","evs":{"hp":248,"atk":0,"def":0,"spa":252,"spd":8,"spe":0},"ivs":{"hp":31,"atk":30,"def":30,"spa":31,"spd":31,"spe":31},"shiny":true},{"name":"Thundernor","species":"eelektross","item":"leftovers","ability":"Levitate","moves":["coil","drainpunch","knockoff","uturn"],"nature":"Adamant","evs":{"hp":252,"atk":252,"def":0,"spa":0,"spd":0,"spe":4},"gender":"M","shiny":true,"ivs":{"hp":31,"atk":31,"def":31,"spa":31,"spd":31,"spe":31}},{"name":"Zapz","species":"zapdos","item":"leftovers","ability":"Pressure","moves":["heatwave","roost","extrasensory","defog"],"nature":"Modest","evs":{"hp":252,"atk":0,"def":0,"spa":252,"spd":4,"spe":0},"shiny":true,"ivs":{"hp":31,"atk":31,"def":31,"spa":31,"spd":31,"spe":31}},{"name":"Thundurus","species":"Thundurus","item":"safetygoggles","ability":"Prankster","moves":["torment","healblock","uturn","raindance"],"nature":"Impish","evs":{"hp":252,"atk":0,"def":124,"spa":0,"spd":124,"spe":8},"shiny":true,"ivs":{"hp":31,"atk":31,"def":31,"spa":31,"spd":31,"spe":31}}],"log":["|player|p1|Shining Yin|206","|player|p2|GTX♅Bzumzum|225","|gametype|singles","|gen|6","|tier|Monotype","|rated","|rule|Baton Pass Clause: Limit one Baton Passer, can't pass Spe and other stats simultaneously","|rule|Swagger Clause: Swagger is banned","|rule|Same Type Clause: Pokémon in a team must share a type","|clearpoke","|poke|p1|Aegislash, F","|poke|p1|Sableye, F","|poke|p1|Golurk","|poke|p1|Jellicent, M","|poke|p1|Chandelure, M","|poke|p1|Gengar, F","|poke|p2|Manectric, M","|poke|p2|Rotom-Wash, shiny","|poke|p2|Magnezone, shiny","|poke|p2|Eelektross, M, shiny","|poke|p2|Zapdos, shiny","|poke|p2|Thundurus, M, shiny","|rule|Sleep Clause Mod: Limit one foe put to sleep","|rule|Species Clause: Limit one of each Pokémon","|rule|OHKO Clause: OHKO moves are banned","|rule|Moody Clause: Moody is banned","|rule|Evasion Moves Clause: Evasion moves are banned","|rule|Endless Battle Clause: Forcing endless battles is banned","|rule|HP Percentage Mod: HP is shown in percentages","|teampreview","|","|start","|switch|p1a: Golurk|Golurk|319/319","|switch|p2a: Thundurus|Thundurus, M, shiny|362/362","|turn|1","|","|move|p2a: Thundurus|U-turn|p1a: Golurk","|-resisted|p1a: Golurk","|-damage|p1a: Golurk|279/319","|","|switch|p2a: Zapz|Zapdos, shiny|384/384","|-ability|p2a: Zapz|Pressure","|move|p1a: Golurk|Stone Edge|p2a: Zapz","|-supereffective|p2a: Zapz","|-damage|p2a: Zapz|90/384","|","|-heal|p2a: Zapz|114/384|[from] item: Leftovers","|turn|2","|","|move|p2a: Zapz|Extrasensory|p1a: Golurk","|-damage|p1a: Golurk|166/319","|move|p1a: Golurk|Earthquake|p2a: Zapz","|-immune|p2a: Zapz|[msg]","|","|-heal|p2a: Zapz|138/384|[from] item: Leftovers","|turn|3","|","|move|p2a: Zapz|Extrasensory|p1a: Golurk","|-damage|p1a: Golurk|40/319","|move|p1a: Golurk|Stone Edge|p2a: Zapz","|-supereffective|p2a: Zapz","|-damage|p2a: Zapz|0 fnt","|faint|p2a: Zapz","|","|","|switch|p2a: Elec|Manectric, M|281/281","|turn|4","|","|move|p2a: Elec|Hidden Power|p1a: Golurk","|-supereffective|p1a: Golurk","|-damage|p1a: Golurk|0 fnt","|faint|p1a: Golurk","|","|","|switch|p1a: Gengar|Gengar, F|261/261","|turn|5","|","|switch|p2a: MY ZONE!!!|Magnezone, shiny|343/343","|move|p1a: Gengar|Icy Wind|p2a: MY ZONE!!!","|-resisted|p2a: MY ZONE!!!","|-damage|p2a: MY ZONE!!!|309/343","|-unboost|p2a: MY ZONE!!!|spe|1","|","|turn|6","|","|move|p1a: Gengar|Shadow Ball|p2a: MY ZONE!!!","|-damage|p2a: MY ZONE!!!|144/343","|move|p2a: MY ZONE!!!|Flash Cannon|p1a: Gengar","|-enditem|p1a: Gengar|Focus Sash","|-damage|p1a: Gengar|1/261","|","|turn|7","|","|switch|p2a: Water-Safe|Rotom-Wash, shiny|300/300","|move|p1a: Gengar|Shadow Ball|p2a: Water-Safe","|-damage|p2a: Water-Safe|176/300","|-unboost|p2a: Water-Safe|spd|1","|","|turn|8","|","|move|p1a: Gengar|Sludge Wave|p2a: Water-Safe","|-damage|p2a: Water-Safe|0 fnt","|faint|p2a: Water-Safe","|","|","|switch|p2a: Elec|Manectric, M|281/281","|turn|9","|","|detailschange|p2a: Elec|Manectric-Mega, M","|-mega|p2a: Elec|Manectric|Manectite","|-ability|p2a: Elec|Intimidate","|-unboost|p1a: Gengar|atk|1","|move|p1a: Gengar|Destiny Bond|p1a: Gengar","|-singlemove|p1a: Gengar|Destiny Bond","|move|p2a: Elec|Volt Switch|p1a: Gengar","|-damage|p1a: Gengar|0 fnt","|faint|p1a: Gengar","|-activate|p1a: Gengar|Destiny Bond","|faint|p2a: Elec","|","|","|switch|p1a: Chandelure|Chandelure, M|261/261","|switch|p2a: Thundurus|Thundurus, M, shiny|362/362","|turn|10","|","|move|p2a: Thundurus|Torment|p1a: Chandelure","|-start|p1a: Chandelure|Torment","|move|p1a: Chandelure|Flamethrower|p2a: Thundurus","|-damage|p2a: Thundurus|184/362","|-status|p2a: Thundurus|brn","|","|-damage|p2a: Thundurus|139/362 brn|[from] brn","|turn|11","|","|switch|p1a: Jellicent|Jellicent, M|404/404","|move|p2a: Thundurus|U-turn|p1a: Jellicent","|-resisted|p1a: Jellicent","|-damage|p1a: Jellicent|384/404","|","|switch|p2a: Thundernor|Eelektross, M, shiny|374/374","|","|-heal|p1a: Jellicent|404/404|[from] item: Leftovers","|turn|12","|","|move|p1a: Jellicent|Toxic|p2a: Thundernor","|-status|p2a: Thundernor|tox","|move|p2a: Thundernor|Coil|p2a: Thundernor","|-boost|p2a: Thundernor|atk|1","|-boost|p2a: Thundernor|def|1","|-boost|p2a: Thundernor|accuracy|1","|","|-damage|p2a: Thundernor|351/374 tox|[from] psn","|turn|13","|","|move|p1a: Jellicent|Scald|p2a: Thundernor","|-damage|p2a: Thundernor|252/374 tox","|move|p2a: Thundernor|Knock Off|p1a: Jellicent","|-supereffective|p1a: Jellicent","|-damage|p1a: Jellicent|0 fnt","|-start|p2a: Thundernor|Disable|Knock Off","|-enditem|p1a: Jellicent|Leftovers|[from] move: Knock Off|[of] p2a: Thundernor","|faint|p1a: Jellicent","|","|-heal|p2a: Thundernor|275/374 tox|[from] item: Leftovers","|-damage|p2a: Thundernor|229/374 tox|[from] psn","|","|switch|p1a: Sableye|Sableye, F|304/304","|turn|14","|","|detailschange|p1a: Sableye|Sableye-Mega, F","|-mega|p1a: Sableye|Sableye|Sablenite","|move|p1a: Sableye|Calm Mind|p1a: Sableye","|-boost|p1a: Sableye|spa|1","|-boost|p1a: Sableye|spd|1","|move|p2a: Thundernor|U-turn|p1a: Sableye","|-damage|p1a: Sableye|206/304","|","|switch|p2a: Thundurus|Thundurus, M, shiny|139/362 brn","|","|-damage|p2a: Thundurus|94/362 brn|[from] brn","|turn|15","|","|move|p2a: Thundurus|Heal Block|p1a: Sableye","|move|p1a: Sableye|Heal Block|p2a: Thundurus|[from]Magic Bounce","|-start|p2a: Thundurus|move: Heal Block","|move|p1a: Sableye|Recover|p1a: Sableye","|-heal|p1a: Sableye|304/304","|","|-damage|p2a: Thundurus|49/362 brn|[from] brn","|turn|16","|","|move|p2a: Thundurus|U-turn|p1a: Sableye","|-damage|p1a: Sableye|281/304","|","|switch|p2a: MY ZONE!!!|Magnezone, shiny|144/343","|move|p1a: Sableye|Calm Mind|p1a: Sableye","|-boost|p1a: Sableye|spa|1","|-boost|p1a: Sableye|spd|1","|","|turn|17","|","|move|p2a: MY ZONE!!!|Signal Beam|p1a: Sableye","|-damage|p1a: Sableye|226/304","|move|p1a: Sableye|Snarl|p2a: MY ZONE!!!","|-damage|p2a: MY ZONE!!!|24/343","|-unboost|p2a: MY ZONE!!!|spa|1","|","|turn|18","|","|move|p2a: MY ZONE!!!|Signal Beam|p1a: Sableye","|-damage|p1a: Sableye|187/304","|move|p1a: Sableye|Recover|p1a: Sableye","|-heal|p1a: Sableye|304/304","|","|turn|19","|","|move|p2a: MY ZONE!!!|Signal Beam|p1a: Sableye","|-crit|p1a: Sableye","|-damage|p1a: Sableye|143/304","|move|p1a: Sableye|Snarl|p2a: MY ZONE!!!","|-damage|p2a: MY ZONE!!!|0 fnt","|faint|p2a: MY ZONE!!!","|","|","|switch|p2a: Thundernor|Eelektross, M, shiny|229/374 tox","|turn|20","|","|move|p2a: Thundernor|Knock Off|p1a: Sableye","|-damage|p1a: Sableye|90/304","|move|p1a: Sableye|Recover|p1a: Sableye","|-heal|p1a: Sableye|242/304","|","|-heal|p2a: Thundernor|252/374 tox|[from] item: Leftovers","|-damage|p2a: Thundernor|229/374 tox|[from] psn","|turn|21","|","|move|p2a: Thundernor|Coil|p2a: Thundernor","|-boost|p2a: Thundernor|atk|1","|-boost|p2a: Thundernor|def|1","|-boost|p2a: Thundernor|accuracy|1","|move|p1a: Sableye|Snarl|p2a: Thundernor","|-damage|p2a: Thundernor|96/374 tox","|-unboost|p2a: Thundernor|spa|1","|","|-heal|p2a: Thundernor|119/374 tox|[from] item: Leftovers","|-damage|p2a: Thundernor|73/374 tox|[from] psn","|turn|22","|","|move|p2a: Thundernor|Knock Off|p1a: Sableye","|-damage|p1a: Sableye|153/304","|move|p1a: Sableye|Recover|p1a: Sableye","|-heal|p1a: Sableye|304/304","|","|-heal|p2a: Thundernor|96/374 tox|[from] item: Leftovers","|-damage|p2a: Thundernor|27/374 tox|[from] psn","|turn|23","|","|move|p2a: Thundernor|U-turn|p1a: Sableye","|-damage|p1a: Sableye|207/304","|","|switch|p2a: Thundurus|Thundurus, M, shiny|49/362 brn","|move|p1a: Sableye|Recover|p1a: Sableye","|-heal|p1a: Sableye|304/304","|","|-damage|p2a: Thundurus|4/362 brn|[from] brn","|turn|24","|","|move|p2a: Thundurus|U-turn|p1a: Sableye","|-damage|p1a: Sableye|282/304","|","|switch|p2a: Thundernor|Eelektross, M, shiny|27/374 tox","|move|p1a: Sableye|Snarl|p2a: Thundernor","|-damage|p2a: Thundernor|0 fnt","|faint|p2a: Thundernor","|","|","|switch|p2a: Thundurus|Thundurus, M, shiny|4/362 brn","|turn|25","|","|move|p2a: Thundurus|Torment|p1a: Sableye","|move|p1a: Sableye|Torment|p2a: Thundurus|[from]Magic Bounce","|-start|p2a: Thundurus|Torment","|move|p1a: Sableye|Recover|p1a: Sableye","|-heal|p1a: Sableye|304/304","|","|-damage|p2a: Thundurus|0 fnt|[from] brn","|faint|p2a: Thundurus","|","|win|Shining Yin"],"p1rating":{"entryid":"7208708","serverid":"eos","formatid":"monotype","userid":"shiningyin","username":"Shining Yin","w":45,"l":"17","t":"0","gxe":70.1,"r":"1640.1665450475","rd":"48.692794765811","sigma":"0","rptime":"1439370000","rpr":1661.3082541078,"rprd":46.912082244414,"rpsigma":"0","acre":1375.8792938068,"lacre":1375.8792938068,"oldacre":"1368.1515084642"},"p2rating":{"entryid":"6857825","serverid":"eos","formatid":"monotype","userid":"gtxbzumzum","username":"GTX♅Bzumzum","w":"33","l":113,"t":"0","gxe":23.3,"r":"1260.5936387129","rd":"34.080063403311","sigma":"0","rptime":"1439370000","rpr":1274.6270901158,"rprd":33.717847632875,"rpsigma":"0","acre":1110.1822889665,"lacre":1110.1822889665,"oldacre":"1119.8420206447"},"endType":"normal"}