{"seed":[50900,9939,29283,55126],"turns":35,"p1":"I ONLY USE CARNIE","p2":"Desolate Nightmare","p1team":[{"name":"Ferrothorn","species":"Ferrothorn","item":"leftovers","ability":"Iron Barbs","moves":["stealthrock","leechseed","thunderwave","gyroball"],"nature":"Relaxed","evs":{"hp":252,"atk":4,"def":252,"spa":0,"spd":0,"spe":0},"ivs":{"hp":31,"atk":31,"def":31,"spa":31,"spd":31,"spe":0}},{"name":"Heatran","species":"Heatran","item":"leftovers","ability":"Flash Fire","moves":["protect","fireblast","earthpower","flashcannon"],"nature":"Modest","evs":{"hp":252,"atk":0,"def":0,"spa":252,"spd":4,"spe":0},"ivs":{"hp":31,"atk":31,"def":31,"spa":31,"spd":31,"spe":31}},{"name":"Empoleon","species":"Empoleon","item":"leftovers","ability":"Torrent","moves":["scald","toxic","roar","stealthrock"],"nature":"Calm","evs":{"hp":248,"atk":0,"def":8,"spa":0,"spd":252,"spe":0},"ivs":{"hp":31,"atk":31,"def":31,"spa":31,"spd":31,"spe":31}},{"name":"Scizor","species":"Scizor","item":"scizorite","ability":"Technician","moves":["swordsdance","bulletpunch","bugbite","roost"],"nature":"Careful","evs":{"hp":248,"atk":0,"def":8,"spa":0,"spd":252,"spe":0},"ivs":{"hp":31,"atk":31,"def":31,"spa":31,"spd":31,"spe":31}},{"name":"Lucario","species":"Lucario","item":"lifeorb","ability":"Steadfast","moves":["nastyplot","aurasphere","darkpulse","flashcannon"],"nature":"Timid","evs":{"hp":0,"atk":0,"def":0,"spa":252,"spd":4,"spe":252},"shiny":true,"ivs":{"hp":31,"atk":31,"def":31,"spa":31,"spd":31,"spe":31}},{"name":"Bisharp","species":"Bisharp","item":"lifeorb","ability":"Defiant","moves":["swordsdance","suckerpunch","psychocut","ironhead"],"nature":"Jolly","evs":{"hp":0,"atk":252,"def":0,"spa":0,"spd":4,"spe":252},"ivs":{"hp":31,"atk":31,"def":31,"spa":31,"spd":31,"spe":31}}],"p2team":[{"name":"Zeus","species":"thundurus","item":"lifeorb","ability":"Prankster","moves":["grassknot","thunderwave","knockoff","thunderbolt"],"nature":"Hasty","evs":{"hp":104,"atk":0,"def":0,"spa":152,"spd":0,"spe":252},"ivs":{"hp":31,"atk":30,"def":31,"spa":30,"spd":31,"spe":31},"shiny":true},{"name":"Washing Machine","species":"rotomwash","item":"leftovers","ability":"Levitate","moves":["painsplit","willowisp","hiddenpowergrass","hydropump"],"nature":"Bold","evs":{"hp":252,"atk":0,"def":252,"spa":4,"spd":0,"spe":0},"ivs":{"hp":31,"atk":30,"def":31,"spa":30,"spd":31,"spe":31}},{"name":"Trans-Ampharos","species":"ampharos","item":"ampharosite","ability":"Static","moves":["voltswitch","dragonpulse","rest","sleeptalk"],"nature":"Calm","evs":{"hp":248,"atk":0,"def":120,"spa":0,"spd":140,"spe":0},"ivs":{"hp":31,"atk":31,"def":31,"spa":31,"spd":31,"spe":31}},{"name":"Shoes in Spanish","species":"zapdos","item":"leftovers","ability":"Pressure","moves":["thunderbolt","heatwave","roost","toxic"],"nature":"Calm","evs":{"hp":252,"atk":0,"def":0,"spa":4,"spd":252,"spe":0},"shiny":true,"ivs":{"hp":31,"atk":31,"def":31,"spa":31,"spd":31,"spe":31}},{"name":"Static Popeye","species":"electivire","item":"expertbelt","ability":"Motor Drive","moves":["thunderbolt","crosschop","flamethrower","earthquake"],"nature":"Hasty","evs":{"hp":0,"atk":20,"def":0,"spa":232,"spd":4,"spe":252},"shiny":true,"ivs":{"hp":31,"atk":31,"def":31,"spa":31,"spd":31,"spe":31}},{"name":"Sputnik","species":"magnezone","item":"choicescarf","ability":"Magnet Pull","moves":["thunderbolt","voltswitch","flashcannon","hiddenpowerice"],"nature":"Timid","evs":{"hp":4,"atk":0,"def":0,"spa":252,"spd":0,"spe":252},"ivs":{"hp":31,"atk":30,"def":30,"spa":31,"spd":31,"spe":31}}],"log":["|player|p1|I ONLY USE CARNIE|146","|player|p2|Desolate Nightmare|167","|gametype|singles","|gen|6","|tier|Monotype","|rated","|rule|Baton Pass Clause: Limit one Baton Passer, can't pass Spe and other stats simultaneously","|rule|Swagger Clause: Swagger is banned","|rule|Same Type Clause: Pokémon in a team must share a type","|clearpoke","|poke|p1|Ferrothorn, F","|poke|p1|Heatran, M","|poke|p1|Empoleon, F","|poke|p1|Scizor, F","|poke|p1|Lucario, M, shiny","|poke|p1|Bisharp, F","|poke|p2|Thundurus, M, shiny","|poke|p2|Rotom-Wash","|poke|p2|Ampharos, M","|poke|p2|Zapdos, shiny","|poke|p2|Electivire, M, shiny","|poke|p2|Magnezone","|rule|Sleep Clause Mod: Limit one foe put to sleep","|rule|Species Clause: Limit one of each Pokémon","|rule|OHKO Clause: OHKO moves are banned","|rule|Moody Clause: Moody is banned","|rule|Evasion Moves Clause: Evasion moves are banned","|rule|Endless Battle Clause: Forcing endless battles is banned","|rule|HP Percentage Mod: HP is shown in percentages","|teampreview","|","|start","|switch|p1a: Empoleon|Empoleon, F|371/371","|switch|p2a: Static Popeye|Electivire, M, shiny|291/291","|turn|1","|","|move|p2a: Static Popeye|Thunderbolt|p1a: Empoleon","|-supereffective|p1a: Empoleon","|-damage|p1a: Empoleon|145/371","|move|p1a: Empoleon|Stealth Rock|p2a: Static Popeye","|-sidestart|p2: Desolate Nightmare|move: Stealth Rock","|","|-heal|p1a: Empoleon|168/371|[from] item: Leftovers","|turn|2","|","|move|p2a: Static Popeye|Cross Chop|p1a: Empoleon|[miss]","|-miss|p2a: Static Popeye|p1a: Empoleon","|move|p1a: Empoleon|Scald|p2a: Static Popeye","|-damage|p2a: Static Popeye|171/291","|","|-heal|p1a: Empoleon|191/371|[from] item: Leftovers","|turn|3","|","|switch|p2a: Washing Machine|Rotom-Wash|304/304","|-damage|p2a: Washing Machine|266/304|[from] Stealth Rock","|move|p1a: Empoleon|Scald|p2a: Washing Machine","|-resisted|p2a: Washing Machine","|-damage|p2a: Washing Machine|214/304","|","|-heal|p2a: Washing Machine|233/304|[from] item: Leftovers","|-heal|p1a: Empoleon|214/371|[from] item: Leftovers","|turn|4","|","|move|p2a: Washing Machine|Will-O-Wisp|p1a: Empoleon|[miss]","|-miss|p2a: Washing Machine|p1a: Empoleon","|move|p1a: Empoleon|Scald|p2a: Washing Machine","|-resisted|p2a: Washing Machine","|-damage|p2a: Washing Machine|182/304","|","|-heal|p2a: Washing Machine|201/304|[from] item: Leftovers","|-heal|p1a: Empoleon|237/371|[from] item: Leftovers","|turn|5","|","|move|p2a: Washing Machine|Will-O-Wisp|p1a: Empoleon","|-status|p1a: Empoleon|brn","|move|p1a: Empoleon|Scald|p2a: Washing Machine","|-resisted|p2a: Washing Machine","|-damage|p2a: Washing Machine|154/304","|","|-heal|p2a: Washing Machine|173/304|[from] item: Leftovers","|-heal|p1a: Empoleon|260/371 brn|[from] item: Leftovers","|-damage|p1a: Empoleon|214/371 brn|[from] brn","|turn|6","|","|move|p2a: Washing Machine|Pain Split|p1a: Empoleon","|-sethp|p1a: Empoleon|193/371 brn|p2a: Washing Machine|193/304|[from] move: Pain Split","|move|p1a: Empoleon|Scald|p2a: Washing Machine","|-resisted|p2a: Washing Machine","|-damage|p2a: Washing Machine|145/304","|","|-heal|p2a: Washing Machine|164/304|[from] item: Leftovers","|-heal|p1a: Empoleon|216/371 brn|[from] item: Leftovers","|-damage|p1a: Empoleon|170/371 brn|[from] brn","|turn|7","|","|move|p2a: Washing Machine|Hidden Power|p1a: Empoleon","|-damage|p1a: Empoleon|132/371 brn","|move|p1a: Empoleon|Scald|p2a: Washing Machine","|-resisted|p2a: Washing Machine","|-damage|p2a: Washing Machine|116/304","|","|-heal|p2a: Washing Machine|135/304|[from] item: Leftovers","|-heal|p1a: Empoleon|155/371 brn|[from] item: Leftovers","|-damage|p1a: Empoleon|109/371 brn|[from] brn","|turn|8","|","|move|p2a: Washing Machine|Hidden Power|p1a: Empoleon","|-damage|p1a: Empoleon|76/371 brn","|move|p1a: Empoleon|Scald|p2a: Washing Machine","|-resisted|p2a: Washing Machine","|-damage|p2a: Washing Machine|60/304","|","|-heal|p2a: Washing Machine|79/304|[from] item: Leftovers","|-heal|p1a: Empoleon|99/371 brn|[from] item: Leftovers","|-damage|p1a: Empoleon|53/371 brn|[from] brn","|turn|9","|","|move|p2a: Washing Machine|Hidden Power|p1a: Empoleon","|-damage|p1a: Empoleon|15/371 brn","|move|p1a: Empoleon|Scald|p2a: Washing Machine","|-resisted|p2a: Washing Machine","|-damage|p2a: Washing Machine|11/304","|","|-heal|p2a: Washing Machine|30/304|[from] item: Leftovers","|-heal|p1a: Empoleon|38/371 brn|[from] item: Leftovers","|-damage|p1a: Empoleon|0 fnt|[from] brn","|faint|p1a: Empoleon","|","|switch|p1a: Ferrothorn|Ferrothorn, F|352/352","|turn|10","|","|move|p2a: Washing Machine|Pain Split|p1a: Ferrothorn","|-sethp|p1a: Ferrothorn|191/352|p2a: Washing Machine|191/304|[from] move: Pain Split","|move|p1a: Ferrothorn|Leech Seed|p2a: Washing Machine","|-start|p2a: Washing Machine|move: Leech Seed","|","|-heal|p2a: Washing Machine|210/304|[from] item: Leftovers","|-heal|p1a: Ferrothorn|213/352|[from] item: Leftovers","|-damage|p2a: Washing Machine|172/304|[from] Leech Seed|[of] p1a: Ferrothorn","|-heal|p1a: Ferrothorn|251/352|[silent]","|turn|11","|","|move|p2a: Washing Machine|Will-O-Wisp|p1a: Ferrothorn|[miss]","|-miss|p2a: Washing Machine|p1a: Ferrothorn","|move|p1a: Ferrothorn|Gyro Ball|p2a: Washing Machine","|-resisted|p2a: Washing Machine","|-damage|p2a: Washing Machine|147/304","|","|-heal|p2a: Washing Machine|166/304|[from] item: Leftovers","|-heal|p1a: Ferrothorn|273/352|[from] item: Leftovers","|-damage|p2a: Washing Machine|128/304|[from] Leech Seed|[of] p1a: Ferrothorn","|-heal|p1a: Ferrothorn|311/352|[silent]","|turn|12","|","|switch|p1a: Heatran|Heatran, M|386/386","|move|p2a: Washing Machine|Will-O-Wisp|p1a: Heatran","|-start|p1a: Heatran|ability: Flash Fire","|","|-heal|p2a: Washing Machine|147/304|[from] item: Leftovers","|-damage|p2a: Washing Machine|109/304|[from] Leech Seed|[of] p1a: Heatran","|turn|13","|","|move|p2a: Washing Machine|Hydro Pump|p1a: Heatran","|-supereffective|p1a: Heatran","|-damage|p1a: Heatran|144/386","|move|p1a: Heatran|Fire Blast|p2a: Washing Machine","|-resisted|p2a: Washing Machine","|-damage|p2a: Washing Machine|0 fnt","|faint|p2a: Washing Machine","|","|-heal|p1a: Heatran|168/386|[from] item: Leftovers","|","|switch|p2a: Trans-Ampharos|Ampharos, M|383/383","|-damage|p2a: Trans-Ampharos|336/383|[from] Stealth Rock","|turn|14","|","|detailschange|p2a: Trans-Ampharos|Ampharos-Mega, M","|-mega|p2a: Trans-Ampharos|Ampharos|Ampharosite","|-ability|p2a: Trans-Ampharos|Mold Breaker","|move|p1a: Heatran|Fire Blast|p2a: Trans-Ampharos","|-resisted|p2a: Trans-Ampharos","|-damage|p2a: Trans-Ampharos|214/383","|move|p2a: Trans-Ampharos|Volt Switch|p1a: Heatran","|-damage|p1a: Heatran|48/386","|","|switch|p2a: Zeus|Thundurus, M, shiny|325/325","|-damage|p2a: Zeus|244/325|[from] Stealth Rock","|","|-heal|p1a: Heatran|72/386|[from] item: Leftovers","|turn|15","|","|move|p2a: Zeus|Thunderbolt|p1a: Heatran","|-damage|p1a: Heatran|0 fnt","|-damage|p2a: Zeus|212/325|[from] item: Life Orb","|faint|p1a: Heatran","|","|","|switch|p1a: Scizor|Scizor, F|343/343","|turn|16","|","|detailschange|p1a: Scizor|Scizor-Mega, F","|-mega|p1a: Scizor|Scizor|Scizorite","|move|p2a: Zeus|Thunder Wave|p1a: Scizor","|-status|p1a: Scizor|par","|move|p1a: Scizor|Swords Dance|p1a: Scizor","|-boost|p1a: Scizor|atk|2","|","|turn|17","|","|move|p2a: Zeus|Thunderbolt|p1a: Scizor","|-damage|p1a: Scizor|213/343 par","|-damage|p2a: Zeus|180/325|[from] item: Life Orb","|move|p1a: Scizor|Swords Dance|p1a: Scizor","|-boost|p1a: Scizor|atk|2","|","|turn|18","|","|move|p1a: Scizor|Bullet Punch|p2a: Zeus","|-resisted|p2a: Zeus","|-damage|p2a: Zeus|0 fnt","|faint|p2a: Zeus","|","|","|switch|p2a: Static Popeye|Electivire, M, shiny|171/291","|-damage|p2a: Static Popeye|135/291|[from] Stealth Rock","|turn|19","|","|move|p1a: Scizor|Bullet Punch|p2a: Static Popeye","|-resisted|p2a: Static Popeye","|-damage|p2a: Static Popeye|0 fnt","|faint|p2a: Static Popeye","|","|","|switch|p2a: Shoes in Spanish|Zapdos, shiny|384/384","|-damage|p2a: Shoes in Spanish|288/384|[from] Stealth Rock","|-ability|p2a: Shoes in Spanish|Pressure","|turn|20","|","|move|p1a: Scizor|Bullet Punch|p2a: Shoes in Spanish","|-resisted|p2a: Shoes in Spanish","|-damage|p2a: Shoes in Spanish|127/384","|move|p2a: Shoes in Spanish|Roost|p2a: Shoes in Spanish","|-heal|p2a: Shoes in Spanish|319/384","|","|-heal|p2a: Shoes in Spanish|343/384|[from] item: Leftovers","|turn|21","|","|cant|p1a: Scizor|par","|move|p2a: Shoes in Spanish|Heat Wave|p1a: Scizor","|-supereffective|p1a: Scizor","|-damage|p1a: Scizor|0 fnt","|faint|p1a: Scizor","|","|-heal|p2a: Shoes in Spanish|367/384|[from] item: Leftovers","|","|switch|p1a: Bisharp|Bisharp, F|271/271","|turn|22","|","|move|p1a: Bisharp|Sucker Punch|p2a: Shoes in Spanish","|-damage|p2a: Shoes in Spanish|179/384","|-damage|p1a: Bisharp|244/271|[from] item: Life Orb","|move|p2a: Shoes in Spanish|Heat Wave|p1a: Bisharp","|-supereffective|p1a: Bisharp","|-damage|p1a: Bisharp|10/271","|","|-heal|p2a: Shoes in Spanish|203/384|[from] item: Leftovers","|turn|23","|","|switch|p2a: Sputnik|Magnezone|282/282","|-damage|p2a: Sputnik|265/282|[from] Stealth Rock","|move|p1a: Bisharp|Sucker Punch|p2a: Sputnik","|-fail|p1a: Bisharp","|","|turn|24","|","|move|p1a: Bisharp|Sucker Punch|p2a: Sputnik","|-crit|p2a: Sputnik","|-damage|p2a: Sputnik|30/282","|-damage|p1a: Bisharp|0 fnt|[from] item: Life Orb","|faint|p1a: Bisharp","|move|p2a: Sputnik|Volt Switch|p1: Bisharp|[notarget]","|-notarget","|","|","|switch|p1a: Lucario|Lucario, M, shiny|281/281","|turn|25","|","|move|p2a: Sputnik|Volt Switch|p1a: Lucario","|-damage|p1a: Lucario|119/281","|","|switch|p2a: Trans-Ampharos|Ampharos-Mega, M|214/383","|-damage|p2a: Trans-Ampharos|167/383|[from] Stealth Rock","|-ability|p2a: Trans-Ampharos|Mold Breaker","|move|p1a: Lucario|Aura Sphere|p2a: Trans-Ampharos","|-damage|p2a: Trans-Ampharos|50/383","|-damage|p1a: Lucario|91/281|[from] item: Life Orb","|","|turn|26","|","|move|p1a: Lucario|Aura Sphere|p2a: Trans-Ampharos","|-damage|p2a: Trans-Ampharos|0 fnt","|-damage|p1a: Lucario|63/281|[from] item: Life Orb","|faint|p2a: Trans-Ampharos","|","|","|switch|p2a: Shoes in Spanish|Zapdos, shiny|203/384","|-damage|p2a: Shoes in Spanish|107/384|[from] Stealth Rock","|-ability|p2a: Shoes in Spanish|Pressure","|turn|27","|","|move|p1a: Lucario|Aura Sphere|p2a: Shoes in Spanish","|-resisted|p2a: Shoes in Spanish","|-damage|p2a: Shoes in Spanish|37/384","|-damage|p1a: Lucario|35/281|[from] item: Life Orb","|move|p2a: Shoes in Spanish|Roost|p2a: Shoes in Spanish","|-heal|p2a: Shoes in Spanish|229/384","|","|-heal|p2a: Shoes in Spanish|253/384|[from] item: Leftovers","|turn|28","|","|move|p1a: Lucario|Dark Pulse|p2a: Shoes in Spanish","|-damage|p2a: Shoes in Spanish|165/384","|-damage|p1a: Lucario|7/281|[from] item: Life Orb","|move|p2a: Shoes in Spanish|Roost|p2a: Shoes in Spanish","|-heal|p2a: Shoes in Spanish|357/384","|","|-heal|p2a: Shoes in Spanish|381/384|[from] item: Leftovers","|turn|29","|","|move|p1a: Lucario|Nasty Plot|p1a: Lucario","|-boost|p1a: Lucario|spa|2","|move|p2a: Shoes in Spanish|Roost|p2a: Shoes in Spanish","|-heal|p2a: Shoes in Spanish|384/384","|","|turn|30","|","|move|p1a: Lucario|Nasty Plot|p1a: Lucario","|-boost|p1a: Lucario|spa|2","|move|p2a: Shoes in Spanish|Roost|p2a: Shoes in Spanish","|-fail|p2a: Shoes in Spanish","|","|turn|31","|","|move|p1a: Lucario|Flash Cannon|p2a: Shoes in Spanish","|-resisted|p2a: Shoes in Spanish","|-damage|p2a: Shoes in Spanish|196/384","|-damage|p1a: Lucario|0 fnt|[from] item: Life Orb","|faint|p1a: Lucario","|move|p2a: Shoes in Spanish|Heat Wave|p1: Lucario|[notarget]","|-notarget","|","|-heal|p2a: Shoes in Spanish|220/384|[from] item: Leftovers","|","|switch|p1a: Ferrothorn|Ferrothorn, F|311/352","|turn|32","|","|move|p2a: Shoes in Spanish|Roost|p2a: Shoes in Spanish","|-heal|p2a: Shoes in Spanish|384/384","|move|p1a: Ferrothorn|Gyro Ball|p2a: Shoes in Spanish","|-resisted|p2a: Shoes in Spanish","|-damage|p2a: Shoes in Spanish|290/384","|","|-heal|p2a: Shoes in Spanish|314/384|[from] item: Leftovers","|-heal|p1a: Ferrothorn|333/352|[from] item: Leftovers","|turn|33","|","|move|p2a: Shoes in Spanish|Heat Wave|p1a: Ferrothorn","|-supereffective|p1a: Ferrothorn","|-damage|p1a: Ferrothorn|5/352","|-status|p1a: Ferrothorn|brn","|move|p1a: Ferrothorn|Leech Seed|p2a: Shoes in Spanish","|-start|p2a: Shoes in Spanish|move: Leech Seed","|","|-heal|p2a: Shoes in Spanish|338/384|[from] item: Leftovers","|-heal|p1a: Ferrothorn|27/352 brn|[from] item: Leftovers","|-damage|p2a: Shoes in Spanish|290/384|[from] Leech Seed|[of] p1a: Ferrothorn","|-heal|p1a: Ferrothorn|75/352 brn|[silent]","|-damage|p1a: Ferrothorn|31/352 brn|[from] brn","|turn|34","|","|move|p2a: Shoes in Spanish|Roost|p2a: Shoes in Spanish","|-heal|p2a: Shoes in Spanish|384/384","|move|p1a: Ferrothorn|Gyro Ball|p2a: Shoes in Spanish","|-resisted|p2a: Shoes in Spanish","|-damage|p2a: Shoes in Spanish|334/384","|","|-heal|p2a: Shoes in Spanish|358/384|[from] item: Leftovers","|-heal|p1a: Ferrothorn|53/352 brn|[from] item: Leftovers","|-damage|p2a: Shoes in Spanish|310/384|[from] Leech Seed|[of] p1a: Ferrothorn","|-heal|p1a: Ferrothorn|101/352 brn|[silent]","|-damage|p1a: Ferrothorn|57/352 brn|[from] brn","|turn|35","|","|move|p2a: Shoes in Spanish|Heat Wave|p1a: Ferrothorn","|-supereffective|p1a: Ferrothorn","|-damage|p1a: Ferrothorn|0 fnt","|faint|p1a: Ferrothorn","|","|win|Desolate Nightmare"],"p1rating":{"entryid":"7563861","serverid":"eos","formatid":"monotype","userid":"ionlyusecarnie","username":"I ONLY USE CARNIE","w":"6","l":12,"t":"0","gxe":38,"r":"1442.9033451217","rd":"97.408908493831","sigma":"0","rptime":"1439370000","rpr":1406.04295647,"rprd":72.002650725244,"rpsigma":"0","acre":1041.0813942083,"lacre":1041.0813942083,"oldacre":"1057.5611710542"},"p2rating":{"entryid":"6455140","serverid":"eos","formatid":"monotype","userid":"desolatenightmare","username":"Desolate Nightmare","w":19,"l":"26","t":"0","gxe":42,"r":"1431.1440766025","rd":"59.970784680814","sigma":"0","rptime":"1439370000","rpr":1438.1650320278,"rprd":56.354455687787,"rpsigma":"0","acre":1120.2973227342,"lacre":1120.2973227342,"oldacre":"1097.9105242573"},"endType":"normal"}