{"seed":[6152,38424,36299,12484],"turns":36,"p1":"Imp❇ Jk","p2":"Legacy - Wisp","p1team":[{"name":"Cobalion","species":"Cobalion","item":"leftovers","ability":"Justified","moves":["thunderwave","ironhead","stealthrock","taunt"],"nature":"Impish","evs":{"hp":252,"atk":4,"def":252,"spa":0,"spd":0,"spe":0},"ivs":{"hp":31,"atk":31,"def":31,"spa":31,"spd":31,"spe":31}},{"name":"Scrafty","species":"Scrafty","item":"leftovers","ability":"Shed Skin","moves":["icepunch","crunch","drainpunch","bulkup"],"nature":"Careful","evs":{"hp":252,"atk":4,"def":0,"spa":0,"spd":252,"spe":0},"ivs":{"hp":31,"atk":31,"def":31,"spa":31,"spd":31,"spe":31}},{"name":"Hitmontop","species":"Hitmontop","item":"assaultvest","ability":"Intimidate","moves":["endeavor","highjumpkick","suckerpunch","rapidspin"],"nature":"Impish","evs":{"hp":252,"atk":0,"def":64,"spa":0,"spd":192,"spe":0},"ivs":{"hp":31,"atk":31,"def":31,"spa":31,"spd":31,"spe":31}},{"name":"Infernape","species":"Infernape","item":"focussash","ability":"Blaze","moves":["flamethrower","vacuumwave","nastyplot","encore"],"nature":"Timid","evs":{"hp":0,"atk":0,"def":0,"spa":252,"spd":0,"spe":252},"ivs":{"hp":31,"atk":31,"def":31,"spa":31,"spd":31,"spe":31}},{"name":"Heracross","species":"Heracross","item":"heracronite","ability":"Moxie","moves":["bulletseed","pinmissile","rockblast","closecombat"],"nature":"Adamant","evs":{"hp":252,"atk":124,"def":132,"spa":0,"spd":0,"spe":0},"ivs":{"hp":31,"atk":31,"def":31,"spa":31,"spd":31,"spe":31}},{"name":"Terrakion","species":"Terrakion","item":"choicescarf","ability":"Justified","moves":["closecombat","stoneedge","earthquake","ironhead"],"nature":"Adamant","evs":{"hp":4,"atk":252,"def":0,"spa":0,"spd":0,"spe":252},"ivs":{"hp":31,"atk":31,"def":31,"spa":31,"spd":31,"spe":31}}],"p2team":[{"name":"Koume","species":"chandelure","item":"choicescarf","ability":"Flash Fire","moves":["energyball","shadowball","fireblast","memento"],"nature":"Timid","evs":{"hp":0,"atk":0,"def":0,"spa":252,"spd":4,"spe":252},"gender":"F","ivs":{"hp":31,"atk":31,"def":31,"spa":31,"spd":31,"spe":31}},{"name":"Nabooru","species":"jellicent","item":"leftovers","ability":"Water Absorb","moves":["scald","acidarmor","recover","toxic"],"nature":"Calm","evs":{"hp":252,"atk":0,"def":4,"spa":0,"spd":252,"spe":0},"gender":"F","ivs":{"hp":31,"atk":31,"def":31,"spa":31,"spd":31,"spe":0},"shiny":true},{"name":"Naesanh","species":"aegislash","item":"lifeorb","ability":"Stance Change","moves":["kingsshield","shadowsneak","sacredsword","swordsdance"],"nature":"Adamant","evs":{"hp":252,"atk":252,"def":4,"spa":0,"spd":0,"spe":0},"gender":"F","ivs":{"hp":31,"atk":31,"def":31,"spa":31,"spd":31,"spe":31}},{"name":"Golurk","species":"Golurk","item":"focusband","ability":"No Guard","moves":["stealthrock","dynamicpunch","earthquake","curse"],"nature":"Adamant","evs":{"hp":0,"atk":252,"def":4,"spa":0,"spd":0,"spe":252},"ivs":{"hp":31,"atk":31,"def":31,"spa":31,"spd":31,"spe":31}},{"name":"Sen","species":"sableye","item":"sablenite","ability":"Prankster","moves":["fakeout","knockoff","recover","willowisp"],"nature":"Impish","evs":{"hp":248,"atk":8,"def":252,"spa":0,"spd":0,"spe":0},"gender":"M","ivs":{"hp":31,"atk":31,"def":31,"spa":31,"spd":31,"spe":31}},{"name":"Eclipse","species":"shedinja","item":"safetygoggles","ability":"Wonder Guard","moves":["secretpower","protect","batonpass","willowisp"],"nature":"Jolly","evs":{"hp":0,"atk":252,"def":4,"spa":0,"spd":0,"spe":252},"shiny":true,"ivs":{"hp":31,"atk":31,"def":31,"spa":31,"spd":31,"spe":31}}],"log":["|player|p1|Imp❇ Jk|196","|player|p2|Legacy - Wisp|152","|gametype|singles","|gen|6","|tier|Monotype","|rated","|rule|Baton Pass Clause: Limit one Baton Passer, can't pass Spe and other stats simultaneously","|rule|Swagger Clause: Swagger is banned","|rule|Same Type Clause: Pokémon in a team must share a type","|clearpoke","|poke|p1|Cobalion","|poke|p1|Scrafty, F","|poke|p1|Hitmontop, M","|poke|p1|Infernape, M","|poke|p1|Heracross, F","|poke|p1|Terrakion","|poke|p2|Chandelure, F","|poke|p2|Jellicent, F, shiny","|poke|p2|Aegislash, F","|poke|p2|Golurk","|poke|p2|Sableye, M","|poke|p2|Shedinja, shiny","|rule|Sleep Clause Mod: Limit one foe put to sleep","|rule|Species Clause: Limit one of each Pokémon","|rule|OHKO Clause: OHKO moves are banned","|rule|Moody Clause: Moody is banned","|rule|Evasion Moves Clause: Evasion moves are banned","|rule|Endless Battle Clause: Forcing endless battles is banned","|rule|HP Percentage Mod: HP is shown in percentages","|teampreview","|","|start","|switch|p1a: Cobalion|Cobalion|386/386","|switch|p2a: Sen|Sableye, M|303/303","|turn|1","|","|switch|p1a: Infernape|Infernape, M|293/293","|detailschange|p2a: Sen|Sableye-Mega, M","|-mega|p2a: Sen|Sableye|Sablenite","|move|p2a: Sen|Fake Out|p1a: Infernape","|-damage|p1a: Infernape|253/293","|","|turn|2","|","|switch|p1a: Scrafty|Scrafty, F|334/334","|move|p2a: Sen|Knock Off|p1a: Scrafty","|-resisted|p1a: Scrafty","|-damage|p1a: Scrafty|314/334","|-enditem|p1a: Scrafty|Leftovers|[from] move: Knock Off|[of] p2a: Sen","|","|turn|3","|","|move|p1a: Scrafty|Bulk Up|p1a: Scrafty","|-boost|p1a: Scrafty|atk|1","|-boost|p1a: Scrafty|def|1","|move|p2a: Sen|Will-O-Wisp|p1a: Scrafty","|-status|p1a: Scrafty|brn","|","|-damage|p1a: Scrafty|273/334 brn|[from] brn","|turn|4","|","|switch|p2a: Nabooru|Jellicent, F, shiny|404/404","|move|p1a: Scrafty|Bulk Up|p1a: Scrafty","|-boost|p1a: Scrafty|atk|1","|-boost|p1a: Scrafty|def|1","|","|-damage|p1a: Scrafty|232/334 brn|[from] brn","|turn|5","|","|move|p1a: Scrafty|Crunch|p2a: Nabooru","|-supereffective|p2a: Nabooru","|-damage|p2a: Nabooru|170/404","|-unboost|p2a: Nabooru|def|1","|move|p2a: Nabooru|Acid Armor|p2a: Nabooru","|-boost|p2a: Nabooru|def|2","|","|-heal|p2a: Nabooru|195/404|[from] item: Leftovers","|-damage|p1a: Scrafty|191/334 brn|[from] brn","|turn|6","|","|move|p1a: Scrafty|Crunch|p2a: Nabooru","|-supereffective|p2a: Nabooru","|-damage|p2a: Nabooru|33/404","|move|p2a: Nabooru|Recover|p2a: Nabooru","|-heal|p2a: Nabooru|235/404","|","|-heal|p2a: Nabooru|260/404|[from] item: Leftovers","|-damage|p1a: Scrafty|150/334 brn|[from] brn","|turn|7","|","|move|p1a: Scrafty|Crunch|p2a: Nabooru","|-supereffective|p2a: Nabooru","|-damage|p2a: Nabooru|113/404","|move|p2a: Nabooru|Recover|p2a: Nabooru","|-heal|p2a: Nabooru|315/404","|","|-heal|p2a: Nabooru|340/404|[from] item: Leftovers","|-damage|p1a: Scrafty|109/334 brn|[from] brn","|turn|8","|","|move|p1a: Scrafty|Crunch|p2a: Nabooru","|-supereffective|p2a: Nabooru","|-damage|p2a: Nabooru|193/404","|move|p2a: Nabooru|Acid Armor|p2a: Nabooru","|-boost|p2a: Nabooru|def|2","|","|-heal|p2a: Nabooru|218/404|[from] item: Leftovers","|-damage|p1a: Scrafty|68/334 brn|[from] brn","|turn|9","|","|move|p1a: Scrafty|Crunch|p2a: Nabooru","|-supereffective|p2a: Nabooru","|-damage|p2a: Nabooru|131/404","|move|p2a: Nabooru|Recover|p2a: Nabooru","|-heal|p2a: Nabooru|333/404","|","|-heal|p2a: Nabooru|358/404|[from] item: Leftovers","|-damage|p1a: Scrafty|27/334 brn|[from] brn","|turn|10","|","|move|p1a: Scrafty|Crunch|p2a: Nabooru","|-supereffective|p2a: Nabooru","|-damage|p2a: Nabooru|262/404","|move|p2a: Nabooru|Acid Armor|p2a: Nabooru","|-boost|p2a: Nabooru|def|2","|","|-activate|p1a: Scrafty|ability: Shed Skin","|-curestatus|p1a: Scrafty|brn","|-heal|p2a: Nabooru|287/404|[from] item: Leftovers","|turn|11","|","|move|p1a: Scrafty|Crunch|p2a: Nabooru","|-crit|p2a: Nabooru","|-supereffective|p2a: Nabooru","|-damage|p2a: Nabooru|0 fnt","|faint|p2a: Nabooru","|","|","|switch|p2a: Naesanh|Aegislash, F|324/324","|turn|12","|","|-formechange|p2a: Naesanh|Aegislash-Blade","|move|p2a: Naesanh|Shadow Sneak|p1a: Scrafty","|-resisted|p1a: Scrafty","|-damage|p1a: Scrafty|0 fnt","|-damage|p2a: Naesanh|292/324|[from] item: Life Orb","|faint|p1a: Scrafty","|","|","|switch|p1a: Cobalion|Cobalion|386/386","|turn|13","|","|switch|p1a: Infernape|Infernape, M|253/293","|switch|p2a: Sen|Sableye-Mega, M|303/303","|","|turn|14","|","|move|p1a: Infernape|Nasty Plot|p1a: Infernape","|-boost|p1a: Infernape|spa|2","|move|p2a: Sen|Knock Off|p1a: Infernape","|-resisted|p1a: Infernape","|-damage|p1a: Infernape|190/293","|-enditem|p1a: Infernape|Focus Sash|[from] move: Knock Off|[of] p2a: Sen","|","|turn|15","|","|switch|p2a: Koume|Chandelure, F|261/261","|move|p1a: Infernape|Flamethrower|p2a: Koume","|-start|p2a: Koume|ability: Flash Fire","|","|turn|16","|","|switch|p1a: Hitmontop|Hitmontop, M|304/304","|-ability|p1a: Hitmontop|Intimidate","|-unboost|p2a: Koume|atk|1","|move|p2a: Koume|Fire Blast|p1a: Hitmontop","|-damage|p1a: Hitmontop|133/304","|","|turn|17","|","|move|p1a: Hitmontop|Sucker Punch|p2a: Koume","|-supereffective|p2a: Koume","|-damage|p2a: Koume|129/261","|move|p2a: Koume|Fire Blast|p1a: Hitmontop","|-crit|p1a: Hitmontop","|-damage|p1a: Hitmontop|0 fnt","|faint|p1a: Hitmontop","|","|","|switch|p1a: Terrakion|Terrakion|324/324","|turn|18","|","|-end|p2a: Koume|ability: Flash Fire|[silent]","|switch|p2a: Naesanh|Aegislash, F|292/324","|move|p1a: Terrakion|Stone Edge|p2a: Naesanh|[miss]","|-miss|p1a: Terrakion|p2a: Naesanh","|","|turn|19","|","|switch|p1a: Cobalion|Cobalion|386/386","|-formechange|p2a: Naesanh|Aegislash-Blade","|move|p2a: Naesanh|Sacred Sword|p1a: Cobalion","|-supereffective|p1a: Cobalion","|-damage|p1a: Cobalion|196/386","|-damage|p2a: Naesanh|260/324|[from] item: Life Orb","|","|-heal|p1a: Cobalion|220/386|[from] item: Leftovers","|turn|20","|","|switch|p2a: Sen|Sableye-Mega, M|303/303","|move|p1a: Cobalion|Iron Head|p2a: Sen","|-crit|p2a: Sen","|-damage|p2a: Sen|221/303","|","|-heal|p1a: Cobalion|244/386|[from] item: Leftovers","|turn|21","|","|switch|p1a: Infernape|Infernape, M|190/293","|move|p2a: Sen|Fake Out|p1a: Infernape","|-crit|p1a: Infernape","|-damage|p1a: Infernape|135/293","|","|turn|22","|","|switch|p1a: Terrakion|Terrakion|324/324","|move|p2a: Sen|Knock Off|p1a: Terrakion","|-resisted|p1a: Terrakion","|-damage|p1a: Terrakion|272/324","|-boost|p1a: Terrakion|atk|1|[from] ability: Justified","|-enditem|p1a: Terrakion|Choice Scarf|[from] move: Knock Off|[of] p2a: Sen","|","|turn|23","|","|move|p1a: Terrakion|Stone Edge|p2a: Sen","|-damage|p2a: Sen|31/303","|move|p2a: Sen|Will-O-Wisp|p1a: Terrakion","|-status|p1a: Terrakion|brn","|","|-damage|p1a: Terrakion|232/324 brn|[from] brn","|turn|24","|","|switch|p2a: Naesanh|Aegislash, F|260/324","|move|p1a: Terrakion|Earthquake|p2a: Naesanh","|-supereffective|p2a: Naesanh","|-damage|p2a: Naesanh|120/324","|","|-damage|p1a: Terrakion|192/324 brn|[from] brn","|turn|25","|","|move|p2a: Naesanh|King's Shield|p2a: Naesanh","|-singleturn|p2a: Naesanh|Protect","|move|p1a: Terrakion|Stone Edge|p2a: Naesanh","|-activate|p2a: Naesanh|Protect","|","|-damage|p1a: Terrakion|152/324 brn|[from] brn","|turn|26","|","|move|p1a: Terrakion|Earthquake|p2a: Naesanh","|-supereffective|p2a: Naesanh","|-damage|p2a: Naesanh|0 fnt","|faint|p2a: Naesanh","|","|-damage|p1a: Terrakion|112/324 brn|[from] brn","|","|switch|p2a: Eclipse|Shedinja, shiny|1/1","|turn|27","|","|move|p2a: Eclipse|Protect|p2a: Eclipse","|-singleturn|p2a: Eclipse|Protect","|move|p1a: Terrakion|Earthquake|p2a: Eclipse","|-activate|p2a: Eclipse|Protect","|","|-damage|p1a: Terrakion|72/324 brn|[from] brn","|turn|28","|","|move|p1a: Terrakion|Earthquake|p2a: Eclipse","|-activate|p2a: Eclipse|ability: Wonder Guard","|move|p2a: Eclipse|Secret Power|p1a: Terrakion","|-resisted|p1a: Terrakion","|-damage|p1a: Terrakion|38/324 brn","|","|-damage|p1a: Terrakion|0 fnt|[from] brn","|faint|p1a: Terrakion","|","|switch|p1a: Heracross|Heracross, F|364/364","|turn|29","|","|detailschange|p1a: Heracross|Heracross-Mega, F","|-mega|p1a: Heracross|Heracross|Heracronite","|move|p2a: Eclipse|Protect|p2a: Eclipse","|-singleturn|p2a: Eclipse|Protect","|move|p1a: Heracross|Rock Blast|p2a: Eclipse","|-activate|p2a: Eclipse|Protect","|","|turn|30","|","|move|p2a: Eclipse|Will-O-Wisp|p1a: Heracross","|-status|p1a: Heracross|brn","|move|p1a: Heracross|Rock Blast|p2a: Eclipse","|-supereffective|p2a: Eclipse","|-damage|p2a: Eclipse|0 fnt","|-hitcount|p2a: Eclipse|1","|faint|p2a: Eclipse","|","|-damage|p1a: Heracross|319/364 brn|[from] brn","|","|switch|p2a: Golurk|Golurk|319/319","|turn|31","|","|switch|p1a: Cobalion|Cobalion|244/386","|move|p2a: Golurk|Dynamic Punch|p1a: Cobalion","|-supereffective|p1a: Cobalion","|-damage|p1a: Cobalion|90/386","|-start|p1a: Cobalion|confusion","|","|-heal|p1a: Cobalion|114/386|[from] item: Leftovers","|turn|32","|","|-activate|p1a: Cobalion|confusion","|move|p1a: Cobalion|Iron Head|p2a: Golurk","|-damage|p2a: Golurk|211/319","|move|p2a: Golurk|Stealth Rock|p1a: Cobalion","|-sidestart|p1: Imp❇ Jk|move: Stealth Rock","|","|-heal|p1a: Cobalion|138/386|[from] item: Leftovers","|turn|33","|","|-activate|p1a: Cobalion|confusion","|-damage|p1a: Cobalion|121/386|[from] confusion","|move|p2a: Golurk|Earthquake|p1a: Cobalion","|-supereffective|p1a: Cobalion","|-damage|p1a: Cobalion|0 fnt","|faint|p1a: Cobalion","|","|","|switch|p1a: Infernape|Infernape, M|135/293","|-damage|p1a: Infernape|99/293|[from] Stealth Rock","|turn|34","|","|move|p1a: Infernape|Flamethrower|p2a: Golurk","|-damage|p2a: Golurk|45/319","|move|p2a: Golurk|Earthquake|p1a: Infernape","|-supereffective|p1a: Infernape","|-damage|p1a: Infernape|0 fnt","|faint|p1a: Infernape","|","|","|switch|p1a: Heracross|Heracross-Mega, F|319/364 brn","|-damage|p1a: Heracross|274/364 brn|[from] Stealth Rock","|turn|35","|","|move|p2a: Golurk|Curse|p1a: Heracross","|-start|p1a: Heracross|Curse|[of] p2a: Golurk","|-damage|p2a: Golurk|0 fnt","|faint|p2a: Golurk","|move|p1a: Heracross|Bullet Seed|p2: Golurk|[notarget]","|-notarget","|","|-damage|p1a: Heracross|229/364 brn|[from] brn","|-damage|p1a: Heracross|138/364 brn|[from] Curse","|","|switch|p2a: Sen|Sableye-Mega, M|31/303","|turn|36","|","|move|p2a: Sen|Fake Out|p1a: Heracross","|-damage|p1a: Heracross|115/364 brn","|cant|p1a: Heracross|flinch","|","|-damage|p1a: Heracross|70/364 brn|[from] brn","|-damage|p1a: Heracross|0 fnt|[from] Curse","|faint|p1a: Heracross","|","|win|Legacy - Wisp"],"p1rating":{"entryid":"7537159","serverid":"eos","formatid":"monotype","userid":"impjk","username":"Imp❇ Jk","w":"7","l":11,"t":"0","gxe":38.4,"r":"1409.4484206189","rd":"74.872897007617","sigma":"0","rptime":"1439370000","rpr":1409.3022819508,"rprd":72.091400036785,"rpsigma":"0","acre":1072.8312429081,"lacre":1072.8312429081,"oldacre":"1100.9085762812"},"p2rating":{"entryid":"7577028","serverid":"eos","formatid":"monotype","userid":"legacywisp","username":"Legacy - Wisp","w":2,"l":"0","t":"0","gxe":57.5,"r":"1500","rd":"130","sigma":"0","rptime":"1439370000","rpr":1559.9876648614,"rprd":115.92855350297,"rpsigma":"0","acre":1093.0892793329,"lacre":1093.0892793329,"oldacre":"1057.9235847272"},"endType":"normal"}