{"seed":[60428,60935,25463,62325],"turns":20,"p1":"Rain ☆ Fae","p2":"Rain Hoot","p1team":[{"name":"Medicham","species":"Medicham","item":"choiceband","ability":"Pure Power","moves":["highjumpkick","zenheadbutt","icepunch","bulletpunch"],"nature":"Jolly","evs":{"hp":0,"atk":252,"def":0,"spa":0,"spd":4,"spe":252},"ivs":{"hp":31,"atk":31,"def":31,"spa":31,"spd":31,"spe":31}},{"name":"Hawlucha","species":"Hawlucha","item":"redcard","ability":"Unburden","moves":["swordsdance","highjumpkick","acrobatics","batonpass"],"nature":"Careful","evs":{"hp":128,"atk":0,"def":128,"spa":0,"spd":252,"spe":0},"shiny":true,"ivs":{"hp":31,"atk":31,"def":31,"spa":31,"spd":31,"spe":31}},{"name":"Conkeldurr","species":"Conkeldurr","item":"assaultvest","ability":"Guts","moves":["machpunch","drainpunch","knockoff","icepunch"],"nature":"Adamant","evs":{"hp":248,"atk":252,"def":0,"spa":0,"spd":8,"spe":0},"shiny":true,"ivs":{"hp":31,"atk":31,"def":31,"spa":31,"spd":31,"spe":31}},{"name":"Keldeo","species":"Keldeo","item":"choicespecs","ability":"Justified","moves":["hydropump","scald","secretsword","icywind"],"nature":"Timid","evs":{"hp":0,"atk":0,"def":0,"spa":252,"spd":4,"spe":252},"ivs":{"hp":31,"atk":31,"def":31,"spa":31,"spd":31,"spe":31}},{"name":"Scrafty","species":"Scrafty","item":"leftovers","ability":"Shed Skin","moves":["irondefense","amnesia","highjumpkick","knockoff"],"nature":"Adamant","evs":{"hp":252,"atk":252,"def":0,"spa":0,"spd":4,"spe":0},"ivs":{"hp":31,"atk":31,"def":31,"spa":31,"spd":31,"spe":31}},{"name":"Terrakion","species":"Terrakion","item":"choicescarf","ability":"Justified","moves":["stoneedge","closecombat","earthquake","ironhead"],"nature":"Jolly","evs":{"hp":0,"atk":252,"def":0,"spa":0,"spd":4,"spe":252},"ivs":{"hp":31,"atk":31,"def":31,"spa":31,"spd":31,"spe":31}}],"p2team":[{"name":"Aerodactyl","species":"Aerodactyl","item":"lifeorb","ability":"Pressure","moves":["aerialace","stoneedge","earthquake","taunt"],"nature":"Jolly","evs":{"hp":0,"atk":252,"def":0,"spa":0,"spd":4,"spe":252},"ivs":{"hp":31,"atk":31,"def":31,"spa":31,"spd":31,"spe":31}},{"name":"Diancie","species":"Diancie","item":"diancite","ability":"Clear Body","moves":["diamondstorm","moonblast","earthpower","protect"],"nature":"Hasty","evs":{"hp":0,"atk":4,"def":0,"spa":252,"spd":0,"spe":252},"ivs":{"hp":31,"atk":31,"def":31,"spa":31,"spd":31,"spe":31}},{"name":"Shuckle","species":"Shuckle","item":"leftovers","ability":"Sturdy","moves":["stickyweb","stealthrock","toxic","infestation"],"nature":"Calm","evs":{"hp":252,"atk":0,"def":0,"spa":4,"spd":252,"spe":0},"ivs":{"hp":31,"atk":31,"def":31,"spa":31,"spd":31,"spe":31}},{"name":"Golem","species":"Golem","item":"weaknesspolicy","ability":"Sturdy","moves":["earthquake","rockblast","suckerpunch","rockpolish"],"nature":"Adamant","evs":{"hp":0,"atk":252,"def":0,"spa":0,"spd":4,"spe":252},"ivs":{"hp":31,"atk":31,"def":31,"spa":31,"spd":31,"spe":31}},{"name":"Aurorus","species":"Aurorus","item":"assaultvest","ability":"Refrigerate","moves":["hypervoice","freezedry","darkpulse","mirrorcoat"],"nature":"Modest","evs":{"hp":248,"atk":0,"def":0,"spa":252,"spd":8,"spe":0},"ivs":{"hp":31,"atk":31,"def":31,"spa":31,"spd":31,"spe":31}},{"name":"Carracosta","species":"Carracosta","item":"leftovers","ability":"Solid Rock","moves":["curse","aquajet","rest","knockoff"],"nature":"Adamant","evs":{"hp":252,"atk":252,"def":0,"spa":0,"spd":4,"spe":0},"ivs":{"hp":31,"atk":31,"def":31,"spa":31,"spd":31,"spe":31}}],"log":["|player|p1|Rain ☆ Fae|rainfae.png","|player|p2|Rain Hoot|1","|gametype|singles","|gen|6","|tier|Monotype","|rated","|rule|Baton Pass Clause: Limit one Baton Passer, can't pass Spe and other stats simultaneously","|rule|Swagger Clause: Swagger is banned","|rule|Same Type Clause: Pokémon in a team must share a type","|clearpoke","|poke|p1|Medicham, F","|poke|p1|Hawlucha, F, shiny","|poke|p1|Conkeldurr, F, shiny","|poke|p1|Keldeo","|poke|p1|Scrafty, F","|poke|p1|Terrakion","|poke|p2|Aerodactyl, M","|poke|p2|Diancie","|poke|p2|Shuckle, F","|poke|p2|Golem, F","|poke|p2|Aurorus, F","|poke|p2|Carracosta, M","|rule|Sleep Clause Mod: Limit one foe put to sleep","|rule|Species Clause: Limit one of each Pokémon","|rule|OHKO Clause: OHKO moves are banned","|rule|Moody Clause: Moody is banned","|rule|Evasion Moves Clause: Evasion moves are banned","|rule|Endless Battle Clause: Forcing endless battles is banned","|rule|HP Percentage Mod: HP is shown in percentages","|teampreview","|","|start","|switch|p1a: Hawlucha|Hawlucha, F, shiny|329/329","|switch|p2a: Shuckle|Shuckle, F|244/244","|turn|1","|","|move|p1a: Hawlucha|Swords Dance|p1a: Hawlucha","|-boost|p1a: Hawlucha|atk|2","|move|p2a: Shuckle|Sticky Web|p1a: Hawlucha","|-sidestart|p1: Rain ☆ Fae|move: Sticky Web","|","|turn|2","|","|move|p1a: Hawlucha|Swords Dance|p1a: Hawlucha","|-boost|p1a: Hawlucha|atk|2","|move|p2a: Shuckle|Stealth Rock|p1a: Hawlucha","|-sidestart|p1: Rain ☆ Fae|move: Stealth Rock","|","|turn|3","|","|move|p1a: Hawlucha|Swords Dance|p1a: Hawlucha","|-boost|p1a: Hawlucha|atk|2","|move|p2a: Shuckle|Toxic|p1a: Hawlucha","|-status|p1a: Hawlucha|tox","|","|-damage|p1a: Hawlucha|309/329 tox|[from] psn","|turn|4","|","|move|p1a: Hawlucha|High Jump Kick|p2a: Shuckle","|-ability|p2a: Shuckle|Sturdy","|-damage|p2a: Shuckle|1/244","|move|p2a: Shuckle|Infestation|p1a: Hawlucha","|-resisted|p1a: Hawlucha","|-damage|p1a: Hawlucha|308/329 tox","|-activate|p1a: Hawlucha|move: Infestation|[of] p2a: Shuckle","|-enditem|p1a: Hawlucha|Red Card|[of] p2a: Shuckle","|drag|p2a: Aerodactyl|Aerodactyl, M|301/301","|-ability|p2a: Aerodactyl|Pressure","|","|-damage|p1a: Hawlucha|268/329 tox|[from] psn","|turn|5","|","|switch|p2a: Shuckle|Shuckle, F|1/244","|move|p1a: Hawlucha|High Jump Kick|p2a: Shuckle","|-crit|p2a: Shuckle","|-damage|p2a: Shuckle|0 fnt","|faint|p2a: Shuckle","|","|-damage|p1a: Hawlucha|208/329 tox|[from] psn","|","|switch|p2a: Golem|Golem, F|301/301","|turn|6","|","|move|p1a: Hawlucha|Baton Pass|p1a: Hawlucha","|","|switch|p1a: Conkeldurr|Conkeldurr, F, shiny|413/413","|-activate|p1a: Conkeldurr|move: Sticky Web","|-unboost|p1a: Conkeldurr|spe|1","|-damage|p1a: Conkeldurr|388/413|[from] Stealth Rock","|move|p2a: Golem|Rock Blast|p1a: Conkeldurr","|-resisted|p1a: Conkeldurr","|-damage|p1a: Conkeldurr|364/413","|-resisted|p1a: Conkeldurr","|-damage|p1a: Conkeldurr|340/413","|-resisted|p1a: Conkeldurr","|-damage|p1a: Conkeldurr|316/413","|-resisted|p1a: Conkeldurr","|-damage|p1a: Conkeldurr|292/413","|-resisted|p1a: Conkeldurr","|-damage|p1a: Conkeldurr|268/413","|-hitcount|p1a: Conkeldurr|5","|","|turn|7","|","|move|p2a: Golem|Earthquake|p1a: Conkeldurr","|-damage|p1a: Conkeldurr|90/413","|move|p1a: Conkeldurr|Drain Punch|p2a: Golem","|-supereffective|p2a: Golem","|-ability|p2a: Golem|Sturdy","|-damage|p2a: Golem|1/301","|-heal|p1a: Conkeldurr|240/413|[from] drain|[of] p2a: Golem","|-enditem|p2a: Golem|Weakness Policy","|-boost|p2a: Golem|atk|2|[from] item: Weakness Policy","|-boost|p2a: Golem|spa|2|[from] item: Weakness Policy","|","|turn|8","|","|move|p2a: Golem|Sucker Punch|p1a: Conkeldurr","|-resisted|p1a: Conkeldurr","|-damage|p1a: Conkeldurr|146/413","|move|p1a: Conkeldurr|Mach Punch|p2a: Golem","|-crit|p2a: Golem","|-supereffective|p2a: Golem","|-damage|p2a: Golem|0 fnt","|faint|p2a: Golem","|","|","|switch|p2a: Diancie|Diancie|241/241","|turn|9","|","|move|p2a: Diancie|Moonblast|p1a: Conkeldurr","|-supereffective|p1a: Conkeldurr","|-damage|p1a: Conkeldurr|0 fnt","|faint|p1a: Conkeldurr","|","|","|switch|p1a: Scrafty|Scrafty, F|334/334","|-activate|p1a: Scrafty|move: Sticky Web","|-unboost|p1a: Scrafty|spe|1","|-damage|p1a: Scrafty|314/334|[from] Stealth Rock","|turn|10","|","|detailschange|p2a: Diancie|Diancie-Mega","|-mega|p2a: Diancie|Diancie|Diancite","|move|p2a: Diancie|Moonblast|p1a: Scrafty","|-crit|p1a: Scrafty","|-supereffective|p1a: Scrafty","|-damage|p1a: Scrafty|0 fnt","|faint|p1a: Scrafty","|","|","|switch|p1a: Terrakion|Terrakion|323/323","|-activate|p1a: Terrakion|move: Sticky Web","|-unboost|p1a: Terrakion|spe|1","|-damage|p1a: Terrakion|303/323|[from] Stealth Rock","|turn|11","|","|move|p2a: Diancie|Moonblast|p1a: Terrakion","|-supereffective|p1a: Terrakion","|-damage|p1a: Terrakion|0 fnt","|faint|p1a: Terrakion","|","|","|switch|p1a: Medicham|Medicham, F|261/261","|-activate|p1a: Medicham|move: Sticky Web","|-unboost|p1a: Medicham|spe|1","|-damage|p1a: Medicham|245/261|[from] Stealth Rock","|turn|12","|","|switch|p2a: Carracosta|Carracosta, M|352/352","|move|p1a: Medicham|Bullet Punch|p2a: Carracosta","|-damage|p2a: Carracosta|280/352","|","|-heal|p2a: Carracosta|302/352|[from] item: Leftovers","|turn|13","|","|switch|p1a: Keldeo|Keldeo|323/323","|-activate|p1a: Keldeo|move: Sticky Web","|-unboost|p1a: Keldeo|spe|1","|-damage|p1a: Keldeo|303/323|[from] Stealth Rock","|move|p2a: Carracosta|Aqua Jet|p1a: Keldeo","|-resisted|p1a: Keldeo","|-damage|p1a: Keldeo|267/323","|","|-heal|p2a: Carracosta|324/352|[from] item: Leftovers","|turn|14","|","|move|p1a: Keldeo|Secret Sword|p2a: Carracosta","|-supereffective|p2a: Carracosta","|-damage|p2a: Carracosta|72/352","|move|p2a: Carracosta|Knock Off|p1a: Keldeo","|-resisted|p1a: Keldeo","|-damage|p1a: Keldeo|207/323","|-boost|p1a: Keldeo|atk|1|[from] ability: Justified","|-enditem|p1a: Keldeo|Choice Specs|[from] move: Knock Off|[of] p2a: Carracosta","|","|-heal|p2a: Carracosta|94/352|[from] item: Leftovers","|turn|15","|","|move|p2a: Carracosta|Aqua Jet|p1a: Keldeo","|-resisted|p1a: Keldeo","|-damage|p1a: Keldeo|172/323","|move|p1a: Keldeo|Secret Sword|p2a: Carracosta","|-supereffective|p2a: Carracosta","|-damage|p2a: Carracosta|0 fnt","|faint|p2a: Carracosta","|","|","|switch|p2a: Diancie|Diancie-Mega|241/241","|turn|16","|","|move|p2a: Diancie|Moonblast|p1a: Keldeo","|-supereffective|p1a: Keldeo","|-damage|p1a: Keldeo|0 fnt","|faint|p1a: Keldeo","|","|","|switch|p1a: Medicham|Medicham, F|245/261","|-damage|p1a: Medicham|229/261|[from] Stealth Rock","|-activate|p1a: Medicham|move: Sticky Web","|-unboost|p1a: Medicham|spe|1","|turn|17","|","|switch|p2a: Aurorus|Aurorus, F|449/449","|move|p1a: Medicham|Bullet Punch|p2a: Aurorus","|-supereffective|p2a: Aurorus","|-damage|p2a: Aurorus|21/449","|","|turn|18","|","|move|p1a: Medicham|Bullet Punch|p2a: Aurorus","|-supereffective|p2a: Aurorus","|-damage|p2a: Aurorus|0 fnt","|faint|p2a: Aurorus","|","|","|switch|p2a: Aerodactyl|Aerodactyl, M|301/301","|-ability|p2a: Aerodactyl|Pressure","|turn|19","|","|move|p1a: Medicham|Bullet Punch|p2a: Aerodactyl","|-supereffective|p2a: Aerodactyl","|-damage|p2a: Aerodactyl|47/301","|move|p2a: Aerodactyl|Aerial Ace|p1a: Medicham","|-supereffective|p1a: Medicham","|-damage|p1a: Medicham|0 fnt","|-damage|p2a: Aerodactyl|17/301|[from] item: Life Orb","|faint|p1a: Medicham","|","|","|switch|p1a: Hawlucha|Hawlucha, F, shiny|208/329 tox","|-damage|p1a: Hawlucha|167/329 tox|[from] Stealth Rock","|turn|20","|","|move|p2a: Aerodactyl|Aerial Ace|p1a: Hawlucha","|-supereffective|p1a: Hawlucha","|-damage|p1a: Hawlucha|0 fnt","|-damage|p2a: Aerodactyl|0 fnt|[from] item: Life Orb","|faint|p1a: Hawlucha","|faint|p2a: Aerodactyl","|","|win|Rain Hoot"],"p1rating":{"entryid":"7105533","serverid":"eos","formatid":"monotype","userid":"rainfae","username":"Rain ☆ Fae","w":"25","l":19,"t":"0","gxe":54.1,"r":"1531.5616945695","rd":"55.491549599099","sigma":"0","rptime":"1439370000","rpr":1531.2064707287,"rprd":54.226644994504,"rpsigma":"0","acre":1111.4211600226,"lacre":1111.4211600226,"oldacre":"1138.1967852765"},"p2rating":{"entryid":"7558745","serverid":"eos","formatid":"monotype","userid":"rainhoot","username":"Rain Hoot","w":11,"l":"12","t":"0","gxe":50.4,"r":"1497.0566631562","rd":"77.92455428703","sigma":"0","rptime":"1439370000","rpr":1503.2698702962,"rprd":66.053419581227,"rpsigma":"0","acre":1140.2541743358,"lacre":1140.2541743358,"oldacre":"1113.4785490819"},"endType":"normal"}