{"seed":[29176,10458,4193,10021],"turns":36,"p1":"Seven Swell","p2":"Void KGBeast","p1team":[{"name":"Mew","species":"Mew","item":"leftovers","ability":"Synchronize","moves":["roost","toxic","healbell","aurasphere"],"nature":"Calm","evs":{"hp":252,"atk":0,"def":0,"spa":4,"spd":252,"spe":0},"ivs":{"hp":31,"atk":31,"def":31,"spa":31,"spd":31,"spe":31}},{"name":"Slowbro","species":"Slowbro","item":"rockyhelmet","ability":"Regenerator","moves":["scald","yawn","flamethrower","slackoff"],"nature":"Bold","evs":{"hp":252,"atk":0,"def":252,"spa":4,"spd":0,"spe":0},"ivs":{"hp":31,"atk":31,"def":31,"spa":31,"spd":31,"spe":31}},{"name":"Deoxys-Speed","species":"Deoxys-Speed","item":"focussash","ability":"Pressure","moves":["stealthrock","thunderbolt","thunderwave","icebeam"],"nature":"Timid","evs":{"hp":252,"atk":0,"def":0,"spa":44,"spd":0,"spe":212},"ivs":{"hp":31,"atk":31,"def":31,"spa":31,"spd":31,"spe":31}},{"name":"Latias","species":"Latias","item":"leftovers","ability":"Levitate","moves":["dracometeor","psyshock","roost","defog"],"nature":"Timid","evs":{"hp":252,"atk":0,"def":0,"spa":4,"spd":0,"spe":252},"ivs":{"hp":31,"atk":31,"def":31,"spa":31,"spd":31,"spe":31}},{"name":"Hoopa-Unbound","species":"Hoopa-Unbound","item":"focussash","ability":"Magician","moves":["hyperspacefury","drainpunch","firepunch","gunkshot"],"nature":"Adamant","evs":{"hp":0,"atk":252,"def":0,"spa":0,"spd":4,"spe":252},"ivs":{"hp":31,"atk":31,"def":31,"spa":31,"spd":31,"spe":31}},{"name":"Gardevoir","species":"Gardevoir","item":"gardevoirite","ability":"Trace","moves":["hypervoice","psyshock","shadowball","taunt"],"nature":"Timid","evs":{"hp":0,"atk":0,"def":0,"spa":252,"spd":4,"spe":252},"ivs":{"hp":31,"atk":31,"def":31,"spa":31,"spd":31,"spe":31}}],"p2team":[{"name":"Charizard","species":"Charizard","item":"charizarditey","ability":"Blaze","moves":["defog","focusblast","fireblast","solarbeam"],"nature":"Timid","evs":{"hp":0,"atk":0,"def":0,"spa":252,"spd":4,"spe":252},"ivs":{"hp":31,"atk":31,"def":31,"spa":31,"spd":31,"spe":31}},{"name":"Infernape","species":"Infernape","item":"focussash","ability":"Blaze","moves":["stealthrock","taunt","closecombat","fireblast"],"nature":"Naive","evs":{"hp":0,"atk":252,"def":0,"spa":4,"spd":0,"spe":252},"ivs":{"hp":31,"atk":31,"def":31,"spa":31,"spd":31,"spe":31}},{"name":"Darmanitan","species":"Darmanitan","item":"choicescarf","ability":"Sheer Force","moves":["flareblitz","uturn","rockslide","superpower"],"nature":"Jolly","evs":{"hp":0,"atk":252,"def":0,"spa":0,"spd":4,"spe":252},"ivs":{"hp":31,"atk":31,"def":31,"spa":31,"spd":31,"spe":31}},{"name":"Heatran","species":"Heatran","item":"leftovers","ability":"Flash Fire","moves":["solarbeam","toxic","earthpower","flashcannon"],"nature":"Calm","evs":{"hp":248,"atk":0,"def":0,"spa":0,"spd":252,"spe":8},"ivs":{"hp":31,"atk":0,"def":31,"spa":31,"spd":31,"spe":31}},{"name":"Chandelure","species":"Chandelure","item":"choicescarf","ability":"Flash Fire","moves":["flamethrower","shadowball","energyball","hiddenpowerice"],"nature":"Timid","evs":{"hp":0,"atk":0,"def":4,"spa":252,"spd":0,"spe":252},"ivs":{"hp":31,"atk":30,"def":30,"spa":31,"spd":31,"spe":31}},{"name":"Arcanine","species":"Arcanine","item":"leftovers","ability":"Intimidate","moves":["willowisp","flareblitz","extremespeed","morningsun"],"nature":"Impish","evs":{"hp":252,"atk":0,"def":252,"spa":0,"spd":0,"spe":4},"ivs":{"hp":31,"atk":31,"def":31,"spa":31,"spd":31,"spe":31}}],"log":["|player|p1|Seven Swell|sevenswell.png","|player|p2|Void KGBeast|kgbeast.png","|gametype|singles","|gen|6","|tier|Monotype","|rated","|rule|Baton Pass Clause: Limit one Baton Passer, can't pass Spe and other stats simultaneously","|rule|Swagger Clause: Swagger is banned","|rule|Same Type Clause: Pokémon in a team must share a type","|clearpoke","|poke|p1|Mew","|poke|p1|Slowbro, M","|poke|p1|Deoxys-Speed","|poke|p1|Latias, F","|poke|p1|Hoopa-Unbound","|poke|p1|Gardevoir, M","|poke|p2|Charizard, M","|poke|p2|Infernape, M","|poke|p2|Darmanitan, F","|poke|p2|Heatran, M","|poke|p2|Chandelure, F","|poke|p2|Arcanine, M","|rule|Sleep Clause Mod: Limit one foe put to sleep","|rule|Species Clause: Limit one of each Pokémon","|rule|OHKO Clause: OHKO moves are banned","|rule|Moody Clause: Moody is banned","|rule|Evasion Moves Clause: Evasion moves are banned","|rule|Endless Battle Clause: Forcing endless battles is banned","|rule|HP Percentage Mod: HP is shown in percentages","|teampreview","|","|start","|switch|p1a: Gardevoir|Gardevoir, M|277/277","|switch|p2a: Chandelure|Chandelure, F|261/261","|-ability|p1a: Gardevoir|Flash Fire|[from] ability: Trace|[of] p2a: Chandelure","|turn|1","|","|switch|p1a: Hoopa-Unbound|Hoopa-Unbound|301/301","|move|p2a: Chandelure|Shadow Ball|p1a: Hoopa-Unbound","|-damage|p1a: Hoopa-Unbound|171/301","|","|turn|2","|","|switch|p2a: Arcanine|Arcanine, M|384/384","|-ability|p2a: Arcanine|Intimidate","|-unboost|p1a: Hoopa-Unbound|atk|1","|move|p1a: Hoopa-Unbound|Hyperspace Fury|p2a: Arcanine","|-damage|p2a: Arcanine|260/384","|-unboost|p1a: Hoopa-Unbound|def|1","|","|-heal|p2a: Arcanine|284/384|[from] item: Leftovers","|turn|3","|","|switch|p1a: Slowbro|Slowbro, M|394/394","|switch|p2a: Charizard|Charizard, M|297/297","|","|turn|4","|","|switch|p1a: Latias|Latias, F|364/364","|detailschange|p2a: Charizard|Charizard-Mega-Y, M","|-mega|p2a: Charizard|Charizard|Charizardite Y","|-weather|SunnyDay","|move|p2a: Charizard|Solar Beam|p1a: Latias|[still]","|-prepare|p2a: Charizard|Solar Beam|p1a: Latias","|-anim|p2a: Charizard|Solar Beam|p1a: Latias","|-resisted|p1a: Latias","|-damage|p1a: Latias|300/364","|","|-weather|SunnyDay|[upkeep]","|-heal|p1a: Latias|322/364|[from] item: Leftovers","|turn|5","|","|switch|p2a: Heatran|Heatran, M|385/385","|move|p1a: Latias|Psyshock|p2a: Heatran","|-resisted|p2a: Heatran","|-damage|p2a: Heatran|340/385","|","|-weather|SunnyDay|[upkeep]","|-heal|p1a: Latias|344/364|[from] item: Leftovers","|-heal|p2a: Heatran|364/385|[from] item: Leftovers","|turn|6","|","|switch|p1a: Mew|Mew|404/404","|move|p2a: Heatran|Toxic|p1a: Mew","|-status|p1a: Mew|tox","|","|-weather|SunnyDay|[upkeep]","|-heal|p2a: Heatran|385/385|[from] item: Leftovers","|-damage|p1a: Mew|379/404 tox|[from] psn","|turn|7","|","|switch|p2a: Charizard|Charizard-Mega-Y, M|297/297","|move|p1a: Mew|Aura Sphere|p2a: Charizard","|-resisted|p2a: Charizard","|-damage|p2a: Charizard|271/297","|","|-weather|SunnyDay|[upkeep]","|-heal|p1a: Mew|404/404 tox|[from] item: Leftovers","|-damage|p1a: Mew|354/404 tox|[from] psn","|turn|8","|","|move|p2a: Charizard|Fire Blast|p1a: Mew","|-damage|p1a: Mew|123/404 tox","|move|p1a: Mew|Heal Bell|p1a: Mew","|-cureteam|p1a: Mew|[from] move: HealBell","|","|-weather|none","|-heal|p1a: Mew|148/404|[from] item: Leftovers","|turn|9","|","|move|p2a: Charizard|Fire Blast|p1a: Mew","|-damage|p1a: Mew|0 fnt","|faint|p1a: Mew","|","|","|switch|p1a: Slowbro|Slowbro, M|394/394","|turn|10","|","|switch|p2a: Heatran|Heatran, M|385/385","|move|p1a: Slowbro|Scald|p2a: Heatran","|-supereffective|p2a: Heatran","|-damage|p2a: Heatran|253/385","|","|-heal|p2a: Heatran|277/385|[from] item: Leftovers","|turn|11","|","|switch|p2a: Charizard|Charizard-Mega-Y, M|271/297","|-weather|SunnyDay","|move|p1a: Slowbro|Scald|p2a: Charizard","|-supereffective|p2a: Charizard","|-damage|p2a: Charizard|187/297","|","|-weather|SunnyDay|[upkeep]","|turn|12","|","|switch|p1a: Deoxys-Speed|Deoxys-Speed|304/304","|-ability|p1a: Deoxys-Speed|Pressure","|move|p2a: Charizard|Fire Blast|p1a: Deoxys-Speed","|-enditem|p1a: Deoxys-Speed|Focus Sash","|-damage|p1a: Deoxys-Speed|1/304","|","|-weather|SunnyDay|[upkeep]","|turn|13","|","|switch|p2a: Arcanine|Arcanine, M|284/384","|-ability|p2a: Arcanine|Intimidate","|-unboost|p1a: Deoxys-Speed|atk|1","|move|p1a: Deoxys-Speed|Thunder Wave|p2a: Arcanine","|-status|p2a: Arcanine|par","|","|-weather|SunnyDay|[upkeep]","|-heal|p2a: Arcanine|308/384 par|[from] item: Leftovers","|turn|14","|","|move|p2a: Arcanine|Extreme Speed|p1a: Deoxys-Speed","|-damage|p1a: Deoxys-Speed|0 fnt","|faint|p1a: Deoxys-Speed","|","|-weather|SunnyDay|[upkeep]","|-heal|p2a: Arcanine|332/384 par|[from] item: Leftovers","|","|switch|p1a: Gardevoir|Gardevoir, M|277/277","|-ability|p1a: Gardevoir|Intimidate|[from] ability: Trace|[of] p2a: Arcanine","|-ability|p1a: Gardevoir|Intimidate","|-unboost|p2a: Arcanine|atk|1","|turn|15","|","|detailschange|p1a: Gardevoir|Gardevoir-Mega, M","|-mega|p1a: Gardevoir|Gardevoir|Gardevoirite","|move|p1a: Gardevoir|Psyshock|p2a: Arcanine","|-damage|p2a: Arcanine|196/384 par","|move|p2a: Arcanine|Flare Blitz|p1a: Gardevoir","|-damage|p1a: Gardevoir|43/277","|-damage|p2a: Arcanine|119/384 par|[from] recoil|[of] p1a: Gardevoir","|","|-weather|none","|-heal|p2a: Arcanine|143/384 par|[from] item: Leftovers","|turn|16","|","|switch|p1a: Slowbro|Slowbro, M|394/394","|move|p2a: Arcanine|Extreme Speed|p1a: Slowbro","|-damage|p1a: Slowbro|362/394","|-damage|p2a: Arcanine|79/384 par|[from] item: Rocky Helmet|[of] p1a: Slowbro","|","|-heal|p2a: Arcanine|103/384 par|[from] item: Leftovers","|turn|17","|","|move|p1a: Slowbro|Scald|p2a: Arcanine","|-supereffective|p2a: Arcanine","|-damage|p2a: Arcanine|0 fnt","|faint|p2a: Arcanine","|","|","|switch|p2a: Charizard|Charizard-Mega-Y, M|187/297","|-weather|SunnyDay","|turn|18","|","|switch|p1a: Latias|Latias, F|344/364","|move|p2a: Charizard|Solar Beam|p1a: Latias|[still]","|-prepare|p2a: Charizard|Solar Beam|p1a: Latias","|-anim|p2a: Charizard|Solar Beam|p1a: Latias","|-resisted|p1a: Latias","|-damage|p1a: Latias|277/364","|","|-weather|SunnyDay|[upkeep]","|-heal|p1a: Latias|299/364|[from] item: Leftovers","|turn|19","|","|switch|p2a: Heatran|Heatran, M|277/385","|move|p1a: Latias|Draco Meteor|p2a: Heatran|[miss]","|-miss|p1a: Latias|p2a: Heatran","|","|-weather|SunnyDay|[upkeep]","|-heal|p1a: Latias|321/364|[from] item: Leftovers","|-heal|p2a: Heatran|301/385|[from] item: Leftovers","|turn|20","|","|move|p1a: Latias|Draco Meteor|p2a: Heatran","|-resisted|p2a: Heatran","|-damage|p2a: Heatran|241/385","|-unboost|p1a: Latias|spa|2","|move|p2a: Heatran|Toxic|p1a: Latias|[miss]","|-miss|p2a: Heatran|p1a: Latias","|","|-weather|SunnyDay|[upkeep]","|-heal|p1a: Latias|343/364|[from] item: Leftovers","|-heal|p2a: Heatran|265/385|[from] item: Leftovers","|turn|21","|","|switch|p1a: Gardevoir|Gardevoir-Mega, M|43/277","|move|p2a: Heatran|Toxic|p1a: Gardevoir","|-status|p1a: Gardevoir|tox","|","|-weather|SunnyDay|[upkeep]","|-heal|p2a: Heatran|289/385|[from] item: Leftovers","|-damage|p1a: Gardevoir|26/277 tox|[from] psn","|turn|22","|","|switch|p2a: Chandelure|Chandelure, F|261/261","|move|p1a: Gardevoir|Shadow Ball|p2a: Chandelure","|-supereffective|p2a: Chandelure","|-damage|p2a: Chandelure|25/261","|","|-weather|none","|-damage|p1a: Gardevoir|0 fnt|[from] psn","|faint|p1a: Gardevoir","|","|switch|p1a: Latias|Latias, F|343/364","|turn|23","|","|switch|p2a: Heatran|Heatran, M|289/385","|move|p1a: Latias|Psyshock|p2a: Heatran","|-resisted|p2a: Heatran","|-damage|p2a: Heatran|238/385","|","|-heal|p1a: Latias|364/364|[from] item: Leftovers","|-heal|p2a: Heatran|262/385|[from] item: Leftovers","|turn|24","|","|move|p1a: Latias|Draco Meteor|p2a: Heatran","|-resisted|p2a: Heatran","|-damage|p2a: Heatran|208/385","|-unboost|p1a: Latias|spa|2","|move|p2a: Heatran|Toxic|p1a: Latias","|-status|p1a: Latias|tox","|","|-heal|p2a: Heatran|232/385|[from] item: Leftovers","|-damage|p1a: Latias|342/364 tox|[from] psn","|turn|25","|","|switch|p1a: Slowbro|Slowbro, M|394/394","|switch|p2a: Charizard|Charizard-Mega-Y, M|187/297","|-weather|SunnyDay","|","|-weather|SunnyDay|[upkeep]","|turn|26","|","|switch|p1a: Latias|Latias, F|342/364 tox","|move|p2a: Charizard|Solar Beam|p1a: Latias|[still]","|-prepare|p2a: Charizard|Solar Beam|p1a: Latias","|-anim|p2a: Charizard|Solar Beam|p1a: Latias","|-resisted|p1a: Latias","|-damage|p1a: Latias|272/364 tox","|","|-weather|SunnyDay|[upkeep]","|-heal|p1a: Latias|294/364 tox|[from] item: Leftovers","|-damage|p1a: Latias|272/364 tox|[from] psn","|turn|27","|","|switch|p2a: Heatran|Heatran, M|232/385","|move|p1a: Latias|Draco Meteor|p2a: Heatran","|-resisted|p2a: Heatran","|-damage|p2a: Heatran|173/385","|-unboost|p1a: Latias|spa|2","|","|-weather|SunnyDay|[upkeep]","|-heal|p1a: Latias|294/364 tox|[from] item: Leftovers","|-heal|p2a: Heatran|197/385|[from] item: Leftovers","|-damage|p1a: Latias|250/364 tox|[from] psn","|turn|28","|","|switch|p1a: Hoopa-Unbound|Hoopa-Unbound|171/301","|move|p2a: Heatran|Flash Cannon|p1a: Hoopa-Unbound","|-damage|p1a: Hoopa-Unbound|74/301","|","|-weather|SunnyDay|[upkeep]","|-heal|p2a: Heatran|221/385|[from] item: Leftovers","|turn|29","|","|switch|p2a: Infernape|Infernape, M|293/293","|move|p1a: Hoopa-Unbound|Drain Punch|p2a: Infernape","|-damage|p2a: Infernape|144/293","|-heal|p1a: Hoopa-Unbound|149/301|[from] drain|[of] p2a: Infernape","|","|-weather|none","|turn|30","|","|switch|p1a: Slowbro|Slowbro, M|394/394","|move|p2a: Infernape|Close Combat|p1a: Slowbro","|-resisted|p1a: Slowbro","|-damage|p1a: Slowbro|331/394","|-damage|p2a: Infernape|96/293|[from] item: Rocky Helmet|[of] p1a: Slowbro","|-unboost|p2a: Infernape|def|1","|-unboost|p2a: Infernape|spd|1","|","|turn|31","|","|move|p2a: Infernape|Stealth Rock|p1a: Slowbro","|-sidestart|p1: Seven Swell|move: Stealth Rock","|move|p1a: Slowbro|Scald|p2a: Infernape","|-supereffective|p2a: Infernape","|-damage|p2a: Infernape|0 fnt","|faint|p2a: Infernape","|","|","|switch|p2a: Charizard|Charizard-Mega-Y, M|187/297","|-weather|SunnyDay","|turn|32","|","|switch|p1a: Hoopa-Unbound|Hoopa-Unbound|149/301","|-damage|p1a: Hoopa-Unbound|112/301|[from] Stealth Rock","|move|p2a: Charizard|Solar Beam|p1a: Hoopa-Unbound|[still]","|-prepare|p2a: Charizard|Solar Beam|p1a: Hoopa-Unbound","|-anim|p2a: Charizard|Solar Beam|p1a: Hoopa-Unbound","|-damage|p1a: Hoopa-Unbound|0 fnt","|faint|p1a: Hoopa-Unbound","|","|-weather|SunnyDay|[upkeep]","|","|switch|p1a: Latias|Latias, F|250/364 tox","|-damage|p1a: Latias|205/364 tox|[from] Stealth Rock","|turn|33","|","|switch|p2a: Heatran|Heatran, M|221/385","|move|p1a: Latias|Defog|p2a: Heatran","|-unboost|p2a: Heatran|evasion|1","|-sideend|p1: Seven Swell|Stealth Rock|[from] move: Defog|[of] p1a: Latias","|","|-weather|SunnyDay|[upkeep]","|-heal|p1a: Latias|227/364 tox|[from] item: Leftovers","|-heal|p2a: Heatran|245/385|[from] item: Leftovers","|-damage|p1a: Latias|205/364 tox|[from] psn","|turn|34","|","|move|p1a: Latias|Roost|p1a: Latias","|-heal|p1a: Latias|364/364 tox","|move|p2a: Heatran|Flash Cannon|p1a: Latias","|-damage|p1a: Latias|277/364 tox","|","|-weather|SunnyDay|[upkeep]","|-heal|p1a: Latias|299/364 tox|[from] item: Leftovers","|-heal|p2a: Heatran|269/385|[from] item: Leftovers","|-damage|p1a: Latias|255/364 tox|[from] psn","|turn|35","|","|switch|p1a: Slowbro|Slowbro, M|394/394","|move|p2a: Heatran|Flash Cannon|p1a: Slowbro","|-resisted|p1a: Slowbro","|-damage|p1a: Slowbro|320/394","|-unboost|p1a: Slowbro|spd|1","|","|-weather|SunnyDay|[upkeep]","|-heal|p2a: Heatran|293/385|[from] item: Leftovers","|turn|36","|","|move|p2a: Heatran|Solar Beam|p1a: Slowbro|[still]","|-prepare|p2a: Heatran|Solar Beam|p1a: Slowbro","|-anim|p2a: Heatran|Solar Beam|p1a: Slowbro","|-supereffective|p1a: Slowbro","|-damage|p1a: Slowbro|0 fnt","|faint|p1a: Slowbro","|","|-weather|none","|-heal|p2a: Heatran|317/385|[from] item: Leftovers","|","|win|Void KGBeast"],"p1rating":{"entryid":"7267988","serverid":"eos","formatid":"monotype","userid":"sevenswell","username":"Seven Swell","w":"55","l":32,"t":"0","gxe":66.5,"r":"1635.6575172832","rd":"39.407530954001","sigma":"0","rptime":"1439370000","rpr":1629.9062906016,"rprd":39.195027184481,"rpsigma":"0","acre":1298.8438466852,"lacre":1298.8438466852,"oldacre":"1329.3267750627"},"p2rating":{"entryid":"6841698","serverid":"eos","formatid":"monotype","userid":"voidkgbeast","username":"Void KGBeast","w":16,"l":"12","t":"0","gxe":54.4,"r":"1512.0293141398","rd":"71.469052118224","sigma":"0","rptime":"1439370000","rpr":1533.8138059833,"rprd":65.626289453152,"rpsigma":"0","acre":1165.209096343,"lacre":1165.209096343,"oldacre":"1127.1054358712"},"endType":"forfeit"}