{"seed":[54728,33991,48130,61383],"turns":20,"p1":"Rain ☆ Suichika","p2":"Rain ☆ Dinite","p1team":[{"name":"Roserade","species":"Roserade","item":"choicescarf","ability":"Technician","moves":["sludgebomb","extrasensory","shadowball","hiddenpowerrock"],"nature":"Timid","evs":{"hp":0,"atk":0,"def":0,"spa":252,"spd":4,"spe":252},"ivs":{"hp":31,"atk":31,"def":30,"spa":31,"spd":30,"spe":30}},{"name":"Plantasaurus rex","species":"venusaur","item":"venusaurite","ability":"Chlorophyll","moves":["synthesis","gigadrain","hiddenpowerfire","earthquake"],"nature":"Quiet","evs":{"hp":252,"atk":0,"def":4,"spa":252,"spd":0,"spe":0},"gender":"F","ivs":{"hp":31,"atk":30,"def":31,"spa":30,"spd":31,"spe":30}},{"name":"Liligant wannabe","species":"bellossom","item":"choicespecs","ability":"Chlorophyll","moves":["hiddenpowerground","leafstorm","gigadrain","moonblast"],"nature":"Modest","evs":{"hp":116,"atk":0,"def":0,"spa":252,"spd":0,"spe":140},"gender":"M","ivs":{"hp":31,"atk":31,"def":31,"spa":30,"spd":30,"spe":31}},{"name":"Iron durian","species":"ferrothorn","item":"occaberry","ability":"Iron Barbs","moves":["stealthrock","thunderwave","knockoff","gyroball"],"nature":"Relaxed","evs":{"hp":252,"atk":0,"def":128,"spa":0,"spd":128,"spe":0},"gender":"M","ivs":{"hp":31,"atk":31,"def":31,"spa":31,"spd":31,"spe":31}},{"name":"Muhammad ashroom","species":"breloom","item":"focussash","ability":"Technician","moves":["spore","machpunch","bulletseed","rocktomb"],"nature":"Jolly","evs":{"hp":4,"atk":252,"def":0,"spa":0,"spd":0,"spe":252},"gender":"M","ivs":{"hp":31,"atk":31,"def":31,"spa":31,"spd":31,"spe":31}},{"name":"Celery the onion","species":"celebi","item":"lifeorb","ability":"Natural Cure","moves":["gigadrain","zenheadbutt","suckerpunch","earthpower"],"nature":"Naive","evs":{"hp":0,"atk":216,"def":0,"spa":40,"spd":0,"spe":252},"ivs":{"hp":31,"atk":31,"def":31,"spa":31,"spd":31,"spe":31}}],"p2team":[{"name":"Cobalion","species":"Cobalion","item":"leftovers","ability":"Justified","moves":["thunderwave","taunt","stealthrock","ironhead"],"nature":"","evs":{"hp":4,"atk":252,"def":0,"spa":0,"spd":0,"spe":252},"ivs":{"hp":31,"atk":31,"def":31,"spa":31,"spd":31,"spe":31}},{"name":"Hawlucha","species":"Hawlucha","item":"sitrusberry","ability":"Unburden","moves":["substitute","swordsdance","highjumpkick","acrobatics"],"nature":"Jolly","evs":{"hp":12,"atk":252,"def":0,"spa":0,"spd":0,"spe":244},"ivs":{"hp":31,"atk":31,"def":31,"spa":31,"spd":31,"spe":31}},{"name":"Keldeo","species":"Keldeo","item":"leftovers","ability":"Justified","moves":["substitute","calmmind","scald","secretsword"],"nature":"Timid","evs":{"hp":0,"atk":0,"def":4,"spa":252,"spd":0,"spe":252},"ivs":{"hp":31,"atk":31,"def":31,"spa":31,"spd":31,"spe":31}},{"name":"Terrakion","species":"Terrakion","item":"choicescarf","ability":"Justified","moves":["stoneedge","closecombat","earthquake","ironhead"],"nature":"","evs":{"hp":4,"atk":252,"def":0,"spa":0,"spd":0,"spe":252},"ivs":{"hp":31,"atk":31,"def":31,"spa":31,"spd":31,"spe":31}},{"name":"Breloom","species":"Breloom","item":"focussash","ability":"Technician","moves":["spore","bulletseed","machpunch","swordsdance"],"nature":"Jolly","evs":{"hp":0,"atk":252,"def":4,"spa":0,"spd":0,"spe":252},"ivs":{"hp":31,"atk":31,"def":31,"spa":31,"spd":31,"spe":31}},{"name":"Gallade","species":"Gallade","item":"galladite","ability":"Justified","moves":["swordsdance","closecombat","zenheadbutt","knockoff"],"nature":"Jolly","evs":{"hp":0,"atk":252,"def":4,"spa":0,"spd":0,"spe":252},"ivs":{"hp":31,"atk":31,"def":31,"spa":31,"spd":31,"spe":31}}],"log":["|player|p1|Rain ☆ Suichika|rainsuichika.png","|player|p2|Rain ☆ Dinite|137","|gametype|singles","|gen|6","|tier|Monotype","|rated","|rule|Baton Pass Clause: Limit one Baton Passer, can't pass Spe and other stats simultaneously","|rule|Swagger Clause: Swagger is banned","|rule|Same Type Clause: Pokémon in a team must share a type","|clearpoke","|poke|p1|Roserade, M","|poke|p1|Venusaur, F","|poke|p1|Bellossom, M","|poke|p1|Ferrothorn, M","|poke|p1|Breloom, M","|poke|p1|Celebi","|poke|p2|Cobalion","|poke|p2|Hawlucha, F","|poke|p2|Keldeo","|poke|p2|Terrakion","|poke|p2|Breloom, F","|poke|p2|Gallade, M","|rule|Sleep Clause Mod: Limit one foe put to sleep","|rule|Species Clause: Limit one of each Pokémon","|rule|OHKO Clause: OHKO moves are banned","|rule|Moody Clause: Moody is banned","|rule|Evasion Moves Clause: Evasion moves are banned","|rule|Endless Battle Clause: Forcing endless battles is banned","|rule|HP Percentage Mod: HP is shown in percentages","|teampreview","|","|start","|switch|p1a: Celery the onion|Celebi|341/341","|switch|p2a: Breloom|Breloom, F|261/261","|turn|1","|","|move|p1a: Celery the onion|Zen Headbutt|p2a: Breloom","|-crit|p2a: Breloom","|-supereffective|p2a: Breloom","|-enditem|p2a: Breloom|Focus Sash","|-damage|p2a: Breloom|1/261","|-damage|p1a: Celery the onion|307/341|[from] item: Life Orb","|move|p2a: Breloom|Spore|p1a: Celery the onion","|-immune|p1a: Celery the onion|[msg]","|","|turn|2","|","|switch|p1a: Plantasaurus rex|Venusaur, F|364/364","|move|p2a: Breloom|Swords Dance|p2a: Breloom","|-boost|p2a: Breloom|atk|2","|","|turn|3","|","|detailschange|p1a: Plantasaurus rex|Venusaur-Mega, F","|-mega|p1a: Plantasaurus rex|Venusaur|Venusaurite","|move|p2a: Breloom|Mach Punch|p1a: Plantasaurus rex","|-resisted|p1a: Plantasaurus rex","|-damage|p1a: Plantasaurus rex|280/364","|move|p1a: Plantasaurus rex|Hidden Power|p2a: Breloom","|-supereffective|p2a: Breloom","|-damage|p2a: Breloom|0 fnt","|faint|p2a: Breloom","|","|","|switch|p2a: Gallade|Gallade, M|277/277","|turn|4","|","|switch|p1a: Iron durian|Ferrothorn, M|352/352","|detailschange|p2a: Gallade|Gallade-Mega, M","|-mega|p2a: Gallade|Gallade|Galladite","|move|p2a: Gallade|Swords Dance|p2a: Gallade","|-boost|p2a: Gallade|atk|2","|","|turn|5","|","|move|p2a: Gallade|Close Combat|p1a: Iron durian","|-crit|p1a: Iron durian","|-supereffective|p1a: Iron durian","|-damage|p1a: Iron durian|0 fnt","|-damage|p2a: Gallade|243/277|[from] ability: Iron Barbs|[of] p1a: Iron durian","|-unboost|p2a: Gallade|def|1","|-unboost|p2a: Gallade|spd|1","|faint|p1a: Iron durian","|","|","|switch|p1a: Celery the onion|Celebi|307/341","|turn|6","|","|switch|p2a: Cobalion|Cobalion|324/324","|move|p1a: Celery the onion|Sucker Punch|p2a: Cobalion","|-fail|p1a: Celery the onion","|","|turn|7","|","|move|p1a: Celery the onion|Earth Power|p2a: Cobalion","|-supereffective|p2a: Cobalion","|-damage|p2a: Cobalion|61/324","|-damage|p1a: Celery the onion|273/341|[from] item: Life Orb","|move|p2a: Cobalion|Taunt|p1a: Celery the onion","|-start|p1a: Celery the onion|move: Taunt","|","|-heal|p2a: Cobalion|81/324|[from] item: Leftovers","|turn|8","|","|move|p1a: Celery the onion|Zen Headbutt|p2a: Cobalion","|-damage|p2a: Cobalion|0 fnt","|-damage|p1a: Celery the onion|239/341|[from] item: Life Orb","|faint|p2a: Cobalion","|","|","|switch|p2a: Keldeo|Keldeo|323/323","|turn|9","|","|move|p2a: Keldeo|Scald|p1a: Celery the onion","|-resisted|p1a: Celery the onion","|-damage|p1a: Celery the onion|158/341","|move|p1a: Celery the onion|Giga Drain|p2a: Keldeo","|-supereffective|p2a: Keldeo","|-damage|p2a: Keldeo|79/323","|-heal|p1a: Celery the onion|280/341|[from] drain|[of] p2a: Keldeo","|-damage|p1a: Celery the onion|246/341|[from] item: Life Orb","|","|-heal|p2a: Keldeo|99/323|[from] item: Leftovers","|turn|10","|","|move|p2a: Keldeo|Scald|p1a: Celery the onion","|-resisted|p1a: Celery the onion","|-damage|p1a: Celery the onion|171/341","|move|p1a: Celery the onion|Giga Drain|p2a: Keldeo","|-supereffective|p2a: Keldeo","|-damage|p2a: Keldeo|0 fnt","|-heal|p1a: Celery the onion|221/341|[from] drain|[of] p2a: Keldeo","|-damage|p1a: Celery the onion|187/341|[from] item: Life Orb","|faint|p2a: Keldeo","|","|-end|p1a: Celery the onion|move: Taunt","|","|switch|p2a: Gallade|Gallade-Mega, M|243/277","|turn|11","|","|move|p2a: Gallade|Knock Off|p1a: Celery the onion","|-supereffective|p1a: Celery the onion","|-damage|p1a: Celery the onion|0 fnt","|-enditem|p1a: Celery the onion|Life Orb|[from] move: Knock Off|[of] p2a: Gallade","|faint|p1a: Celery the onion","|","|","|switch|p1a: Liligant wannabe|Bellossom, M|320/320","|turn|12","|","|move|p2a: Gallade|Swords Dance|p2a: Gallade","|-boost|p2a: Gallade|atk|2","|move|p1a: Liligant wannabe|Moonblast|p2a: Gallade","|-supereffective|p2a: Gallade","|-damage|p2a: Gallade|0 fnt","|faint|p2a: Gallade","|","|","|switch|p2a: Terrakion|Terrakion|324/324","|turn|13","|","|switch|p1a: Plantasaurus rex|Venusaur-Mega, F|280/364","|move|p2a: Terrakion|Earthquake|p1a: Plantasaurus rex","|-crit|p1a: Plantasaurus rex","|-damage|p1a: Plantasaurus rex|127/364","|","|turn|14","|","|move|p2a: Terrakion|Earthquake|p1a: Plantasaurus rex","|-damage|p1a: Plantasaurus rex|27/364","|move|p1a: Plantasaurus rex|Giga Drain|p2a: Terrakion","|-supereffective|p2a: Terrakion","|-damage|p2a: Terrakion|42/324","|-heal|p1a: Plantasaurus rex|168/364|[from] drain|[of] p2a: Terrakion","|","|turn|15","|","|move|p2a: Terrakion|Earthquake|p1a: Plantasaurus rex","|-damage|p1a: Plantasaurus rex|63/364","|move|p1a: Plantasaurus rex|Synthesis|p1a: Plantasaurus rex","|-heal|p1a: Plantasaurus rex|245/364","|","|turn|16","|","|move|p2a: Terrakion|Earthquake|p1a: Plantasaurus rex","|-damage|p1a: Plantasaurus rex|148/364","|move|p1a: Plantasaurus rex|Giga Drain|p2a: Terrakion","|-supereffective|p2a: Terrakion","|-damage|p2a: Terrakion|0 fnt","|-heal|p1a: Plantasaurus rex|169/364|[from] drain|[of] p2a: Terrakion","|faint|p2a: Terrakion","|","|","|switch|p2a: Hawlucha|Hawlucha, F|300/300","|turn|17","|","|move|p2a: Hawlucha|Substitute|p2a: Hawlucha","|-start|p2a: Hawlucha|Substitute","|-damage|p2a: Hawlucha|225/300","|move|p1a: Plantasaurus rex|Hidden Power|p2a: Hawlucha","|-end|p2a: Hawlucha|Substitute","|","|turn|18","|","|move|p2a: Hawlucha|Swords Dance|p2a: Hawlucha","|-boost|p2a: Hawlucha|atk|2","|move|p1a: Plantasaurus rex|Hidden Power|p2a: Hawlucha","|-damage|p2a: Hawlucha|107/300","|-enditem|p2a: Hawlucha|Sitrus Berry|[eat]","|-heal|p2a: Hawlucha|182/300|[from] item: Sitrus Berry","|","|turn|19","|","|move|p2a: Hawlucha|Swords Dance|p2a: Hawlucha","|-boost|p2a: Hawlucha|atk|2","|move|p1a: Plantasaurus rex|Hidden Power|p2a: Hawlucha","|-damage|p2a: Hawlucha|66/300","|","|turn|20","|","|move|p2a: Hawlucha|Swords Dance|p2a: Hawlucha","|-boost|p2a: Hawlucha|atk|2","|move|p1a: Plantasaurus rex|Hidden Power|p2a: Hawlucha","|-damage|p2a: Hawlucha|0 fnt","|faint|p2a: Hawlucha","|","|win|Rain ☆ Suichika"],"p1rating":{"entryid":"6383869","serverid":"eos","formatid":"monotype","userid":"rainsuichika","username":"Rain ☆ Suichika","w":61,"l":"37","t":"0","gxe":60.7,"r":"1580.0422859368","rd":"42.271246004449","sigma":"0","rptime":"1439370000","rpr":1582.2904347406,"rprd":42.06442788287,"rpsigma":"0","acre":1215.166145615,"lacre":1215.166145615,"oldacre":"1198.1329751297"},"p2rating":{"entryid":"7159862","serverid":"eos","formatid":"monotype","userid":"raindinite","username":"Rain ☆ Dinite","w":"8","l":19,"t":"0","gxe":35.8,"r":"1361.0910343908","rd":"71.820495985207","sigma":"0","rptime":"1439370000","rpr":1388.1917004924,"rprd":68.520578967118,"rpsigma":"0","acre":1068.0815582722,"lacre":1068.0815582722,"oldacre":"1083.4202995738"},"endType":"normal"}