{"seed":[35286,49465,11271,54663],"turns":31,"p1":"Zukushiku","p2":"Void KGBeast","p1team":[{"name":"Drifblim","species":"Drifblim","item":"weaknesspolicy","ability":"Unburden","moves":["stockpile","substitute","batonpass","tailwind"],"nature":"Timid","evs":{"hp":248,"atk":0,"def":0,"spa":0,"spd":8,"spe":252},"ivs":{"hp":31,"atk":0,"def":31,"spa":31,"spd":31,"spe":31},"shiny":true},{"name":"Gengar","species":"Gengar","item":"lifeorb","ability":"Levitate","moves":["shadowball","focusblast","substitute","painsplit"],"nature":"Timid","evs":{"hp":0,"atk":0,"def":0,"spa":252,"spd":4,"spe":252},"ivs":{"hp":31,"atk":0,"def":31,"spa":31,"spd":31,"spe":31}},{"name":"Sableye","species":"Sableye","item":"sablenite","ability":"Prankster","moves":["knockoff","willowisp","recover","foulplay"],"nature":"Careful","evs":{"hp":252,"atk":0,"def":112,"spa":0,"spd":144,"spe":0},"ivs":{"hp":31,"atk":31,"def":31,"spa":31,"spd":31,"spe":31}},{"name":"Chandelure","species":"Chandelure","item":"choicescarf","ability":"Flash Fire","moves":["fireblast","shadowball","energyball","hiddenpowerice"],"nature":"Timid","evs":{"hp":0,"atk":0,"def":0,"spa":252,"spd":4,"spe":252},"ivs":{"hp":31,"atk":0,"def":30,"spa":31,"spd":31,"spe":31},"shiny":true},{"name":"Jellicent","species":"Jellicent","item":"leftovers","ability":"Water Absorb","moves":["taunt","toxic","scald","recover"],"nature":"Calm","evs":{"hp":248,"atk":0,"def":0,"spa":0,"spd":44,"spe":216},"ivs":{"hp":31,"atk":31,"def":31,"spa":31,"spd":31,"spe":31}},{"name":"Hoopa","species":"Hoopa","item":"lifeorb","ability":"Magician","moves":["substitute","psychic","shadowball","drainpunch"],"nature":"Naive","evs":{"hp":0,"atk":84,"def":0,"spa":172,"spd":0,"spe":252},"ivs":{"hp":31,"atk":31,"def":31,"spa":31,"spd":31,"spe":31}}],"p2team":[{"name":"Charizard","species":"Charizard","item":"charizarditey","ability":"Blaze","moves":["defog","focusblast","fireblast","solarbeam"],"nature":"Timid","evs":{"hp":0,"atk":0,"def":0,"spa":252,"spd":4,"spe":252},"ivs":{"hp":31,"atk":31,"def":31,"spa":31,"spd":31,"spe":31}},{"name":"Infernape","species":"Infernape","item":"focussash","ability":"Blaze","moves":["stealthrock","taunt","closecombat","fireblast"],"nature":"Naive","evs":{"hp":0,"atk":252,"def":0,"spa":4,"spd":0,"spe":252},"ivs":{"hp":31,"atk":31,"def":31,"spa":31,"spd":31,"spe":31}},{"name":"Darmanitan","species":"Darmanitan","item":"choicescarf","ability":"Sheer Force","moves":["flareblitz","uturn","rockslide","superpower"],"nature":"Jolly","evs":{"hp":0,"atk":252,"def":0,"spa":0,"spd":4,"spe":252},"ivs":{"hp":31,"atk":31,"def":31,"spa":31,"spd":31,"spe":31}},{"name":"Heatran","species":"Heatran","item":"leftovers","ability":"Flash Fire","moves":["solarbeam","toxic","earthpower","flashcannon"],"nature":"Calm","evs":{"hp":248,"atk":0,"def":0,"spa":0,"spd":252,"spe":8},"ivs":{"hp":31,"atk":0,"def":31,"spa":31,"spd":31,"spe":31}},{"name":"Chandelure","species":"Chandelure","item":"choicescarf","ability":"Flash Fire","moves":["flamethrower","shadowball","energyball","hiddenpowerice"],"nature":"Timid","evs":{"hp":0,"atk":0,"def":4,"spa":252,"spd":0,"spe":252},"ivs":{"hp":31,"atk":30,"def":30,"spa":31,"spd":31,"spe":31}},{"name":"Arcanine","species":"Arcanine","item":"leftovers","ability":"Intimidate","moves":["willowisp","flareblitz","extremespeed","morningsun"],"nature":"Impish","evs":{"hp":252,"atk":0,"def":252,"spa":0,"spd":0,"spe":4},"ivs":{"hp":31,"atk":31,"def":31,"spa":31,"spd":31,"spe":31}}],"log":["|player|p1|Zukushiku|zukushiku.png","|player|p2|Void KGBeast|kgbeast.png","|gametype|singles","|gen|6","|tier|Monotype","|rated","|rule|Baton Pass Clause: Limit one Baton Passer, can't pass Spe and other stats simultaneously","|rule|Swagger Clause: Swagger is banned","|rule|Same Type Clause: Pokémon in a team must share a type","|clearpoke","|poke|p1|Drifblim, M, shiny","|poke|p1|Gengar, F","|poke|p1|Sableye, M","|poke|p1|Chandelure, M, shiny","|poke|p1|Jellicent, F","|poke|p1|Hoopa","|poke|p2|Charizard, F","|poke|p2|Infernape, M","|poke|p2|Darmanitan, M","|poke|p2|Heatran, F","|poke|p2|Chandelure, M","|poke|p2|Arcanine, M","|rule|Sleep Clause Mod: Limit one foe put to sleep","|rule|Species Clause: Limit one of each Pokémon","|rule|OHKO Clause: OHKO moves are banned","|rule|Moody Clause: Moody is banned","|rule|Evasion Moves Clause: Evasion moves are banned","|rule|Endless Battle Clause: Forcing endless battles is banned","|rule|HP Percentage Mod: HP is shown in percentages","|teampreview","|","|start","|switch|p1a: Sableye|Sableye, M|304/304","|switch|p2a: Charizard|Charizard, F|297/297","|turn|1","|","|switch|p1a: Chandelure|Chandelure, M, shiny|261/261","|detailschange|p2a: Charizard|Charizard-Mega-Y, F","|-mega|p2a: Charizard|Charizard|Charizardite Y","|-weather|SunnyDay","|move|p2a: Charizard|Fire Blast|p1a: Chandelure","|-start|p1a: Chandelure|ability: Flash Fire","|","|-weather|SunnyDay|[upkeep]","|turn|2","|","|-end|p1a: Chandelure|ability: Flash Fire|[silent]","|switch|p1a: Jellicent|Jellicent, F|403/403","|switch|p2a: Heatran|Heatran, F|385/385","|","|-weather|SunnyDay|[upkeep]","|turn|3","|","|move|p1a: Jellicent|Taunt|p2a: Heatran","|-start|p2a: Heatran|move: Taunt","|cant|p2a: Heatran|move: Taunt|Toxic","|","|-weather|SunnyDay|[upkeep]","|turn|4","|","|move|p1a: Jellicent|Toxic|p2a: Heatran|[miss]","|-miss|p1a: Jellicent|p2a: Heatran","|move|p2a: Heatran|Solar Beam|p1a: Jellicent|[still]","|-prepare|p2a: Heatran|Solar Beam|p1a: Jellicent","|-anim|p2a: Heatran|Solar Beam|p1a: Jellicent","|-supereffective|p1a: Jellicent","|-damage|p1a: Jellicent|223/403","|","|-weather|SunnyDay|[upkeep]","|-heal|p1a: Jellicent|248/403|[from] item: Leftovers","|turn|5","|","|switch|p1a: Drifblim|Drifblim, M, shiny|503/503","|move|p2a: Heatran|Solar Beam|p1a: Drifblim|[still]","|-prepare|p2a: Heatran|Solar Beam|p1a: Drifblim","|-anim|p2a: Heatran|Solar Beam|p1a: Drifblim","|-resisted|p1a: Drifblim","|-damage|p1a: Drifblim|413/503","|","|-weather|none","|-end|p2a: Heatran|move: Taunt","|turn|6","|","|move|p1a: Drifblim|Substitute|p1a: Drifblim","|-start|p1a: Drifblim|Substitute","|-damage|p1a: Drifblim|288/503","|move|p2a: Heatran|Toxic|p1a: Drifblim","|-fail|p1a: Drifblim","|","|turn|7","|","|move|p1a: Drifblim|Stockpile|p1a: Drifblim","|-start|p1a: Drifblim|stockpile1","|-boost|p1a: Drifblim|def|1","|-boost|p1a: Drifblim|spd|1","|move|p2a: Heatran|Flash Cannon|p1a: Drifblim","|-end|p1a: Drifblim|Substitute","|","|turn|8","|","|switch|p2a: Infernape|Infernape, M|293/293","|move|p1a: Drifblim|Stockpile|p1a: Drifblim","|-start|p1a: Drifblim|stockpile2","|-boost|p1a: Drifblim|def|1","|-boost|p1a: Drifblim|spd|1","|","|turn|9","|","|move|p2a: Infernape|Taunt|p1a: Drifblim","|-start|p1a: Drifblim|move: Taunt","|cant|p1a: Drifblim|move: Taunt|Tailwind","|","|turn|10","|","|switch|p1a: Sableye|Sableye, M|304/304","|move|p2a: Infernape|Stealth Rock|p1a: Sableye","|-sidestart|p1: Zukushiku|move: Stealth Rock","|","|turn|11","|","|switch|p2a: Charizard|Charizard-Mega-Y, F|297/297","|-weather|SunnyDay","|detailschange|p1a: Sableye|Sableye-Mega, M","|-mega|p1a: Sableye|Sableye|Sablenite","|move|p1a: Sableye|Foul Play|p2a: Charizard","|-damage|p2a: Charizard|179/297","|","|-weather|SunnyDay|[upkeep]","|turn|12","|","|move|p2a: Charizard|Fire Blast|p1a: Sableye","|-damage|p1a: Sableye|49/304","|-status|p1a: Sableye|brn","|move|p1a: Sableye|Foul Play|p2a: Charizard","|-damage|p2a: Charizard|120/297","|","|-weather|SunnyDay|[upkeep]","|-damage|p1a: Sableye|11/304 brn|[from] brn","|turn|13","|","|move|p2a: Charizard|Solar Beam|p1a: Sableye|[still]","|-prepare|p2a: Charizard|Solar Beam|p1a: Sableye","|-anim|p2a: Charizard|Solar Beam|p1a: Sableye","|-damage|p1a: Sableye|0 fnt","|faint|p1a: Sableye","|","|-weather|SunnyDay|[upkeep]","|","|switch|p1a: Gengar|Gengar, F|261/261","|-damage|p1a: Gengar|229/261|[from] Stealth Rock","|turn|14","|","|switch|p2a: Heatran|Heatran, F|385/385","|move|p1a: Gengar|Shadow Ball|p2a: Heatran","|-damage|p2a: Heatran|251/385","|-damage|p1a: Gengar|203/261|[from] item: Life Orb","|","|-weather|SunnyDay|[upkeep]","|-heal|p2a: Heatran|275/385|[from] item: Leftovers","|turn|15","|","|move|p1a: Gengar|Focus Blast|p2a: Heatran","|-supereffective|p2a: Heatran","|-damage|p2a: Heatran|2/385","|-damage|p1a: Gengar|177/261|[from] item: Life Orb","|move|p2a: Heatran|Flash Cannon|p1a: Gengar","|-damage|p1a: Gengar|30/261","|","|-weather|none","|-heal|p2a: Heatran|26/385|[from] item: Leftovers","|turn|16","|","|move|p1a: Gengar|Shadow Ball|p2a: Heatran","|-damage|p2a: Heatran|0 fnt","|-damage|p1a: Gengar|4/261|[from] item: Life Orb","|faint|p2a: Heatran","|","|","|switch|p2a: Chandelure|Chandelure, M|261/261","|turn|17","|","|move|p2a: Chandelure|Shadow Ball|p1a: Gengar","|-supereffective|p1a: Gengar","|-damage|p1a: Gengar|0 fnt","|faint|p1a: Gengar","|","|","|switch|p1a: Chandelure|Chandelure, M, shiny|261/261","|-damage|p1a: Chandelure|196/261|[from] Stealth Rock","|turn|18","|","|move|p1a: Chandelure|Shadow Ball|p2a: Chandelure","|-supereffective|p2a: Chandelure","|-damage|p2a: Chandelure|0 fnt","|faint|p2a: Chandelure","|","|","|switch|p2a: Darmanitan|Darmanitan, M|351/351","|turn|19","|","|switch|p2a: Charizard|Charizard-Mega-Y, F|120/297","|-weather|SunnyDay","|switch|p1a: Drifblim|Drifblim, M, shiny|288/503","|-damage|p1a: Drifblim|163/503|[from] Stealth Rock","|","|-weather|SunnyDay|[upkeep]","|turn|20","|","|move|p2a: Charizard|Fire Blast|p1a: Drifblim","|-damage|p1a: Drifblim|0 fnt","|faint|p1a: Drifblim","|","|-weather|SunnyDay|[upkeep]","|","|switch|p1a: Chandelure|Chandelure, M, shiny|196/261","|-damage|p1a: Chandelure|131/261|[from] Stealth Rock","|turn|21","|","|switch|p2a: Infernape|Infernape, M|293/293","|move|p1a: Chandelure|Shadow Ball|p2a: Infernape","|-damage|p2a: Infernape|64/293","|","|-weather|SunnyDay|[upkeep]","|turn|22","|","|move|p1a: Chandelure|Shadow Ball|p2a: Infernape","|-damage|p2a: Infernape|0 fnt","|faint|p2a: Infernape","|","|-weather|SunnyDay|[upkeep]","|","|switch|p2a: Darmanitan|Darmanitan, M|351/351","|turn|23","|","|switch|p1a: Hoopa|Hoopa|301/301","|-damage|p1a: Hoopa|264/301|[from] Stealth Rock","|move|p2a: Darmanitan|Rock Slide|p1a: Hoopa","|-damage|p1a: Hoopa|88/301","|","|-weather|none","|turn|24","|","|move|p2a: Darmanitan|Rock Slide|p1a: Hoopa","|-damage|p1a: Hoopa|0 fnt","|faint|p1a: Hoopa","|","|","|switch|p1a: Jellicent|Jellicent, F|248/403","|-damage|p1a: Jellicent|198/403|[from] Stealth Rock","|turn|25","|","|switch|p2a: Arcanine|Arcanine, M|384/384","|-ability|p2a: Arcanine|Intimidate","|-unboost|p1a: Jellicent|atk|1","|move|p1a: Jellicent|Recover|p1a: Jellicent","|-heal|p1a: Jellicent|400/403","|","|-heal|p1a: Jellicent|403/403|[from] item: Leftovers","|turn|26","|","|move|p2a: Arcanine|Will-O-Wisp|p1a: Jellicent","|-status|p1a: Jellicent|brn","|move|p1a: Jellicent|Scald|p2a: Arcanine","|-supereffective|p2a: Arcanine","|-damage|p2a: Arcanine|192/384","|","|-heal|p2a: Arcanine|216/384|[from] item: Leftovers","|-damage|p1a: Jellicent|353/403 brn|[from] brn","|turn|27","|","|move|p2a: Arcanine|Flare Blitz|p1a: Jellicent","|-resisted|p1a: Jellicent","|-damage|p1a: Jellicent|248/403 brn","|-damage|p2a: Arcanine|181/384|[from] recoil|[of] p1a: Jellicent","|move|p1a: Jellicent|Toxic|p2a: Arcanine","|-status|p2a: Arcanine|tox","|","|-heal|p2a: Arcanine|205/384 tox|[from] item: Leftovers","|-heal|p1a: Jellicent|273/403 brn|[from] item: Leftovers","|-damage|p2a: Arcanine|181/384 tox|[from] psn","|-damage|p1a: Jellicent|223/403 brn|[from] brn","|turn|28","|","|move|p2a: Arcanine|Flare Blitz|p1a: Jellicent","|-resisted|p1a: Jellicent","|-damage|p1a: Jellicent|121/403 brn","|-damage|p2a: Arcanine|147/384 tox|[from] recoil|[of] p1a: Jellicent","|move|p1a: Jellicent|Recover|p1a: Jellicent","|-heal|p1a: Jellicent|323/403 brn","|","|-heal|p2a: Arcanine|171/384 tox|[from] item: Leftovers","|-heal|p1a: Jellicent|348/403 brn|[from] item: Leftovers","|-damage|p2a: Arcanine|123/384 tox|[from] psn","|-damage|p1a: Jellicent|298/403 brn|[from] brn","|turn|29","|","|move|p2a: Arcanine|Flare Blitz|p1a: Jellicent","|-resisted|p1a: Jellicent","|-damage|p1a: Jellicent|202/403 brn","|-damage|p2a: Arcanine|91/384 tox|[from] recoil|[of] p1a: Jellicent","|move|p1a: Jellicent|Scald|p2a: Arcanine","|-supereffective|p2a: Arcanine","|-damage|p2a: Arcanine|0 fnt","|faint|p2a: Arcanine","|","|-heal|p1a: Jellicent|227/403 brn|[from] item: Leftovers","|-damage|p1a: Jellicent|177/403 brn|[from] brn","|","|switch|p2a: Charizard|Charizard-Mega-Y, F|120/297","|-weather|SunnyDay","|turn|30","|","|switch|p1a: Chandelure|Chandelure, M, shiny|131/261","|-damage|p1a: Chandelure|66/261|[from] Stealth Rock","|move|p2a: Charizard|Solar Beam|p1a: Chandelure|[still]","|-prepare|p2a: Charizard|Solar Beam|p1a: Chandelure","|-anim|p2a: Charizard|Solar Beam|p1a: Chandelure","|-resisted|p1a: Chandelure","|-damage|p1a: Chandelure|0 fnt","|faint|p1a: Chandelure","|","|-weather|SunnyDay|[upkeep]","|","|switch|p1a: Jellicent|Jellicent, F|177/403 brn","|-damage|p1a: Jellicent|127/403 brn|[from] Stealth Rock","|turn|31","|","|move|p2a: Charizard|Solar Beam|p1a: Jellicent|[still]","|-prepare|p2a: Charizard|Solar Beam|p1a: Jellicent","|-anim|p2a: Charizard|Solar Beam|p1a: Jellicent","|-supereffective|p1a: Jellicent","|-damage|p1a: Jellicent|0 fnt","|faint|p1a: Jellicent","|","|win|Void KGBeast"],"p1rating":{"entryid":"7076911","serverid":"eos","formatid":"monotype","userid":"zukushiku","username":"Zukushiku","w":"44","l":20,"t":"0","gxe":68.6,"r":"1652.1236009759","rd":"46.364519525513","sigma":"0","rptime":"1439370000","rpr":1648.0321229292,"rprd":45.681553115163,"rpsigma":"0","acre":1304.973369581,"lacre":1304.973369581,"oldacre":"1332.2576544223"},"p2rating":{"entryid":"6841698","serverid":"eos","formatid":"monotype","userid":"voidkgbeast","username":"Void KGBeast","w":19,"l":"12","t":"0","gxe":58.8,"r":"1512.0293141398","rd":"71.469052118224","sigma":"0","rptime":"1439370000","rpr":1567.8419900187,"rprd":62.834949623849,"rpsigma":"0","acre":1233.7342968851,"lacre":1233.7342968851,"oldacre":"1199.6289408335"},"endType":"normal"}