{"seed":[14231,62244,11299,45582],"turns":31,"p1":"Imp❇ Jk","p2":"Traine✘ Sebastian","p1team":[{"name":"Cobalion","species":"Cobalion","item":"leftovers","ability":"Justified","moves":["thunderwave","ironhead","stealthrock","taunt"],"nature":"Impish","evs":{"hp":252,"atk":4,"def":252,"spa":0,"spd":0,"spe":0},"ivs":{"hp":31,"atk":31,"def":31,"spa":31,"spd":31,"spe":31}},{"name":"Scrafty","species":"Scrafty","item":"leftovers","ability":"Shed Skin","moves":["icepunch","crunch","drainpunch","bulkup"],"nature":"Careful","evs":{"hp":252,"atk":4,"def":0,"spa":0,"spd":252,"spe":0},"ivs":{"hp":31,"atk":31,"def":31,"spa":31,"spd":31,"spe":31}},{"name":"Hitmontop","species":"Hitmontop","item":"assaultvest","ability":"Intimidate","moves":["endeavor","highjumpkick","suckerpunch","rapidspin"],"nature":"Impish","evs":{"hp":252,"atk":0,"def":64,"spa":0,"spd":192,"spe":0},"ivs":{"hp":31,"atk":31,"def":31,"spa":31,"spd":31,"spe":31}},{"name":"Infernape","species":"Infernape","item":"focussash","ability":"Blaze","moves":["flamethrower","vacuumwave","nastyplot","encore"],"nature":"Timid","evs":{"hp":0,"atk":0,"def":0,"spa":252,"spd":0,"spe":252},"ivs":{"hp":31,"atk":31,"def":31,"spa":31,"spd":31,"spe":31}},{"name":"Heracross","species":"Heracross","item":"heracronite","ability":"Moxie","moves":["bulletseed","pinmissile","rockblast","closecombat"],"nature":"Adamant","evs":{"hp":252,"atk":124,"def":132,"spa":0,"spd":0,"spe":0},"ivs":{"hp":31,"atk":31,"def":31,"spa":31,"spd":31,"spe":31}},{"name":"Terrakion","species":"Terrakion","item":"choicescarf","ability":"Justified","moves":["closecombat","stoneedge","earthquake","ironhead"],"nature":"Adamant","evs":{"hp":4,"atk":252,"def":0,"spa":0,"spd":0,"spe":252},"ivs":{"hp":31,"atk":31,"def":31,"spa":31,"spd":31,"spe":31}}],"p2team":[{"name":"Charizard","species":"Charizard","item":"charizarditex","ability":"Blaze","moves":["dragondance","dragonclaw","flareblitz","earthquake"],"nature":"Adamant","evs":{"hp":0,"atk":252,"def":0,"spa":0,"spd":4,"spe":252},"gender":"M","shiny":true,"ivs":{"hp":31,"atk":31,"def":31,"spa":31,"spd":31,"spe":31}},{"name":"Staraptor","species":"Staraptor","item":"choiceband","ability":"Reckless","moves":["bravebird","doubleedge","closecombat","uturn"],"nature":"Jolly","evs":{"hp":0,"atk":252,"def":4,"spa":0,"spd":0,"spe":252},"gender":"F","shiny":true,"ivs":{"hp":31,"atk":31,"def":31,"spa":31,"spd":31,"spe":31}},{"name":"Skarmory","species":"Skarmory","item":"leftovers","ability":"Sturdy","moves":["bravebird","roost","defog","roar"],"nature":"Impish","evs":{"hp":252,"atk":0,"def":232,"spa":0,"spd":0,"spe":24},"gender":"M","ivs":{"hp":31,"atk":31,"def":31,"spa":31,"spd":31,"spe":31}},{"name":"Landorus","species":"Landorus","item":"lifeorb","ability":"Sheer Force","moves":["rockpolish","earthpower","psychic","focusblast"],"nature":"Modest","evs":{"hp":0,"atk":0,"def":0,"spa":252,"spd":4,"spe":252},"ivs":{"hp":31,"atk":31,"def":31,"spa":31,"spd":31,"spe":31}},{"name":"Yanmega","species":"Yanmega","item":"lifeorb","ability":"Speed Boost","moves":["gigadrain","airslash","bugbuzz","hiddenpowerfire"],"nature":"Modest","evs":{"hp":0,"atk":0,"def":0,"spa":252,"spd":4,"spe":252},"gender":"M","ivs":{"hp":31,"atk":30,"def":31,"spa":30,"spd":31,"spe":30},"shiny":true},{"name":"Alucard","species":"gliscor","item":"toxicorb","ability":"Poison Heal","moves":["earthquake","knockoff","protect","toxic"],"nature":"Careful","evs":{"hp":244,"atk":0,"def":0,"spa":0,"spd":192,"spe":72},"gender":"M","shiny":true,"ivs":{"hp":31,"atk":31,"def":31,"spa":31,"spd":31,"spe":31}}],"log":["|player|p1|Imp❇ Jk|196","|player|p2|Traine✘ Sebastian|161","|gametype|singles","|gen|6","|tier|Monotype","|rated","|rule|Baton Pass Clause: Limit one Baton Passer, can't pass Spe and other stats simultaneously","|rule|Swagger Clause: Swagger is banned","|rule|Same Type Clause: Pokémon in a team must share a type","|clearpoke","|poke|p1|Cobalion","|poke|p1|Scrafty, M","|poke|p1|Hitmontop, M","|poke|p1|Infernape, F","|poke|p1|Heracross, F","|poke|p1|Terrakion","|poke|p2|Charizard, M, shiny","|poke|p2|Staraptor, F, shiny","|poke|p2|Skarmory, M","|poke|p2|Landorus, M","|poke|p2|Yanmega, M, shiny","|poke|p2|Gliscor, M, shiny","|rule|Sleep Clause Mod: Limit one foe put to sleep","|rule|Species Clause: Limit one of each Pokémon","|rule|OHKO Clause: OHKO moves are banned","|rule|Moody Clause: Moody is banned","|rule|Evasion Moves Clause: Evasion moves are banned","|rule|Endless Battle Clause: Forcing endless battles is banned","|rule|HP Percentage Mod: HP is shown in percentages","|teampreview","|","|start","|switch|p1a: Hitmontop|Hitmontop, M|304/304","|switch|p2a: Alucard|Gliscor, M, shiny|352/352","|-ability|p1a: Hitmontop|Intimidate","|-unboost|p2a: Alucard|atk|1","|turn|1","|","|switch|p1a: Scrafty|Scrafty, M|334/334","|move|p2a: Alucard|Toxic|p1a: Scrafty","|-status|p1a: Scrafty|tox","|","|-damage|p1a: Scrafty|314/334 tox|[from] psn","|-status|p2a: Alucard|tox|[from] item: Toxic Orb","|turn|2","|","|switch|p2a: Skarmory|Skarmory, M|334/334","|move|p1a: Scrafty|Bulk Up|p1a: Scrafty","|-boost|p1a: Scrafty|atk|1","|-boost|p1a: Scrafty|def|1","|","|-activate|p1a: Scrafty|ability: Shed Skin","|-curestatus|p1a: Scrafty|tox","|-heal|p1a: Scrafty|334/334|[from] item: Leftovers","|turn|3","|","|move|p1a: Scrafty|Crunch|p2a: Skarmory","|-damage|p2a: Skarmory|259/334","|move|p2a: Skarmory|Roar|p1a: Scrafty","|drag|p1a: Terrakion|Terrakion|324/324","|","|-heal|p2a: Skarmory|279/334|[from] item: Leftovers","|turn|4","|","|move|p1a: Terrakion|Close Combat|p2a: Skarmory","|-damage|p2a: Skarmory|149/334","|-unboost|p1a: Terrakion|def|1","|-unboost|p1a: Terrakion|spd|1","|move|p2a: Skarmory|Roost|p2a: Skarmory","|-heal|p2a: Skarmory|316/334","|","|-heal|p2a: Skarmory|334/334|[from] item: Leftovers","|turn|5","|","|switch|p1a: Hitmontop|Hitmontop, M|304/304","|-ability|p1a: Hitmontop|Intimidate","|-unboost|p2a: Skarmory|atk|1","|move|p2a: Skarmory|Brave Bird|p1a: Hitmontop","|-supereffective|p1a: Hitmontop","|-damage|p1a: Hitmontop|172/304","|-damage|p2a: Skarmory|290/334|[from] recoil|[of] p1a: Hitmontop","|","|-heal|p2a: Skarmory|310/334|[from] item: Leftovers","|turn|6","|","|switch|p2a: Alucard|Gliscor, M, shiny|352/352 tox","|move|p1a: Hitmontop|High Jump Kick|p2a: Alucard","|-resisted|p2a: Alucard","|-damage|p2a: Alucard|290/352 tox","|","|-heal|p2a: Alucard|334/352 tox|[from] ability: Poison Heal","|turn|7","|","|switch|p1a: Scrafty|Scrafty, M|334/334","|move|p2a: Alucard|Knock Off|p1a: Scrafty","|-resisted|p1a: Scrafty","|-damage|p1a: Scrafty|319/334","|-enditem|p1a: Scrafty|Leftovers|[from] move: Knock Off|[of] p2a: Alucard","|","|-heal|p2a: Alucard|352/352 tox|[from] ability: Poison Heal","|turn|8","|","|switch|p2a: Yanmega|Yanmega, M, shiny|313/313","|move|p1a: Scrafty|Bulk Up|p1a: Scrafty","|-boost|p1a: Scrafty|atk|1","|-boost|p1a: Scrafty|def|1","|","|turn|9","|","|move|p2a: Yanmega|Air Slash|p1a: Scrafty","|-supereffective|p1a: Scrafty","|-damage|p1a: Scrafty|82/334","|-damage|p2a: Yanmega|282/313|[from] item: Life Orb","|cant|p1a: Scrafty|flinch","|","|-boost|p2a: Yanmega|spe|1|[from] ability: Speed Boost","|turn|10","|","|move|p2a: Yanmega|Air Slash|p1a: Scrafty","|-supereffective|p1a: Scrafty","|-damage|p1a: Scrafty|0 fnt","|-damage|p2a: Yanmega|251/313|[from] item: Life Orb","|faint|p1a: Scrafty","|","|-boost|p2a: Yanmega|spe|1|[from] ability: Speed Boost","|","|switch|p1a: Cobalion|Cobalion|386/386","|turn|11","|","|move|p2a: Yanmega|Air Slash|p1a: Cobalion","|-damage|p1a: Cobalion|156/386","|-damage|p2a: Yanmega|220/313|[from] item: Life Orb","|move|p1a: Cobalion|Thunder Wave|p2a: Yanmega","|-status|p2a: Yanmega|par","|","|-heal|p1a: Cobalion|180/386|[from] item: Leftovers","|-boost|p2a: Yanmega|spe|1|[from] ability: Speed Boost","|turn|12","|","|move|p1a: Cobalion|Stealth Rock|p2a: Yanmega","|-sidestart|p2: Traine✘ Sebastian|move: Stealth Rock","|move|p2a: Yanmega|Air Slash|p1a: Cobalion","|-crit|p1a: Cobalion","|-damage|p1a: Cobalion|0 fnt","|-damage|p2a: Yanmega|189/313 par|[from] item: Life Orb","|faint|p1a: Cobalion","|","|-boost|p2a: Yanmega|spe|1|[from] ability: Speed Boost","|","|switch|p1a: Terrakion|Terrakion|324/324","|turn|13","|","|move|p1a: Terrakion|Stone Edge|p2a: Yanmega","|-supereffective|p2a: Yanmega","|-damage|p2a: Yanmega|0 fnt","|faint|p2a: Yanmega","|","|","|switch|p2a: Skarmory|Skarmory, M|310/334","|-damage|p2a: Skarmory|269/334|[from] Stealth Rock","|turn|14","|","|switch|p1a: Hitmontop|Hitmontop, M|172/304","|-ability|p1a: Hitmontop|Intimidate","|-unboost|p2a: Skarmory|atk|1","|move|p2a: Skarmory|Defog|p1a: Hitmontop","|-unboost|p1a: Hitmontop|evasion|1","|-sideend|p2: Traine✘ Sebastian|Stealth Rock|[from] move: Defog|[of] p2a: Skarmory","|","|-heal|p2a: Skarmory|289/334|[from] item: Leftovers","|turn|15","|","|switch|p2a: Landorus|Landorus, M|319/319","|switch|p1a: Heracross|Heracross, F|364/364","|","|turn|16","|","|detailschange|p1a: Heracross|Heracross-Mega, F","|-mega|p1a: Heracross|Heracross|Heracronite","|move|p2a: Landorus|Rock Polish|p2a: Landorus","|-boost|p2a: Landorus|spe|2","|move|p1a: Heracross|Bullet Seed|p2a: Landorus","|-damage|p2a: Landorus|277/319","|-crit|p2a: Landorus","|-damage|p2a: Landorus|205/319","|-damage|p2a: Landorus|162/319","|-damage|p2a: Landorus|120/319","|-damage|p2a: Landorus|75/319","|-hitcount|p2a: Landorus|5","|","|turn|17","|","|move|p2a: Landorus|Psychic|p1a: Heracross","|-supereffective|p1a: Heracross","|-damage|p1a: Heracross|5/364","|move|p1a: Heracross|Rock Blast|p2a: Landorus","|-damage|p2a: Landorus|31/319","|-damage|p2a: Landorus|0 fnt","|-hitcount|p2a: Landorus|2","|faint|p2a: Landorus","|","|","|switch|p2a: Alucard|Gliscor, M, shiny|352/352 tox","|turn|18","|","|move|p2a: Alucard|Earthquake|p1a: Heracross","|-resisted|p1a: Heracross","|-damage|p1a: Heracross|0 fnt","|faint|p1a: Heracross","|","|","|switch|p1a: Hitmontop|Hitmontop, M|172/304","|-ability|p1a: Hitmontop|Intimidate","|-unboost|p2a: Alucard|atk|1","|turn|19","|","|move|p2a: Alucard|Knock Off|p1a: Hitmontop","|-crit|p1a: Hitmontop","|-resisted|p1a: Hitmontop","|-damage|p1a: Hitmontop|126/304","|-enditem|p1a: Hitmontop|Assault Vest|[from] move: Knock Off|[of] p2a: Alucard","|move|p1a: Hitmontop|Endeavor|p2a: Alucard","|-damage|p2a: Alucard|126/352 tox","|","|-heal|p2a: Alucard|170/352 tox|[from] ability: Poison Heal","|turn|20","|","|move|p2a: Alucard|Protect|p2a: Alucard","|-singleturn|p2a: Alucard|Protect","|move|p1a: Hitmontop|Endeavor|p2a: Alucard","|-activate|p2a: Alucard|Protect","|","|-heal|p2a: Alucard|214/352 tox|[from] ability: Poison Heal","|turn|21","|","|move|p2a: Alucard|Earthquake|p1a: Hitmontop","|-damage|p1a: Hitmontop|57/304","|move|p1a: Hitmontop|Endeavor|p2a: Alucard","|-damage|p2a: Alucard|57/352 tox","|","|-heal|p2a: Alucard|101/352 tox|[from] ability: Poison Heal","|turn|22","|","|switch|p1a: Infernape|Infernape, F|293/293","|move|p2a: Alucard|Protect|p2a: Alucard","|-fail|p2a: Alucard","|","|-heal|p2a: Alucard|145/352 tox|[from] ability: Poison Heal","|turn|23","|","|move|p1a: Infernape|Nasty Plot|p1a: Infernape","|-boost|p1a: Infernape|spa|2","|move|p2a: Alucard|Earthquake|p1a: Infernape","|-supereffective|p1a: Infernape","|-damage|p1a: Infernape|111/293","|","|-heal|p2a: Alucard|189/352 tox|[from] ability: Poison Heal","|turn|24","|","|move|p2a: Alucard|Protect|p2a: Alucard","|-singleturn|p2a: Alucard|Protect","|move|p1a: Infernape|Flamethrower|p2a: Alucard","|-activate|p2a: Alucard|Protect","|","|-heal|p2a: Alucard|233/352 tox|[from] ability: Poison Heal","|turn|25","|","|move|p1a: Infernape|Flamethrower|p2a: Alucard","|-damage|p2a: Alucard|0 fnt","|faint|p2a: Alucard","|","|","|switch|p2a: Skarmory|Skarmory, M|289/334","|turn|26","|","|move|p1a: Infernape|Flamethrower|p2a: Skarmory","|-supereffective|p2a: Skarmory","|-damage|p2a: Skarmory|0 fnt","|faint|p2a: Skarmory","|","|","|switch|p2a: Charizard|Charizard, M, shiny|297/297","|turn|27","|","|detailschange|p2a: Charizard|Charizard-Mega-X, M, shiny","|-mega|p2a: Charizard|Charizard|Charizardite X","|move|p1a: Infernape|Flamethrower|p2a: Charizard","|-resisted|p2a: Charizard","|-damage|p2a: Charizard|215/297","|move|p2a: Charizard|Dragon Dance|p2a: Charizard","|-boost|p2a: Charizard|atk|1","|-boost|p2a: Charizard|spe|1","|","|turn|28","|","|move|p2a: Charizard|Dragon Claw|p1a: Infernape","|-damage|p1a: Infernape|0 fnt","|faint|p1a: Infernape","|","|","|switch|p1a: Hitmontop|Hitmontop, M|57/304","|-ability|p1a: Hitmontop|Intimidate","|-unboost|p2a: Charizard|atk|1","|turn|29","|","|move|p2a: Charizard|Dragon Dance|p2a: Charizard","|-boost|p2a: Charizard|atk|1","|-boost|p2a: Charizard|spe|1","|move|p1a: Hitmontop|Endeavor|p2a: Charizard","|-damage|p2a: Charizard|57/297","|","|turn|30","|","|move|p2a: Charizard|Dragon Claw|p1a: Hitmontop","|-damage|p1a: Hitmontop|0 fnt","|faint|p1a: Hitmontop","|","|","|switch|p1a: Terrakion|Terrakion|324/324","|turn|31","|","|move|p2a: Charizard|Earthquake|p1a: Terrakion","|-supereffective|p1a: Terrakion","|-damage|p1a: Terrakion|0 fnt","|faint|p1a: Terrakion","|","|win|Traine✘ Sebastian"],"p1rating":{"entryid":"7537159","serverid":"eos","formatid":"monotype","userid":"impjk","username":"Imp❇ Jk","w":"7","l":12,"t":"0","gxe":37.4,"r":"1409.4484206189","rd":"74.872897007617","sigma":"0","rptime":"1439370000","rpr":1401.3438270712,"rprd":70.931891952767,"rpsigma":"0","acre":1054.8068741511,"lacre":1054.8068741511,"oldacre":"1072.8312429081"},"p2rating":{"entryid":"7497648","serverid":"eos","formatid":"monotype","userid":"trainesebastian","username":"Traine✘ Sebastian","w":11,"l":"5","t":"0","gxe":60.8,"r":"1575.6317391855","rd":"77.51253492173","sigma":"0","rptime":"1439370000","rpr":1584.7967118897,"rprd":76.072388,"rpsigma":"0","acre":1142.8352245104,"lacre":1142.8352245104,"oldacre":"1121.3004110594"},"endType":"normal"}