{"seed":[60974,2721,61546,33056],"turns":27,"p1":"Zukushiku","p2":"Crystl Sabo","p1team":[{"name":"Nidoking","species":"Nidoking","item":"lifeorb","ability":"Sheer Force","moves":["sludgewave","earthpower","fireblast","stealthrock"],"nature":"Timid","evs":{"hp":0,"atk":0,"def":4,"spa":252,"spd":0,"spe":252},"ivs":{"hp":31,"atk":31,"def":31,"spa":31,"spd":31,"spe":31}},{"name":"Scolipede","species":"Scolipede","item":"lumberry","ability":"Speed Boost","moves":["megahorn","earthquake","rockslide","swordsdance"],"nature":"Jolly","evs":{"hp":0,"atk":252,"def":0,"spa":0,"spd":4,"spe":252},"ivs":{"hp":31,"atk":31,"def":31,"spa":31,"spd":31,"spe":31}},{"name":"Drapion","species":"Drapion","item":"assaultvest","ability":"Battle Armor","moves":["pursuit","knockoff","earthquake","rockslide"],"nature":"Adamant","evs":{"hp":248,"atk":8,"def":0,"spa":0,"spd":252,"spe":0},"ivs":{"hp":31,"atk":31,"def":31,"spa":31,"spd":31,"spe":31}},{"name":"Gengar","species":"Gengar","item":"lifeorb","ability":"Levitate","moves":["shadowball","focusblast","substitute","painsplit"],"nature":"Timid","evs":{"hp":0,"atk":0,"def":0,"spa":252,"spd":4,"spe":252},"ivs":{"hp":31,"atk":31,"def":31,"spa":31,"spd":31,"spe":31}},{"name":"Weezing","species":"Weezing","item":"blacksludge","ability":"Levitate","moves":["clearsmog","willowisp","flamethrower","painsplit"],"nature":"Bold","evs":{"hp":252,"atk":0,"def":252,"spa":0,"spd":0,"spe":4},"ivs":{"hp":31,"atk":0,"def":31,"spa":31,"spd":31,"spe":31}},{"name":"Venusaur","species":"Venusaur","item":"venusaurite","ability":"Chlorophyll","moves":["gigadrain","sludgebomb","synthesis","hiddenpowerfire"],"nature":"Bold","evs":{"hp":248,"atk":0,"def":96,"spa":0,"spd":144,"spe":20},"ivs":{"hp":31,"atk":30,"def":31,"spa":30,"spd":31,"spe":30}}],"p2team":[{"name":"Cradily","species":"Cradily","item":"leftovers","ability":"Storm Drain","moves":["stockpile","recover","toxic","gigadrain"],"nature":"Calm","evs":{"hp":236,"atk":0,"def":0,"spa":40,"spd":232,"spe":0},"shiny":true,"ivs":{"hp":31,"atk":31,"def":31,"spa":31,"spd":31,"spe":31}},{"name":"Rhydon","species":"Rhydon","item":"eviolite","ability":"Rock Head","moves":["swordsdance","avalanche","stoneedge","firepunch"],"nature":"Relaxed","evs":{"hp":248,"atk":0,"def":8,"spa":0,"spd":252,"spe":0},"ivs":{"hp":31,"atk":31,"def":31,"spa":31,"spd":31,"spe":1},"shiny":true},{"name":"Tyranitar","species":"Tyranitar","item":"choicescarf","ability":"Sand Stream","moves":["stoneedge","icebeam","fireblast","earthquake"],"nature":"Naive","evs":{"hp":0,"atk":0,"def":0,"spa":252,"spd":0,"spe":252},"ivs":{"hp":31,"atk":30,"def":31,"spa":30,"spd":31,"spe":31},"shiny":true},{"name":"Aerodactyl","species":"Aerodactyl","item":"aerodactylite","ability":"Pressure","moves":["stoneedge","earthquake","aerialace","taunt"],"nature":"Jolly","evs":{"hp":0,"atk":252,"def":0,"spa":0,"spd":4,"spe":252},"ivs":{"hp":31,"atk":31,"def":31,"spa":31,"spd":31,"spe":31}},{"name":"Terrakion","species":"Terrakion","item":"choicescarf","ability":"Justified","moves":["earthquake","closecombat","stoneedge","poisonjab"],"nature":"Jolly","evs":{"hp":0,"atk":252,"def":0,"spa":0,"spd":4,"spe":252},"shiny":true,"ivs":{"hp":31,"atk":31,"def":31,"spa":31,"spd":31,"spe":31}},{"name":"Omastar","species":"Omastar","item":"focussash","ability":"Weak Armor","moves":["shellsmash","hydropump","icebeam","hiddenpowergrass"],"nature":"Rash","evs":{"hp":0,"atk":4,"def":0,"spa":252,"spd":0,"spe":252},"ivs":{"hp":31,"atk":30,"def":31,"spa":30,"spd":31,"spe":31}}],"log":["|player|p1|Zukushiku|zukushiku.png","|player|p2|Crystl Sabo|crystlsabo.png","|gametype|singles","|gen|6","|tier|Monotype","|rated","|rule|Baton Pass Clause: Limit one Baton Passer, can't pass Spe and other stats simultaneously","|rule|Swagger Clause: Swagger is banned","|rule|Same Type Clause: Pokémon in a team must share a type","|clearpoke","|poke|p1|Nidoking, M","|poke|p1|Scolipede, M","|poke|p1|Drapion, M","|poke|p1|Gengar, F","|poke|p1|Weezing, M","|poke|p1|Venusaur, M","|poke|p2|Cradily, F, shiny","|poke|p2|Rhydon, F, shiny","|poke|p2|Tyranitar, M, shiny","|poke|p2|Aerodactyl, F","|poke|p2|Terrakion, shiny","|poke|p2|Omastar, F","|rule|Sleep Clause Mod: Limit one foe put to sleep","|rule|Species Clause: Limit one of each Pokémon","|rule|OHKO Clause: OHKO moves are banned","|rule|Moody Clause: Moody is banned","|rule|Evasion Moves Clause: Evasion moves are banned","|rule|Endless Battle Clause: Forcing endless battles is banned","|rule|HP Percentage Mod: HP is shown in percentages","|teampreview","|","|start","|switch|p1a: Venusaur|Venusaur, M|363/363","|switch|p2a: Aerodactyl|Aerodactyl, F|301/301","|-ability|p2a: Aerodactyl|Pressure","|turn|1","|","|switch|p1a: Weezing|Weezing, M|334/334","|detailschange|p2a: Aerodactyl|Aerodactyl-Mega, F","|-mega|p2a: Aerodactyl|Aerodactyl|Aerodactylite","|move|p2a: Aerodactyl|Taunt|p1a: Weezing","|-start|p1a: Weezing|move: Taunt","|","|turn|2","|","|move|p2a: Aerodactyl|Stone Edge|p1a: Weezing","|-crit|p1a: Weezing","|-damage|p1a: Weezing|148/334","|move|p1a: Weezing|Flamethrower|p2a: Aerodactyl","|-resisted|p2a: Aerodactyl","|-damage|p2a: Aerodactyl|270/301","|-status|p2a: Aerodactyl|brn","|","|-heal|p1a: Weezing|168/334|[from] item: Black Sludge","|-damage|p2a: Aerodactyl|233/301 brn|[from] brn","|turn|3","|","|switch|p2a: Tyranitar|Tyranitar, M, shiny|341/341","|-weather|Sandstorm","|switch|p1a: Venusaur|Venusaur, M|363/363","|","|-weather|Sandstorm|[upkeep]","|-damage|p1a: Venusaur|341/363|[from] sandstorm","|turn|4","|","|switch|p2a: Aerodactyl|Aerodactyl-Mega, F|233/301 brn","|detailschange|p1a: Venusaur|Venusaur-Mega, M","|-mega|p1a: Venusaur|Venusaur|Venusaurite","|move|p1a: Venusaur|Giga Drain|p2a: Aerodactyl","|-damage|p2a: Aerodactyl|154/301 brn","|-heal|p1a: Venusaur|363/363|[from] drain|[of] p2a: Aerodactyl","|","|-weather|Sandstorm|[upkeep]","|-damage|p1a: Venusaur|341/363|[from] sandstorm","|-damage|p2a: Aerodactyl|117/301 brn|[from] brn","|turn|5","|","|move|p2a: Aerodactyl|Aerial Ace|p1a: Venusaur","|-supereffective|p1a: Venusaur","|-damage|p1a: Venusaur|235/363","|move|p1a: Venusaur|Giga Drain|p2a: Aerodactyl","|-damage|p2a: Aerodactyl|50/301 brn","|-heal|p1a: Venusaur|269/363|[from] drain|[of] p2a: Aerodactyl","|","|-weather|Sandstorm|[upkeep]","|-damage|p1a: Venusaur|247/363|[from] sandstorm","|-damage|p2a: Aerodactyl|13/301 brn|[from] brn","|turn|6","|","|move|p2a: Aerodactyl|Aerial Ace|p1a: Venusaur","|-supereffective|p1a: Venusaur","|-damage|p1a: Venusaur|153/363","|move|p1a: Venusaur|Giga Drain|p2a: Aerodactyl","|-damage|p2a: Aerodactyl|0 fnt","|-heal|p1a: Venusaur|160/363|[from] drain|[of] p2a: Aerodactyl","|faint|p2a: Aerodactyl","|","|-weather|Sandstorm|[upkeep]","|-damage|p1a: Venusaur|138/363|[from] sandstorm","|","|switch|p2a: Terrakion|Terrakion, shiny|323/323","|turn|7","|","|switch|p1a: Nidoking|Nidoking, M|303/303","|move|p2a: Terrakion|Earthquake|p1a: Nidoking","|-supereffective|p1a: Nidoking","|-damage|p1a: Nidoking|0 fnt","|faint|p1a: Nidoking","|","|-weather|none","|","|switch|p1a: Gengar|Gengar, F|261/261","|turn|8","|","|switch|p2a: Tyranitar|Tyranitar, M, shiny|341/341","|-weather|Sandstorm","|move|p1a: Gengar|Substitute|p1a: Gengar","|-start|p1a: Gengar|Substitute","|-damage|p1a: Gengar|196/261","|","|-weather|Sandstorm|[upkeep]","|-damage|p1a: Gengar|180/261|[from] sandstorm","|turn|9","|","|move|p2a: Tyranitar|Stone Edge|p1a: Gengar","|-end|p1a: Gengar|Substitute","|move|p1a: Gengar|Focus Blast|p2a: Tyranitar|[miss]","|-miss|p1a: Gengar|p2a: Tyranitar","|","|-weather|Sandstorm|[upkeep]","|-damage|p1a: Gengar|164/261|[from] sandstorm","|turn|10","|","|switch|p1a: Drapion|Drapion, M|343/343","|move|p2a: Tyranitar|Stone Edge|p1a: Drapion","|-damage|p1a: Drapion|199/343","|","|-weather|Sandstorm|[upkeep]","|-damage|p1a: Drapion|178/343|[from] sandstorm","|turn|11","|","|switch|p2a: Cradily|Cradily, F, shiny|372/372","|move|p1a: Drapion|Knock Off|p2a: Cradily","|-damage|p2a: Cradily|248/372","|-enditem|p2a: Cradily|Leftovers|[from] move: Knock Off|[of] p1a: Drapion","|","|-weather|Sandstorm|[upkeep]","|-damage|p1a: Drapion|157/343|[from] sandstorm","|turn|12","|","|switch|p1a: Venusaur|Venusaur-Mega, M|138/363","|move|p2a: Cradily|Giga Drain|p1a: Venusaur","|-crit|p1a: Venusaur","|-resisted|p1a: Venusaur","|-damage|p1a: Venusaur|117/363","|-heal|p2a: Cradily|259/372|[from] drain|[of] p1a: Venusaur","|","|-weather|none","|turn|13","|","|switch|p2a: Terrakion|Terrakion, shiny|323/323","|move|p1a: Venusaur|Synthesis|p1a: Venusaur","|-heal|p1a: Venusaur|298/363","|","|turn|14","|","|move|p2a: Terrakion|Earthquake|p1a: Venusaur","|-damage|p1a: Venusaur|210/363","|move|p1a: Venusaur|Giga Drain|p2a: Terrakion","|-supereffective|p2a: Terrakion","|-damage|p2a: Terrakion|105/323","|-heal|p1a: Venusaur|319/363|[from] drain|[of] p2a: Terrakion","|","|turn|15","|","|move|p2a: Terrakion|Earthquake|p1a: Venusaur","|-damage|p1a: Venusaur|230/363","|move|p1a: Venusaur|Giga Drain|p2a: Terrakion","|-supereffective|p2a: Terrakion","|-damage|p2a: Terrakion|0 fnt","|-heal|p1a: Venusaur|283/363|[from] drain|[of] p2a: Terrakion","|faint|p2a: Terrakion","|","|","|switch|p2a: Tyranitar|Tyranitar, M, shiny|341/341","|-weather|Sandstorm","|turn|16","|","|switch|p1a: Drapion|Drapion, M|157/343","|move|p2a: Tyranitar|Earthquake|p1a: Drapion","|-supereffective|p1a: Drapion","|-damage|p1a: Drapion|0 fnt","|faint|p1a: Drapion","|","|-weather|Sandstorm|[upkeep]","|","|switch|p1a: Gengar|Gengar, F|164/261","|turn|17","|","|switch|p2a: Cradily|Cradily, F, shiny|259/372","|move|p1a: Gengar|Substitute|p1a: Gengar","|-start|p1a: Gengar|Substitute","|-damage|p1a: Gengar|99/261","|","|-weather|Sandstorm|[upkeep]","|-damage|p1a: Gengar|83/261|[from] sandstorm","|turn|18","|","|move|p1a: Gengar|Pain Split|p2a: Cradily","|-sethp|p2a: Cradily|171/372|p1a: Gengar|171/261|[from] move: Pain Split","|move|p2a: Cradily|Recover|p2a: Cradily","|-heal|p2a: Cradily|357/372","|","|-weather|Sandstorm|[upkeep]","|-damage|p1a: Gengar|155/261|[from] sandstorm","|turn|19","|","|switch|p2a: Tyranitar|Tyranitar, M, shiny|341/341","|move|p1a: Gengar|Pain Split|p2a: Tyranitar","|-sethp|p2a: Tyranitar|248/341|p1a: Gengar|248/261|[from] move: Pain Split","|","|-weather|Sandstorm|[upkeep]","|-damage|p1a: Gengar|232/261|[from] sandstorm","|turn|20","|","|move|p2a: Tyranitar|Fire Blast|p1a: Gengar|[miss]","|-miss|p2a: Tyranitar|p1a: Gengar","|move|p1a: Gengar|Focus Blast|p2a: Tyranitar","|-supereffective|p2a: Tyranitar","|-damage|p2a: Tyranitar|0 fnt","|-damage|p1a: Gengar|206/261|[from] item: Life Orb","|faint|p2a: Tyranitar","|","|-weather|none","|","|switch|p2a: Omastar|Omastar, F|281/281","|turn|21","|","|move|p1a: Gengar|Shadow Ball|p2a: Omastar","|-damage|p2a: Omastar|3/281","|-damage|p1a: Gengar|180/261|[from] item: Life Orb","|move|p2a: Omastar|Hydro Pump|p1a: Gengar","|-end|p1a: Gengar|Substitute","|","|turn|22","|","|move|p1a: Gengar|Shadow Ball|p2a: Omastar","|-damage|p2a: Omastar|0 fnt","|-damage|p1a: Gengar|154/261|[from] item: Life Orb","|faint|p2a: Omastar","|","|","|switch|p2a: Cradily|Cradily, F, shiny|357/372","|turn|23","|","|move|p1a: Gengar|Focus Blast|p2a: Cradily","|-supereffective|p2a: Cradily","|-damage|p2a: Cradily|97/372","|-unboost|p2a: Cradily|spd|1","|-damage|p1a: Gengar|128/261|[from] item: Life Orb","|move|p2a: Cradily|Stockpile|p2a: Cradily","|-start|p2a: Cradily|stockpile1","|-boost|p2a: Cradily|def|1","|-boost|p2a: Cradily|spd|1","|","|turn|24","|","|move|p1a: Gengar|Shadow Ball|p2a: Cradily","|-damage|p2a: Cradily|0 fnt","|-damage|p1a: Gengar|102/261|[from] item: Life Orb","|faint|p2a: Cradily","|","|","|switch|p2a: Rhydon|Rhydon, F, shiny|413/413","|turn|25","|","|switch|p1a: Venusaur|Venusaur-Mega, M|283/363","|move|p2a: Rhydon|Stone Edge|p1a: Venusaur|[miss]","|-miss|p2a: Rhydon|p1a: Venusaur","|","|turn|26","|","|move|p1a: Venusaur|Giga Drain|p2a: Rhydon","|-supereffective|p2a: Rhydon","|-damage|p2a: Rhydon|49/413","|-heal|p1a: Venusaur|363/363|[from] drain|[of] p2a: Rhydon","|move|p2a: Rhydon|Avalanche|p1a: Venusaur","|-supereffective|p1a: Venusaur","|-damage|p1a: Venusaur|273/363","|","|turn|27","|","|move|p1a: Venusaur|Giga Drain|p2a: Rhydon","|-supereffective|p2a: Rhydon","|-damage|p2a: Rhydon|0 fnt","|-heal|p1a: Venusaur|298/363|[from] drain|[of] p2a: Rhydon","|faint|p2a: Rhydon","|","|win|Zukushiku"],"p1rating":{"entryid":"7076911","serverid":"eos","formatid":"monotype","userid":"zukushiku","username":"Zukushiku","w":44,"l":"19","t":"0","gxe":69.5,"r":"1652.1236009759","rd":"46.364519525513","sigma":"0","rptime":"1439370000","rpr":1656.13796774,"rprd":46.007989076932,"rpsigma":"0","acre":1332.2576544223,"lacre":1332.2576544223,"oldacre":"1324.9587964134"},"p2rating":{"entryid":"5846197","serverid":"eos","formatid":"monotype","userid":"crystlsabo","username":"Crystl Sabo","w":"64","l":60,"t":"0","gxe":51.7,"r":"1529.7163795416","rd":"39.002460683243","sigma":"0","rptime":"1439370000","rpr":1513.1954331405,"rprd":38.1843245009,"rpsigma":"0","acre":1057.2588687432,"lacre":1057.2588687432,"oldacre":"1064.4355946692"},"endType":"normal"}