{"seed":[3634,22004,16745,65472],"turns":22,"p1":"Crystl Sabo","p2":"Rain Sage","p1team":[{"name":"Cradily","species":"Cradily","item":"leftovers","ability":"Storm Drain","moves":["stockpile","recover","toxic","gigadrain"],"nature":"Calm","evs":{"hp":236,"atk":0,"def":0,"spa":40,"spd":232,"spe":0},"shiny":true,"ivs":{"hp":31,"atk":31,"def":31,"spa":31,"spd":31,"spe":31}},{"name":"Rhydon","species":"Rhydon","item":"eviolite","ability":"Rock Head","moves":["swordsdance","avalanche","stoneedge","firepunch"],"nature":"Relaxed","evs":{"hp":248,"atk":0,"def":8,"spa":0,"spd":252,"spe":0},"ivs":{"hp":31,"atk":31,"def":31,"spa":31,"spd":31,"spe":1},"shiny":true},{"name":"Tyranitar","species":"Tyranitar","item":"choicescarf","ability":"Sand Stream","moves":["stoneedge","icebeam","fireblast","earthquake"],"nature":"Naive","evs":{"hp":0,"atk":0,"def":0,"spa":252,"spd":0,"spe":252},"ivs":{"hp":31,"atk":30,"def":31,"spa":30,"spd":31,"spe":31},"shiny":true},{"name":"Aerodactyl","species":"Aerodactyl","item":"aerodactylite","ability":"Pressure","moves":["stoneedge","earthquake","aerialace","taunt"],"nature":"Jolly","evs":{"hp":0,"atk":252,"def":0,"spa":0,"spd":4,"spe":252},"ivs":{"hp":31,"atk":31,"def":31,"spa":31,"spd":31,"spe":31}},{"name":"Terrakion","species":"Terrakion","item":"choicescarf","ability":"Justified","moves":["earthquake","closecombat","stoneedge","poisonjab"],"nature":"Jolly","evs":{"hp":0,"atk":252,"def":0,"spa":0,"spd":4,"spe":252},"shiny":true,"ivs":{"hp":31,"atk":31,"def":31,"spa":31,"spd":31,"spe":31}},{"name":"Omastar","species":"Omastar","item":"focussash","ability":"Weak Armor","moves":["shellsmash","hydropump","icebeam","hiddenpowergrass"],"nature":"Rash","evs":{"hp":0,"atk":4,"def":0,"spa":252,"spd":0,"spe":252},"ivs":{"hp":31,"atk":30,"def":31,"spa":30,"spd":31,"spe":31}}],"p2team":[{"name":"King Ludi","species":"ludicolo","item":"leftovers","ability":"Swift Swim","moves":["teeterdance","scald","icebeam","gigadrain"],"nature":"Modest","evs":{"hp":0,"atk":0,"def":0,"spa":252,"spd":4,"spe":252},"shiny":true,"ivs":{"hp":31,"atk":31,"def":31,"spa":31,"spd":31,"spe":31}},{"name":"SS2 Azu","species":"azumarill","item":"sitrusberry","ability":"Huge Power","moves":["aquajet","playrough","bellydrum","knockoff"],"nature":"Adamant","evs":{"hp":252,"atk":252,"def":0,"spa":0,"spd":4,"spe":0},"shiny":true,"ivs":{"hp":31,"atk":31,"def":31,"spa":31,"spd":31,"spe":31}},{"name":"SwampGun","species":"swampert","item":"swampertite","ability":"Damp","moves":["superpower","waterfall","earthquake","icepunch"],"nature":"Adamant","evs":{"hp":248,"atk":252,"def":0,"spa":0,"spd":8,"spe":0},"ivs":{"hp":31,"atk":31,"def":31,"spa":31,"spd":31,"spe":31}},{"name":"Milo","species":"milotic","item":"leftovers","ability":"Competitive","moves":["scald","icebeam","raindance","toxic"],"nature":"Bold","evs":{"hp":252,"atk":0,"def":252,"spa":4,"spd":0,"spe":0},"shiny":true,"ivs":{"hp":31,"atk":31,"def":31,"spa":31,"spd":31,"spe":31}},{"name":"Poliie","species":"politoed","item":"widelens","ability":"Drizzle","moves":["icebeam","surf","hypnosis","perishsong"],"nature":"Modest","evs":{"hp":248,"atk":0,"def":0,"spa":252,"spd":8,"spe":0},"shiny":true,"ivs":{"hp":31,"atk":31,"def":31,"spa":31,"spd":31,"spe":31}},{"name":"Slowbro","species":"Slowbro","item":"assaultvest","ability":"Regenerator","moves":["futuresight","flamethrower","scald","focusblast"],"nature":"Modest","evs":{"hp":248,"atk":0,"def":0,"spa":252,"spd":8,"spe":0},"ivs":{"hp":31,"atk":31,"def":31,"spa":31,"spd":31,"spe":31}}],"log":["|player|p1|Crystl Sabo|crystlsabo.png","|player|p2|Rain Sage|154","|gametype|singles","|gen|6","|tier|Monotype","|rated","|rule|Baton Pass Clause: Limit one Baton Passer, can't pass Spe and other stats simultaneously","|rule|Swagger Clause: Swagger is banned","|rule|Same Type Clause: Pokémon in a team must share a type","|clearpoke","|poke|p1|Cradily, M, shiny","|poke|p1|Rhydon, M, shiny","|poke|p1|Tyranitar, F, shiny","|poke|p1|Aerodactyl, F","|poke|p1|Terrakion, shiny","|poke|p1|Omastar, F","|poke|p2|Ludicolo, M, shiny","|poke|p2|Azumarill, M, shiny","|poke|p2|Swampert, F","|poke|p2|Milotic, M, shiny","|poke|p2|Politoed, F, shiny","|poke|p2|Slowbro, F","|rule|Sleep Clause Mod: Limit one foe put to sleep","|rule|Species Clause: Limit one of each Pokémon","|rule|OHKO Clause: OHKO moves are banned","|rule|Moody Clause: Moody is banned","|rule|Evasion Moves Clause: Evasion moves are banned","|rule|Endless Battle Clause: Forcing endless battles is banned","|rule|HP Percentage Mod: HP is shown in percentages","|teampreview","|","|start","|switch|p1a: Omastar|Omastar, F|281/281","|switch|p2a: Poliie|Politoed, F, shiny|383/383","|-weather|RainDance","|turn|1","|","|switch|p1a: Tyranitar|Tyranitar, F, shiny|341/341","|-weather|Sandstorm","|move|p2a: Poliie|Hypnosis|p1a: Tyranitar|[miss]","|-miss|p2a: Poliie|p1a: Tyranitar","|","|-weather|Sandstorm|[upkeep]","|-damage|p2a: Poliie|360/383|[from] sandstorm","|turn|2","|","|move|p1a: Tyranitar|Stone Edge|p2a: Poliie","|-damage|p2a: Poliie|171/383","|move|p2a: Poliie|Surf|p1a: Tyranitar","|-supereffective|p1a: Tyranitar","|-damage|p1a: Tyranitar|141/341","|","|-weather|Sandstorm|[upkeep]","|-damage|p2a: Poliie|148/383|[from] sandstorm","|turn|3","|","|switch|p2a: SwampGun|Swampert, F|403/403","|move|p1a: Tyranitar|Stone Edge|p2a: SwampGun","|-resisted|p2a: SwampGun","|-damage|p2a: SwampGun|325/403","|","|-weather|Sandstorm|[upkeep]","|turn|4","|","|switch|p1a: Aerodactyl|Aerodactyl, F|301/301","|-ability|p1a: Aerodactyl|Pressure","|detailschange|p2a: SwampGun|Swampert-Mega, F","|-mega|p2a: SwampGun|Swampert|Swampertite","|move|p2a: SwampGun|Earthquake|p1a: Aerodactyl","|-immune|p1a: Aerodactyl|[msg]","|","|-weather|Sandstorm|[upkeep]","|turn|5","|","|switch|p2a: Milo|Milotic, M, shiny|394/394","|detailschange|p1a: Aerodactyl|Aerodactyl-Mega, F","|-mega|p1a: Aerodactyl|Aerodactyl|Aerodactylite","|move|p1a: Aerodactyl|Aerial Ace|p2a: Milo","|-damage|p2a: Milo|285/394","|","|-weather|none","|-heal|p2a: Milo|309/394|[from] item: Leftovers","|turn|6","|","|switch|p1a: Cradily|Cradily, M, shiny|372/372","|move|p2a: Milo|Scald|p1a: Cradily","|-boost|p1a: Cradily|spa|1|[from] ability: Storm Drain","|","|-heal|p2a: Milo|333/394|[from] item: Leftovers","|turn|7","|","|move|p2a: Milo|Toxic|p1a: Cradily","|-status|p1a: Cradily|tox","|move|p1a: Cradily|Stockpile|p1a: Cradily","|-start|p1a: Cradily|stockpile1","|-boost|p1a: Cradily|def|1","|-boost|p1a: Cradily|spd|1","|","|-heal|p2a: Milo|357/394|[from] item: Leftovers","|-damage|p1a: Cradily|349/372 tox|[from] psn","|turn|8","|","|switch|p2a: Poliie|Politoed, F, shiny|148/383","|-weather|RainDance","|move|p1a: Cradily|Giga Drain|p2a: Poliie","|-supereffective|p2a: Poliie","|-damage|p2a: Poliie|0 fnt","|-heal|p1a: Cradily|372/372 tox|[from] drain|[of] p2a: Poliie","|faint|p2a: Poliie","|","|-weather|RainDance|[upkeep]","|-damage|p1a: Cradily|326/372 tox|[from] psn","|","|switch|p2a: SS2 Azu|Azumarill, M, shiny|404/404","|turn|9","|","|move|p2a: SS2 Azu|Knock Off|p1a: Cradily","|-damage|p1a: Cradily|227/372 tox","|-enditem|p1a: Cradily|Leftovers|[from] move: Knock Off|[of] p2a: SS2 Azu","|move|p1a: Cradily|Toxic|p2a: SS2 Azu","|-status|p2a: SS2 Azu|tox","|","|-weather|RainDance|[upkeep]","|-damage|p2a: SS2 Azu|379/404 tox|[from] psn","|-damage|p1a: Cradily|158/372 tox|[from] psn","|turn|10","|","|move|p2a: SS2 Azu|Belly Drum|p2a: SS2 Azu","|-damage|p2a: SS2 Azu|177/404 tox","|-setboost|p2a: SS2 Azu|atk|6|[from] move: Belly Drum","|-enditem|p2a: SS2 Azu|Sitrus Berry|[eat]","|-heal|p2a: SS2 Azu|278/404 tox|[from] item: Sitrus Berry","|move|p1a: Cradily|Recover|p1a: Cradily","|-heal|p1a: Cradily|344/372 tox","|","|-weather|RainDance|[upkeep]","|-damage|p2a: SS2 Azu|228/404 tox|[from] psn","|-damage|p1a: Cradily|252/372 tox|[from] psn","|turn|11","|","|move|p2a: SS2 Azu|Knock Off|p1a: Cradily","|-damage|p1a: Cradily|0 fnt","|faint|p1a: Cradily","|","|-weather|RainDance|[upkeep]","|-damage|p2a: SS2 Azu|153/404 tox|[from] psn","|","|switch|p1a: Tyranitar|Tyranitar, F, shiny|141/341","|-weather|Sandstorm","|turn|12","|","|switch|p1a: Rhydon|Rhydon, M, shiny|413/413","|move|p2a: SS2 Azu|Aqua Jet|p1a: Rhydon","|-supereffective|p1a: Rhydon","|-damage|p1a: Rhydon|0 fnt","|faint|p1a: Rhydon","|","|-weather|Sandstorm|[upkeep]","|-damage|p2a: SS2 Azu|128/404 tox|[from] sandstorm","|-damage|p2a: SS2 Azu|28/404 tox|[from] psn","|","|switch|p1a: Omastar|Omastar, F|281/281","|turn|13","|","|move|p2a: SS2 Azu|Aqua Jet|p1a: Omastar","|-enditem|p1a: Omastar|Focus Sash","|-damage|p1a: Omastar|1/281","|-unboost|p1a: Omastar|def|1|[from] ability: Weak Armor","|-boost|p1a: Omastar|spe|1|[from] ability: Weak Armor","|move|p1a: Omastar|Shell Smash|p1a: Omastar","|-unboost|p1a: Omastar|def|1","|-unboost|p1a: Omastar|spd|1","|-boost|p1a: Omastar|atk|2","|-boost|p1a: Omastar|spa|2","|-boost|p1a: Omastar|spe|2","|","|-weather|Sandstorm|[upkeep]","|-damage|p2a: SS2 Azu|3/404 tox|[from] sandstorm","|-damage|p2a: SS2 Azu|0 fnt|[from] psn","|faint|p2a: SS2 Azu","|","|switch|p2a: King Ludi|Ludicolo, M, shiny|301/301","|turn|14","|","|move|p1a: Omastar|Hidden Power|p2a: King Ludi","|-damage|p2a: King Ludi|157/301","|move|p2a: King Ludi|Giga Drain|p1a: Omastar","|-supereffective|p1a: Omastar","|-damage|p1a: Omastar|0 fnt","|-heal|p2a: King Ludi|158/301|[from] drain|[of] p1a: Omastar","|faint|p1a: Omastar","|","|-weather|Sandstorm|[upkeep]","|-damage|p2a: King Ludi|140/301|[from] sandstorm","|-heal|p2a: King Ludi|158/301|[from] item: Leftovers","|","|switch|p1a: Aerodactyl|Aerodactyl-Mega, F|301/301","|turn|15","|","|switch|p2a: SwampGun|Swampert-Mega, F|325/403","|move|p1a: Aerodactyl|Aerial Ace|p2a: SwampGun","|-damage|p2a: SwampGun|181/403","|","|-weather|Sandstorm|[upkeep]","|turn|16","|","|switch|p1a: Tyranitar|Tyranitar, F, shiny|141/341","|move|p2a: SwampGun|Waterfall|p1a: Tyranitar","|-supereffective|p1a: Tyranitar","|-damage|p1a: Tyranitar|0 fnt","|faint|p1a: Tyranitar","|","|-weather|none","|","|switch|p1a: Terrakion|Terrakion, shiny|323/323","|turn|17","|","|switch|p2a: Slowbro|Slowbro, F|393/393","|move|p1a: Terrakion|Close Combat|p2a: Slowbro","|-resisted|p2a: Slowbro","|-damage|p2a: Slowbro|294/393","|-unboost|p1a: Terrakion|def|1","|-unboost|p1a: Terrakion|spd|1","|","|turn|18","|","|switch|p1a: Aerodactyl|Aerodactyl-Mega, F|301/301","|move|p2a: Slowbro|Scald|p1a: Aerodactyl","|-supereffective|p1a: Aerodactyl","|-damage|p1a: Aerodactyl|47/301","|","|turn|19","|","|move|p1a: Aerodactyl|Taunt|p2a: Slowbro","|-start|p2a: Slowbro|move: Taunt","|move|p2a: Slowbro|Scald|p1a: Aerodactyl","|-supereffective|p1a: Aerodactyl","|-damage|p1a: Aerodactyl|0 fnt","|faint|p1a: Aerodactyl","|","|","|switch|p1a: Terrakion|Terrakion, shiny|323/323","|turn|20","|","|move|p1a: Terrakion|Stone Edge|p2a: Slowbro","|-damage|p2a: Slowbro|129/393","|move|p2a: Slowbro|Future Sight|p1a: Terrakion","|-start|p2a: Slowbro|move: Future Sight","|","|turn|21","|","|switch|p2a: King Ludi|Ludicolo, M, shiny|158/301","|move|p1a: Terrakion|Stone Edge|p2a: King Ludi|[miss]","|-miss|p1a: Terrakion|p2a: King Ludi","|","|-heal|p2a: King Ludi|176/301|[from] item: Leftovers","|turn|22","|","|move|p1a: Terrakion|Stone Edge|p2a: King Ludi","|-damage|p2a: King Ludi|0 fnt","|faint|p2a: King Ludi","|","|-end|p1a: Terrakion|move: Future Sight","|-supereffective|p1a: Terrakion","|-damage|p1a: Terrakion|0 fnt","|faint|p1a: Terrakion","|","|win|Rain Sage"],"p1rating":{"entryid":"5846197","serverid":"eos","formatid":"monotype","userid":"crystlsabo","username":"Crystl Sabo","w":"64","l":58,"t":"0","gxe":52.8,"r":"1529.7163795416","rd":"39.002460683243","sigma":"0","rptime":"1439370000","rpr":1521.4720646344,"rprd":38.587444173035,"rpsigma":"0","acre":1087.3031878827,"lacre":1087.3031878827,"oldacre":"1120.6518593671"},"p2rating":{"entryid":"7583035","serverid":"eos","formatid":"monotype","userid":"rainsage","username":"Rain Sage","w":1,"l":"1","t":"0","gxe":52.1,"r":"1500","rd":"130","sigma":"0","rptime":"1439370000","rpr":1516.7448478691,"rprd":115.94655565509,"rpsigma":"0","acre":1053.3578743751,"lacre":1053.3578743751,"oldacre":"1000"},"endType":"normal"}