{"seed":[30889,55225,11709,64451],"turns":21,"p1":"Rain SageHerbs","p2":"I ONLY USE CARNIE","p1team":[{"name":"King Ludi","species":"ludicolo","item":"leftovers","ability":"Swift Swim","moves":["teeterdance","scald","icebeam","gigadrain"],"nature":"Modest","evs":{"hp":0,"atk":0,"def":0,"spa":252,"spd":4,"spe":252},"shiny":true,"ivs":{"hp":31,"atk":31,"def":31,"spa":31,"spd":31,"spe":31}},{"name":"SS2 Azu","species":"azumarill","item":"sitrusberry","ability":"Huge Power","moves":["aquajet","playrough","bellydrum","knockoff"],"nature":"Jolly","evs":{"hp":252,"atk":252,"def":0,"spa":0,"spd":4,"spe":0},"shiny":true,"ivs":{"hp":31,"atk":31,"def":31,"spa":31,"spd":31,"spe":31}},{"name":"SwampGun","species":"swampert","item":"swampertite","ability":"Damp","moves":["superpower","waterfall","earthquake","icepunch"],"nature":"Adamant","evs":{"hp":248,"atk":252,"def":0,"spa":0,"spd":8,"spe":0},"ivs":{"hp":31,"atk":31,"def":31,"spa":31,"spd":31,"spe":31}},{"name":"Milo","species":"milotic","item":"leftovers","ability":"Competitive","moves":["scald","icebeam","raindance","toxic"],"nature":"Bold","evs":{"hp":252,"atk":0,"def":252,"spa":4,"spd":0,"spe":0},"shiny":true,"ivs":{"hp":31,"atk":31,"def":31,"spa":31,"spd":31,"spe":31}},{"name":"Poliie","species":"politoed","item":"widelens","ability":"Drizzle","moves":["icebeam","surf","hypnosis","perishsong"],"nature":"Modest","evs":{"hp":248,"atk":0,"def":0,"spa":252,"spd":8,"spe":0},"shiny":true,"ivs":{"hp":31,"atk":31,"def":31,"spa":31,"spd":31,"spe":31}},{"name":"Gyarados","species":"Gyarados","item":"leftovers","ability":"Intimidate","moves":["dragondance","bounce","waterfall","substitute"],"nature":"Jolly","evs":{"hp":88,"atk":220,"def":4,"spa":0,"spd":0,"spe":196},"shiny":true,"ivs":{"hp":31,"atk":31,"def":31,"spa":31,"spd":31,"spe":31}}],"p2team":[{"name":"Ferrothorn","species":"Ferrothorn","item":"leftovers","ability":"Iron Barbs","moves":["stealthrock","leechseed","thunderwave","gyroball"],"nature":"Relaxed","evs":{"hp":252,"atk":4,"def":252,"spa":0,"spd":0,"spe":0},"ivs":{"hp":31,"atk":31,"def":31,"spa":31,"spd":31,"spe":0}},{"name":"Heatran","species":"Heatran","item":"leftovers","ability":"Flash Fire","moves":["protect","fireblast","earthpower","flashcannon"],"nature":"Modest","evs":{"hp":252,"atk":0,"def":0,"spa":252,"spd":4,"spe":0},"ivs":{"hp":31,"atk":31,"def":31,"spa":31,"spd":31,"spe":31}},{"name":"Empoleon","species":"Empoleon","item":"leftovers","ability":"Torrent","moves":["scald","toxic","roar","stealthrock"],"nature":"Calm","evs":{"hp":248,"atk":0,"def":8,"spa":0,"spd":252,"spe":0},"ivs":{"hp":31,"atk":31,"def":31,"spa":31,"spd":31,"spe":31}},{"name":"Scizor","species":"Scizor","item":"scizorite","ability":"Technician","moves":["swordsdance","bulletpunch","bugbite","roost"],"nature":"Careful","evs":{"hp":248,"atk":0,"def":8,"spa":0,"spd":252,"spe":0},"ivs":{"hp":31,"atk":31,"def":31,"spa":31,"spd":31,"spe":31}},{"name":"Lucario","species":"Lucario","item":"lifeorb","ability":"Steadfast","moves":["nastyplot","aurasphere","darkpulse","flashcannon"],"nature":"Timid","evs":{"hp":0,"atk":0,"def":0,"spa":252,"spd":4,"spe":252},"shiny":true,"ivs":{"hp":31,"atk":31,"def":31,"spa":31,"spd":31,"spe":31}},{"name":"Bisharp","species":"Bisharp","item":"lifeorb","ability":"Defiant","moves":["swordsdance","suckerpunch","psychocut","ironhead"],"nature":"Jolly","evs":{"hp":0,"atk":252,"def":0,"spa":0,"spd":4,"spe":252},"ivs":{"hp":31,"atk":31,"def":31,"spa":31,"spd":31,"spe":31}}],"log":["|player|p1|Rain SageHerbs|154","|player|p2|I ONLY USE CARNIE|146","|gametype|singles","|gen|6","|tier|Monotype","|rated","|rule|Baton Pass Clause: Limit one Baton Passer, can't pass Spe and other stats simultaneously","|rule|Swagger Clause: Swagger is banned","|rule|Same Type Clause: Pokémon in a team must share a type","|clearpoke","|poke|p1|Ludicolo, F, shiny","|poke|p1|Azumarill, M, shiny","|poke|p1|Swampert, M","|poke|p1|Milotic, F, shiny","|poke|p1|Politoed, M, shiny","|poke|p1|Gyarados, M, shiny","|poke|p2|Ferrothorn, M","|poke|p2|Heatran, F","|poke|p2|Empoleon, M","|poke|p2|Scizor, M","|poke|p2|Lucario, M, shiny","|poke|p2|Bisharp, M","|rule|Sleep Clause Mod: Limit one foe put to sleep","|rule|Species Clause: Limit one of each Pokémon","|rule|OHKO Clause: OHKO moves are banned","|rule|Moody Clause: Moody is banned","|rule|Evasion Moves Clause: Evasion moves are banned","|rule|Endless Battle Clause: Forcing endless battles is banned","|rule|HP Percentage Mod: HP is shown in percentages","|teampreview","|","|start","|switch|p1a: SwampGun|Swampert, M|403/403","|switch|p2a: Scizor|Scizor, M|343/343","|turn|1","|","|detailschange|p2a: Scizor|Scizor-Mega, M","|-mega|p2a: Scizor|Scizor|Scizorite","|detailschange|p1a: SwampGun|Swampert-Mega, M","|-mega|p1a: SwampGun|Swampert|Swampertite","|move|p2a: Scizor|Swords Dance|p2a: Scizor","|-boost|p2a: Scizor|atk|2","|move|p1a: SwampGun|Waterfall|p2a: Scizor","|-damage|p2a: Scizor|225/343","|","|turn|2","|","|switch|p1a: Poliie|Politoed, M, shiny|383/383","|-weather|RainDance","|move|p2a: Scizor|Bug Bite|p1a: Poliie","|-damage|p1a: Poliie|13/383","|","|-weather|RainDance|[upkeep]","|turn|3","|","|switch|p1a: SS2 Azu|Azumarill, M, shiny|404/404","|move|p2a: Scizor|Bullet Punch|p1a: SS2 Azu","|-damage|p1a: SS2 Azu|163/404","|-enditem|p1a: SS2 Azu|Sitrus Berry|[eat]","|-heal|p1a: SS2 Azu|264/404|[from] item: Sitrus Berry","|","|-weather|RainDance|[upkeep]","|turn|4","|","|move|p2a: Scizor|Bullet Punch|p1a: SS2 Azu","|-damage|p1a: SS2 Azu|14/404","|move|p1a: SS2 Azu|Aqua Jet|p2a: Scizor","|-damage|p2a: Scizor|135/343","|","|-weather|RainDance|[upkeep]","|turn|5","|","|move|p2a: Scizor|Bullet Punch|p1a: SS2 Azu","|-damage|p1a: SS2 Azu|0 fnt","|faint|p1a: SS2 Azu","|","|-weather|RainDance|[upkeep]","|","|switch|p1a: SwampGun|Swampert-Mega, M|403/403","|turn|6","|","|move|p1a: SwampGun|Waterfall|p2a: Scizor","|-damage|p2a: Scizor|0 fnt","|faint|p2a: Scizor","|","|-weather|none","|","|switch|p2a: Ferrothorn|Ferrothorn, M|352/352","|turn|7","|","|switch|p1a: Poliie|Politoed, M, shiny|13/383","|-weather|RainDance","|move|p2a: Ferrothorn|Stealth Rock|p1a: Poliie","|-sidestart|p1: Rain SageHerbs|move: Stealth Rock","|","|-weather|RainDance|[upkeep]","|turn|8","|","|move|p1a: Poliie|Hypnosis|p2a: Ferrothorn|[miss]","|-miss|p1a: Poliie|p2a: Ferrothorn","|move|p2a: Ferrothorn|Gyro Ball|p1a: Poliie","|-resisted|p1a: Poliie","|-damage|p1a: Poliie|0 fnt","|faint|p1a: Poliie","|","|-weather|RainDance|[upkeep]","|","|switch|p1a: King Ludi|Ludicolo, F, shiny|301/301","|-damage|p1a: King Ludi|264/301|[from] Stealth Rock","|turn|9","|","|move|p1a: King Ludi|Teeter Dance|p2a: Ferrothorn","|-start|p2a: Ferrothorn|confusion","|-activate|p2a: Ferrothorn|confusion","|-damage|p2a: Ferrothorn|334/352|[from] confusion","|","|-weather|RainDance|[upkeep]","|-heal|p1a: King Ludi|282/301|[from] item: Leftovers","|-heal|p2a: Ferrothorn|352/352|[from] item: Leftovers","|turn|10","|","|move|p1a: King Ludi|Scald|p2a: Ferrothorn","|-resisted|p2a: Ferrothorn","|-damage|p2a: Ferrothorn|268/352","|-status|p2a: Ferrothorn|brn","|-activate|p2a: Ferrothorn|confusion","|move|p2a: Ferrothorn|Thunder Wave|p1a: King Ludi","|-status|p1a: King Ludi|par","|","|-weather|RainDance|[upkeep]","|-heal|p1a: King Ludi|300/301 par|[from] item: Leftovers","|-heal|p2a: Ferrothorn|290/352 brn|[from] item: Leftovers","|-damage|p2a: Ferrothorn|246/352 brn|[from] brn","|turn|11","|","|move|p1a: King Ludi|Scald|p2a: Ferrothorn","|-resisted|p2a: Ferrothorn","|-damage|p2a: Ferrothorn|168/352 brn","|-activate|p2a: Ferrothorn|confusion","|-damage|p2a: Ferrothorn|158/352 brn|[from] confusion","|","|-weather|none","|-heal|p1a: King Ludi|301/301 par|[from] item: Leftovers","|-heal|p2a: Ferrothorn|180/352 brn|[from] item: Leftovers","|-damage|p2a: Ferrothorn|136/352 brn|[from] brn","|turn|12","|","|switch|p2a: Lucario|Lucario, M, shiny|281/281","|move|p1a: King Ludi|Scald|p2a: Lucario","|-damage|p2a: Lucario|127/281","|","|turn|13","|","|move|p2a: Lucario|Aura Sphere|p1a: King Ludi","|-damage|p1a: King Ludi|122/301 par","|-damage|p2a: Lucario|99/281|[from] item: Life Orb","|move|p1a: King Ludi|Scald|p2a: Lucario","|-crit|p2a: Lucario","|-damage|p2a: Lucario|0 fnt","|faint|p2a: Lucario","|","|-heal|p1a: King Ludi|140/301 par|[from] item: Leftovers","|","|switch|p2a: Bisharp|Bisharp, M|271/271","|turn|14","|","|switch|p1a: Milo|Milotic, F, shiny|394/394","|-damage|p1a: Milo|345/394|[from] Stealth Rock","|move|p2a: Bisharp|Sucker Punch|p1a: Milo","|-fail|p2a: Bisharp","|","|-heal|p1a: Milo|369/394|[from] item: Leftovers","|turn|15","|","|move|p2a: Bisharp|Swords Dance|p2a: Bisharp","|-boost|p2a: Bisharp|atk|2","|move|p1a: Milo|Rain Dance|p1a: Milo","|-weather|RainDance","|","|-weather|RainDance|[upkeep]","|-heal|p1a: Milo|393/394|[from] item: Leftovers","|turn|16","|","|move|p2a: Bisharp|Sucker Punch|p1a: Milo","|-damage|p1a: Milo|77/394","|-damage|p2a: Bisharp|244/271|[from] item: Life Orb","|move|p1a: Milo|Scald|p2a: Bisharp","|-damage|p2a: Bisharp|55/271","|-status|p2a: Bisharp|brn","|","|-weather|RainDance|[upkeep]","|-heal|p1a: Milo|101/394|[from] item: Leftovers","|-damage|p2a: Bisharp|22/271 brn|[from] brn","|turn|17","|","|move|p2a: Bisharp|Psycho Cut|p1a: Milo","|-damage|p1a: Milo|9/394","|-damage|p2a: Bisharp|0 fnt|[from] item: Life Orb","|faint|p2a: Bisharp","|move|p1a: Milo|Rain Dance|p1a: Milo","|-fail|p1a: Milo","|","|-weather|RainDance|[upkeep]","|-heal|p1a: Milo|33/394|[from] item: Leftovers","|","|switch|p2a: Empoleon|Empoleon, M|371/371","|turn|18","|","|move|p1a: Milo|Scald|p2a: Empoleon","|-resisted|p2a: Empoleon","|-damage|p2a: Empoleon|317/371","|move|p2a: Empoleon|Scald|p1a: Milo","|-resisted|p1a: Milo","|-damage|p1a: Milo|0 fnt","|faint|p1a: Milo","|","|-weather|RainDance|[upkeep]","|-heal|p2a: Empoleon|340/371|[from] item: Leftovers","|","|switch|p1a: SwampGun|Swampert-Mega, M|403/403","|-damage|p1a: SwampGun|378/403|[from] Stealth Rock","|turn|19","|","|move|p1a: SwampGun|Earthquake|p2a: Empoleon","|-supereffective|p2a: Empoleon","|-damage|p2a: Empoleon|0 fnt","|faint|p2a: Empoleon","|","|-weather|none","|","|switch|p2a: Ferrothorn|Ferrothorn, M|136/352 brn","|turn|20","|","|move|p1a: SwampGun|Superpower|p2a: Ferrothorn","|-supereffective|p2a: Ferrothorn","|-damage|p2a: Ferrothorn|0 fnt","|-damage|p1a: SwampGun|328/403|[from] ability: Iron Barbs|[of] p2a: Ferrothorn","|-unboost|p1a: SwampGun|atk|1","|-unboost|p1a: SwampGun|def|1","|faint|p2a: Ferrothorn","|","|","|switch|p2a: Heatran|Heatran, F|386/386","|turn|21","|","|move|p2a: Heatran|Earth Power|p1a: SwampGun","|-damage|p1a: SwampGun|216/403","|move|p1a: SwampGun|Earthquake|p2a: Heatran","|-supereffective|p2a: Heatran","|-damage|p2a: Heatran|0 fnt","|faint|p2a: Heatran","|","|win|Rain SageHerbs"],"p1rating":{"entryid":"7585786","serverid":"eos","formatid":"monotype","userid":"rainsageherbs","username":"Rain SageHerbs","w":4,"l":"3","t":"0","gxe":54.8,"r":"1500","rd":"130","sigma":"0","rptime":"1439370000","rpr":1537.3465860675,"rprd":94.798734132701,"rpsigma":"0","acre":1129.2367001805,"lacre":1129.2367001805,"oldacre":"1103.666496012"},"p2rating":{"entryid":"7563861","serverid":"eos","formatid":"monotype","userid":"ionlyusecarnie","username":"I ONLY USE CARNIE","w":"6","l":10,"t":"0","gxe":41.3,"r":"1442.9033451217","rd":"97.408908493831","sigma":"0","rptime":"1439370000","rpr":1432.0658732982,"rprd":74.956753591204,"rpsigma":"0","acre":1086.0220351565,"lacre":1086.0220351565,"oldacre":"1111.592239325"},"endType":"normal"}