{"seed":[25674,50662,57884,42953],"turns":24,"p1":"WitchOfCaldia","p2":"Carnie Marx","p1team":[{"name":"Froslass","species":"Froslass","item":"focussash","ability":"Cursed Body","moves":["icepunch","shadowball","destinybond","icebeam"],"nature":"Timid","evs":{"hp":0,"atk":0,"def":4,"spa":252,"spd":0,"spe":252},"ivs":{"hp":31,"atk":31,"def":31,"spa":31,"spd":31,"spe":31}},{"name":"Weavile","species":"Weavile","item":"lifeorb","ability":"Pressure","moves":["blizzard","knockoff","nightslash","shadowball"],"nature":"Jolly","evs":{"hp":0,"atk":252,"def":0,"spa":0,"spd":4,"spe":252},"ivs":{"hp":31,"atk":31,"def":31,"spa":31,"spd":31,"spe":31}},{"name":"Lapras","species":"Lapras","item":"assaultvest","ability":"Water Absorb","moves":["hydropump","freezedry","thunderbolt","iceshard"],"nature":"Mild","evs":{"hp":248,"atk":8,"def":0,"spa":252,"spd":0,"spe":0},"gender":"F","shiny":true,"ivs":{"hp":31,"atk":31,"def":31,"spa":31,"spd":31,"spe":31}},{"name":"Cloyster","species":"Cloyster","item":"focussash","ability":"Skill Link","moves":["shellsmash","iciclespear","rockblast","razorshell"],"nature":"Adamant","evs":{"hp":0,"atk":252,"def":0,"spa":0,"spd":4,"spe":252},"ivs":{"hp":31,"atk":31,"def":31,"spa":31,"spd":31,"spe":31}},{"name":"Abomasnow","species":"Abomasnow","item":"abomasite","ability":"Soundproof","moves":["blizzard","woodhammer","iceshard","earthquake"],"nature":"Mild","evs":{"hp":8,"atk":68,"def":0,"spa":252,"spd":0,"spe":180},"ivs":{"hp":31,"atk":31,"def":31,"spa":31,"spd":31,"spe":31}},{"name":"Mamoswine","species":"Mamoswine","item":"lifeorb","ability":"Thick Fat","moves":["iceshard","earthquake","iciclecrash","freezedry"],"nature":"Naive","evs":{"hp":0,"atk":244,"def":0,"spa":12,"spd":0,"spe":252},"ivs":{"hp":31,"atk":31,"def":31,"spa":31,"spd":31,"spe":31}}],"p2team":[{"name":"Sharpedo","species":"Sharpedo","item":"focussash","ability":"Speed Boost","moves":["crunch","waterfall","earthquake","destinybond"],"nature":"Adamant","evs":{"hp":0,"atk":252,"def":0,"spa":0,"spd":4,"spe":252},"ivs":{"hp":31,"atk":31,"def":31,"spa":31,"spd":31,"spe":31}},{"name":"Clawitzer","species":"Clawitzer","item":"choicespecs","ability":"Mega Launcher","moves":["dragonpulse","darkpulse","waterpulse","icebeam"],"nature":"Modest","evs":{"hp":248,"atk":0,"def":0,"spa":252,"spd":8,"spe":0},"ivs":{"hp":31,"atk":31,"def":31,"spa":31,"spd":31,"spe":31}},{"name":"Ludicolo","species":"Ludicolo","item":"choicespecs","ability":"Swift Swim","moves":["gigadrain","icebeam","surf","energyball"],"nature":"Modest","evs":{"hp":0,"atk":0,"def":0,"spa":252,"spd":4,"spe":252},"ivs":{"hp":31,"atk":31,"def":31,"spa":31,"spd":31,"spe":31}},{"name":"Quagsire","species":"Quagsire","item":"leftovers","ability":"Unaware","moves":["protect","icepunch","waterfall","toxic"],"nature":"Impish","evs":{"hp":252,"atk":4,"def":252,"spa":0,"spd":0,"spe":0},"ivs":{"hp":31,"atk":31,"def":31,"spa":31,"spd":31,"spe":31}},{"name":"Rotom-Wash","species":"Rotom-Wash","item":"leftovers","ability":"Levitate","moves":["discharge","willowisp","charge","painsplit"],"nature":"Calm","evs":{"hp":252,"atk":0,"def":0,"spa":4,"spd":252,"spe":0},"ivs":{"hp":31,"atk":31,"def":31,"spa":31,"spd":31,"spe":31}},{"name":"Politoed","species":"Politoed","item":"leftovers","ability":"Drizzle","moves":["scald","icebeam","psychic","toxic"],"nature":"Bold","evs":{"hp":252,"atk":0,"def":252,"spa":4,"spd":0,"spe":0},"ivs":{"hp":31,"atk":31,"def":31,"spa":31,"spd":31,"spe":31}}],"log":["|player|p1|WitchOfCaldia|260","|player|p2|Carnie Marx|238","|gametype|singles","|gen|6","|tier|Monotype","|rated","|rule|Baton Pass Clause: Limit one Baton Passer, can't pass Spe and other stats simultaneously","|rule|Swagger Clause: Swagger is banned","|rule|Same Type Clause: Pokémon in a team must share a type","|clearpoke","|poke|p1|Froslass, F","|poke|p1|Weavile, F","|poke|p1|Lapras, F, shiny","|poke|p1|Cloyster, F","|poke|p1|Abomasnow, F","|poke|p1|Mamoswine, M","|poke|p2|Sharpedo, M","|poke|p2|Clawitzer, M","|poke|p2|Ludicolo, F","|poke|p2|Quagsire, F","|poke|p2|Rotom-Wash","|poke|p2|Politoed, F","|rule|Sleep Clause Mod: Limit one foe put to sleep","|rule|Species Clause: Limit one of each Pokémon","|rule|OHKO Clause: OHKO moves are banned","|rule|Moody Clause: Moody is banned","|rule|Evasion Moves Clause: Evasion moves are banned","|rule|Endless Battle Clause: Forcing endless battles is banned","|rule|HP Percentage Mod: HP is shown in percentages","|teampreview","|","|start","|switch|p1a: Lapras|Lapras, F, shiny|463/463","|switch|p2a: Rotom-Wash|Rotom-Wash|304/304","|turn|1","|","|move|p2a: Rotom-Wash|Charge|p2a: Rotom-Wash","|-boost|p2a: Rotom-Wash|spd|1","|-activate|p2a: Rotom-Wash|move: Charge","|move|p1a: Lapras|Freeze-Dry|p2a: Rotom-Wash","|-supereffective|p2a: Rotom-Wash","|-damage|p2a: Rotom-Wash|208/304","|","|-heal|p2a: Rotom-Wash|227/304|[from] item: Leftovers","|turn|2","|","|move|p2a: Rotom-Wash|Discharge|p1a: Lapras","|-supereffective|p1a: Lapras","|-damage|p1a: Lapras|181/463","|-status|p1a: Lapras|par","|move|p1a: Lapras|Freeze-Dry|p2a: Rotom-Wash","|-supereffective|p2a: Rotom-Wash","|-damage|p2a: Rotom-Wash|135/304","|","|-heal|p2a: Rotom-Wash|154/304|[from] item: Leftovers","|turn|3","|","|move|p2a: Rotom-Wash|Discharge|p1a: Lapras","|-supereffective|p1a: Lapras","|-damage|p1a: Lapras|47/463 par","|move|p1a: Lapras|Freeze-Dry|p2a: Rotom-Wash","|-supereffective|p2a: Rotom-Wash","|-damage|p2a: Rotom-Wash|58/304","|","|-heal|p2a: Rotom-Wash|77/304|[from] item: Leftovers","|turn|4","|","|move|p2a: Rotom-Wash|Discharge|p1a: Lapras","|-supereffective|p1a: Lapras","|-damage|p1a: Lapras|0 fnt","|faint|p1a: Lapras","|","|-heal|p2a: Rotom-Wash|96/304|[from] item: Leftovers","|","|switch|p1a: Mamoswine|Mamoswine, M|361/361","|turn|5","|","|move|p1a: Mamoswine|Freeze-Dry|p2a: Rotom-Wash","|-supereffective|p2a: Rotom-Wash","|-damage|p2a: Rotom-Wash|23/304","|-damage|p1a: Mamoswine|325/361|[from] item: Life Orb","|move|p2a: Rotom-Wash|Will-O-Wisp|p1a: Mamoswine","|-status|p1a: Mamoswine|brn","|","|-heal|p2a: Rotom-Wash|42/304|[from] item: Leftovers","|-damage|p1a: Mamoswine|280/361 brn|[from] brn","|turn|6","|","|move|p1a: Mamoswine|Icicle Crash|p2a: Rotom-Wash","|-resisted|p2a: Rotom-Wash","|-damage|p2a: Rotom-Wash|0 fnt","|-damage|p1a: Mamoswine|244/361 brn|[from] item: Life Orb","|faint|p2a: Rotom-Wash","|","|-damage|p1a: Mamoswine|199/361 brn|[from] brn","|","|switch|p2a: Sharpedo|Sharpedo, M|281/281","|turn|7","|","|move|p2a: Sharpedo|Earthquake|p1a: Mamoswine","|-damage|p1a: Mamoswine|59/361 brn","|move|p1a: Mamoswine|Freeze-Dry|p2a: Sharpedo","|-supereffective|p2a: Sharpedo","|-enditem|p2a: Sharpedo|Focus Sash","|-damage|p2a: Sharpedo|1/281","|-damage|p1a: Mamoswine|23/361 brn|[from] item: Life Orb","|","|-damage|p1a: Mamoswine|0 fnt|[from] brn","|-boost|p2a: Sharpedo|spe|1|[from] ability: Speed Boost","|faint|p1a: Mamoswine","|","|switch|p1a: Weavile|Weavile, F|281/281","|-ability|p1a: Weavile|Pressure","|turn|8","|","|move|p2a: Sharpedo|Destiny Bond|p2a: Sharpedo","|-singlemove|p2a: Sharpedo|Destiny Bond","|move|p1a: Weavile|Knock Off|p2a: Sharpedo","|-crit|p2a: Sharpedo","|-resisted|p2a: Sharpedo","|-damage|p2a: Sharpedo|0 fnt","|-damage|p1a: Weavile|253/281|[from] item: Life Orb","|faint|p2a: Sharpedo","|-activate|p2a: Sharpedo|Destiny Bond","|faint|p1a: Weavile","|","|","|switch|p1a: Cloyster|Cloyster, F|241/241","|switch|p2a: Quagsire|Quagsire, F|394/394","|turn|9","|","|move|p1a: Cloyster|Shell Smash|p1a: Cloyster","|-unboost|p1a: Cloyster|def|1","|-unboost|p1a: Cloyster|spd|1","|-boost|p1a: Cloyster|atk|2","|-boost|p1a: Cloyster|spa|2","|-boost|p1a: Cloyster|spe|2","|move|p2a: Quagsire|Toxic|p1a: Cloyster","|-status|p1a: Cloyster|tox","|","|-damage|p1a: Cloyster|226/241 tox|[from] psn","|turn|10","|","|move|p2a: Quagsire|Protect|p2a: Quagsire","|-singleturn|p2a: Quagsire|Protect","|move|p1a: Cloyster|Icicle Spear|p2a: Quagsire","|-activate|p2a: Quagsire|Protect","|","|-damage|p1a: Cloyster|196/241 tox|[from] psn","|turn|11","|","|move|p1a: Cloyster|Icicle Spear|p2a: Quagsire","|-damage|p2a: Quagsire|360/394","|-damage|p2a: Quagsire|326/394","|-damage|p2a: Quagsire|293/394","|-damage|p2a: Quagsire|259/394","|-damage|p2a: Quagsire|226/394","|-hitcount|p2a: Quagsire|5","|move|p2a: Quagsire|Waterfall|p1a: Cloyster","|-crit|p1a: Cloyster","|-resisted|p1a: Cloyster","|-damage|p1a: Cloyster|159/241 tox","|","|-heal|p2a: Quagsire|250/394|[from] item: Leftovers","|-damage|p1a: Cloyster|114/241 tox|[from] psn","|turn|12","|","|move|p2a: Quagsire|Protect|p2a: Quagsire","|-singleturn|p2a: Quagsire|Protect","|move|p1a: Cloyster|Rock Blast|p2a: Quagsire","|-activate|p2a: Quagsire|Protect","|","|-heal|p2a: Quagsire|274/394|[from] item: Leftovers","|-damage|p1a: Cloyster|54/241 tox|[from] psn","|turn|13","|","|move|p1a: Cloyster|Rock Blast|p2a: Quagsire","|-resisted|p2a: Quagsire","|-damage|p2a: Quagsire|264/394","|-resisted|p2a: Quagsire","|-damage|p2a: Quagsire|253/394","|-resisted|p2a: Quagsire","|-damage|p2a: Quagsire|243/394","|-resisted|p2a: Quagsire","|-damage|p2a: Quagsire|232/394","|-resisted|p2a: Quagsire","|-damage|p2a: Quagsire|222/394","|-hitcount|p2a: Quagsire|5","|move|p2a: Quagsire|Waterfall|p1a: Cloyster","|-resisted|p1a: Cloyster","|-damage|p1a: Cloyster|29/241 tox","|","|-heal|p2a: Quagsire|246/394|[from] item: Leftovers","|-damage|p1a: Cloyster|0 fnt|[from] psn","|faint|p1a: Cloyster","|","|switch|p1a: Froslass|Froslass, F|281/281","|turn|14","|","|move|p2a: Quagsire|Protect|p2a: Quagsire","|-singleturn|p2a: Quagsire|Protect","|move|p1a: Froslass|Ice Beam|p2a: Quagsire","|-activate|p2a: Quagsire|Protect","|","|-heal|p2a: Quagsire|270/394|[from] item: Leftovers","|turn|15","|","|move|p1a: Froslass|Ice Beam|p2a: Quagsire","|-damage|p2a: Quagsire|104/394","|move|p2a: Quagsire|Toxic|p1a: Froslass","|-status|p1a: Froslass|tox","|","|-heal|p2a: Quagsire|128/394|[from] item: Leftovers","|-damage|p1a: Froslass|264/281 tox|[from] psn","|turn|16","|","|move|p2a: Quagsire|Protect|p2a: Quagsire","|-singleturn|p2a: Quagsire|Protect","|move|p1a: Froslass|Ice Beam|p2a: Quagsire","|-activate|p2a: Quagsire|Protect","|","|-heal|p2a: Quagsire|152/394|[from] item: Leftovers","|-damage|p1a: Froslass|230/281 tox|[from] psn","|turn|17","|","|move|p2a: Quagsire|Protect|p2a: Quagsire","|-singleturn|p2a: Quagsire|Protect","|move|p1a: Froslass|Ice Beam|p2a: Quagsire","|-activate|p2a: Quagsire|Protect","|","|-heal|p2a: Quagsire|176/394|[from] item: Leftovers","|-damage|p1a: Froslass|179/281 tox|[from] psn","|turn|18","|","|move|p1a: Froslass|Ice Beam|p2a: Quagsire","|-damage|p2a: Quagsire|2/394","|move|p2a: Quagsire|Waterfall|p1a: Froslass","|-damage|p1a: Froslass|61/281 tox","|","|-heal|p2a: Quagsire|26/394|[from] item: Leftovers","|-damage|p1a: Froslass|0 fnt|[from] psn","|faint|p1a: Froslass","|","|switch|p1a: Abomasnow|Abomasnow, F|323/323","|turn|19","|","|detailschange|p1a: Abomasnow|Abomasnow-Mega, F","|-mega|p1a: Abomasnow|Abomasnow|Abomasite","|-weather|Hail","|move|p2a: Quagsire|Protect|p2a: Quagsire","|-singleturn|p2a: Quagsire|Protect","|move|p1a: Abomasnow|Ice Shard|p2a: Quagsire","|-activate|p2a: Quagsire|Protect","|","|-weather|Hail|[upkeep]","|-damage|p2a: Quagsire|2/394|[from] hail","|-heal|p2a: Quagsire|26/394|[from] item: Leftovers","|turn|20","|","|move|p1a: Abomasnow|Blizzard|p2a: Quagsire","|-damage|p2a: Quagsire|0 fnt","|faint|p2a: Quagsire","|","|-weather|Hail|[upkeep]","|","|switch|p2a: Politoed|Politoed, F|384/384","|-weather|RainDance","|turn|21","|","|move|p2a: Politoed|Scald|p1a: Abomasnow","|-resisted|p1a: Abomasnow","|-damage|p1a: Abomasnow|258/323","|move|p1a: Abomasnow|Blizzard|p2a: Politoed","|-miss|p1a: Abomasnow|p2a: Politoed","|","|-weather|RainDance|[upkeep]","|turn|22","|","|move|p2a: Politoed|Toxic|p1a: Abomasnow","|-status|p1a: Abomasnow|tox","|move|p1a: Abomasnow|Blizzard|p2a: Politoed","|-resisted|p2a: Politoed","|-damage|p2a: Politoed|276/384","|-status|p2a: Politoed|frz","|","|-weather|RainDance|[upkeep]","|-heal|p2a: Politoed|300/384 frz|[from] item: Leftovers","|-damage|p1a: Abomasnow|238/323 tox|[from] psn","|turn|23","|","|-curestatus|p2a: Politoed|frz|[from] move: Scald","|move|p2a: Politoed|Scald|p1a: Abomasnow","|-resisted|p1a: Abomasnow","|-damage|p1a: Abomasnow|178/323 tox","|move|p1a: Abomasnow|Earthquake|p2a: Politoed","|-damage|p2a: Politoed|205/384","|","|-weather|RainDance|[upkeep]","|-heal|p2a: Politoed|229/384|[from] item: Leftovers","|-damage|p1a: Abomasnow|138/323 tox|[from] psn","|turn|24","|","|move|p2a: Politoed|Psychic|p1a: Abomasnow","|-damage|p1a: Abomasnow|78/323 tox","|move|p1a: Abomasnow|Wood Hammer|p2a: Politoed","|-supereffective|p2a: Politoed","|-damage|p2a: Politoed|0 fnt","|-damage|p1a: Abomasnow|2/323 tox|[from] recoil|[of] p2a: Politoed","|faint|p2a: Politoed","|","|-weather|RainDance|[upkeep]","|-damage|p1a: Abomasnow|0 fnt|[from] psn","|faint|p1a: Abomasnow","|","|win|Carnie Marx"],"p1rating":{"entryid":"7188337","serverid":"eos","formatid":"monotype","userid":"witchofcaldia","username":"WitchofCaldia","w":"35","l":62,"t":"0","gxe":37.1,"r":"1395.162940524","rd":"40.324409519714","sigma":"0","rptime":"1439370000","rpr":1400.2876519857,"rprd":39.465598349409,"rpsigma":"0","acre":1076.6298146132,"lacre":1076.6298146132,"oldacre":"1102.3070082152"},"p2rating":{"entryid":"5821777","serverid":"eos","formatid":"monotype","userid":"carniemarx","username":"Carnie Marx","w":74,"l":"104","t":"0","gxe":40.7,"r":"1421.6392266578","rd":"32.114064217705","sigma":"0","rptime":"1439370000","rpr":1429.104608049,"rprd":31.64712585936,"rpsigma":"0","acre":1119.6655089085,"lacre":1119.6655089085,"oldacre":"1092.893459156"},"endType":"normal"}