{"seed":[4070,58627,40849,60619],"turns":20,"p1":"IS Albtraum","p2":"TIL4-Emil","p1team":[{"name":"Endolith","species":"shuckle","item":"leftovers","ability":"Sturdy","moves":["stickyweb","stealthrock","toxic","infestation"],"nature":"Calm","evs":{"hp":252,"atk":0,"def":0,"spa":4,"spd":252,"spe":0},"ivs":{"hp":31,"atk":31,"def":31,"spa":31,"spd":31,"spe":31}},{"name":"Kratos","species":"scizor","item":"choiceband","ability":"Technician","moves":["bulletpunch","bugbite","superpower","knockoff"],"nature":"Adamant","evs":{"hp":248,"atk":252,"def":0,"spa":0,"spd":8,"spe":0},"gender":"M","ivs":{"hp":31,"atk":31,"def":31,"spa":31,"spd":31,"spe":31}},{"name":"DickPinch","species":"pinsir","item":"pinsirite","ability":"Moxie","moves":["return","quickattack","earthquake","xscissor"],"nature":"Jolly","evs":{"hp":4,"atk":252,"def":0,"spa":0,"spd":0,"spe":252},"gender":"M","shiny":true,"ivs":{"hp":31,"atk":31,"def":31,"spa":31,"spd":31,"spe":31}},{"name":"Genocide","species":"genesect","item":"choicescarf","ability":"Download","moves":["bugbuzz","icebeam","energyball","flashcannon"],"nature":"Timid","evs":{"hp":0,"atk":0,"def":0,"spa":252,"spd":4,"spe":252},"shiny":true,"ivs":{"hp":31,"atk":31,"def":31,"spa":31,"spd":31,"spe":31}},{"name":"Adamantite","species":"armaldo","item":"assaultvest","ability":"Battle Armor","moves":["rapidspin","rockblast","earthquake","aquajet"],"nature":"Adamant","evs":{"hp":248,"atk":252,"def":0,"spa":0,"spd":8,"spe":0},"gender":"M","ivs":{"hp":31,"atk":31,"def":31,"spa":31,"spd":31,"spe":31}},{"name":"Seraph","species":"volcarona","item":"leftovers","ability":"Flame Body","moves":["quiverdance","fierydance","gigadrain","hiddenpowerground"],"nature":"Modest","evs":{"hp":0,"atk":0,"def":0,"spa":252,"spd":4,"spe":252},"ivs":{"hp":31,"atk":31,"def":31,"spa":30,"spd":30,"spe":31}}],"p2team":[{"name":"Scizor","species":"Scizor","item":"occaberry","ability":"Technician","moves":["swordsdance","bulletpunch","defog","uturn"],"nature":"Adamant","evs":{"hp":252,"atk":252,"def":0,"spa":0,"spd":4,"spe":0},"ivs":{"hp":31,"atk":31,"def":31,"spa":31,"spd":31,"spe":31}},{"name":"Galvantula","species":"Galvantula","item":"focussash","ability":"Compound Eyes","moves":["bugbuzz","thunder","thunderwave","stickyweb"],"nature":"Timid","evs":{"hp":4,"atk":0,"def":0,"spa":252,"spd":0,"spe":252},"gender":"F","ivs":{"hp":31,"atk":30,"def":30,"spa":30,"spd":31,"spe":31},"shiny":true},{"name":"Escavalier","species":"Escavalier","item":"ejectbutton","ability":"Shell Armor","moves":["poisonjab","knockoff","drillrun","swordsdance"],"nature":"Impish","evs":{"hp":252,"atk":0,"def":76,"spa":0,"spd":180,"spe":0},"gender":"M","shiny":true,"ivs":{"hp":31,"atk":31,"def":31,"spa":31,"spd":31,"spe":31}},{"name":"Volca","species":"volcarona","item":"focussash","ability":"Flame Body","moves":["fierydance","hiddenpowerice","quiverdance","bugbuzz"],"nature":"Timid","evs":{"hp":4,"atk":0,"def":0,"spa":252,"spd":0,"spe":252},"gender":"F","ivs":{"hp":31,"atk":30,"def":30,"spa":31,"spd":31,"spe":31}},{"name":"Beedrill","species":"Beedrill","item":"beedrillite","ability":"Swarm","moves":["fellstinger","uturn","drillrun","protect"],"nature":"Jolly","evs":{"hp":4,"atk":252,"def":0,"spa":0,"spd":0,"spe":252},"ivs":{"hp":31,"atk":31,"def":31,"spa":31,"spd":31,"spe":31}},{"name":"Genesect","species":"Genesect","item":"focussash","ability":"Download","moves":["flamethrower","extremespeed","thunderbolt","icebeam"],"nature":"Hasty","evs":{"hp":4,"atk":0,"def":0,"spa":252,"spd":0,"spe":252},"shiny":true,"ivs":{"hp":31,"atk":31,"def":31,"spa":31,"spd":31,"spe":31}}],"log":["|player|p1|IS Albtraum|167","|player|p2|TIL4-Emil|1","|gametype|singles","|gen|6","|tier|Monotype","|rated","|rule|Baton Pass Clause: Limit one Baton Passer, can't pass Spe and other stats simultaneously","|rule|Swagger Clause: Swagger is banned","|rule|Same Type Clause: Pokémon in a team must share a type","|clearpoke","|poke|p1|Shuckle, M","|poke|p1|Scizor, M","|poke|p1|Pinsir, M, shiny","|poke|p1|Genesect-*, shiny","|poke|p1|Armaldo, M","|poke|p1|Volcarona, M","|poke|p2|Scizor, M","|poke|p2|Galvantula, F, shiny","|poke|p2|Escavalier, M, shiny","|poke|p2|Volcarona, F","|poke|p2|Beedrill, M","|poke|p2|Genesect-*, shiny","|rule|Sleep Clause Mod: Limit one foe put to sleep","|rule|Species Clause: Limit one of each Pokémon","|rule|OHKO Clause: OHKO moves are banned","|rule|Moody Clause: Moody is banned","|rule|Evasion Moves Clause: Evasion moves are banned","|rule|Endless Battle Clause: Forcing endless battles is banned","|rule|HP Percentage Mod: HP is shown in percentages","|teampreview","|","|start","|switch|p1a: Endolith|Shuckle, M|244/244","|switch|p2a: Beedrill|Beedrill, M|272/272","|turn|1","|","|detailschange|p2a: Beedrill|Beedrill-Mega, M","|-mega|p2a: Beedrill|Beedrill|Beedrillite","|move|p2a: Beedrill|Protect|p2a: Beedrill","|-singleturn|p2a: Beedrill|Protect","|move|p1a: Endolith|Sticky Web|p2a: Beedrill","|-sidestart|p2: TIL4-Emil|move: Sticky Web","|","|turn|2","|","|move|p2a: Beedrill|Drill Run|p1a: Endolith|[miss]","|-miss|p2a: Beedrill|p1a: Endolith","|move|p1a: Endolith|Stealth Rock|p2a: Beedrill","|-sidestart|p2: TIL4-Emil|move: Stealth Rock","|","|turn|3","|","|move|p2a: Beedrill|Drill Run|p1a: Endolith","|-damage|p1a: Endolith|195/244","|move|p1a: Endolith|Toxic|p2a: Beedrill","|-immune|p2a: Beedrill|[msg]","|","|-heal|p1a: Endolith|210/244|[from] item: Leftovers","|turn|4","|","|move|p2a: Beedrill|Drill Run|p1a: Endolith","|-damage|p1a: Endolith|160/244","|move|p1a: Endolith|Infestation|p2a: Beedrill","|-resisted|p2a: Beedrill","|-damage|p2a: Beedrill|269/272","|-activate|p2a: Beedrill|move: Infestation|[of] p1a: Endolith","|","|-heal|p1a: Endolith|175/244|[from] item: Leftovers","|-damage|p2a: Beedrill|235/272|[from] move: Infestation|[partiallytrapped]","|turn|5","|","|move|p2a: Beedrill|U-turn|p1a: Endolith","|-damage|p1a: Endolith|85/244","|","|switch|p2a: Escavalier|Escavalier, M, shiny|344/344","|-activate|p2a: Escavalier|move: Sticky Web","|-unboost|p2a: Escavalier|spe|1","|-damage|p2a: Escavalier|301/344|[from] Stealth Rock","|move|p1a: Endolith|Infestation|p2a: Escavalier","|-resisted|p2a: Escavalier","|-damage|p2a: Escavalier|298/344","|-activate|p2a: Escavalier|move: Infestation|[of] p1a: Endolith","|-enditem|p2a: Escavalier|Eject Button","|","|switch|p2a: Beedrill|Beedrill-Mega, M|235/272","|-damage|p2a: Beedrill|167/272|[from] Stealth Rock","|-activate|p2a: Beedrill|move: Sticky Web","|-unboost|p2a: Beedrill|spe|1","|","|-heal|p1a: Endolith|100/244|[from] item: Leftovers","|turn|6","|","|move|p2a: Beedrill|U-turn|p1a: Endolith","|-damage|p1a: Endolith|18/244","|","|switch|p2a: Scizor|Scizor, M|344/344","|-damage|p2a: Scizor|301/344|[from] Stealth Rock","|-activate|p2a: Scizor|move: Sticky Web","|-unboost|p2a: Scizor|spe|1","|move|p1a: Endolith|Infestation|p2a: Scizor","|-resisted|p2a: Scizor","|-damage|p2a: Scizor|298/344","|-activate|p2a: Scizor|move: Infestation|[of] p1a: Endolith","|","|-heal|p1a: Endolith|33/244|[from] item: Leftovers","|-damage|p2a: Scizor|255/344|[from] move: Infestation|[partiallytrapped]","|turn|7","|","|move|p2a: Scizor|U-turn|p1a: Endolith","|-damage|p1a: Endolith|0 fnt","|faint|p1a: Endolith","|","|switch|p2a: Beedrill|Beedrill-Mega, M|167/272","|-activate|p2a: Beedrill|move: Sticky Web","|-unboost|p2a: Beedrill|spe|1","|-damage|p2a: Beedrill|99/272|[from] Stealth Rock","|","|","|switch|p1a: DickPinch|Pinsir, M, shiny|272/272","|turn|8","|","|detailschange|p1a: DickPinch|Pinsir-Mega, M, shiny","|-mega|p1a: DickPinch|Pinsir|Pinsirite","|move|p1a: DickPinch|Quick Attack|p2a: Beedrill","|-supereffective|p2a: Beedrill","|-damage|p2a: Beedrill|0 fnt","|faint|p2a: Beedrill","|","|","|switch|p2a: Scizor|Scizor, M|255/344","|-damage|p2a: Scizor|212/344|[from] Stealth Rock","|-activate|p2a: Scizor|move: Sticky Web","|-unboost|p2a: Scizor|spe|1","|turn|9","|","|move|p1a: DickPinch|Earthquake|p2a: Scizor","|-damage|p2a: Scizor|65/344","|move|p2a: Scizor|Defog|p1a: DickPinch","|-unboost|p1a: DickPinch|evasion|1","|-sideend|p2: TIL4-Emil|Stealth Rock|[from] move: Defog|[of] p2a: Scizor","|-sideend|p2: TIL4-Emil|Sticky Web|[from] move: Defog|[of] p2a: Scizor","|","|turn|10","|","|move|p1a: DickPinch|Quick Attack|p2a: Scizor","|-damage|p2a: Scizor|0 fnt","|faint|p2a: Scizor","|","|","|switch|p2a: Escavalier|Escavalier, M, shiny|298/344","|turn|11","|","|move|p1a: DickPinch|Earthquake|p2a: Escavalier","|-damage|p2a: Escavalier|182/344","|move|p2a: Escavalier|Swords Dance|p2a: Escavalier","|-boost|p2a: Escavalier|atk|2","|","|turn|12","|","|move|p1a: DickPinch|Return|p2a: Escavalier","|-damage|p2a: Escavalier|0 fnt","|faint|p2a: Escavalier","|","|","|switch|p2a: Galvantula|Galvantula, F, shiny|282/282","|turn|13","|","|move|p2a: Galvantula|Thunder|p1a: DickPinch","|-supereffective|p1a: DickPinch","|-damage|p1a: DickPinch|0 fnt","|faint|p1a: DickPinch","|","|","|switch|p1a: Adamantite|Armaldo, M|353/353","|turn|14","|","|move|p2a: Galvantula|Sticky Web|p1a: Adamantite","|-sidestart|p1: IS Albtraum|move: Sticky Web","|move|p1a: Adamantite|Rock Blast|p2a: Galvantula","|-supereffective|p2a: Galvantula","|-damage|p2a: Galvantula|132/282","|-crit|p2a: Galvantula","|-supereffective|p2a: Galvantula","|-damage|p2a: Galvantula|0 fnt","|-hitcount|p2a: Galvantula|2","|faint|p2a: Galvantula","|","|","|switch|p2a: Genesect|Genesect, shiny|284/284","|-boost|p2a: Genesect|spa|1|[from] ability: Download","|turn|15","|","|move|p2a: Genesect|Flamethrower|p1a: Adamantite","|-damage|p1a: Adamantite|222/353","|move|p1a: Adamantite|Earthquake|p2a: Genesect","|-damage|p2a: Genesect|134/284","|","|turn|16","|","|move|p2a: Genesect|Flamethrower|p1a: Adamantite","|-damage|p1a: Adamantite|93/353","|move|p1a: Adamantite|Earthquake|p2a: Genesect","|-damage|p2a: Genesect|0 fnt","|faint|p2a: Genesect","|","|","|switch|p2a: Volca|Volcarona, F|312/312","|turn|17","|","|move|p1a: Adamantite|Aqua Jet|p2a: Volca","|-supereffective|p2a: Volca","|-damage|p2a: Volca|166/312","|-status|p1a: Adamantite|brn","|move|p2a: Volca|Fiery Dance|p1a: Adamantite","|-damage|p1a: Adamantite|0 fnt","|faint|p1a: Adamantite","|","|","|switch|p1a: Seraph|Volcarona, M|311/311","|-activate|p1a: Seraph|move: Sticky Web","|-unboost|p1a: Seraph|spe|1","|turn|18","|","|move|p2a: Volca|Quiver Dance|p2a: Volca","|-boost|p2a: Volca|spa|1","|-boost|p2a: Volca|spd|1","|-boost|p2a: Volca|spe|1","|move|p1a: Seraph|Hidden Power|p2a: Volca","|-damage|p2a: Volca|109/312","|","|turn|19","|","|move|p2a: Volca|Quiver Dance|p2a: Volca","|-boost|p2a: Volca|spa|1","|-boost|p2a: Volca|spd|1","|-boost|p2a: Volca|spe|1","|move|p1a: Seraph|Fiery Dance|p2a: Volca","|-damage|p2a: Volca|24/312","|-boost|p1a: Seraph|spa|1","|","|turn|20","|","|move|p2a: Volca|Fiery Dance|p1a: Seraph","|-damage|p1a: Seraph|50/311","|-boost|p2a: Volca|spa|1","|move|p1a: Seraph|Fiery Dance|p2a: Volca","|-damage|p2a: Volca|0 fnt","|-boost|p1a: Seraph|spa|1","|faint|p2a: Volca","|","|win|IS Albtraum"],"p1rating":{"entryid":"6709970","serverid":"eos","formatid":"monotype","userid":"isalbtraum","username":"IS Albtraum","w":5,"l":"0","t":"0","gxe":68.4,"r":"1624.6973484128","rd":113.03767848791,"sigma":"0","rptime":1439370000,"rpr":1652.2631934462,"rprd":107.76852052473,"rpsigma":"0","acre":1175.6102028637,"lacre":1175.6102028637,"oldacre":"1144.3494437744"},"p2rating":{"entryid":"6932576","serverid":"eos","formatid":"monotype","userid":"til4emil","username":"TIL4-Emil","w":"32","l":22,"t":"0","gxe":58.9,"r":"1566.4715531445","rd":"53.0091714894","sigma":"0","rptime":"1439370000","rpr":1568.2774111757,"rprd":51.903093878557,"rpsigma":"0","acre":1201.9876947094,"lacre":1201.9876947094,"oldacre":"1233.2484537987"},"endType":"normal"}