{"seed":[37427,53437,43872,51603],"turns":25,"p1":"Sage.13","p2":"Rain ☆ sidious","p1team":[{"name":"King Ludi","species":"ludicolo","item":"leftovers","ability":"Swift Swim","moves":["teeterdance","scald","icebeam","gigadrain"],"nature":"Modest","evs":{"hp":0,"atk":0,"def":0,"spa":252,"spd":4,"spe":252},"shiny":true,"ivs":{"hp":31,"atk":31,"def":31,"spa":31,"spd":31,"spe":31}},{"name":"SS2 Azu","species":"azumarill","item":"sitrusberry","ability":"Huge Power","moves":["aquajet","playrough","bellydrum","knockoff"],"nature":"Adamant","evs":{"hp":252,"atk":252,"def":0,"spa":0,"spd":4,"spe":0},"shiny":true,"ivs":{"hp":31,"atk":31,"def":31,"spa":31,"spd":31,"spe":31}},{"name":"SwampGun","species":"swampert","item":"swampertite","ability":"Damp","moves":["superpower","waterfall","earthquake","icepunch"],"nature":"Adamant","evs":{"hp":248,"atk":252,"def":0,"spa":0,"spd":8,"spe":0},"ivs":{"hp":31,"atk":31,"def":31,"spa":31,"spd":31,"spe":31}},{"name":"Milo","species":"milotic","item":"leftovers","ability":"Competitive","moves":["scald","icebeam","raindance","toxic"],"nature":"Bold","evs":{"hp":252,"atk":0,"def":252,"spa":4,"spd":0,"spe":0},"shiny":true,"ivs":{"hp":31,"atk":31,"def":31,"spa":31,"spd":31,"spe":31}},{"name":"Poliie","species":"politoed","item":"widelens","ability":"Drizzle","moves":["icebeam","surf","hypnosis","perishsong"],"nature":"Modest","evs":{"hp":248,"atk":0,"def":0,"spa":252,"spd":8,"spe":0},"shiny":true,"ivs":{"hp":31,"atk":31,"def":31,"spa":31,"spd":31,"spe":31}},{"name":"Slowbro","species":"Slowbro","item":"assaultvest","ability":"Regenerator","moves":["futuresight","flamethrower","scald","focusblast"],"nature":"Modest","evs":{"hp":248,"atk":0,"def":0,"spa":252,"spd":8,"spe":0},"ivs":{"hp":31,"atk":31,"def":31,"spa":31,"spd":31,"spe":31}}],"p2team":[{"name":"Cresselia","species":"Cresselia","item":"leftovers","ability":"Levitate","moves":["lunardance","thunderwave","psychic","magiccoat"],"nature":"Calm","evs":{"hp":132,"atk":0,"def":120,"spa":4,"spd":252,"spe":0},"shiny":true,"ivs":{"hp":31,"atk":31,"def":31,"spa":31,"spd":31,"spe":31}},{"name":"Victini","species":"Victini","item":"choicescarf","ability":"Victory Star","moves":["flareblitz","boltstrike","uturn","facade"],"nature":"Jolly","evs":{"hp":0,"atk":252,"def":0,"spa":0,"spd":4,"spe":252},"ivs":{"hp":31,"atk":31,"def":31,"spa":31,"spd":31,"spe":31}},{"name":"Starmie","species":"Starmie","item":"lifeorb","ability":"Analytic","moves":["rapidspin","psyshock","hydropump","icebeam"],"nature":"Timid","evs":{"hp":0,"atk":0,"def":0,"spa":252,"spd":4,"spe":252},"ivs":{"hp":31,"atk":31,"def":31,"spa":31,"spd":31,"spe":31}},{"name":"Gardevoir","species":"Gardevoir","item":"gardevoirite","ability":"Trace","moves":["hypervoice","psyshock","substitute","focusblast"],"nature":"Modest","evs":{"hp":0,"atk":0,"def":0,"spa":252,"spd":4,"spe":252},"ivs":{"hp":31,"atk":31,"def":31,"spa":31,"spd":31,"spe":31}},{"name":"Gallade","species":"Gallade","item":"assaultvest","ability":"Justified","moves":["drainpunch","earthquake","icepunch","firepunch"],"nature":"Jolly","evs":{"hp":0,"atk":252,"def":0,"spa":0,"spd":4,"spe":252},"ivs":{"hp":31,"atk":31,"def":31,"spa":31,"spd":31,"spe":31}},{"name":"Azelf","species":"Azelf","item":"lifeorb","ability":"Levitate","moves":["dazzlinggleam","fireblast","psyshock","nastyplot"],"nature":"Timid","evs":{"hp":0,"atk":0,"def":0,"spa":252,"spd":4,"spe":252},"ivs":{"hp":31,"atk":31,"def":31,"spa":31,"spd":31,"spe":31}}],"log":["|player|p1|Sage.13|154","|player|p2|Rain ☆ sidious|285","|gametype|singles","|gen|6","|tier|Monotype","|rated","|rule|Baton Pass Clause: Limit one Baton Passer, can't pass Spe and other stats simultaneously","|rule|Swagger Clause: Swagger is banned","|rule|Same Type Clause: Pokémon in a team must share a type","|clearpoke","|poke|p1|Ludicolo, M, shiny","|poke|p1|Azumarill, F, shiny","|poke|p1|Swampert, F","|poke|p1|Milotic, M, shiny","|poke|p1|Politoed, M, shiny","|poke|p1|Slowbro, F","|poke|p2|Cresselia, F, shiny","|poke|p2|Victini","|poke|p2|Starmie","|poke|p2|Gardevoir, F","|poke|p2|Gallade, M","|poke|p2|Azelf","|rule|Sleep Clause Mod: Limit one foe put to sleep","|rule|Species Clause: Limit one of each Pokémon","|rule|OHKO Clause: OHKO moves are banned","|rule|Moody Clause: Moody is banned","|rule|Evasion Moves Clause: Evasion moves are banned","|rule|Endless Battle Clause: Forcing endless battles is banned","|rule|HP Percentage Mod: HP is shown in percentages","|teampreview","|","|start","|switch|p1a: King Ludi|Ludicolo, M, shiny|301/301","|switch|p2a: Gardevoir|Gardevoir, F|277/277","|-ability|p2a: Gardevoir|Swift Swim|[from] ability: Trace|[of] p1a: King Ludi","|turn|1","|","|detailschange|p2a: Gardevoir|Gardevoir-Mega, F","|-mega|p2a: Gardevoir|Gardevoir|Gardevoirite","|move|p2a: Gardevoir|Hyper Voice|p1a: King Ludi","|-crit|p1a: King Ludi","|-damage|p1a: King Ludi|0 fnt","|faint|p1a: King Ludi","|","|","|switch|p1a: Slowbro|Slowbro, F|393/393","|turn|2","|","|move|p2a: Gardevoir|Hyper Voice|p1a: Slowbro","|-damage|p1a: Slowbro|180/393","|move|p1a: Slowbro|Scald|p2a: Gardevoir","|-damage|p2a: Gardevoir|172/277","|-status|p2a: Gardevoir|brn","|","|-damage|p2a: Gardevoir|138/277 brn|[from] brn","|turn|3","|","|switch|p1a: Poliie|Politoed, M, shiny|383/383","|-weather|RainDance","|move|p2a: Gardevoir|Hyper Voice|p1a: Poliie","|-damage|p1a: Poliie|92/383","|","|-weather|RainDance|[upkeep]","|-damage|p2a: Gardevoir|104/277 brn|[from] brn","|turn|4","|","|switch|p1a: Milo|Milotic, M, shiny|394/394","|move|p2a: Gardevoir|Hyper Voice|p1a: Milo","|-damage|p1a: Milo|160/394","|","|-weather|RainDance|[upkeep]","|-heal|p1a: Milo|184/394|[from] item: Leftovers","|-damage|p2a: Gardevoir|70/277 brn|[from] brn","|turn|5","|","|switch|p2a: Cresselia|Cresselia, F, shiny|414/414","|switch|p1a: Slowbro|Slowbro, F|311/393","|","|-weather|RainDance|[upkeep]","|turn|6","|","|move|p2a: Cresselia|Magic Coat|p2a: Cresselia","|-singleturn|p2a: Cresselia|move: Magic Coat","|move|p1a: Slowbro|Scald|p2a: Cresselia","|-damage|p2a: Cresselia|300/414","|","|-weather|RainDance|[upkeep]","|-heal|p2a: Cresselia|325/414|[from] item: Leftovers","|turn|7","|","|move|p2a: Cresselia|Thunder Wave|p1a: Slowbro","|-status|p1a: Slowbro|par","|move|p1a: Slowbro|Future Sight|p2a: Cresselia","|-start|p1a: Slowbro|move: Future Sight","|","|-weather|none","|-heal|p2a: Cresselia|350/414|[from] item: Leftovers","|turn|8","|","|switch|p1a: Poliie|Politoed, M, shiny|92/383","|-weather|RainDance","|move|p2a: Cresselia|Psychic|p1a: Poliie","|-damage|p1a: Poliie|7/383","|","|-weather|RainDance|[upkeep]","|-heal|p2a: Cresselia|375/414|[from] item: Leftovers","|turn|9","|","|switch|p1a: Milo|Milotic, M, shiny|184/394","|move|p2a: Cresselia|Psychic|p1a: Milo","|-damage|p1a: Milo|108/394","|","|-weather|RainDance|[upkeep]","|-end|p2a: Cresselia|move: Future Sight","|-resisted|p2a: Cresselia","|-damage|p2a: Cresselia|319/414","|-heal|p2a: Cresselia|344/414|[from] item: Leftovers","|-heal|p1a: Milo|132/394|[from] item: Leftovers","|turn|10","|","|move|p2a: Cresselia|Psychic|p1a: Milo","|-damage|p1a: Milo|68/394","|move|p1a: Milo|Toxic|p2a: Cresselia","|-status|p2a: Cresselia|tox","|","|-weather|RainDance|[upkeep]","|-heal|p2a: Cresselia|369/414 tox|[from] item: Leftovers","|-heal|p1a: Milo|92/394|[from] item: Leftovers","|-damage|p2a: Cresselia|344/414 tox|[from] psn","|turn|11","|","|move|p2a: Cresselia|Lunar Dance|p2a: Cresselia","|faint|p2a: Cresselia","|move|p1a: Milo|Scald|p2: Cresselia|[notarget]","|-notarget","|","|-weather|RainDance|[upkeep]","|-heal|p1a: Milo|116/394|[from] item: Leftovers","|","|switch|p2a: Gardevoir|Gardevoir-Mega, F|70/277 brn","|-heal|p2a: Gardevoir|277/277|[from] move: Lunar Dance","|turn|12","|","|switch|p1a: Slowbro|Slowbro, F|393/393 par","|move|p2a: Gardevoir|Hyper Voice|p1a: Slowbro","|-damage|p1a: Slowbro|174/393 par","|","|-weather|none","|turn|13","|","|switch|p1a: Poliie|Politoed, M, shiny|7/383","|-weather|RainDance","|move|p2a: Gardevoir|Hyper Voice|p1a: Poliie","|-damage|p1a: Poliie|0 fnt","|faint|p1a: Poliie","|","|-weather|RainDance|[upkeep]","|","|switch|p1a: SwampGun|Swampert, F|403/403","|turn|14","|","|detailschange|p1a: SwampGun|Swampert-Mega, F","|-mega|p1a: SwampGun|Swampert|Swampertite","|move|p2a: Gardevoir|Substitute|p2a: Gardevoir","|-start|p2a: Gardevoir|Substitute","|-damage|p2a: Gardevoir|208/277","|move|p1a: SwampGun|Waterfall|p2a: Gardevoir","|-end|p2a: Gardevoir|Substitute","|","|-weather|RainDance|[upkeep]","|turn|15","|","|move|p1a: SwampGun|Earthquake|p2a: Gardevoir","|-damage|p2a: Gardevoir|0 fnt","|faint|p2a: Gardevoir","|","|-weather|RainDance|[upkeep]","|","|switch|p2a: Starmie|Starmie|261/261","|turn|16","|","|switch|p1a: Slowbro|Slowbro, F|305/393 par","|move|p2a: Starmie|Hydro Pump|p1a: Slowbro|[miss]","|-miss|p2a: Starmie|p1a: Slowbro","|","|-weather|RainDance|[upkeep]","|turn|17","|","|move|p2a: Starmie|Hydro Pump|p1a: Slowbro","|-resisted|p1a: Slowbro","|-damage|p1a: Slowbro|188/393 par","|-damage|p2a: Starmie|235/261|[from] item: Life Orb","|cant|p1a: Slowbro|par","|","|-weather|none","|turn|18","|","|switch|p2a: Azelf|Azelf|291/291","|move|p1a: Slowbro|Future Sight|p2a: Azelf","|-start|p1a: Slowbro|move: Future Sight","|","|turn|19","|","|switch|p1a: SS2 Azu|Azumarill, F, shiny|404/404","|move|p2a: Azelf|Nasty Plot|p2a: Azelf","|-boost|p2a: Azelf|spa|2","|","|turn|20","|","|move|p2a: Azelf|Psyshock|p1a: SS2 Azu","|-damage|p1a: SS2 Azu|0 fnt","|-damage|p2a: Azelf|262/291|[from] item: Life Orb","|faint|p1a: SS2 Azu","|","|-end|p2a: Azelf|move: Future Sight","|-resisted|p2a: Azelf","|-damage|p2a: Azelf|139/291","|","|switch|p1a: SwampGun|Swampert-Mega, F|403/403","|turn|21","|","|move|p2a: Azelf|Psyshock|p1a: SwampGun","|-damage|p1a: SwampGun|94/403","|-damage|p2a: Azelf|110/291|[from] item: Life Orb","|move|p1a: SwampGun|Earthquake|p2a: Azelf","|-immune|p2a: Azelf|[msg]","|","|turn|22","|","|move|p2a: Azelf|Psyshock|p1a: SwampGun","|-damage|p1a: SwampGun|0 fnt","|-damage|p2a: Azelf|81/291|[from] item: Life Orb","|faint|p1a: SwampGun","|","|","|switch|p1a: Milo|Milotic, M, shiny|116/394","|turn|23","|","|move|p2a: Azelf|Psyshock|p1a: Milo","|-damage|p1a: Milo|0 fnt","|-damage|p2a: Azelf|52/291|[from] item: Life Orb","|faint|p1a: Milo","|","|","|switch|p1a: Slowbro|Slowbro, F|319/393 par","|turn|24","|","|move|p2a: Azelf|Psyshock|p1a: Slowbro","|-resisted|p1a: Slowbro","|-damage|p1a: Slowbro|149/393 par","|-damage|p2a: Azelf|23/291|[from] item: Life Orb","|cant|p1a: Slowbro|par","|","|turn|25","|","|move|p2a: Azelf|Psyshock|p1a: Slowbro","|-resisted|p1a: Slowbro","|-damage|p1a: Slowbro|0 fnt","|-damage|p2a: Azelf|0 fnt|[from] item: Life Orb","|faint|p1a: Slowbro","|faint|p2a: Azelf","|","|win|Rain ☆ sidious"],"p1rating":{"entryid":"7365108","serverid":"eos","formatid":"monotype","userid":"sage13","username":"Sage.13","w":"22","l":27,"t":"0","gxe":43.7,"r":1459.1181120356,"rd":50.83725380035,"sigma":"0","rptime":1439370000,"rpr":1451.944626603,"rprd":50.310962308543,"rpsigma":"0","acre":1036.0992898351,"lacre":1036.0992898351,"oldacre":"1052.9966770745"},"p2rating":{"entryid":"6395890","serverid":"eos","formatid":"monotype","userid":"rainsidious","username":"Rain ☆ sidious","w":51,"l":"66","t":"0","gxe":45,"r":"1461.4125486051","rd":"42.245722569773","sigma":"0","rptime":"1439370000","rpr":1462.1941384604,"rprd":41.68850221638,"rpsigma":"0","acre":1100.6779208469,"lacre":1100.6779208469,"oldacre":"1073.3850681263"},"endType":"normal"}