{"seed":[42901,2424,3378,57494],"turns":25,"p1":"Gen3rox","p2":"Rain ☆ sidious","p1team":[{"name":"Galavant","species":"galvantula","item":"focussash","ability":"Compound Eyes","moves":["stickyweb","thunder","bugbuzz","gigadrain"],"nature":"Timid","evs":{"hp":0,"atk":0,"def":0,"spa":252,"spd":4,"spe":252},"ivs":{"hp":31,"atk":31,"def":31,"spa":31,"spd":31,"spe":31}},{"name":"Don't Run With Me","species":"scizor","item":"choiceband","ability":"Technician","moves":["aerialace","bulletpunch","bugbite","pursuit"],"nature":"Adamant","evs":{"hp":248,"atk":252,"def":0,"spa":0,"spd":8,"spe":0},"ivs":{"hp":31,"atk":31,"def":31,"spa":31,"spd":31,"spe":31}},{"name":"Richard","species":"genesect","item":"choicescarf","ability":"Download","moves":["bugbuzz","flamethrower","icebeam","flashcannon"],"nature":"Timid","evs":{"hp":0,"atk":0,"def":0,"spa":252,"spd":4,"spe":252},"ivs":{"hp":31,"atk":31,"def":31,"spa":31,"spd":31,"spe":31}},{"name":"Sonny","species":"volcarona","item":"focussash","ability":"Flame Body","moves":["quiverdance","bugbuzz","fierydance","roost"],"nature":"Bold","evs":{"hp":248,"atk":0,"def":208,"spa":0,"spd":0,"spe":52},"ivs":{"hp":31,"atk":31,"def":31,"spa":31,"spd":31,"spe":31}},{"name":"Ventress","species":"forretress","item":"redcard","ability":"Sturdy","moves":["stealthrock","toxicspikes","rapidspin","voltswitch"],"nature":"Bold","evs":{"hp":248,"atk":0,"def":252,"spa":0,"spd":8,"spe":0},"ivs":{"hp":31,"atk":31,"def":31,"spa":31,"spd":31,"spe":31}},{"name":"Pinsir","species":"Pinsir","item":"pinsirite","ability":"Mold Breaker","moves":["swordsdance","earthquake","return","quickattack"],"nature":"Adamant","evs":{"hp":248,"atk":252,"def":0,"spa":0,"spd":0,"spe":8},"ivs":{"hp":31,"atk":31,"def":31,"spa":31,"spd":31,"spe":31}}],"p2team":[{"name":"Cresselia","species":"Cresselia","item":"leftovers","ability":"Levitate","moves":["lunardance","thunderwave","psychic","magiccoat"],"nature":"Calm","evs":{"hp":132,"atk":0,"def":120,"spa":4,"spd":252,"spe":0},"shiny":true,"ivs":{"hp":31,"atk":31,"def":31,"spa":31,"spd":31,"spe":31}},{"name":"Victini","species":"Victini","item":"choicescarf","ability":"Victory Star","moves":["flareblitz","boltstrike","uturn","facade"],"nature":"Jolly","evs":{"hp":0,"atk":252,"def":0,"spa":0,"spd":4,"spe":252},"ivs":{"hp":31,"atk":31,"def":31,"spa":31,"spd":31,"spe":31}},{"name":"Jynx","species":"Jynx","item":"choicescarf","ability":"Dry Skin","moves":["icebeam","shadowball","psychic","focusblast"],"nature":"Timid","evs":{"hp":0,"atk":0,"def":0,"spa":252,"spd":4,"spe":252},"shiny":true,"ivs":{"hp":31,"atk":31,"def":31,"spa":31,"spd":31,"spe":31}},{"name":"Starmie","species":"Starmie","item":"lifeorb","ability":"Analytic","moves":["rapidspin","psyshock","hydropump","icebeam"],"nature":"Timid","evs":{"hp":0,"atk":0,"def":0,"spa":252,"spd":4,"spe":252},"ivs":{"hp":31,"atk":31,"def":31,"spa":31,"spd":31,"spe":31}},{"name":"Gardevoir","species":"Gardevoir","item":"gardevoirite","ability":"Trace","moves":["hypervoice","psyshock","substitute","focusblast"],"nature":"Modest","evs":{"hp":0,"atk":0,"def":0,"spa":252,"spd":4,"spe":252},"ivs":{"hp":31,"atk":31,"def":31,"spa":31,"spd":31,"spe":31}},{"name":"Gallade","species":"Gallade","item":"assaultvest","ability":"Justified","moves":["drainpunch","earthquake","icepunch","firepunch"],"nature":"Jolly","evs":{"hp":0,"atk":252,"def":0,"spa":0,"spd":4,"spe":252},"ivs":{"hp":31,"atk":31,"def":31,"spa":31,"spd":31,"spe":31}}],"log":["|player|p1|Gen3rox|290","|player|p2|Rain ☆ sidious|285","|gametype|singles","|gen|6","|tier|Monotype","|rated","|rule|Baton Pass Clause: Limit one Baton Passer, can't pass Spe and other stats simultaneously","|rule|Swagger Clause: Swagger is banned","|rule|Same Type Clause: Pokémon in a team must share a type","|clearpoke","|poke|p1|Galvantula, F","|poke|p1|Scizor, F","|poke|p1|Genesect-*","|poke|p1|Volcarona, M","|poke|p1|Forretress, M","|poke|p1|Pinsir, F","|poke|p2|Cresselia, F, shiny","|poke|p2|Victini","|poke|p2|Jynx, F, shiny","|poke|p2|Starmie","|poke|p2|Gardevoir, M","|poke|p2|Gallade, M","|rule|Sleep Clause Mod: Limit one foe put to sleep","|rule|Species Clause: Limit one of each Pokémon","|rule|OHKO Clause: OHKO moves are banned","|rule|Moody Clause: Moody is banned","|rule|Evasion Moves Clause: Evasion moves are banned","|rule|Endless Battle Clause: Forcing endless battles is banned","|rule|HP Percentage Mod: HP is shown in percentages","|teampreview","|","|start","|switch|p1a: Galavant|Galvantula, F|281/281","|switch|p2a: Gallade|Gallade, M|277/277","|turn|1","|","|move|p1a: Galavant|Sticky Web|p2a: Gallade","|-sidestart|p2: Rain ☆ sidious|move: Sticky Web","|move|p2a: Gallade|Fire Punch|p1a: Galavant","|-supereffective|p1a: Galavant","|-damage|p1a: Galavant|37/281","|","|turn|2","|","|move|p1a: Galavant|Thunder|p2a: Gallade","|-damage|p2a: Gallade|184/277","|move|p2a: Gallade|Fire Punch|p1a: Galavant","|-supereffective|p1a: Galavant","|-damage|p1a: Galavant|0 fnt","|faint|p1a: Galavant","|","|","|switch|p1a: Ventress|Forretress, M|353/353","|turn|3","|","|move|p2a: Gallade|Fire Punch|p1a: Ventress","|-supereffective|p1a: Ventress","|-damage|p1a: Ventress|149/353","|-enditem|p1a: Ventress|Red Card|[of] p2a: Gallade","|drag|p2a: Cresselia|Cresselia, F, shiny|414/414","|move|p1a: Ventress|Stealth Rock|p2a: Cresselia","|-sidestart|p2: Rain ☆ sidious|move: Stealth Rock","|","|turn|4","|","|move|p2a: Cresselia|Thunder Wave|p1a: Ventress","|-status|p1a: Ventress|par","|move|p1a: Ventress|Toxic Spikes|p2a: Cresselia","|-sidestart|p2: Rain ☆ sidious|move: Toxic Spikes","|","|turn|5","|","|switch|p2a: Starmie|Starmie|261/261","|-status|p2a: Starmie|psn","|-damage|p2a: Starmie|229/261 psn|[from] Stealth Rock","|-activate|p2a: Starmie|move: Sticky Web","|-unboost|p2a: Starmie|spe|1","|move|p1a: Ventress|Toxic Spikes|p2a: Starmie","|-sidestart|p2: Rain ☆ sidious|move: Toxic Spikes","|","|-damage|p2a: Starmie|197/261 psn|[from] psn","|turn|6","|","|move|p2a: Starmie|Rapid Spin|p1a: Ventress","|-resisted|p1a: Ventress","|-damage|p1a: Ventress|145/353 par","|-sideend|p2: Rain ☆ sidious|Toxic Spikes|[from] move: Rapid Spin|[of] p2a: Starmie","|-sideend|p2: Rain ☆ sidious|Stealth Rock|[from] move: Rapid Spin|[of] p2a: Starmie","|-sideend|p2: Rain ☆ sidious|Sticky Web|[from] move: Rapid Spin|[of] p2a: Starmie","|-damage|p2a: Starmie|171/261 psn|[from] item: Life Orb","|move|p1a: Ventress|Stealth Rock|p2a: Starmie","|-sidestart|p2: Rain ☆ sidious|move: Stealth Rock","|","|-damage|p2a: Starmie|139/261 psn|[from] psn","|turn|7","|","|move|p2a: Starmie|Hydro Pump|p1a: Ventress","|-damage|p1a: Ventress|0 fnt","|-damage|p2a: Starmie|113/261 psn|[from] item: Life Orb","|faint|p1a: Ventress","|","|-damage|p2a: Starmie|81/261 psn|[from] psn","|","|switch|p1a: Richard|Genesect|283/283","|-boost|p1a: Richard|atk|1|[from] ability: Download","|turn|8","|","|move|p1a: Richard|Bug Buzz|p2a: Starmie","|-supereffective|p2a: Starmie","|-damage|p2a: Starmie|0 fnt","|faint|p2a: Starmie","|","|","|switch|p2a: Cresselia|Cresselia, F, shiny|414/414","|-damage|p2a: Cresselia|363/414|[from] Stealth Rock","|turn|9","|","|switch|p1a: Don't Run With Me|Scizor, F|343/343","|move|p2a: Cresselia|Thunder Wave|p1a: Don't Run With Me","|-status|p1a: Don't Run With Me|par","|","|-heal|p2a: Cresselia|388/414|[from] item: Leftovers","|turn|10","|","|switch|p2a: Gallade|Gallade, M|184/277","|-damage|p2a: Gallade|167/277|[from] Stealth Rock","|move|p1a: Don't Run With Me|Bug Bite|p2a: Gallade","|-crit|p2a: Gallade","|-damage|p2a: Gallade|0 fnt","|faint|p2a: Gallade","|","|","|switch|p2a: Victini|Victini|341/341","|-damage|p2a: Victini|256/341|[from] Stealth Rock","|turn|11","|","|switch|p1a: Sonny|Volcarona, M|373/373","|move|p2a: Victini|Flare Blitz|p1a: Sonny","|-damage|p1a: Sonny|181/373","|-damage|p2a: Victini|193/341|[from] recoil|[of] p1a: Sonny","|","|turn|12","|","|move|p2a: Victini|Flare Blitz|p1a: Sonny","|-damage|p1a: Sonny|19/373","|-damage|p2a: Victini|140/341|[from] recoil|[of] p1a: Sonny","|move|p1a: Sonny|Roost|p1a: Sonny","|-heal|p1a: Sonny|206/373","|","|turn|13","|","|move|p2a: Victini|Flare Blitz|p1a: Sonny","|-damage|p1a: Sonny|28/373","|-damage|p2a: Victini|81/341|[from] recoil|[of] p1a: Sonny","|move|p1a: Sonny|Roost|p1a: Sonny","|-heal|p1a: Sonny|215/373","|","|turn|14","|","|switch|p2a: Cresselia|Cresselia, F, shiny|388/414","|-damage|p2a: Cresselia|337/414|[from] Stealth Rock","|move|p1a: Sonny|Roost|p1a: Sonny","|-heal|p1a: Sonny|373/373","|","|-heal|p2a: Cresselia|362/414|[from] item: Leftovers","|turn|15","|","|switch|p1a: Don't Run With Me|Scizor, F|343/343 par","|move|p2a: Cresselia|Thunder Wave|p1a: Don't Run With Me","|-fail|p1a: Don't Run With Me|par","|","|-heal|p2a: Cresselia|387/414|[from] item: Leftovers","|turn|16","|","|move|p2a: Cresselia|Lunar Dance|p2a: Cresselia","|faint|p2a: Cresselia","|cant|p1a: Don't Run With Me|par","|","|","|switch|p2a: Victini|Victini|81/341","|-heal|p2a: Victini|341/341|[from] move: Lunar Dance","|-damage|p2a: Victini|256/341|[from] Stealth Rock","|turn|17","|","|switch|p1a: Sonny|Volcarona, M|373/373","|move|p2a: Victini|Flare Blitz|p1a: Sonny","|-damage|p1a: Sonny|190/373","|-damage|p2a: Victini|196/341|[from] recoil|[of] p1a: Sonny","|","|turn|18","|","|switch|p2a: Gardevoir|Gardevoir, M|277/277","|-damage|p2a: Gardevoir|243/277|[from] Stealth Rock","|-ability|p2a: Gardevoir|Flame Body|[from] ability: Trace|[of] p1a: Sonny","|move|p1a: Sonny|Roost|p1a: Sonny","|-heal|p1a: Sonny|373/373","|","|turn|19","|","|detailschange|p2a: Gardevoir|Gardevoir-Mega, M","|-mega|p2a: Gardevoir|Gardevoir|Gardevoirite","|move|p2a: Gardevoir|Hyper Voice|p1a: Sonny","|-resisted|p1a: Sonny","|-damage|p1a: Sonny|253/373","|move|p1a: Sonny|Quiver Dance|p1a: Sonny","|-boost|p1a: Sonny|spa|1","|-boost|p1a: Sonny|spd|1","|-boost|p1a: Sonny|spe|1","|","|turn|20","|","|move|p1a: Sonny|Quiver Dance|p1a: Sonny","|-boost|p1a: Sonny|spa|1","|-boost|p1a: Sonny|spd|1","|-boost|p1a: Sonny|spe|1","|move|p2a: Gardevoir|Focus Blast|p1a: Sonny","|-resisted|p1a: Sonny","|-damage|p1a: Sonny|210/373","|","|turn|21","|","|move|p1a: Sonny|Roost|p1a: Sonny","|-heal|p1a: Sonny|373/373","|move|p2a: Gardevoir|Psyshock|p1a: Sonny","|-damage|p1a: Sonny|187/373","|","|turn|22","|","|move|p1a: Sonny|Bug Buzz|p2a: Gardevoir","|-damage|p2a: Gardevoir|50/277","|move|p2a: Gardevoir|Psyshock|p1a: Sonny","|-damage|p1a: Sonny|7/373","|","|turn|23","|","|move|p1a: Sonny|Bug Buzz|p2a: Gardevoir","|-damage|p2a: Gardevoir|0 fnt","|faint|p2a: Gardevoir","|","|","|switch|p2a: Victini|Victini|196/341","|-damage|p2a: Victini|111/341|[from] Stealth Rock","|turn|24","|","|move|p1a: Sonny|Bug Buzz|p2a: Victini","|-damage|p2a: Victini|0 fnt","|faint|p2a: Victini","|","|","|switch|p2a: Jynx|Jynx, F, shiny|271/271","|-damage|p2a: Jynx|204/271|[from] Stealth Rock","|turn|25","|","|move|p1a: Sonny|Fiery Dance|p2a: Jynx","|-supereffective|p2a: Jynx","|-damage|p2a: Jynx|0 fnt","|-boost|p1a: Sonny|spa|1","|faint|p2a: Jynx","|","|win|Gen3rox"],"p1rating":{"entryid":"7512529","serverid":"eos","formatid":"monotype","userid":"gen3rox","username":"Gen3rox","w":2,"l":"0","t":"0","gxe":57.8,"r":1531.6119709451,"rd":123.45971095415,"sigma":"0","rptime":1439370000,"rpr":1562.5332492104,"rprd":116.72300377694,"rpsigma":"0","acre":1085.326673147,"lacre":1085.326673147,"oldacre":"1047.2378576674"},"p2rating":{"entryid":"6395890","serverid":"eos","formatid":"monotype","userid":"rainsidious","username":"Rain ☆ sidious","w":"50","l":66,"t":"0","gxe":44.4,"r":1461.4125486051,"rd":42.245722569773,"sigma":"0","rptime":1439370000,"rpr":1457.2024950927,"rprd":41.984095906808,"rpsigma":"0","acre":1073.3850681263,"lacre":1073.3850681263,"oldacre":"1102.3153437005"},"endType":"normal"}