{"seed":[16029,32830,56051,32468],"turns":22,"p1":"my team tho bruh","p2":"GTX♅Bzumzum","p1team":[{"name":"Braviary","species":"Braviary","item":"choicescarf","ability":"Defiant","moves":["bravebird","rockslide","superpower","zenheadbutt"],"nature":"Jolly","evs":{"hp":0,"atk":252,"def":0,"spa":0,"spd":4,"spe":252},"ivs":{"hp":31,"atk":31,"def":31,"spa":31,"spd":31,"spe":31}},{"name":"Staraptor","species":"Staraptor","item":"leftovers","ability":"Intimidate","moves":["featherdance","roost","bravebird","uturn"],"nature":"Adamant","evs":{"hp":252,"atk":252,"def":0,"spa":0,"spd":4,"spe":0},"ivs":{"hp":31,"atk":31,"def":31,"spa":31,"spd":31,"spe":31}},{"name":"Pidgeot","species":"Pidgeot","item":"pidgeotite","ability":"Big Pecks","moves":["uturn","hurricane","heatwave","roost"],"nature":"Timid","evs":{"hp":0,"atk":0,"def":0,"spa":252,"spd":4,"spe":252},"ivs":{"hp":31,"atk":31,"def":31,"spa":31,"spd":31,"spe":31}},{"name":"Swellow","species":"Swellow","item":"flameorb","ability":"Guts","moves":["protect","facade","doubleedge","bravebird"],"nature":"Jolly","evs":{"hp":0,"atk":252,"def":0,"spa":0,"spd":4,"spe":252},"ivs":{"hp":31,"atk":31,"def":31,"spa":31,"spd":31,"spe":31}},{"name":"Dodrio","species":"Dodrio","item":"choiceband","ability":"Tangled Feet","moves":["bravebird","quickattack","knockoff","return"],"nature":"Jolly","evs":{"hp":0,"atk":252,"def":0,"spa":0,"spd":4,"spe":252},"ivs":{"hp":31,"atk":31,"def":31,"spa":31,"spd":31,"spe":31}},{"name":"Chatot","species":"Chatot","item":"leftovers","ability":"Big Pecks","moves":["boomburst","substitute","roost","nastyplot"],"nature":"Bold","evs":{"hp":248,"atk":0,"def":252,"spa":8,"spd":0,"spe":0},"ivs":{"hp":31,"atk":31,"def":31,"spa":31,"spd":31,"spe":31}}],"p2team":[{"name":"Elec","species":"manectric","item":"manectite","ability":"Lightning Rod","moves":["thunderbolt","hiddenpowerice","voltswitch","overheat"],"nature":"Timid","evs":{"hp":0,"atk":0,"def":0,"spa":252,"spd":4,"spe":252},"gender":"M","ivs":{"hp":31,"atk":30,"def":30,"spa":31,"spd":31,"spe":31}},{"name":"Water-Safe","species":"rotomwash","item":"chestoberry","ability":"Levitate","moves":["hydropump","raindance","willowisp","rest"],"nature":"Calm","evs":{"hp":248,"atk":0,"def":0,"spa":8,"spd":252,"spe":0},"shiny":true,"ivs":{"hp":31,"atk":31,"def":31,"spa":31,"spd":31,"spe":31}},{"name":"MY ZONE!!!","species":"magnezone","item":"choicespecs","ability":"Sturdy","moves":["hiddenpowerice","flashcannon","triattack","signalbeam"],"nature":"Modest","evs":{"hp":248,"atk":0,"def":0,"spa":252,"spd":8,"spe":0},"ivs":{"hp":31,"atk":30,"def":30,"spa":31,"spd":31,"spe":31},"shiny":true},{"name":"Thundernor","species":"eelektross","item":"leftovers","ability":"Levitate","moves":["coil","drainpunch","knockoff","uturn"],"nature":"Adamant","evs":{"hp":252,"atk":252,"def":0,"spa":0,"spd":0,"spe":4},"gender":"M","shiny":true,"ivs":{"hp":31,"atk":31,"def":31,"spa":31,"spd":31,"spe":31}},{"name":"Zapz","species":"zapdos","item":"leftovers","ability":"Pressure","moves":["heatwave","roost","extrasensory","defog"],"nature":"Modest","evs":{"hp":252,"atk":0,"def":0,"spa":252,"spd":4,"spe":0},"shiny":true,"ivs":{"hp":31,"atk":31,"def":31,"spa":31,"spd":31,"spe":31}},{"name":"Thundurus","species":"Thundurus","item":"lumberry","ability":"Prankster","moves":["torment","healblock","uturn","raindance"],"nature":"Impish","evs":{"hp":248,"atk":0,"def":8,"spa":0,"spd":252,"spe":0},"shiny":true,"ivs":{"hp":31,"atk":31,"def":31,"spa":31,"spd":31,"spe":31}}],"log":["|player|p1|my team tho bruh|163","|player|p2|GTX♅Bzumzum|102","|gametype|singles","|gen|6","|tier|Monotype","|rated","|rule|Baton Pass Clause: Limit one Baton Passer, can't pass Spe and other stats simultaneously","|rule|Swagger Clause: Swagger is banned","|rule|Same Type Clause: Pokémon in a team must share a type","|clearpoke","|poke|p1|Braviary, M","|poke|p1|Staraptor, M","|poke|p1|Pidgeot, F","|poke|p1|Swellow, F","|poke|p1|Dodrio, F","|poke|p1|Chatot, M","|poke|p2|Manectric, M","|poke|p2|Rotom-Wash, shiny","|poke|p2|Magnezone, shiny","|poke|p2|Eelektross, M, shiny","|poke|p2|Zapdos, shiny","|poke|p2|Thundurus, M, shiny","|rule|Sleep Clause Mod: Limit one foe put to sleep","|rule|Species Clause: Limit one of each Pokémon","|rule|OHKO Clause: OHKO moves are banned","|rule|Moody Clause: Moody is banned","|rule|Evasion Moves Clause: Evasion moves are banned","|rule|Endless Battle Clause: Forcing endless battles is banned","|rule|HP Percentage Mod: HP is shown in percentages","|teampreview","|","|start","|switch|p1a: Braviary|Braviary, M|341/341","|switch|p2a: Thundurus|Thundurus, M, shiny|361/361","|turn|1","|","|move|p2a: Thundurus|Rain Dance|p2a: Thundurus","|-weather|RainDance","|move|p1a: Braviary|Rock Slide|p2a: Thundurus","|-supereffective|p2a: Thundurus","|-damage|p2a: Thundurus|155/361","|","|-weather|RainDance|[upkeep]","|turn|2","|","|move|p1a: Braviary|Rock Slide|p2a: Thundurus","|-crit|p2a: Thundurus","|-supereffective|p2a: Thundurus","|-damage|p2a: Thundurus|0 fnt","|faint|p2a: Thundurus","|","|-weather|RainDance|[upkeep]","|","|switch|p2a: Water-Safe|Rotom-Wash, shiny|303/303","|turn|3","|","|switch|p1a: Chatot|Chatot, M|355/355","|move|p2a: Water-Safe|Hydro Pump|p1a: Chatot|[miss]","|-miss|p2a: Water-Safe|p1a: Chatot","|","|-weather|RainDance|[upkeep]","|turn|4","|","|move|p1a: Chatot|Boomburst|p2a: Water-Safe","|-damage|p2a: Water-Safe|203/303","|move|p2a: Water-Safe|Hydro Pump|p1a: Chatot","|-damage|p1a: Chatot|0 fnt","|faint|p1a: Chatot","|","|-weather|RainDance|[upkeep]","|","|switch|p1a: Dodrio|Dodrio, F|261/261","|turn|5","|","|move|p1a: Dodrio|Knock Off|p2a: Water-Safe","|-damage|p2a: Water-Safe|61/303","|-enditem|p2a: Water-Safe|Chesto Berry|[from] move: Knock Off|[of] p1a: Dodrio","|move|p2a: Water-Safe|Will-O-Wisp|p1a: Dodrio","|-status|p1a: Dodrio|brn","|","|-weather|none","|-damage|p1a: Dodrio|229/261 brn|[from] brn","|turn|6","|","|move|p1a: Dodrio|Knock Off|p2a: Water-Safe","|-damage|p2a: Water-Safe|15/303","|move|p2a: Water-Safe|Rest|p2a: Water-Safe","|-status|p2a: Water-Safe|slp","|-heal|p2a: Water-Safe|303/303 slp|[silent]","|-status|p2a: Water-Safe|slp|[from] move: Rest","|","|-damage|p1a: Dodrio|197/261 brn|[from] brn","|turn|7","|","|switch|p1a: Pidgeot|Pidgeot, F|307/307","|switch|p2a: MY ZONE!!!|Magnezone, shiny|343/343","|","|turn|8","|","|switch|p1a: Dodrio|Dodrio, F|197/261 brn","|move|p2a: MY ZONE!!!|Hidden Power|p1a: Dodrio","|-supereffective|p1a: Dodrio","|-damage|p1a: Dodrio|0 fnt","|faint|p1a: Dodrio","|","|","|switch|p1a: Braviary|Braviary, M|341/341","|turn|9","|","|move|p1a: Braviary|Superpower|p2a: MY ZONE!!!","|-supereffective|p2a: MY ZONE!!!","|-damage|p2a: MY ZONE!!!|97/343","|-unboost|p1a: Braviary|atk|1","|-unboost|p1a: Braviary|def|1","|move|p2a: MY ZONE!!!|Hidden Power|p1a: Braviary","|-supereffective|p1a: Braviary","|-damage|p1a: Braviary|53/341","|","|turn|10","|","|switch|p2a: Water-Safe|Rotom-Wash, shiny|303/303 slp","|move|p1a: Braviary|Superpower|p2a: Water-Safe","|-damage|p2a: Water-Safe|219/303 slp","|-unboost|p1a: Braviary|atk|1","|-unboost|p1a: Braviary|def|1","|","|turn|11","|","|switch|p1a: Swellow|Swellow, F|261/261","|cant|p2a: Water-Safe|slp","|","|-status|p1a: Swellow|brn|[from] item: Flame Orb","|turn|12","|","|move|p1a: Swellow|Facade|p2a: Water-Safe","|-damage|p2a: Water-Safe|0 fnt","|faint|p2a: Water-Safe","|","|-damage|p1a: Swellow|229/261 brn|[from] brn","|","|switch|p2a: MY ZONE!!!|Magnezone, shiny|97/343","|turn|13","|","|move|p1a: Swellow|Brave Bird|p2a: MY ZONE!!!","|-resisted|p2a: MY ZONE!!!","|-damage|p2a: MY ZONE!!!|45/343","|-damage|p1a: Swellow|212/261 brn|[from] recoil|[of] p2a: MY ZONE!!!","|move|p2a: MY ZONE!!!|Tri Attack|p1a: Swellow","|-damage|p1a: Swellow|0 fnt","|faint|p1a: Swellow","|","|","|switch|p1a: Braviary|Braviary, M|53/341","|turn|14","|","|move|p1a: Braviary|Superpower|p2a: MY ZONE!!!","|-supereffective|p2a: MY ZONE!!!","|-damage|p2a: MY ZONE!!!|0 fnt","|-unboost|p1a: Braviary|atk|1","|-unboost|p1a: Braviary|def|1","|faint|p2a: MY ZONE!!!","|","|","|switch|p2a: Thundernor|Eelektross, M, shiny|374/374","|turn|15","|","|switch|p1a: Staraptor|Staraptor, M|374/374","|-ability|p1a: Staraptor|Intimidate","|-unboost|p2a: Thundernor|atk|1","|move|p2a: Thundernor|Drain Punch|p1a: Staraptor","|-damage|p1a: Staraptor|294/374","|","|-heal|p1a: Staraptor|317/374|[from] item: Leftovers","|turn|16","|","|move|p1a: Staraptor|Feather Dance|p2a: Thundernor","|-unboost|p2a: Thundernor|atk|2","|move|p2a: Thundernor|Knock Off|p1a: Staraptor","|-damage|p1a: Staraptor|258/374","|-enditem|p1a: Staraptor|Leftovers|[from] move: Knock Off|[of] p2a: Thundernor","|","|turn|17","|","|move|p1a: Staraptor|Brave Bird|p2a: Thundernor","|-resisted|p2a: Thundernor","|-damage|p2a: Thundernor|240/374","|-damage|p1a: Staraptor|214/374|[from] recoil|[of] p2a: Thundernor","|move|p2a: Thundernor|U-turn|p1a: Staraptor","|-resisted|p1a: Staraptor","|-damage|p1a: Staraptor|192/374","|","|switch|p2a: Zapz|Zapdos, shiny|384/384","|-ability|p2a: Zapz|Pressure","|","|turn|18","|","|move|p2a: Zapz|Extrasensory|p1a: Staraptor","|-damage|p1a: Staraptor|34/374","|move|p1a: Staraptor|Brave Bird|p2a: Zapz","|-resisted|p2a: Zapz","|-damage|p2a: Zapz|261/384","|-damage|p1a: Staraptor|0 fnt|[from] recoil|[of] p2a: Zapz","|faint|p1a: Staraptor","|","|-heal|p2a: Zapz|285/384|[from] item: Leftovers","|","|switch|p1a: Braviary|Braviary, M|53/341","|turn|19","|","|move|p1a: Braviary|Rock Slide|p2a: Zapz","|-supereffective|p2a: Zapz","|-damage|p2a: Zapz|97/384","|move|p2a: Zapz|Heat Wave|p1a: Braviary","|-damage|p1a: Braviary|0 fnt","|faint|p1a: Braviary","|","|-heal|p2a: Zapz|121/384|[from] item: Leftovers","|","|switch|p1a: Pidgeot|Pidgeot, F|307/307","|turn|20","|","|detailschange|p1a: Pidgeot|Pidgeot-Mega, F","|-mega|p1a: Pidgeot|Pidgeot|Pidgeotite","|move|p1a: Pidgeot|Hurricane|p2a: Zapz","|-resisted|p2a: Zapz","|-damage|p2a: Zapz|8/384","|move|p2a: Zapz|Extrasensory|p1a: Pidgeot","|-damage|p1a: Pidgeot|185/307","|","|-heal|p2a: Zapz|32/384|[from] item: Leftovers","|turn|21","|","|move|p1a: Pidgeot|Hurricane|p2a: Zapz","|-resisted|p2a: Zapz","|-damage|p2a: Zapz|0 fnt","|faint|p2a: Zapz","|","|","|switch|p2a: Elec|Manectric, M|281/281","|turn|22","|","|detailschange|p2a: Elec|Manectric-Mega, M","|-mega|p2a: Elec|Manectric|Manectite","|-ability|p2a: Elec|Intimidate","|-unboost|p1a: Pidgeot|atk|1","|move|p1a: Pidgeot|Hurricane|p2a: Elec","|-resisted|p2a: Elec","|-damage|p2a: Elec|157/281","|move|p2a: Elec|Volt Switch|p1a: Pidgeot","|-supereffective|p1a: Pidgeot","|-damage|p1a: Pidgeot|0 fnt","|faint|p1a: Pidgeot","|","|win|GTX♅Bzumzum"],"p1rating":{"entryid":"7546123","serverid":"eos","formatid":"monotype","userid":"myteamthobruh","username":"my team tho bruh","w":"5","l":4,"t":"0","gxe":49.6,"r":"1569.2184860913","rd":"94.463490740417","sigma":"0","rptime":"1439370000","rpr":1497.0978480379,"rprd":90.136281336313,"rpsigma":"0","acre":1067.6793846109,"lacre":1067.6793846109,"oldacre":"1097.551575776"},"p2rating":{"entryid":"6857825","serverid":"eos","formatid":"monotype","userid":"gtxbzumzum","username":"GTX♅Bzumzum","w":31,"l":"112","t":"0","gxe":22.5,"r":1260.5936387129,"rd":34.080063403311,"sigma":"0","rptime":1439370000,"rpr":1265.9852731235,"rprd":34.001839073954,"rpsigma":"0","acre":1066.9195514958,"lacre":1066.9195514958,"oldacre":"1022.5052650146"},"endType":"normal"}