{"seed":[26539,49330,32345,50291],"turns":58,"p1":"Rain ☆ Hoot","p2":"Lazulite Leavanny","p1team":[{"name":"Aerodactyl","species":"Aerodactyl","item":"lifeorb","ability":"Pressure","moves":["aerialace","stoneedge","earthquake","taunt"],"nature":"Jolly","evs":{"hp":0,"atk":252,"def":0,"spa":0,"spd":4,"spe":252},"ivs":{"hp":31,"atk":31,"def":31,"spa":31,"spd":31,"spe":31}},{"name":"Diancie","species":"Diancie","item":"diancite","ability":"Clear Body","moves":["diamondstorm","moonblast","earthpower","protect"],"nature":"Hasty","evs":{"hp":0,"atk":4,"def":0,"spa":252,"spd":0,"spe":252},"ivs":{"hp":31,"atk":31,"def":31,"spa":31,"spd":31,"spe":31}},{"name":"Shuckle","species":"Shuckle","item":"leftovers","ability":"Sturdy","moves":["stickyweb","stealthrock","toxic","infestation"],"nature":"Calm","evs":{"hp":252,"atk":0,"def":0,"spa":4,"spd":252,"spe":0},"ivs":{"hp":31,"atk":31,"def":31,"spa":31,"spd":31,"spe":31}},{"name":"Golem","species":"Golem","item":"weaknesspolicy","ability":"Sturdy","moves":["earthquake","rockblast","suckerpunch","rockpolish"],"nature":"Adamant","evs":{"hp":0,"atk":252,"def":0,"spa":0,"spd":4,"spe":252},"ivs":{"hp":31,"atk":31,"def":31,"spa":31,"spd":31,"spe":31}},{"name":"Aurorus","species":"Aurorus","item":"assaultvest","ability":"Refrigerate","moves":["hypervoice","freezedry","darkpulse","mirrorcoat"],"nature":"Modest","evs":{"hp":248,"atk":0,"def":0,"spa":252,"spd":8,"spe":0},"ivs":{"hp":31,"atk":31,"def":31,"spa":31,"spd":31,"spe":31}},{"name":"Carracosta","species":"Carracosta","item":"leftovers","ability":"Solid Rock","moves":["curse","aquajet","rest","knockoff"],"nature":"Adamant","evs":{"hp":252,"atk":252,"def":0,"spa":0,"spd":4,"spe":0},"ivs":{"hp":31,"atk":31,"def":31,"spa":31,"spd":31,"spe":31}}],"p2team":[{"name":"Porygon-Z","species":"Porygon-Z","item":"choicespecs","ability":"Adaptability","moves":["triattack","shadowball","discharge","icebeam"],"nature":"Modest","evs":{"hp":0,"atk":0,"def":4,"spa":252,"spd":0,"spe":252},"ivs":{"hp":31,"atk":31,"def":31,"spa":31,"spd":31,"spe":31}},{"name":"Ditto","species":"Ditto","item":"choicescarf","ability":"Imposter","moves":["transform"],"nature":"","evs":{"hp":0,"atk":0,"def":0,"spa":0,"spd":0,"spe":0},"ivs":{"hp":31,"atk":31,"def":31,"spa":31,"spd":31,"spe":31}},{"name":"Snorlax","species":"Snorlax","item":"leftovers","ability":"Immunity","moves":["rest","sleeptalk","bodyslam","curse"],"nature":"Careful","evs":{"hp":252,"atk":4,"def":0,"spa":0,"spd":252,"spe":0},"ivs":{"hp":31,"atk":31,"def":31,"spa":31,"spd":31,"spe":31}},{"name":"Lopunny","species":"Lopunny","item":"lopunnite","ability":"Cute Charm","moves":["fakeout","return","highjumpkick","thunderpunch"],"nature":"Jolly","evs":{"hp":0,"atk":252,"def":0,"spa":0,"spd":4,"spe":252},"ivs":{"hp":31,"atk":31,"def":31,"spa":31,"spd":31,"spe":31}},{"name":"Chansey","species":"Chansey","item":"eviolite","ability":"Serene Grace","moves":["toxic","seismictoss","psychic","softboiled"],"nature":"Bold","evs":{"hp":248,"atk":0,"def":252,"spa":8,"spd":0,"spe":0},"ivs":{"hp":31,"atk":31,"def":31,"spa":31,"spd":31,"spe":31}},{"name":"Ambipom","species":"Ambipom","item":"lifeorb","ability":"Technician","moves":["fakeout","lastresort","doublehit"],"nature":"","evs":{"hp":4,"atk":252,"def":0,"spa":0,"spd":0,"spe":252},"ivs":{"hp":31,"atk":31,"def":31,"spa":31,"spd":31,"spe":31}}],"log":["|player|p1|Rain ☆ Hoot|2","|player|p2|Lazulite Leavanny|102","|gametype|singles","|gen|6","|tier|Monotype","|rated","|rule|Baton Pass Clause: Limit one Baton Passer, can't pass Spe and other stats simultaneously","|rule|Swagger Clause: Swagger is banned","|rule|Same Type Clause: Pokémon in a team must share a type","|clearpoke","|poke|p1|Aerodactyl, M","|poke|p1|Diancie","|poke|p1|Shuckle, M","|poke|p1|Golem, F","|poke|p1|Aurorus, M","|poke|p1|Carracosta, F","|poke|p2|Porygon-Z","|poke|p2|Ditto","|poke|p2|Snorlax, M","|poke|p2|Lopunny, F","|poke|p2|Chansey, F","|poke|p2|Ambipom, M","|rule|Sleep Clause Mod: Limit one foe put to sleep","|rule|Species Clause: Limit one of each Pokémon","|rule|OHKO Clause: OHKO moves are banned","|rule|Moody Clause: Moody is banned","|rule|Evasion Moves Clause: Evasion moves are banned","|rule|Endless Battle Clause: Forcing endless battles is banned","|rule|HP Percentage Mod: HP is shown in percentages","|teampreview","|","|start","|switch|p1a: Shuckle|Shuckle, M|244/244","|switch|p2a: Ambipom|Ambipom, M|292/292","|turn|1","|","|move|p2a: Ambipom|Fake Out|p1a: Shuckle","|-resisted|p1a: Shuckle","|-damage|p1a: Shuckle|215/244","|-damage|p2a: Ambipom|263/292|[from] item: Life Orb","|cant|p1a: Shuckle|flinch","|","|-heal|p1a: Shuckle|230/244|[from] item: Leftovers","|turn|2","|","|move|p2a: Ambipom|Double Hit|p1a: Shuckle","|-resisted|p1a: Shuckle","|-damage|p1a: Shuckle|204/244","|-resisted|p1a: Shuckle","|-damage|p1a: Shuckle|181/244","|-hitcount|p1a: Shuckle|2","|-damage|p2a: Ambipom|234/292|[from] item: Life Orb","|move|p1a: Shuckle|Sticky Web|p2a: Ambipom","|-sidestart|p2: Lazulite Leavanny|move: Sticky Web","|","|-heal|p1a: Shuckle|196/244|[from] item: Leftovers","|turn|3","|","|move|p2a: Ambipom|Last Resort|p1a: Shuckle","|-resisted|p1a: Shuckle","|-damage|p1a: Shuckle|138/244","|-damage|p2a: Ambipom|205/292|[from] item: Life Orb","|move|p1a: Shuckle|Infestation|p2a: Ambipom","|-crit|p2a: Ambipom","|-damage|p2a: Ambipom|192/292","|-activate|p2a: Ambipom|move: Infestation|[of] p1a: Shuckle","|","|-heal|p1a: Shuckle|153/244|[from] item: Leftovers","|-damage|p2a: Ambipom|156/292|[from] move: Infestation|[partiallytrapped]","|turn|4","|","|move|p2a: Ambipom|Last Resort|p1a: Shuckle","|-resisted|p1a: Shuckle","|-damage|p1a: Shuckle|87/244","|-damage|p2a: Ambipom|127/292|[from] item: Life Orb","|move|p1a: Shuckle|Stealth Rock|p2a: Ambipom","|-sidestart|p2: Lazulite Leavanny|move: Stealth Rock","|","|-heal|p1a: Shuckle|102/244|[from] item: Leftovers","|-damage|p2a: Ambipom|91/292|[from] move: Infestation|[partiallytrapped]","|turn|5","|","|move|p2a: Ambipom|Last Resort|p1a: Shuckle","|-resisted|p1a: Shuckle","|-damage|p1a: Shuckle|32/244","|-damage|p2a: Ambipom|62/292|[from] item: Life Orb","|move|p1a: Shuckle|Toxic|p2a: Ambipom","|-status|p2a: Ambipom|tox","|","|-heal|p1a: Shuckle|47/244|[from] item: Leftovers","|-damage|p2a: Ambipom|44/292 tox|[from] psn","|-damage|p2a: Ambipom|8/292 tox|[from] move: Infestation|[partiallytrapped]","|turn|6","|","|move|p2a: Ambipom|Last Resort|p1a: Shuckle","|-resisted|p1a: Shuckle","|-damage|p1a: Shuckle|0 fnt","|-damage|p2a: Ambipom|0 fnt|[from] item: Life Orb","|faint|p1a: Shuckle","|faint|p2a: Ambipom","|","|","|switch|p2a: Porygon-Z|Porygon-Z|311/311","|switch|p1a: Golem|Golem, F|301/301","|-activate|p2a: Porygon-Z|move: Sticky Web","|-unboost|p2a: Porygon-Z|spe|1","|-damage|p2a: Porygon-Z|273/311|[from] Stealth Rock","|turn|7","|","|move|p1a: Golem|Earthquake|p2a: Porygon-Z","|-damage|p2a: Porygon-Z|36/311","|move|p2a: Porygon-Z|Tri Attack|p1a: Golem","|-resisted|p1a: Golem","|-damage|p1a: Golem|87/301","|","|turn|8","|","|move|p1a: Golem|Earthquake|p2a: Porygon-Z","|-damage|p2a: Porygon-Z|0 fnt","|faint|p2a: Porygon-Z","|","|","|switch|p2a: Ditto|Ditto|237/237","|-activate|p2a: Ditto|move: Sticky Web","|-unboost|p2a: Ditto|spe|1","|-damage|p2a: Ditto|208/237|[from] Stealth Rock","|-transform|p2a: Ditto|p1a: Golem","|turn|9","|","|move|p2a: Ditto|Earthquake|p1a: Golem","|-supereffective|p1a: Golem","|-damage|p1a: Golem|0 fnt","|faint|p1a: Golem","|","|","|switch|p1a: Aerodactyl|Aerodactyl, M|301/301","|-ability|p1a: Aerodactyl|Pressure","|turn|10","|","|switch|p2a: Chansey|Chansey, F|703/703","|-damage|p2a: Chansey|616/703|[from] Stealth Rock","|-activate|p2a: Chansey|move: Sticky Web","|-unboost|p2a: Chansey|spe|1","|move|p1a: Aerodactyl|Earthquake|p2a: Chansey","|-damage|p2a: Chansey|433/703","|-damage|p1a: Aerodactyl|271/301|[from] item: Life Orb","|","|turn|11","|","|move|p1a: Aerodactyl|Taunt|p2a: Chansey","|-start|p2a: Chansey|move: Taunt","|cant|p2a: Chansey|move: Taunt|Toxic","|","|turn|12","|","|switch|p2a: Ditto|Ditto|208/237","|-damage|p2a: Ditto|179/237|[from] Stealth Rock","|-activate|p2a: Ditto|move: Sticky Web","|-unboost|p2a: Ditto|spe|1","|-transform|p2a: Ditto|p1a: Aerodactyl","|-ability|p2a: Ditto|Pressure","|move|p1a: Aerodactyl|Stone Edge|p2a: Ditto","|-supereffective|p2a: Ditto","|-damage|p2a: Ditto|0 fnt","|-damage|p1a: Aerodactyl|241/301|[from] item: Life Orb","|faint|p2a: Ditto","|","|","|switch|p2a: Chansey|Chansey, F|433/703","|-damage|p2a: Chansey|346/703|[from] Stealth Rock","|-activate|p2a: Chansey|move: Sticky Web","|-unboost|p2a: Chansey|spe|1","|turn|13","|","|move|p1a: Aerodactyl|Taunt|p2a: Chansey","|-start|p2a: Chansey|move: Taunt","|move|p2a: Chansey|Seismic Toss|p1a: Aerodactyl","|-damage|p1a: Aerodactyl|141/301","|","|turn|14","|","|move|p1a: Aerodactyl|Stone Edge|p2a: Chansey","|-damage|p2a: Chansey|89/703","|-damage|p1a: Aerodactyl|111/301|[from] item: Life Orb","|move|p2a: Chansey|Seismic Toss|p1a: Aerodactyl","|-damage|p1a: Aerodactyl|11/301","|","|turn|15","|","|move|p1a: Aerodactyl|Aerial Ace|p2a: Chansey","|-damage|p2a: Chansey|0 fnt","|-damage|p1a: Aerodactyl|0 fnt|[from] item: Life Orb","|faint|p2a: Chansey","|faint|p1a: Aerodactyl","|","|","|switch|p1a: Diancie|Diancie|241/241","|switch|p2a: Snorlax|Snorlax, M|524/524","|-damage|p2a: Snorlax|459/524|[from] Stealth Rock","|-activate|p2a: Snorlax|move: Sticky Web","|-unboost|p2a: Snorlax|spe|1","|turn|16","|","|detailschange|p1a: Diancie|Diancie-Mega","|-mega|p1a: Diancie|Diancie|Diancite","|move|p1a: Diancie|Diamond Storm|p2a: Snorlax","|-damage|p2a: Snorlax|186/524","|move|p2a: Snorlax|Curse|p2a: Snorlax","|-unboost|p2a: Snorlax|spe|1","|-boost|p2a: Snorlax|atk|1","|-boost|p2a: Snorlax|def|1","|","|-heal|p2a: Snorlax|218/524|[from] item: Leftovers","|turn|17","|","|move|p1a: Diancie|Diamond Storm|p2a: Snorlax","|-damage|p2a: Snorlax|55/524","|-boost|p1a: Diancie|def|1","|move|p2a: Snorlax|Rest|p2a: Snorlax","|-status|p2a: Snorlax|slp","|-heal|p2a: Snorlax|524/524 slp|[silent]","|-status|p2a: Snorlax|slp|[from] move: Rest","|","|turn|18","|","|switch|p1a: Carracosta|Carracosta, F|352/352","|cant|p2a: Snorlax|slp","|move|p2a: Snorlax|Sleep Talk|p2a: Snorlax","|move|p2a: Snorlax|Rest|p2a: Snorlax|[from]Sleep Talk","|-fail|p2a: Snorlax","|","|turn|19","|","|move|p1a: Carracosta|Curse|p1a: Carracosta","|-unboost|p1a: Carracosta|spe|1","|-boost|p1a: Carracosta|atk|1","|-boost|p1a: Carracosta|def|1","|cant|p2a: Snorlax|slp","|move|p2a: Snorlax|Sleep Talk|p2a: Snorlax","|move|p2a: Snorlax|Curse|p2a: Snorlax|[from]Sleep Talk","|-unboost|p2a: Snorlax|spe|1","|-boost|p2a: Snorlax|atk|1","|-boost|p2a: Snorlax|def|1","|","|turn|20","|","|move|p1a: Carracosta|Knock Off|p2a: Snorlax","|-damage|p2a: Snorlax|401/524 slp","|-enditem|p2a: Snorlax|Leftovers|[from] move: Knock Off|[of] p1a: Carracosta","|-curestatus|p2a: Snorlax|slp","|move|p2a: Snorlax|Body Slam|p1a: Carracosta","|-resisted|p1a: Carracosta","|-damage|p1a: Carracosta|295/352","|","|-heal|p1a: Carracosta|317/352|[from] item: Leftovers","|turn|21","|","|move|p1a: Carracosta|Curse|p1a: Carracosta","|-unboost|p1a: Carracosta|spe|1","|-boost|p1a: Carracosta|atk|1","|-boost|p1a: Carracosta|def|1","|move|p2a: Snorlax|Body Slam|p1a: Carracosta","|-resisted|p1a: Carracosta","|-damage|p1a: Carracosta|277/352","|","|-heal|p1a: Carracosta|299/352|[from] item: Leftovers","|turn|22","|","|move|p1a: Carracosta|Curse|p1a: Carracosta","|-unboost|p1a: Carracosta|spe|1","|-boost|p1a: Carracosta|atk|1","|-boost|p1a: Carracosta|def|1","|move|p2a: Snorlax|Body Slam|p1a: Carracosta","|-resisted|p1a: Carracosta","|-damage|p1a: Carracosta|265/352","|","|-heal|p1a: Carracosta|287/352|[from] item: Leftovers","|turn|23","|","|move|p1a: Carracosta|Knock Off|p2a: Snorlax","|-damage|p2a: Snorlax|262/524","|move|p2a: Snorlax|Body Slam|p1a: Carracosta","|-resisted|p1a: Carracosta","|-damage|p1a: Carracosta|252/352","|","|-heal|p1a: Carracosta|274/352|[from] item: Leftovers","|turn|24","|","|move|p1a: Carracosta|Curse|p1a: Carracosta","|-unboost|p1a: Carracosta|spe|1","|-boost|p1a: Carracosta|atk|1","|-boost|p1a: Carracosta|def|1","|move|p2a: Snorlax|Body Slam|p1a: Carracosta","|-crit|p1a: Carracosta","|-resisted|p1a: Carracosta","|-damage|p1a: Carracosta|154/352","|-status|p1a: Carracosta|par","|","|-heal|p1a: Carracosta|176/352 par|[from] item: Leftovers","|turn|25","|","|move|p2a: Snorlax|Curse|p2a: Snorlax","|-unboost|p2a: Snorlax|spe|1","|-boost|p2a: Snorlax|atk|1","|-boost|p2a: Snorlax|def|1","|move|p1a: Carracosta|Knock Off|p2a: Snorlax","|-damage|p2a: Snorlax|129/524","|","|-heal|p1a: Carracosta|198/352 par|[from] item: Leftovers","|turn|26","|","|move|p2a: Snorlax|Rest|p2a: Snorlax","|-status|p2a: Snorlax|slp","|-heal|p2a: Snorlax|524/524 slp|[silent]","|-status|p2a: Snorlax|slp|[from] move: Rest","|move|p1a: Carracosta|Knock Off|p2a: Snorlax","|-damage|p2a: Snorlax|389/524 slp","|","|-heal|p1a: Carracosta|220/352 par|[from] item: Leftovers","|turn|27","|","|cant|p2a: Snorlax|slp","|move|p2a: Snorlax|Sleep Talk|p2a: Snorlax","|move|p2a: Snorlax|Body Slam|p1a: Carracosta|[from]Sleep Talk","|-resisted|p1a: Carracosta","|-damage|p1a: Carracosta|187/352 par","|move|p1a: Carracosta|Knock Off|p2a: Snorlax","|-damage|p2a: Snorlax|264/524 slp","|","|-heal|p1a: Carracosta|209/352 par|[from] item: Leftovers","|turn|28","|","|cant|p2a: Snorlax|slp","|move|p2a: Snorlax|Sleep Talk|p2a: Snorlax","|move|p2a: Snorlax|Rest|p2a: Snorlax|[from]Sleep Talk","|-fail|p2a: Snorlax","|cant|p1a: Carracosta|par","|","|-heal|p1a: Carracosta|231/352 par|[from] item: Leftovers","|turn|29","|","|-curestatus|p2a: Snorlax|slp","|move|p2a: Snorlax|Curse|p2a: Snorlax","|-unboost|p2a: Snorlax|spe|1","|-boost|p2a: Snorlax|atk|1","|-boost|p2a: Snorlax|def|1","|move|p1a: Carracosta|Curse|p1a: Carracosta","|-unboost|p1a: Carracosta|spe|1","|-boost|p1a: Carracosta|atk|1","|-boost|p1a: Carracosta|def|1","|","|-heal|p1a: Carracosta|253/352 par|[from] item: Leftovers","|turn|30","|","|move|p2a: Snorlax|Curse|p2a: Snorlax","|-unboost|p2a: Snorlax|spe|1","|-boost|p2a: Snorlax|atk|1","|-boost|p2a: Snorlax|def|1","|move|p1a: Carracosta|Curse|p1a: Carracosta","|-unboost|p1a: Carracosta|spe|1","|-boost|p1a: Carracosta|atk|1","|-boost|p1a: Carracosta|def|1","|","|-heal|p1a: Carracosta|275/352 par|[from] item: Leftovers","|turn|31","|","|move|p2a: Snorlax|Curse|p2a: Snorlax","|-boost|p2a: Snorlax|atk|1","|-boost|p2a: Snorlax|def|1","|cant|p1a: Carracosta|par","|","|-heal|p1a: Carracosta|297/352 par|[from] item: Leftovers","|turn|32","|","|move|p2a: Snorlax|Rest|p2a: Snorlax","|-status|p2a: Snorlax|slp","|-heal|p2a: Snorlax|524/524 slp|[silent]","|-status|p2a: Snorlax|slp|[from] move: Rest","|move|p1a: Carracosta|Rest|p1a: Carracosta","|-status|p1a: Carracosta|slp","|-heal|p1a: Carracosta|352/352 slp|[silent]","|-status|p1a: Carracosta|slp|[from] move: Rest","|","|turn|33","|","|cant|p1a: Carracosta|slp","|cant|p2a: Snorlax|slp","|move|p2a: Snorlax|Sleep Talk|p2a: Snorlax","|move|p2a: Snorlax|Curse|p2a: Snorlax|[from]Sleep Talk","|","|turn|34","|","|cant|p1a: Carracosta|slp","|cant|p2a: Snorlax|slp","|move|p2a: Snorlax|Sleep Talk|p2a: Snorlax","|move|p2a: Snorlax|Rest|p2a: Snorlax|[from]Sleep Talk","|-fail|p2a: Snorlax","|","|turn|35","|","|-curestatus|p1a: Carracosta|slp","|move|p1a: Carracosta|Aqua Jet|p2a: Snorlax","|-damage|p2a: Snorlax|416/524 slp","|-curestatus|p2a: Snorlax|slp","|move|p2a: Snorlax|Body Slam|p1a: Carracosta","|-resisted|p1a: Carracosta","|-damage|p1a: Carracosta|309/352","|","|-heal|p1a: Carracosta|331/352|[from] item: Leftovers","|turn|36","|","|move|p1a: Carracosta|Aqua Jet|p2a: Snorlax","|-damage|p2a: Snorlax|314/524","|move|p2a: Snorlax|Body Slam|p1a: Carracosta","|-resisted|p1a: Carracosta","|-damage|p1a: Carracosta|289/352","|","|-heal|p1a: Carracosta|311/352|[from] item: Leftovers","|turn|37","|","|move|p1a: Carracosta|Knock Off|p2a: Snorlax","|-damage|p2a: Snorlax|206/524","|move|p2a: Snorlax|Body Slam|p1a: Carracosta","|-resisted|p1a: Carracosta","|-damage|p1a: Carracosta|270/352","|-status|p1a: Carracosta|par","|","|-heal|p1a: Carracosta|292/352 par|[from] item: Leftovers","|turn|38","|","|move|p1a: Carracosta|Aqua Jet|p2a: Snorlax","|-damage|p2a: Snorlax|98/524","|move|p2a: Snorlax|Body Slam|p1a: Carracosta","|-resisted|p1a: Carracosta","|-damage|p1a: Carracosta|253/352 par","|","|-heal|p1a: Carracosta|275/352 par|[from] item: Leftovers","|turn|39","|","|move|p1a: Carracosta|Aqua Jet|p2a: Snorlax","|-damage|p2a: Snorlax|2/524","|move|p2a: Snorlax|Rest|p2a: Snorlax","|-status|p2a: Snorlax|slp","|-heal|p2a: Snorlax|524/524 slp|[silent]","|-status|p2a: Snorlax|slp|[from] move: Rest","|","|-heal|p1a: Carracosta|297/352 par|[from] item: Leftovers","|turn|40","|","|cant|p2a: Snorlax|slp","|move|p2a: Snorlax|Sleep Talk|p2a: Snorlax","|move|p2a: Snorlax|Body Slam|p1a: Carracosta|[from]Sleep Talk","|-resisted|p1a: Carracosta","|-damage|p1a: Carracosta|251/352 par","|move|p1a: Carracosta|Rest|p1a: Carracosta","|-status|p1a: Carracosta|slp","|-heal|p1a: Carracosta|352/352 slp|[silent]","|-status|p1a: Carracosta|slp|[from] move: Rest","|","|turn|41","|","|cant|p1a: Carracosta|slp","|cant|p2a: Snorlax|slp","|","|turn|42","|","|cant|p1a: Carracosta|slp","|-curestatus|p2a: Snorlax|slp","|move|p2a: Snorlax|Sleep Talk|p2a: Snorlax","|-fail|p2a: Snorlax","|","|turn|43","|","|-curestatus|p1a: Carracosta|slp","|move|p1a: Carracosta|Curse|p1a: Carracosta","|move|p2a: Snorlax|Body Slam|p1a: Carracosta","|-resisted|p1a: Carracosta","|-damage|p1a: Carracosta|306/352","|-status|p1a: Carracosta|par","|","|-heal|p1a: Carracosta|328/352 par|[from] item: Leftovers","|turn|44","|","|move|p2a: Snorlax|Body Slam|p1a: Carracosta","|-resisted|p1a: Carracosta","|-damage|p1a: Carracosta|286/352 par","|move|p1a: Carracosta|Knock Off|p2a: Snorlax","|-damage|p2a: Snorlax|421/524","|","|-heal|p1a: Carracosta|308/352 par|[from] item: Leftovers","|turn|45","|","|move|p1a: Carracosta|Aqua Jet|p2a: Snorlax","|-damage|p2a: Snorlax|321/524","|move|p2a: Snorlax|Body Slam|p1a: Carracosta","|-resisted|p1a: Carracosta","|-damage|p1a: Carracosta|268/352 par","|","|-heal|p1a: Carracosta|290/352 par|[from] item: Leftovers","|turn|46","|","|move|p1a: Carracosta|Aqua Jet|p2a: Snorlax","|-damage|p2a: Snorlax|215/524","|move|p2a: Snorlax|Body Slam|p1a: Carracosta","|-resisted|p1a: Carracosta","|-damage|p1a: Carracosta|246/352 par","|","|-heal|p1a: Carracosta|268/352 par|[from] item: Leftovers","|turn|47","|","|cant|p1a: Carracosta|par","|move|p2a: Snorlax|Body Slam|p1a: Carracosta","|-crit|p1a: Carracosta","|-resisted|p1a: Carracosta","|-damage|p1a: Carracosta|19/352 par","|","|-heal|p1a: Carracosta|41/352 par|[from] item: Leftovers","|turn|48","|","|move|p2a: Snorlax|Body Slam|p1a: Carracosta","|-resisted|p1a: Carracosta","|-damage|p1a: Carracosta|0 fnt","|faint|p1a: Carracosta","|","|","|switch|p1a: Diancie|Diancie-Mega|241/241","|turn|49","|","|move|p1a: Diancie|Moonblast|p2a: Snorlax","|-damage|p2a: Snorlax|92/524","|-unboost|p2a: Snorlax|spa|1","|move|p2a: Snorlax|Rest|p2a: Snorlax","|-status|p2a: Snorlax|slp","|-heal|p2a: Snorlax|524/524 slp|[silent]","|-status|p2a: Snorlax|slp|[from] move: Rest","|","|turn|50","|","|move|p1a: Diancie|Moonblast|p2a: Snorlax","|-damage|p2a: Snorlax|395/524 slp","|-unboost|p2a: Snorlax|spa|1","|cant|p2a: Snorlax|slp","|move|p2a: Snorlax|Sleep Talk|p2a: Snorlax","|move|p2a: Snorlax|Rest|p2a: Snorlax|[from]Sleep Talk","|-fail|p2a: Snorlax","|","|turn|51","|","|move|p1a: Diancie|Moonblast|p2a: Snorlax","|-damage|p2a: Snorlax|265/524 slp","|cant|p2a: Snorlax|slp","|move|p2a: Snorlax|Sleep Talk|p2a: Snorlax","|move|p2a: Snorlax|Curse|p2a: Snorlax|[from]Sleep Talk","|","|turn|52","|","|move|p1a: Diancie|Moonblast|p2a: Snorlax","|-damage|p2a: Snorlax|136/524 slp","|-curestatus|p2a: Snorlax|slp","|move|p2a: Snorlax|Body Slam|p1a: Diancie","|-resisted|p1a: Diancie","|-damage|p1a: Diancie|18/241","|-status|p1a: Diancie|par","|","|turn|53","|","|cant|p1a: Diancie|par","|move|p2a: Snorlax|Rest|p2a: Snorlax","|-status|p2a: Snorlax|slp","|-heal|p2a: Snorlax|524/524 slp|[silent]","|-status|p2a: Snorlax|slp|[from] move: Rest","|","|turn|54","|","|switch|p1a: Aurorus|Aurorus, M|449/449","|cant|p2a: Snorlax|slp","|move|p2a: Snorlax|Sleep Talk|p2a: Snorlax","|move|p2a: Snorlax|Curse|p2a: Snorlax|[from]Sleep Talk","|","|turn|55","|","|move|p1a: Aurorus|Hyper Voice|p2a: Snorlax","|-damage|p2a: Snorlax|395/524 slp","|cant|p2a: Snorlax|slp","|move|p2a: Snorlax|Sleep Talk|p2a: Snorlax","|move|p2a: Snorlax|Rest|p2a: Snorlax|[from]Sleep Talk","|-fail|p2a: Snorlax","|","|turn|56","|","|move|p1a: Aurorus|Hyper Voice|p2a: Snorlax","|-damage|p2a: Snorlax|275/524 slp","|-curestatus|p2a: Snorlax|slp","|move|p2a: Snorlax|Body Slam|p1a: Aurorus","|-crit|p1a: Aurorus","|-resisted|p1a: Aurorus","|-damage|p1a: Aurorus|50/449","|-status|p1a: Aurorus|par","|","|turn|57","|","|cant|p1a: Aurorus|par","|move|p2a: Snorlax|Body Slam|p1a: Aurorus","|-resisted|p1a: Aurorus","|-damage|p1a: Aurorus|0 fnt","|faint|p1a: Aurorus","|","|","|switch|p1a: Diancie|Diancie-Mega|18/241 par","|turn|58","|","|move|p1a: Diancie|Moonblast|p2a: Snorlax","|-damage|p2a: Snorlax|137/524","|move|p2a: Snorlax|Body Slam|p1a: Diancie","|-resisted|p1a: Diancie","|-damage|p1a: Diancie|0 fnt","|faint|p1a: Diancie","|","|win|Lazulite Leavanny"],"p1rating":{"entryid":"7558745","serverid":"eos","formatid":"monotype","userid":"rainhoot","username":"Rain Hoot","w":"7","l":9,"t":"0","gxe":46,"r":"1497.0566631562","rd":"77.92455428703","sigma":"0","rptime":"1439370000","rpr":1469.3708639755,"rprd":74.703032725612,"rpsigma":"0","acre":1046.0324842395,"lacre":1046.0324842395,"oldacre":"1056.7051384039"},"p2rating":{"entryid":"7549999","serverid":"eos","formatid":"monotype","userid":"lazuliteleavanny","username":"Lazulite Leavanny","w":11,"l":"3","t":"0","gxe":67.7,"r":"1555.262798558","rd":"92.650464186322","sigma":"0","rptime":"1439370000","rpr":1642.8730781018,"rprd":79.283101556779,"rpsigma":"0","acre":1228.0531418321,"lacre":1228.0531418321,"oldacre":"1213.6351336572"},"endType":"normal"}