{"seed":[55265,28593,42306,2854],"turns":33,"p1":"Merciless Marx","p2":"emforbes","p1team":[{"name":"Pidgeot","species":"Pidgeot","item":"pidgeotite","ability":"Tangled Feet","moves":["hurricane","heatwave","uturn","protect"],"nature":"Timid","evs":{"hp":0,"atk":0,"def":0,"spa":252,"spd":4,"spe":252},"ivs":{"hp":31,"atk":30,"def":30,"spa":31,"spd":31,"spe":31}},{"name":"Skarmory","species":"Skarmory","item":"rockyhelmet","ability":"Sturdy","moves":["bravebird","stealthrock","roost","whirlwind"],"nature":"Impish","evs":{"hp":248,"atk":0,"def":236,"spa":0,"spd":0,"spe":24},"ivs":{"hp":31,"atk":31,"def":31,"spa":31,"spd":31,"spe":31}},{"name":"Landorus-Therian","species":"Landorus-Therian","item":"choicescarf","ability":"Intimidate","moves":["knockoff","earthquake","stoneedge","uturn"],"nature":"Jolly","evs":{"hp":0,"atk":252,"def":0,"spa":0,"spd":4,"spe":252},"ivs":{"hp":31,"atk":31,"def":31,"spa":31,"spd":31,"spe":31}},{"name":"Xatu","species":"Xatu","item":"leftovers","ability":"Magic Bounce","moves":["nightshade","reflect","lightscreen","roost"],"nature":"Calm","evs":{"hp":252,"atk":0,"def":4,"spa":0,"spd":252,"spe":0},"ivs":{"hp":31,"atk":31,"def":31,"spa":31,"spd":31,"spe":31}},{"name":"Gyarados","species":"Gyarados","item":"leftovers","ability":"Intimidate","moves":["substitute","dragondance","waterfall","bounce"],"nature":"Adamant","evs":{"hp":0,"atk":252,"def":0,"spa":0,"spd":4,"spe":252},"ivs":{"hp":31,"atk":31,"def":31,"spa":31,"spd":31,"spe":31}},{"name":"Thundurus","species":"Thundurus","item":"lifeorb","ability":"Prankster","moves":["thunderwave","thunderbolt","voltswitch","focusblast"],"nature":"Timid","evs":{"hp":0,"atk":0,"def":0,"spa":252,"spd":4,"spe":252},"ivs":{"hp":31,"atk":31,"def":31,"spa":31,"spd":31,"spe":31}}],"p2team":[{"name":"Ampharos","species":"Ampharos","item":"ampharosite","ability":"Static","moves":["voltswitch","dragonpulse","hiddenpowergrass","agility"],"nature":"Modest","evs":{"hp":0,"atk":0,"def":0,"spa":252,"spd":4,"spe":252},"ivs":{"hp":31,"atk":30,"def":31,"spa":30,"spd":31,"spe":31},"shiny":true},{"name":"Rotom-Wash","species":"Rotom-Wash","item":"leftovers","ability":"Levitate","moves":["hydropump","voltswitch","willowisp","painsplit"],"nature":"Calm","evs":{"hp":252,"atk":0,"def":0,"spa":4,"spd":252,"spe":0},"shiny":true,"ivs":{"hp":31,"atk":31,"def":31,"spa":31,"spd":31,"spe":31}},{"name":"Zapdos","species":"Zapdos","item":"leftovers","ability":"Pressure","moves":["defog","roost","heatwave","thunderbolt"],"nature":"Modest","evs":{"hp":252,"atk":0,"def":0,"spa":252,"spd":4,"spe":0},"ivs":{"hp":31,"atk":31,"def":31,"spa":31,"spd":31,"spe":31}},{"name":"Magnezone","species":"Magnezone","item":"choicescarf","ability":"Magnet Pull","moves":["voltswitch","flashcannon","hiddenpowerfire","thunderbolt"],"nature":"Timid","evs":{"hp":0,"atk":0,"def":0,"spa":252,"spd":4,"spe":252},"ivs":{"hp":31,"atk":30,"def":31,"spa":30,"spd":31,"spe":30},"shiny":true},{"name":"Thundurus","species":"Thundurus","item":"lifeorb","ability":"Prankster","moves":["thunderbolt","thunderwave","hiddenpowerice","grassknot"],"nature":"Timid","evs":{"hp":0,"atk":0,"def":0,"spa":252,"spd":4,"spe":252},"ivs":{"hp":31,"atk":30,"def":30,"spa":31,"spd":31,"spe":31}},{"name":"Electivire","species":"Electivire","item":"lifeorb","ability":"Motor Drive","moves":["wildcharge","crosschop","earthquake","icepunch"],"nature":"Adamant","evs":{"hp":0,"atk":252,"def":0,"spa":0,"spd":4,"spe":252},"ivs":{"hp":31,"atk":31,"def":31,"spa":31,"spd":31,"spe":31}}],"log":["|player|p1|Merciless Marx|2","|player|p2|emforbes|246","|gametype|singles","|gen|6","|tier|Monotype","|rated","|rule|Baton Pass Clause: Limit one Baton Passer, can't pass Spe and other stats simultaneously","|rule|Swagger Clause: Swagger is banned","|rule|Same Type Clause: Pokémon in a team must share a type","|clearpoke","|poke|p1|Pidgeot, F","|poke|p1|Skarmory, M","|poke|p1|Landorus-Therian, M","|poke|p1|Xatu, M","|poke|p1|Gyarados, F","|poke|p1|Thundurus, M","|poke|p2|Ampharos, F, shiny","|poke|p2|Rotom-Wash, shiny","|poke|p2|Zapdos","|poke|p2|Magnezone, shiny","|poke|p2|Thundurus, M","|poke|p2|Electivire, F","|rule|Sleep Clause Mod: Limit one foe put to sleep","|rule|Species Clause: Limit one of each Pokémon","|rule|OHKO Clause: OHKO moves are banned","|rule|Moody Clause: Moody is banned","|rule|Evasion Moves Clause: Evasion moves are banned","|rule|Endless Battle Clause: Forcing endless battles is banned","|rule|HP Percentage Mod: HP is shown in percentages","|teampreview","|","|start","|switch|p1a: Pidgeot|Pidgeot, F|307/307","|switch|p2a: Magnezone|Magnezone, shiny|281/281","|turn|1","|","|switch|p2a: Rotom-Wash|Rotom-Wash, shiny|304/304","|detailschange|p1a: Pidgeot|Pidgeot-Mega, F","|-mega|p1a: Pidgeot|Pidgeot|Pidgeotite","|move|p1a: Pidgeot|U-turn|p2a: Rotom-Wash","|-damage|p2a: Rotom-Wash|264/304","|","|switch|p1a: Landorus-Therian|Landorus-Therian, M|319/319","|-ability|p1a: Landorus-Therian|Intimidate","|-unboost|p2a: Rotom-Wash|atk|1","|","|-heal|p2a: Rotom-Wash|283/304|[from] item: Leftovers","|turn|2","|","|move|p1a: Landorus-Therian|U-turn|p2a: Rotom-Wash","|-damage|p2a: Rotom-Wash|199/304","|","|switch|p1a: Xatu|Xatu, M|334/334","|move|p2a: Rotom-Wash|Hydro Pump|p1a: Xatu","|-crit|p1a: Xatu","|-damage|p1a: Xatu|135/334","|","|-heal|p1a: Xatu|155/334|[from] item: Leftovers","|-heal|p2a: Rotom-Wash|218/304|[from] item: Leftovers","|turn|3","|","|move|p1a: Xatu|Light Screen|p1a: Xatu","|-sidestart|p1: Merciless Marx|move: Light Screen","|move|p2a: Rotom-Wash|Volt Switch|p1a: Xatu","|-supereffective|p1a: Xatu","|-damage|p1a: Xatu|83/334","|","|switch|p2a: Zapdos|Zapdos|384/384","|-ability|p2a: Zapdos|Pressure","|","|-heal|p1a: Xatu|103/334|[from] item: Leftovers","|turn|4","|","|move|p2a: Zapdos|Defog|p1a: Xatu","|move|p1a: Xatu|Defog|p2a: Zapdos|[from]Magic Bounce","|-unboost|p2a: Zapdos|evasion|1","|move|p1a: Xatu|Roost|p1a: Xatu","|-heal|p1a: Xatu|270/334","|","|-heal|p1a: Xatu|290/334|[from] item: Leftovers","|turn|5","|","|move|p2a: Zapdos|Thunderbolt|p1a: Xatu","|-supereffective|p1a: Xatu","|-damage|p1a: Xatu|127/334","|move|p1a: Xatu|Night Shade|p2a: Zapdos","|-damage|p2a: Zapdos|284/384","|","|-heal|p2a: Zapdos|308/384|[from] item: Leftovers","|-heal|p1a: Xatu|147/334|[from] item: Leftovers","|turn|6","|","|switch|p1a: Landorus-Therian|Landorus-Therian, M|319/319","|-ability|p1a: Landorus-Therian|Intimidate","|-unboost|p2a: Zapdos|atk|1","|move|p2a: Zapdos|Thunderbolt|p1a: Landorus-Therian","|-immune|p1a: Landorus-Therian|[msg]","|","|-heal|p2a: Zapdos|332/384|[from] item: Leftovers","|turn|7","|","|move|p1a: Landorus-Therian|Stone Edge|p2a: Zapdos","|-supereffective|p2a: Zapdos","|-damage|p2a: Zapdos|36/384","|move|p2a: Zapdos|Roost|p2a: Zapdos","|-heal|p2a: Zapdos|228/384","|","|-heal|p2a: Zapdos|252/384|[from] item: Leftovers","|-sideend|p1: Merciless Marx|move: Light Screen","|turn|8","|","|switch|p2a: Magnezone|Magnezone, shiny|281/281","|move|p1a: Landorus-Therian|Stone Edge|p2a: Magnezone","|-resisted|p2a: Magnezone","|-damage|p2a: Magnezone|226/281","|","|turn|9","|","|switch|p1a: Thundurus|Thundurus, M|299/299","|move|p2a: Magnezone|Volt Switch|p1a: Thundurus","|-crit|p1a: Thundurus","|-damage|p1a: Thundurus|82/299","|","|switch|p2a: Electivire|Electivire, F|291/291","|","|turn|10","|","|move|p1a: Thundurus|Volt Switch|p2a: Electivire","|-boost|p2a: Electivire|spe|1|[from] ability: Motor Drive","|move|p2a: Electivire|Ice Punch|p1a: Thundurus","|-supereffective|p1a: Thundurus","|-damage|p1a: Thundurus|0 fnt","|-damage|p2a: Electivire|262/291|[from] item: Life Orb","|faint|p1a: Thundurus","|","|","|switch|p1a: Landorus-Therian|Landorus-Therian, M|319/319","|-ability|p1a: Landorus-Therian|Intimidate","|-unboost|p2a: Electivire|atk|1","|turn|11","|","|switch|p1a: Gyarados|Gyarados, F|331/331","|-ability|p1a: Gyarados|Intimidate","|-unboost|p2a: Electivire|atk|1","|move|p2a: Electivire|Ice Punch|p1a: Gyarados","|-damage|p1a: Gyarados|252/331","|-damage|p2a: Electivire|233/291|[from] item: Life Orb","|","|-heal|p1a: Gyarados|272/331|[from] item: Leftovers","|turn|12","|","|switch|p1a: Landorus-Therian|Landorus-Therian, M|319/319","|-ability|p1a: Landorus-Therian|Intimidate","|-unboost|p2a: Electivire|atk|1","|move|p2a: Electivire|Ice Punch|p1a: Landorus-Therian","|-supereffective|p1a: Landorus-Therian","|-damage|p1a: Landorus-Therian|111/319","|-damage|p2a: Electivire|204/291|[from] item: Life Orb","|","|turn|13","|","|switch|p1a: Gyarados|Gyarados, F|272/331","|-ability|p1a: Gyarados|Intimidate","|-unboost|p2a: Electivire|atk|1","|switch|p2a: Rotom-Wash|Rotom-Wash, shiny|218/304","|","|-heal|p1a: Gyarados|292/331|[from] item: Leftovers","|-heal|p2a: Rotom-Wash|237/304|[from] item: Leftovers","|turn|14","|","|move|p1a: Gyarados|Substitute|p1a: Gyarados","|-start|p1a: Gyarados|Substitute","|-damage|p1a: Gyarados|210/331","|move|p2a: Rotom-Wash|Volt Switch|p1a: Gyarados","|-supereffective|p1a: Gyarados","|-end|p1a: Gyarados|Substitute","|","|switch|p2a: Thundurus|Thundurus, M|299/299","|","|-heal|p1a: Gyarados|230/331|[from] item: Leftovers","|turn|15","|","|switch|p1a: Landorus-Therian|Landorus-Therian, M|111/319","|-ability|p1a: Landorus-Therian|Intimidate","|-unboost|p2a: Thundurus|atk|1","|move|p2a: Thundurus|Thunderbolt|p1a: Landorus-Therian","|-immune|p1a: Landorus-Therian|[msg]","|","|turn|16","|","|switch|p2a: Rotom-Wash|Rotom-Wash, shiny|237/304","|move|p1a: Landorus-Therian|Stone Edge|p2a: Rotom-Wash","|-damage|p2a: Rotom-Wash|109/304","|","|-heal|p2a: Rotom-Wash|128/304|[from] item: Leftovers","|turn|17","|","|switch|p1a: Xatu|Xatu, M|147/334","|move|p2a: Rotom-Wash|Will-O-Wisp|p1a: Xatu","|move|p1a: Xatu|Will-O-Wisp|p2a: Rotom-Wash|[from]Magic Bounce","|-status|p2a: Rotom-Wash|brn","|","|-heal|p1a: Xatu|167/334|[from] item: Leftovers","|-heal|p2a: Rotom-Wash|147/304 brn|[from] item: Leftovers","|-damage|p2a: Rotom-Wash|109/304 brn|[from] brn","|turn|18","|","|move|p1a: Xatu|Roost|p1a: Xatu","|-heal|p1a: Xatu|334/334","|move|p2a: Rotom-Wash|Hydro Pump|p1a: Xatu","|-damage|p1a: Xatu|204/334","|","|-heal|p1a: Xatu|224/334|[from] item: Leftovers","|-heal|p2a: Rotom-Wash|128/304 brn|[from] item: Leftovers","|-damage|p2a: Rotom-Wash|90/304 brn|[from] brn","|turn|19","|","|move|p1a: Xatu|Light Screen|p1a: Xatu","|-sidestart|p1: Merciless Marx|move: Light Screen","|move|p2a: Rotom-Wash|Volt Switch|p1a: Xatu","|-supereffective|p1a: Xatu","|-damage|p1a: Xatu|143/334","|","|switch|p2a: Electivire|Electivire, F|204/291","|","|-heal|p1a: Xatu|163/334|[from] item: Leftovers","|turn|20","|","|move|p2a: Electivire|Ice Punch|p1a: Xatu","|-supereffective|p1a: Xatu","|-damage|p1a: Xatu|0 fnt","|-damage|p2a: Electivire|175/291|[from] item: Life Orb","|faint|p1a: Xatu","|","|","|switch|p1a: Landorus-Therian|Landorus-Therian, M|111/319","|-ability|p1a: Landorus-Therian|Intimidate","|-unboost|p2a: Electivire|atk|1","|turn|21","|","|switch|p2a: Rotom-Wash|Rotom-Wash, shiny|90/304 brn","|move|p1a: Landorus-Therian|Earthquake|p2a: Rotom-Wash","|-immune|p2a: Rotom-Wash|[msg]","|","|-heal|p2a: Rotom-Wash|109/304 brn|[from] item: Leftovers","|-damage|p2a: Rotom-Wash|71/304 brn|[from] brn","|turn|22","|","|switch|p1a: Pidgeot|Pidgeot-Mega, F|307/307","|move|p2a: Rotom-Wash|Will-O-Wisp|p1a: Pidgeot","|-status|p1a: Pidgeot|brn","|","|-heal|p2a: Rotom-Wash|90/304 brn|[from] item: Leftovers","|-damage|p1a: Pidgeot|269/307 brn|[from] brn","|-damage|p2a: Rotom-Wash|52/304 brn|[from] brn","|turn|23","|","|move|p1a: Pidgeot|Hurricane|p2a: Rotom-Wash","|-resisted|p2a: Rotom-Wash","|-damage|p2a: Rotom-Wash|0 fnt","|faint|p2a: Rotom-Wash","|","|-damage|p1a: Pidgeot|231/307 brn|[from] brn","|-sideend|p1: Merciless Marx|move: Light Screen","|","|switch|p2a: Ampharos|Ampharos, F, shiny|321/321","|turn|24","|","|detailschange|p2a: Ampharos|Ampharos-Mega, F, shiny","|-mega|p2a: Ampharos|Ampharos|Ampharosite","|-ability|p2a: Ampharos|Mold Breaker","|move|p1a: Pidgeot|Hurricane|p2a: Ampharos","|-resisted|p2a: Ampharos","|-damage|p2a: Ampharos|237/321","|move|p2a: Ampharos|Dragon Pulse|p1a: Pidgeot","|-damage|p1a: Pidgeot|0 fnt","|faint|p1a: Pidgeot","|","|","|switch|p1a: Landorus-Therian|Landorus-Therian, M|111/319","|-ability|p1a: Landorus-Therian|Intimidate","|-unboost|p2a: Ampharos|atk|1","|turn|25","|","|switch|p2a: Zapdos|Zapdos|252/384","|-ability|p2a: Zapdos|Pressure","|move|p1a: Landorus-Therian|Stone Edge|p2a: Zapdos","|-supereffective|p2a: Zapdos","|-damage|p2a: Zapdos|0 fnt","|faint|p2a: Zapdos","|","|","|switch|p2a: Magnezone|Magnezone, shiny|226/281","|turn|26","|","|switch|p1a: Skarmory|Skarmory, M|333/333","|move|p2a: Magnezone|Flash Cannon|p1a: Skarmory","|-resisted|p1a: Skarmory","|-damage|p1a: Skarmory|240/333","|","|turn|27","|","|move|p2a: Magnezone|Flash Cannon|p1a: Skarmory","|-resisted|p1a: Skarmory","|-damage|p1a: Skarmory|138/333","|move|p1a: Skarmory|Stealth Rock|p2a: Magnezone","|-sidestart|p2: emforbes|move: Stealth Rock","|","|turn|28","|","|move|p2a: Magnezone|Flash Cannon|p1a: Skarmory","|-resisted|p1a: Skarmory","|-damage|p1a: Skarmory|36/333","|move|p1a: Skarmory|Roost|p1a: Skarmory","|-heal|p1a: Skarmory|203/333","|","|turn|29","|","|switch|p2a: Thundurus|Thundurus, M|299/299","|-damage|p2a: Thundurus|225/299|[from] Stealth Rock","|move|p1a: Skarmory|Roost|p1a: Skarmory","|-heal|p1a: Skarmory|333/333","|","|turn|30","|","|move|p2a: Thundurus|Hidden Power|p1a: Skarmory","|-crit|p1a: Skarmory","|-damage|p1a: Skarmory|150/333","|-damage|p2a: Thundurus|196/299|[from] item: Life Orb","|move|p1a: Skarmory|Roost|p1a: Skarmory","|-heal|p1a: Skarmory|317/333","|","|turn|31","|","|move|p2a: Thundurus|Thunderbolt|p1a: Skarmory","|-supereffective|p1a: Skarmory","|-damage|p1a: Skarmory|0 fnt","|-damage|p2a: Thundurus|167/299|[from] item: Life Orb","|faint|p1a: Skarmory","|","|","|switch|p1a: Landorus-Therian|Landorus-Therian, M|111/319","|-ability|p1a: Landorus-Therian|Intimidate","|-unboost|p2a: Thundurus|atk|1","|turn|32","|","|move|p1a: Landorus-Therian|Knock Off|p2a: Thundurus","|-damage|p2a: Thundurus|1/299","|-enditem|p2a: Thundurus|Life Orb|[from] move: Knock Off|[of] p1a: Landorus-Therian","|move|p2a: Thundurus|Hidden Power|p1a: Landorus-Therian","|-supereffective|p1a: Landorus-Therian","|-damage|p1a: Landorus-Therian|0 fnt","|faint|p1a: Landorus-Therian","|","|","|switch|p1a: Gyarados|Gyarados, F|230/331","|-ability|p1a: Gyarados|Intimidate","|-unboost|p2a: Thundurus|atk|1","|turn|33","|","|move|p2a: Thundurus|Thunderbolt|p1a: Gyarados","|-supereffective|p1a: Gyarados","|-damage|p1a: Gyarados|0 fnt","|faint|p1a: Gyarados","|","|win|emforbes"],"p1rating":{"entryid":"7565564","serverid":"eos","formatid":"monotype","userid":"mercilessmarx","username":"Merciless Marx","w":"5","l":2,"t":"0","gxe":60.7,"r":"1563.102404145","rd":"106.67300213107","sigma":"0","rptime":"1439370000","rpr":1584.528154133,"rprd":95.113354696883,"rpsigma":"0","acre":1146.5606852968,"lacre":1146.5606852968,"oldacre":"1160.7258334846"},"p2rating":{"entryid":"7537626","serverid":"eos","formatid":"monotype","userid":"emforbes","username":"emforbes","w":24,"l":"8","t":"0","gxe":66.5,"r":"1622.7475313657","rd":"59.375915355489","sigma":"0","rptime":"1439370000","rpr":1630.608993031,"rprd":58.632421831281,"rpsigma":"0","acre":1333.2917482935,"lacre":1333.2917482935,"oldacre":"1321.9596297432"},"endType":"normal"}