{"seed":[64900,58527,65518,15084],"turns":27,"p1":"piiiiichu","p2":"WitchOfCaldia","p1team":[{"name":"Klefki","species":"Klefki","item":"lightclay","ability":"Prankster","moves":["lightscreen","reflect","thunderwave","foulplay"],"nature":"Bold","evs":{"hp":248,"atk":0,"def":252,"spa":0,"spd":8,"spe":0},"ivs":{"hp":31,"atk":31,"def":31,"spa":31,"spd":31,"spe":31}},{"name":"Sylveon","species":"Sylveon","item":"choicespecs","ability":"Pixilate","moves":["hypervoice","psyshock","hiddenpowerground","batonpass"],"nature":"Modest","evs":{"hp":64,"atk":0,"def":0,"spa":252,"spd":0,"spe":192},"ivs":{"hp":31,"atk":31,"def":31,"spa":30,"spd":30,"spe":31},"shiny":true},{"name":"Diancie","species":"Diancie","item":"diancite","ability":"Clear Body","moves":["rockpolish","moonblast","diamondstorm","earthpower"],"nature":"Rash","evs":{"hp":44,"atk":32,"def":0,"spa":252,"spd":0,"spe":180},"ivs":{"hp":31,"atk":31,"def":31,"spa":31,"spd":31,"spe":31}},{"name":"Azumarill","species":"Azumarill","item":"sitrusberry","ability":"Huge Power","moves":["bellydrum","aquajet","playrough","knockoff"],"nature":"Adamant","evs":{"hp":92,"atk":252,"def":0,"spa":0,"spd":0,"spe":164},"shiny":true,"ivs":{"hp":31,"atk":31,"def":31,"spa":31,"spd":31,"spe":31}},{"name":"Togekiss","species":"Togekiss","item":"leftovers","ability":"Serene Grace","moves":["nastyplot","airslash","thunderwave","roost"],"nature":"Timid","evs":{"hp":248,"atk":0,"def":76,"spa":0,"spd":8,"spe":176},"ivs":{"hp":31,"atk":31,"def":31,"spa":31,"spd":31,"spe":31}},{"name":"Clefable","species":"Clefable","item":"leftovers","ability":"Unaware","moves":["stealthrock","moonblast","moonlight","fireblast"],"nature":"Bold","evs":{"hp":252,"atk":0,"def":172,"spa":0,"spd":84,"spe":0},"ivs":{"hp":31,"atk":0,"def":31,"spa":31,"spd":31,"spe":31}}],"p2team":[{"name":"Garchomp","species":"Garchomp","item":"lifeorb","ability":"Rough Skin","moves":["stealthrock","dracometeor","earthquake","fireblast"],"nature":"Naive","evs":{"hp":0,"atk":4,"def":0,"spa":252,"spd":0,"spe":252},"ivs":{"hp":31,"atk":31,"def":31,"spa":31,"spd":31,"spe":31}},{"name":"Dragonite","species":"Dragonite","item":"choiceband","ability":"Multiscale","moves":["outrage","extremespeed","firepunch","earthquake"],"nature":"Adamant","evs":{"hp":4,"atk":252,"def":0,"spa":0,"spd":0,"spe":252},"ivs":{"hp":31,"atk":31,"def":31,"spa":31,"spd":31,"spe":31}},{"name":"Altaria","species":"Altaria","item":"choicespecs","ability":"Natural Cure","moves":["dracometeor","fireblast","dragonpulse","rest"],"nature":"Modest","evs":{"hp":0,"atk":0,"def":0,"spa":252,"spd":4,"spe":252},"ivs":{"hp":31,"atk":31,"def":31,"spa":31,"spd":31,"spe":31}},{"name":"Dragalge","species":"Dragalge","item":"dracoplate","ability":"Adaptability","moves":["dracometeor","sludgewave","focusblast","toxicspikes"],"nature":"Modest","evs":{"hp":228,"atk":0,"def":0,"spa":252,"spd":0,"spe":28},"ivs":{"hp":31,"atk":31,"def":31,"spa":31,"spd":31,"spe":31}},{"name":"Flygon","species":"Flygon","item":"choicescarf","ability":"Levitate","moves":["outrage","earthquake","uturn","defog"],"nature":"Adamant","evs":{"hp":0,"atk":252,"def":4,"spa":0,"spd":0,"spe":252},"ivs":{"hp":31,"atk":31,"def":31,"spa":31,"spd":31,"spe":31}},{"name":"Hydreigon","species":"Hydreigon","item":"choicescarf","ability":"Levitate","moves":["dracometeor","darkpulse","fireblast","uturn"],"nature":"Timid","evs":{"hp":0,"atk":0,"def":0,"spa":252,"spd":4,"spe":252},"ivs":{"hp":31,"atk":31,"def":31,"spa":31,"spd":31,"spe":31}}],"log":["|player|p1|piiiiichu|piiiiichu.png","|player|p2|WitchOfCaldia|260","|gametype|singles","|gen|6","|tier|Monotype","|rated","|rule|Baton Pass Clause: Limit one Baton Passer, can't pass Spe and other stats simultaneously","|rule|Swagger Clause: Swagger is banned","|rule|Same Type Clause: Pokémon in a team must share a type","|clearpoke","|poke|p1|Klefki, M","|poke|p1|Sylveon, M, shiny","|poke|p1|Diancie","|poke|p1|Azumarill, F, shiny","|poke|p1|Togekiss, M","|poke|p1|Clefable, M","|poke|p2|Garchomp, F","|poke|p2|Dragonite, F","|poke|p2|Altaria, M","|poke|p2|Dragalge, M","|poke|p2|Flygon, F","|poke|p2|Hydreigon, M","|rule|Sleep Clause Mod: Limit one foe put to sleep","|rule|Species Clause: Limit one of each Pokémon","|rule|OHKO Clause: OHKO moves are banned","|rule|Moody Clause: Moody is banned","|rule|Evasion Moves Clause: Evasion moves are banned","|rule|Endless Battle Clause: Forcing endless battles is banned","|rule|HP Percentage Mod: HP is shown in percentages","|teampreview","|","|start","|switch|p1a: Clefable|Clefable, M|394/394","|switch|p2a: Dragalge|Dragalge, M|328/328","|turn|1","|","|switch|p1a: Klefki|Klefki, M|317/317","|move|p2a: Dragalge|Toxic Spikes|p1a: Klefki","|-sidestart|p1: piiiiichu|move: Toxic Spikes","|","|turn|2","|","|move|p1a: Klefki|Light Screen|p1a: Klefki","|-sidestart|p1: piiiiichu|move: Light Screen","|move|p2a: Dragalge|Toxic Spikes|p1a: Klefki","|-sidestart|p1: piiiiichu|move: Toxic Spikes","|","|turn|3","|","|move|p1a: Klefki|Thunder Wave|p2a: Dragalge","|-status|p2a: Dragalge|par","|cant|p2a: Dragalge|par","|","|turn|4","|","|switch|p1a: Clefable|Clefable, M|394/394","|-status|p1a: Clefable|tox","|cant|p2a: Dragalge|par","|","|-damage|p1a: Clefable|370/394 tox|[from] psn","|turn|5","|","|move|p1a: Clefable|Stealth Rock|p2a: Dragalge","|-sidestart|p2: WitchOfCaldia|move: Stealth Rock","|move|p2a: Dragalge|Sludge Wave|p1a: Clefable","|-supereffective|p1a: Clefable","|-damage|p1a: Clefable|172/394 tox","|","|-heal|p1a: Clefable|196/394 tox|[from] item: Leftovers","|-damage|p1a: Clefable|148/394 tox|[from] psn","|turn|6","|","|move|p1a: Clefable|Moonblast|p2a: Dragalge","|-damage|p2a: Dragalge|232/328 par","|cant|p2a: Dragalge|par","|","|-heal|p1a: Clefable|172/394 tox|[from] item: Leftovers","|-damage|p1a: Clefable|100/394 tox|[from] psn","|turn|7","|","|switch|p1a: Klefki|Klefki, M|317/317","|move|p2a: Dragalge|Sludge Wave|p1a: Klefki","|-immune|p1a: Klefki|[msg]","|","|turn|8","|","|move|p1a: Klefki|Foul Play|p2a: Dragalge","|-damage|p2a: Dragalge|170/328 par","|move|p2a: Dragalge|Focus Blast|p1a: Klefki|[miss]","|-miss|p2a: Dragalge|p1a: Klefki","|","|turn|9","|","|move|p1a: Klefki|Foul Play|p2a: Dragalge","|-damage|p2a: Dragalge|107/328 par","|move|p2a: Dragalge|Focus Blast|p1a: Klefki","|-damage|p1a: Klefki|250/317","|","|-sideend|p1: piiiiichu|move: Light Screen","|turn|10","|","|move|p1a: Klefki|Light Screen|p1a: Klefki","|-sidestart|p1: piiiiichu|move: Light Screen","|move|p2a: Dragalge|Focus Blast|p1a: Klefki|[miss]","|-miss|p2a: Dragalge|p1a: Klefki","|","|turn|11","|","|move|p1a: Klefki|Foul Play|p2a: Dragalge","|-damage|p2a: Dragalge|53/328 par","|move|p2a: Dragalge|Focus Blast|p1a: Klefki|[miss]","|-miss|p2a: Dragalge|p1a: Klefki","|","|turn|12","|","|move|p1a: Klefki|Reflect|p1a: Klefki","|-sidestart|p1: piiiiichu|Reflect","|move|p2a: Dragalge|Toxic Spikes|p1a: Klefki","|-fail|p1a: Klefki","|","|turn|13","|","|move|p1a: Klefki|Foul Play|p2a: Dragalge","|-damage|p2a: Dragalge|0 fnt","|faint|p2a: Dragalge","|","|","|switch|p2a: Flygon|Flygon, F|301/301","|-damage|p2a: Flygon|283/301|[from] Stealth Rock","|turn|14","|","|switch|p1a: Togekiss|Togekiss, M|373/373","|move|p2a: Flygon|U-turn|p1a: Togekiss","|-resisted|p1a: Togekiss","|-damage|p1a: Togekiss|364/373","|","|switch|p2a: Dragonite|Dragonite, F|324/324","|-damage|p2a: Dragonite|243/324|[from] Stealth Rock","|","|-heal|p1a: Togekiss|373/373|[from] item: Leftovers","|turn|15","|","|move|p2a: Dragonite|Extreme Speed|p1a: Togekiss","|-damage|p1a: Togekiss|295/373","|move|p1a: Togekiss|Thunder Wave|p2a: Dragonite","|-status|p2a: Dragonite|par","|","|-heal|p1a: Togekiss|318/373|[from] item: Leftovers","|turn|16","|","|cant|p2a: Dragonite|par","|move|p1a: Togekiss|Nasty Plot|p1a: Togekiss","|-boost|p1a: Togekiss|spa|2","|","|-heal|p1a: Togekiss|341/373|[from] item: Leftovers","|turn|17","|","|cant|p2a: Dragonite|par","|move|p1a: Togekiss|Air Slash|p2a: Dragonite","|-damage|p2a: Dragonite|50/324 par","|","|-heal|p1a: Togekiss|364/373|[from] item: Leftovers","|-sideend|p1: piiiiichu|move: Light Screen","|turn|18","|","|move|p2a: Dragonite|Extreme Speed|p1a: Togekiss","|-damage|p1a: Togekiss|289/373","|move|p1a: Togekiss|Air Slash|p2a: Dragonite","|-damage|p2a: Dragonite|0 fnt","|faint|p2a: Dragonite","|","|-heal|p1a: Togekiss|312/373|[from] item: Leftovers","|","|switch|p2a: Garchomp|Garchomp, F|357/357","|-damage|p2a: Garchomp|335/357|[from] Stealth Rock","|turn|19","|","|move|p2a: Garchomp|Fire Blast|p1a: Togekiss","|-damage|p1a: Togekiss|195/373","|-damage|p2a: Garchomp|300/357|[from] item: Life Orb","|move|p1a: Togekiss|Air Slash|p2a: Garchomp","|-damage|p2a: Garchomp|44/357","|","|-heal|p1a: Togekiss|218/373|[from] item: Leftovers","|-sideend|p1: piiiiichu|Reflect","|turn|20","|","|switch|p1a: Klefki|Klefki, M|250/317","|move|p2a: Garchomp|Fire Blast|p1a: Klefki","|-supereffective|p1a: Klefki","|-damage|p1a: Klefki|0 fnt","|-damage|p2a: Garchomp|9/357|[from] item: Life Orb","|faint|p1a: Klefki","|","|","|switch|p1a: Azumarill|Azumarill, F, shiny|364/364","|-status|p1a: Azumarill|tox","|turn|21","|","|move|p1a: Azumarill|Aqua Jet|p2a: Garchomp","|-damage|p2a: Garchomp|0 fnt","|-damage|p1a: Azumarill|319/364 tox|[from] ability: Rough Skin|[of] p2a: Garchomp","|faint|p2a: Garchomp","|","|-damage|p1a: Azumarill|297/364 tox|[from] psn","|","|switch|p2a: Altaria|Altaria, M|291/291","|-damage|p2a: Altaria|219/291|[from] Stealth Rock","|turn|22","|","|move|p2a: Altaria|Fire Blast|p1a: Azumarill","|-resisted|p1a: Azumarill","|-damage|p1a: Azumarill|208/364 tox","|move|p1a: Azumarill|Play Rough|p2a: Altaria","|-supereffective|p2a: Altaria","|-damage|p2a: Altaria|0 fnt","|faint|p2a: Altaria","|","|-damage|p1a: Azumarill|164/364 tox|[from] psn","|-enditem|p1a: Azumarill|Sitrus Berry|[eat]","|-heal|p1a: Azumarill|255/364 tox|[from] item: Sitrus Berry","|","|switch|p2a: Flygon|Flygon, F|283/301","|-damage|p2a: Flygon|265/301|[from] Stealth Rock","|turn|23","|","|switch|p1a: Clefable|Clefable, M|100/394 tox","|move|p2a: Flygon|U-turn|p1a: Clefable","|-resisted|p1a: Clefable","|-damage|p1a: Clefable|64/394 tox","|","|switch|p2a: Hydreigon|Hydreigon, M|325/325","|-damage|p2a: Hydreigon|285/325|[from] Stealth Rock","|","|-heal|p1a: Clefable|88/394 tox|[from] item: Leftovers","|-damage|p1a: Clefable|64/394 tox|[from] psn","|turn|24","|","|move|p2a: Hydreigon|Dark Pulse|p1a: Clefable","|-resisted|p1a: Clefable","|-damage|p1a: Clefable|0 fnt","|faint|p1a: Clefable","|","|","|switch|p1a: Diancie|Diancie|252/252","|-status|p1a: Diancie|tox","|turn|25","|","|detailschange|p1a: Diancie|Diancie-Mega","|-mega|p1a: Diancie|Diancie|Diancite","|move|p2a: Hydreigon|Dark Pulse|p1a: Diancie","|-resisted|p1a: Diancie","|-damage|p1a: Diancie|187/252 tox","|move|p1a: Diancie|Rock Polish|p1a: Diancie","|-boost|p1a: Diancie|spe|2","|","|-damage|p1a: Diancie|172/252 tox|[from] psn","|turn|26","|","|move|p1a: Diancie|Moonblast|p2a: Hydreigon","|-supereffective|p2a: Hydreigon","|-damage|p2a: Hydreigon|0 fnt","|faint|p2a: Hydreigon","|","|-damage|p1a: Diancie|142/252 tox|[from] psn","|","|switch|p2a: Flygon|Flygon, F|265/301","|-damage|p2a: Flygon|247/301|[from] Stealth Rock","|turn|27","|","|move|p1a: Diancie|Moonblast|p2a: Flygon","|-supereffective|p2a: Flygon","|-damage|p2a: Flygon|0 fnt","|faint|p2a: Flygon","|","|win|piiiiichu"],"p1rating":{"entryid":"7542212","serverid":"eos","formatid":"monotype","userid":"piiiiichu","username":"piiiiichu","w":12,"l":"0","t":"0","gxe":75.8,"r":"1705.6229338865","rd":"87.774486282954","sigma":"0","rptime":"1439370000","rpr":1721.0869722134,"rprd":84.666391687898,"rpsigma":"0","acre":1286.0437600767,"lacre":1286.0437600767,"oldacre":"1271.4894100596"},"p2rating":{"entryid":"7188337","serverid":"eos","formatid":"monotype","userid":"witchofcaldia","username":"WitchofCaldia","w":"35","l":61,"t":"0","gxe":37.6,"r":"1395.162940524","rd":"40.324409519714","sigma":"0","rptime":"1439370000","rpr":1404.5289477972,"rprd":39.718560576811,"rpsigma":"0","acre":1102.3070082152,"lacre":1102.3070082152,"oldacre":"1116.8613582323"},"endType":"normal"}