{"seed":[9063,1767,47206,10898],"turns":26,"p1":"Kre8noyz","p2":"GTX♅Bzumzum","p1team":[{"name":"Swampert","species":"Swampert","item":"focussash","ability":"Damp","moves":["earthquake","brickbreak","icepunch","counter"],"nature":"Impish","evs":{"hp":8,"atk":252,"def":0,"spa":0,"spd":0,"spe":248},"happiness":0,"ivs":{"hp":31,"atk":31,"def":31,"spa":31,"spd":31,"spe":31}},{"name":"Starmie","species":"Starmie","item":"leftovers","ability":"Natural Cure","moves":["rapidspin","signalbeam","psychic","reflecttype"],"nature":"Timid","evs":{"hp":0,"atk":0,"def":4,"spa":188,"spd":64,"spe":252},"ivs":{"hp":31,"atk":31,"def":31,"spa":31,"spd":31,"spe":31}},{"name":"Keldeo-Resolute","species":"Keldeo-Resolute","item":"leftovers","ability":"Justified","moves":["surf","secretsword","hiddenpowerflying","calmmind"],"nature":"Timid","evs":{"hp":0,"atk":4,"def":0,"spa":252,"spd":0,"spe":252},"ivs":{"hp":30,"atk":30,"def":30,"spa":30,"spd":30,"spe":31}},{"name":"Politoed","species":"Politoed","item":"leftovers","ability":"Drizzle","moves":["endeavor","hypnosis","perishsong","scald"],"nature":"","evs":{"hp":0,"atk":0,"def":252,"spa":0,"spd":252,"spe":4},"ivs":{"hp":31,"atk":31,"def":31,"spa":31,"spd":31,"spe":31}},{"name":"Lapras","species":"Lapras","item":"leftovers","ability":"Hydration","moves":["raindance","confuseray","freezedry","surf"],"nature":"Timid","evs":{"hp":0,"atk":0,"def":4,"spa":252,"spd":0,"spe":252},"ivs":{"hp":31,"atk":31,"def":31,"spa":31,"spd":31,"spe":31}},{"name":"Kingdra","species":"Kingdra","item":"lifeorb","ability":"Swift Swim","moves":["clearsmog","dragonpulse","scald","raindance"],"nature":"","evs":{"hp":4,"atk":0,"def":0,"spa":252,"spd":0,"spe":252},"ivs":{"hp":31,"atk":31,"def":31,"spa":31,"spd":31,"spe":31}}],"p2team":[{"name":"Elec","species":"manectric","item":"manectite","ability":"Lightning Rod","moves":["thunderbolt","hiddenpowergrass","voltswitch","overheat"],"nature":"Timid","evs":{"hp":0,"atk":0,"def":0,"spa":252,"spd":4,"spe":252},"gender":"M","ivs":{"hp":31,"atk":30,"def":31,"spa":30,"spd":31,"spe":31}},{"name":"Water-Safe","species":"rotomwash","item":"chestoberry","ability":"Levitate","moves":["hydropump","hiddenpowerice","willowisp","rest"],"nature":"Bold","evs":{"hp":236,"atk":0,"def":96,"spa":16,"spd":160,"spe":0},"ivs":{"hp":31,"atk":30,"def":30,"spa":31,"spd":31,"spe":31},"shiny":true},{"name":"MY ZONE!!!","species":"magnezone","item":"choicespecs","ability":"Sturdy","moves":["hiddenpowerice","flashcannon","triattack","signalbeam"],"nature":"Modest","evs":{"hp":248,"atk":0,"def":0,"spa":252,"spd":8,"spe":0},"ivs":{"hp":31,"atk":30,"def":30,"spa":31,"spd":31,"spe":31},"shiny":true},{"name":"Thundernor","species":"eelektross","item":"leftovers","ability":"Levitate","moves":["coil","drainpunch","knockoff","uturn"],"nature":"Adamant","evs":{"hp":252,"atk":252,"def":0,"spa":0,"spd":0,"spe":4},"gender":"M","shiny":true,"ivs":{"hp":31,"atk":31,"def":31,"spa":31,"spd":31,"spe":31}},{"name":"Zapz","species":"zapdos","item":"leftovers","ability":"Pressure","moves":["heatwave","roost","extrasensory","defog"],"nature":"Modest","evs":{"hp":252,"atk":0,"def":0,"spa":252,"spd":4,"spe":0},"shiny":true,"ivs":{"hp":31,"atk":31,"def":31,"spa":31,"spd":31,"spe":31}},{"name":"Thundurus","species":"Thundurus","item":"safetygoggles","ability":"Prankster","moves":["torment","healblock","uturn","raindance"],"nature":"Impish","evs":{"hp":252,"atk":0,"def":124,"spa":0,"spd":124,"spe":8},"shiny":true,"ivs":{"hp":31,"atk":31,"def":31,"spa":31,"spd":31,"spe":31}}],"log":["|player|p1|Kre8noyz|163","|player|p2|GTX♅Bzumzum|225","|gametype|singles","|gen|6","|tier|Monotype","|rated","|rule|Baton Pass Clause: Limit one Baton Passer, can't pass Spe and other stats simultaneously","|rule|Swagger Clause: Swagger is banned","|rule|Same Type Clause: Pokémon in a team must share a type","|clearpoke","|poke|p1|Swampert, F","|poke|p1|Starmie","|poke|p1|Keldeo-Resolute","|poke|p1|Politoed, M","|poke|p1|Lapras, F","|poke|p1|Kingdra, F","|poke|p2|Manectric, M","|poke|p2|Rotom-Wash, shiny","|poke|p2|Magnezone, shiny","|poke|p2|Eelektross, M, shiny","|poke|p2|Zapdos, shiny","|poke|p2|Thundurus, M, shiny","|rule|Sleep Clause Mod: Limit one foe put to sleep","|rule|Species Clause: Limit one of each Pokémon","|rule|OHKO Clause: OHKO moves are banned","|rule|Moody Clause: Moody is banned","|rule|Evasion Moves Clause: Evasion moves are banned","|rule|Endless Battle Clause: Forcing endless battles is banned","|rule|HP Percentage Mod: HP is shown in percentages","|teampreview","|","|start","|switch|p1a: Politoed|Politoed, M|321/321","|switch|p2a: Thundernor|Eelektross, M, shiny|374/374","|-weather|RainDance","|turn|1","|","|move|p1a: Politoed|Hypnosis|p2a: Thundernor|[miss]","|-miss|p1a: Politoed|p2a: Thundernor","|move|p2a: Thundernor|Coil|p2a: Thundernor","|-boost|p2a: Thundernor|atk|1","|-boost|p2a: Thundernor|def|1","|-boost|p2a: Thundernor|accuracy|1","|","|-weather|RainDance|[upkeep]","|turn|2","|","|move|p1a: Politoed|Perish Song|p1a: Politoed","|-start|p1a: Politoed|perish3|[silent]","|-start|p2a: Thundernor|perish3|[silent]","|-fieldactivate|move: Perish Song","|move|p2a: Thundernor|Coil|p2a: Thundernor","|-boost|p2a: Thundernor|atk|1","|-boost|p2a: Thundernor|def|1","|-boost|p2a: Thundernor|accuracy|1","|","|-start|p1a: Politoed|perish3","|-start|p2a: Thundernor|perish3","|-weather|RainDance|[upkeep]","|turn|3","|","|move|p1a: Politoed|Scald|p2a: Thundernor","|-damage|p2a: Thundernor|209/374","|move|p2a: Thundernor|U-turn|p1a: Politoed","|-damage|p1a: Politoed|162/321","|","|switch|p2a: Water-Safe|Rotom-Wash, shiny|300/300","|","|-start|p1a: Politoed|perish2","|-weather|RainDance|[upkeep]","|-heal|p1a: Politoed|182/321|[from] item: Leftovers","|turn|4","|","|move|p2a: Water-Safe|Will-O-Wisp|p1a: Politoed","|-status|p1a: Politoed|brn","|move|p1a: Politoed|Hypnosis|p2a: Water-Safe","|-status|p2a: Water-Safe|slp","|-enditem|p2a: Water-Safe|Chesto Berry|[eat]","|-curestatus|p2a: Water-Safe|slp","|","|-start|p1a: Politoed|perish1","|-weather|RainDance|[upkeep]","|-heal|p1a: Politoed|202/321 brn|[from] item: Leftovers","|-damage|p1a: Politoed|162/321 brn|[from] brn","|turn|5","|","|switch|p1a: Lapras|Lapras, F|401/401","|move|p2a: Water-Safe|Hidden Power|p1a: Lapras","|-crit|p1a: Lapras","|-resisted|p1a: Lapras","|-damage|p1a: Lapras|381/401","|","|-weather|none","|-heal|p1a: Lapras|401/401|[from] item: Leftovers","|turn|6","|","|move|p1a: Lapras|Freeze-Dry|p2a: Water-Safe","|-supereffective|p2a: Water-Safe","|-damage|p2a: Water-Safe|136/300","|move|p2a: Water-Safe|Will-O-Wisp|p1a: Lapras","|-status|p1a: Lapras|brn","|","|-damage|p1a: Lapras|351/401 brn|[from] brn","|turn|7","|","|switch|p2a: Thundernor|Eelektross, M, shiny|209/374","|move|p1a: Lapras|Freeze-Dry|p2a: Thundernor","|-damage|p2a: Thundernor|94/374","|","|-heal|p1a: Lapras|376/401 brn|[from] item: Leftovers","|-heal|p2a: Thundernor|117/374|[from] item: Leftovers","|-damage|p1a: Lapras|326/401 brn|[from] brn","|turn|8","|","|move|p1a: Lapras|Rain Dance|p1a: Lapras","|-weather|RainDance","|move|p2a: Thundernor|Drain Punch|p1a: Lapras","|-supereffective|p1a: Lapras","|-damage|p1a: Lapras|126/401 brn","|-heal|p2a: Thundernor|217/374|[from] drain|[of] p1a: Lapras","|","|-weather|RainDance|[upkeep]","|-curestatus|p1a: Lapras|brn","|-heal|p1a: Lapras|151/401|[from] item: Leftovers","|-heal|p2a: Thundernor|240/374|[from] item: Leftovers","|turn|9","|","|move|p1a: Lapras|Surf|p2a: Thundernor","|-damage|p2a: Thundernor|21/374","|move|p2a: Thundernor|Coil|p2a: Thundernor","|-boost|p2a: Thundernor|atk|1","|-boost|p2a: Thundernor|def|1","|-boost|p2a: Thundernor|accuracy|1","|","|-weather|RainDance|[upkeep]","|-heal|p1a: Lapras|176/401|[from] item: Leftovers","|-heal|p2a: Thundernor|44/374|[from] item: Leftovers","|turn|10","|","|move|p1a: Lapras|Freeze-Dry|p2a: Thundernor","|-damage|p2a: Thundernor|0 fnt","|faint|p2a: Thundernor","|","|-weather|RainDance|[upkeep]","|-heal|p1a: Lapras|201/401|[from] item: Leftovers","|","|switch|p2a: Zapz|Zapdos, shiny|384/384","|-ability|p2a: Zapz|Pressure","|turn|11","|","|move|p1a: Lapras|Freeze-Dry|p2a: Zapz","|-supereffective|p2a: Zapz","|-damage|p2a: Zapz|180/384","|move|p2a: Zapz|Heat Wave|p1a: Lapras","|-damage|p1a: Lapras|139/401","|","|-weather|RainDance|[upkeep]","|-heal|p1a: Lapras|164/401|[from] item: Leftovers","|-heal|p2a: Zapz|204/384|[from] item: Leftovers","|turn|12","|","|switch|p2a: Water-Safe|Rotom-Wash, shiny|136/300","|move|p1a: Lapras|Freeze-Dry|p2a: Water-Safe","|-crit|p2a: Water-Safe","|-supereffective|p2a: Water-Safe","|-damage|p2a: Water-Safe|0 fnt","|faint|p2a: Water-Safe","|","|-weather|none","|-heal|p1a: Lapras|189/401|[from] item: Leftovers","|","|switch|p2a: Elec|Manectric, M|281/281","|turn|13","|","|switch|p1a: Swampert|Swampert, F|343/343","|detailschange|p2a: Elec|Manectric-Mega, M","|-mega|p2a: Elec|Manectric|Manectite","|-ability|p2a: Elec|Intimidate","|-unboost|p1a: Swampert|atk|1","|move|p2a: Elec|Hidden Power|p1a: Swampert","|-supereffective|p1a: Swampert","|-damage|p1a: Swampert|35/343","|","|turn|14","|","|switch|p1a: Politoed|Politoed, M|162/321 brn","|-weather|RainDance","|move|p2a: Elec|Hidden Power|p1a: Politoed","|-supereffective|p1a: Politoed","|-damage|p1a: Politoed|38/321 brn","|","|-weather|RainDance|[upkeep]","|-heal|p1a: Politoed|58/321 brn|[from] item: Leftovers","|-damage|p1a: Politoed|18/321 brn|[from] brn","|turn|15","|","|move|p2a: Elec|Volt Switch|p1a: Politoed","|-supereffective|p1a: Politoed","|-damage|p1a: Politoed|0 fnt","|faint|p1a: Politoed","|","|switch|p2a: Thundurus|Thundurus, M, shiny|362/362","|","|-weather|RainDance|[upkeep]","|","|switch|p1a: Kingdra|Kingdra, F|292/292","|turn|16","|","|move|p2a: Thundurus|Torment|p1a: Kingdra","|-start|p1a: Kingdra|Torment","|move|p1a: Kingdra|Scald|p2a: Thundurus","|-damage|p2a: Thundurus|138/362","|-damage|p1a: Kingdra|263/292|[from] item: Life Orb","|","|-weather|RainDance|[upkeep]","|turn|17","|","|move|p1a: Kingdra|Dragon Pulse|p2a: Thundurus","|-damage|p2a: Thundurus|0 fnt","|-damage|p1a: Kingdra|234/292|[from] item: Life Orb","|faint|p2a: Thundurus","|","|-weather|RainDance|[upkeep]","|","|switch|p2a: Elec|Manectric-Mega, M|281/281","|-ability|p2a: Elec|Intimidate","|-unboost|p1a: Kingdra|atk|1","|turn|18","|","|move|p1a: Kingdra|Scald|p2a: Elec","|-damage|p2a: Elec|18/281","|-damage|p1a: Kingdra|205/292|[from] item: Life Orb","|move|p2a: Elec|Hidden Power|p1a: Kingdra","|-damage|p1a: Kingdra|129/292","|","|-weather|none","|turn|19","|","|move|p2a: Elec|Volt Switch|p1a: Kingdra","|-damage|p1a: Kingdra|0 fnt","|faint|p1a: Kingdra","|","|switch|p2a: MY ZONE!!!|Magnezone, shiny|343/343","|","|","|switch|p1a: Swampert|Swampert, F|35/343","|turn|20","|","|move|p1a: Swampert|Ice Punch|p2a: MY ZONE!!!","|-resisted|p2a: MY ZONE!!!","|-damage|p2a: MY ZONE!!!|307/343","|move|p2a: MY ZONE!!!|Tri Attack|p1a: Swampert","|-damage|p1a: Swampert|0 fnt","|faint|p1a: Swampert","|","|","|switch|p1a: Keldeo-Resolute|Keldeo-Resolute|322/322","|turn|21","|","|move|p1a: Keldeo-Resolute|Secret Sword|p2a: MY ZONE!!!","|-supereffective|p2a: MY ZONE!!!","|-damage|p2a: MY ZONE!!!|49/343","|move|p2a: MY ZONE!!!|Tri Attack|p1a: Keldeo-Resolute","|-damage|p1a: Keldeo-Resolute|136/322","|","|-heal|p1a: Keldeo-Resolute|156/322|[from] item: Leftovers","|turn|22","|","|switch|p2a: Zapz|Zapdos, shiny|204/384","|-ability|p2a: Zapz|Pressure","|move|p1a: Keldeo-Resolute|Surf|p2a: Zapz","|-damage|p2a: Zapz|15/384","|","|-heal|p1a: Keldeo-Resolute|176/322|[from] item: Leftovers","|-heal|p2a: Zapz|39/384|[from] item: Leftovers","|turn|23","|","|move|p1a: Keldeo-Resolute|Surf|p2a: Zapz","|-damage|p2a: Zapz|0 fnt","|faint|p2a: Zapz","|","|-heal|p1a: Keldeo-Resolute|196/322|[from] item: Leftovers","|","|switch|p2a: Elec|Manectric-Mega, M|18/281","|-ability|p2a: Elec|Intimidate","|-unboost|p1a: Keldeo-Resolute|atk|1","|turn|24","|","|move|p2a: Elec|Thunderbolt|p1a: Keldeo-Resolute","|-supereffective|p1a: Keldeo-Resolute","|-damage|p1a: Keldeo-Resolute|0 fnt","|faint|p1a: Keldeo-Resolute","|","|","|switch|p1a: Starmie|Starmie|261/261","|turn|25","|","|move|p2a: Elec|Thunderbolt|p1a: Starmie","|-supereffective|p1a: Starmie","|-damage|p1a: Starmie|0 fnt","|faint|p1a: Starmie","|","|","|switch|p1a: Lapras|Lapras, F|189/401","|turn|26","|","|move|p2a: Elec|Volt Switch|p1a: Lapras","|-supereffective|p1a: Lapras","|-damage|p1a: Lapras|0 fnt","|faint|p1a: Lapras","|","|win|GTX♅Bzumzum"],"p1rating":{"entryid":"6510480","serverid":"eos","formatid":"monotype","userid":"kre8noyz","username":"Kre8noyz","w":"44","l":62,"t":"0","gxe":41.8,"r":"1450.6753167543","rd":"39.188045084654","sigma":"0","rptime":"1439370000","rpr":1437.3968406847,"rprd":38.577263968461,"rpsigma":"0","acre":1040.4624300787,"lacre":1040.4624300787,"oldacre":"1058.8534035085"},"p2rating":{"entryid":"6857825","serverid":"eos","formatid":"monotype","userid":"gtxbzumzum","username":"GTX♅Bzumzum","w":32,"l":"112","t":"0","gxe":22.9,"r":"1260.5936387129","rd":"34.080063403311","sigma":"0","rptime":"1439370000","rpr":1270.8496171703,"rprd":33.881453593063,"rpsigma":"0","acre":1096.1861371713,"lacre":1096.1861371713,"oldacre":"1066.9195514958"},"endType":"normal"}