{"seed":[12932,56884,43977,5149],"turns":24,"p1":"Alliance - Mxy","p2":"Apex Bank","p1team":[{"name":"Beedrill","species":"Beedrill","item":"beedrillite","ability":"Swarm","moves":["uturn","poisonjab","knockoff","protect"],"nature":"Jolly","evs":{"hp":0,"atk":252,"def":0,"spa":0,"spd":4,"spe":252},"ivs":{"hp":31,"atk":31,"def":31,"spa":31,"spd":31,"spe":31}},{"name":"Weezing","species":"Weezing","item":"blacksludge","ability":"Levitate","moves":["fireblast","sludgewave","willowisp","painsplit"],"nature":"Bold","evs":{"hp":248,"atk":0,"def":252,"spa":8,"spd":0,"spe":0},"ivs":{"hp":31,"atk":0,"def":31,"spa":31,"spd":31,"spe":31}},{"name":"Roserade","species":"Roserade","item":"choicescarf","ability":"Natural Cure","moves":["leafstorm","dazzlinggleam","sludgebomb","aromatherapy"],"nature":"Timid","evs":{"hp":0,"atk":0,"def":0,"spa":252,"spd":4,"spe":252},"ivs":{"hp":31,"atk":0,"def":31,"spa":31,"spd":31,"spe":31}},{"name":"Gengar","species":"Gengar","item":"focussash","ability":"Levitate","moves":["shadowball","sludgewave","focusblast","destinybond"],"nature":"Timid","evs":{"hp":0,"atk":0,"def":0,"spa":252,"spd":4,"spe":252},"ivs":{"hp":31,"atk":0,"def":31,"spa":31,"spd":31,"spe":31}},{"name":"Skuntank","species":"Skuntank","item":"blackglasses","ability":"Aftermath","moves":["suckerpunch","pursuit","toxic","defog"],"nature":"Adamant","evs":{"hp":0,"atk":252,"def":0,"spa":0,"spd":0,"spe":252},"ivs":{"hp":31,"atk":31,"def":31,"spa":31,"spd":31,"spe":31}},{"name":"Nidoking","species":"Nidoking","item":"lifeorb","ability":"Sheer Force","moves":["earthquake","firepunch","icepunch","suckerpunch"],"nature":"Jolly","evs":{"hp":0,"atk":252,"def":0,"spa":0,"spd":4,"spe":252},"ivs":{"hp":31,"atk":0,"def":31,"spa":31,"spd":31,"spe":31}}],"p2team":[{"name":"Jirachi","species":"Jirachi","item":"leftovers","ability":"Serene Grace","moves":["thunderwave","ironhead","wish","stealthrock"],"nature":"Careful","evs":{"hp":252,"atk":0,"def":0,"spa":0,"spd":224,"spe":32},"ivs":{"hp":31,"atk":31,"def":31,"spa":31,"spd":31,"spe":31}},{"name":"Gardevoir","species":"Gardevoir","item":"gardevoirite","ability":"Trace","moves":["substitute","hypervoice","shadowball","psyshock"],"nature":"Timid","evs":{"hp":4,"atk":0,"def":0,"spa":252,"spd":0,"spe":252},"ivs":{"hp":31,"atk":30,"def":31,"spa":30,"spd":31,"spe":30}},{"name":"Slowbro","species":"Slowbro","item":"rockyhelmet","ability":"Regenerator","moves":["slackoff","scald","flamethrower","thunderwave"],"nature":"Bold","evs":{"hp":248,"atk":0,"def":252,"spa":8,"spd":0,"spe":0},"ivs":{"hp":31,"atk":31,"def":31,"spa":31,"spd":31,"spe":31}},{"name":"Victini","species":"Victini","item":"choicescarf","ability":"Victory Star","moves":["vcreate","boltstrike","uturn","zenheadbutt"],"nature":"Jolly","evs":{"hp":0,"atk":252,"def":0,"spa":0,"spd":4,"spe":252},"ivs":{"hp":31,"atk":31,"def":31,"spa":31,"spd":31,"spe":31}},{"name":"Hoopa-Unbound","species":"Hoopa-Unbound","item":"lifeorb","ability":"Magician","moves":["hyperspacefury","hyperspacehole","drainpunch","substitute"],"nature":"Lonely","evs":{"hp":252,"atk":252,"def":0,"spa":4,"spd":0,"spe":0},"ivs":{"hp":31,"atk":31,"def":31,"spa":31,"spd":31,"spe":31}},{"name":"Deoxys-Speed","species":"Deoxys-Speed","item":"lifeorb","ability":"Pressure","moves":["superpower","extremespeed","knockoff","psychoboost"],"nature":"Hasty","evs":{"hp":0,"atk":252,"def":0,"spa":4,"spd":0,"spe":252},"ivs":{"hp":31,"atk":31,"def":31,"spa":31,"spd":31,"spe":31}}],"log":["|player|p1|Alliance - Mxy|270","|player|p2|Apex Bank|mrnyannyanz.gif","|gametype|singles","|gen|6","|tier|Monotype","|rated","|rule|Baton Pass Clause: Limit one Baton Passer, can't pass Spe and other stats simultaneously","|rule|Swagger Clause: Swagger is banned","|rule|Same Type Clause: Pokémon in a team must share a type","|clearpoke","|poke|p1|Beedrill, F","|poke|p1|Weezing, F","|poke|p1|Roserade, M","|poke|p1|Gengar, F","|poke|p1|Skuntank, M","|poke|p1|Nidoking, M","|poke|p2|Jirachi","|poke|p2|Gardevoir, F","|poke|p2|Slowbro, M","|poke|p2|Victini","|poke|p2|Hoopa-Unbound","|poke|p2|Deoxys-Speed","|rule|Sleep Clause Mod: Limit one foe put to sleep","|rule|Species Clause: Limit one of each Pokémon","|rule|OHKO Clause: OHKO moves are banned","|rule|Moody Clause: Moody is banned","|rule|Evasion Moves Clause: Evasion moves are banned","|rule|Endless Battle Clause: Forcing endless battles is banned","|rule|HP Percentage Mod: HP is shown in percentages","|teampreview","|","|start","|switch|p1a: Skuntank|Skuntank, M|347/347","|switch|p2a: Victini|Victini|341/341","|turn|1","|","|switch|p1a: Weezing|Weezing, F|333/333","|move|p2a: Victini|V-create|p1a: Weezing","|-damage|p1a: Weezing|176/333","|-unboost|p2a: Victini|spe|1","|-unboost|p2a: Victini|def|1","|-unboost|p2a: Victini|spd|1","|","|-heal|p1a: Weezing|196/333|[from] item: Black Sludge","|turn|2","|","|switch|p2a: Slowbro|Slowbro, M|393/393","|move|p1a: Weezing|Pain Split|p2a: Slowbro","|-sethp|p2a: Slowbro|294/393|p1a: Weezing|294/333|[from] move: Pain Split","|","|-heal|p1a: Weezing|314/333|[from] item: Black Sludge","|turn|3","|","|switch|p1a: Skuntank|Skuntank, M|347/347","|move|p2a: Slowbro|Scald|p1a: Skuntank","|-damage|p1a: Skuntank|206/347","|","|turn|4","|","|move|p1a: Skuntank|Toxic|p2a: Slowbro","|-status|p2a: Slowbro|tox","|move|p2a: Slowbro|Scald|p1a: Skuntank","|-damage|p1a: Skuntank|76/347","|-status|p1a: Skuntank|brn","|","|-damage|p1a: Skuntank|33/347 brn|[from] brn","|-damage|p2a: Slowbro|270/393 tox|[from] psn","|turn|5","|","|switch|p1a: Roserade|Roserade, M|261/261","|move|p2a: Slowbro|Slack Off|p2a: Slowbro","|-heal|p2a: Slowbro|393/393 tox","|","|-damage|p2a: Slowbro|345/393 tox|[from] psn","|turn|6","|","|switch|p2a: Jirachi|Jirachi|404/404","|move|p1a: Roserade|Aromatherapy|p1a: Roserade","|-cureteam|p1a: Roserade|[from] move: Aromatherapy","|","|turn|7","|","|switch|p1a: Nidoking|Nidoking, M|303/303","|move|p2a: Jirachi|Stealth Rock|p1a: Nidoking","|-sidestart|p1: Alliance - Mxy|move: Stealth Rock","|","|turn|8","|","|move|p1a: Nidoking|Earthquake|p2a: Jirachi","|-supereffective|p2a: Jirachi","|-damage|p2a: Jirachi|76/404","|-damage|p1a: Nidoking|273/303|[from] item: Life Orb","|move|p2a: Jirachi|Wish|p2a: Jirachi","|","|-heal|p2a: Jirachi|101/404|[from] item: Leftovers","|turn|9","|","|switch|p2a: Slowbro|Slowbro, M|393/393 tox","|move|p1a: Nidoking|Fire Punch|p2a: Slowbro","|-resisted|p2a: Slowbro","|-damage|p2a: Slowbro|353/393 tox","|-damage|p1a: Nidoking|223/303|[from] item: Rocky Helmet|[of] p2a: Slowbro","|","|-heal|p2a: Slowbro|393/393 tox|[from] move: Wish|[wisher] Jirachi","|-damage|p2a: Slowbro|369/393 tox|[from] psn","|turn|10","|","|switch|p1a: Gengar|Gengar, F|261/261","|-damage|p1a: Gengar|229/261|[from] Stealth Rock","|move|p2a: Slowbro|Scald|p1a: Gengar","|-damage|p1a: Gengar|112/261","|","|-damage|p2a: Slowbro|321/393 tox|[from] psn","|turn|11","|","|switch|p1a: Beedrill|Beedrill, F|271/271","|-damage|p1a: Beedrill|204/271|[from] Stealth Rock","|switch|p2a: Jirachi|Jirachi|101/404","|","|-heal|p2a: Jirachi|126/404|[from] item: Leftovers","|turn|12","|","|detailschange|p1a: Beedrill|Beedrill-Mega, F","|-mega|p1a: Beedrill|Beedrill|Beedrillite","|move|p1a: Beedrill|Knock Off|p2a: Jirachi","|-supereffective|p2a: Jirachi","|-damage|p2a: Jirachi|0 fnt","|-enditem|p2a: Jirachi|Leftovers|[from] move: Knock Off|[of] p1a: Beedrill","|faint|p2a: Jirachi","|","|","|switch|p2a: Deoxys-Speed|Deoxys-Speed|241/241","|-ability|p2a: Deoxys-Speed|Pressure","|turn|13","|","|move|p2a: Deoxys-Speed|Extreme Speed|p1a: Beedrill","|-damage|p1a: Beedrill|0 fnt","|-damage|p2a: Deoxys-Speed|217/241|[from] item: Life Orb","|faint|p1a: Beedrill","|","|","|switch|p1a: Skuntank|Skuntank, M|33/347","|-damage|p1a: Skuntank|0 fnt|[from] Stealth Rock","|faint|p1a: Skuntank","|","|switch|p1a: Nidoking|Nidoking, M|223/303","|-damage|p1a: Nidoking|205/303|[from] Stealth Rock","|turn|14","|","|move|p1a: Nidoking|Sucker Punch|p2a: Deoxys-Speed","|-supereffective|p2a: Deoxys-Speed","|-damage|p2a: Deoxys-Speed|0 fnt","|-damage|p1a: Nidoking|175/303|[from] item: Life Orb","|faint|p2a: Deoxys-Speed","|","|","|switch|p2a: Gardevoir|Gardevoir, F|278/278","|-ability|p2a: Gardevoir|Sheer Force|[from] ability: Trace|[of] p1a: Nidoking","|turn|15","|","|switch|p2a: Slowbro|Slowbro, M|393/393 tox","|move|p1a: Nidoking|Earthquake|p2a: Slowbro","|-damage|p2a: Slowbro|279/393 tox","|-damage|p1a: Nidoking|145/303|[from] item: Life Orb","|","|-damage|p2a: Slowbro|255/393 tox|[from] psn","|turn|16","|","|move|p1a: Nidoking|Earthquake|p2a: Slowbro","|-damage|p2a: Slowbro|126/393 tox","|-damage|p1a: Nidoking|115/303|[from] item: Life Orb","|move|p2a: Slowbro|Scald|p1a: Nidoking","|-supereffective|p1a: Nidoking","|-damage|p1a: Nidoking|0 fnt","|faint|p1a: Nidoking","|","|-damage|p2a: Slowbro|78/393 tox|[from] psn","|","|switch|p1a: Gengar|Gengar, F|112/261","|-damage|p1a: Gengar|80/261|[from] Stealth Rock","|turn|17","|","|switch|p2a: Hoopa-Unbound|Hoopa-Unbound|364/364","|move|p1a: Gengar|Shadow Ball|p2a: Hoopa-Unbound","|-damage|p2a: Hoopa-Unbound|247/364","|","|turn|18","|","|move|p1a: Gengar|Shadow Ball|p2a: Hoopa-Unbound","|-damage|p2a: Hoopa-Unbound|142/364","|-unboost|p2a: Hoopa-Unbound|spd|1","|move|p2a: Hoopa-Unbound|Hyperspace Hole|p1a: Gengar","|-supereffective|p1a: Gengar","|-damage|p1a: Gengar|0 fnt","|-damage|p2a: Hoopa-Unbound|106/364|[from] item: Life Orb","|faint|p1a: Gengar","|","|","|switch|p1a: Roserade|Roserade, M|261/261","|-damage|p1a: Roserade|229/261|[from] Stealth Rock","|turn|19","|","|move|p1a: Roserade|Sludge Bomb|p2a: Hoopa-Unbound","|-crit|p2a: Hoopa-Unbound","|-damage|p2a: Hoopa-Unbound|0 fnt","|faint|p2a: Hoopa-Unbound","|","|","|switch|p2a: Victini|Victini|341/341","|turn|20","|","|switch|p1a: Weezing|Weezing, F|314/333","|-damage|p1a: Weezing|273/333|[from] Stealth Rock","|move|p2a: Victini|V-create|p1a: Weezing","|-damage|p1a: Weezing|117/333","|-unboost|p2a: Victini|spe|1","|-unboost|p2a: Victini|def|1","|-unboost|p2a: Victini|spd|1","|","|-heal|p1a: Weezing|137/333|[from] item: Black Sludge","|turn|21","|","|move|p2a: Victini|V-create|p1a: Weezing","|-damage|p1a: Weezing|0 fnt","|-unboost|p2a: Victini|spe|1","|-unboost|p2a: Victini|def|1","|-unboost|p2a: Victini|spd|1","|faint|p1a: Weezing","|","|","|switch|p1a: Roserade|Roserade, M|229/261","|-damage|p1a: Roserade|197/261|[from] Stealth Rock","|turn|22","|","|switch|p2a: Slowbro|Slowbro, M|209/393 tox","|move|p1a: Roserade|Sludge Bomb|p2a: Slowbro","|-damage|p2a: Slowbro|26/393 tox","|","|-damage|p2a: Slowbro|2/393 tox|[from] psn","|turn|23","|","|move|p1a: Roserade|Sludge Bomb|p2a: Slowbro","|-damage|p2a: Slowbro|0 fnt","|faint|p2a: Slowbro","|","|","|switch|p2a: Victini|Victini|341/341","|turn|24","|","|move|p2a: Victini|V-create|p1a: Roserade","|-supereffective|p1a: Roserade","|-damage|p1a: Roserade|0 fnt","|-unboost|p2a: Victini|spe|1","|-unboost|p2a: Victini|def|1","|-unboost|p2a: Victini|spd|1","|faint|p1a: Roserade","|","|win|Apex Bank"],"p1rating":{"entryid":"6690851","serverid":"eos","formatid":"monotype","userid":"alliancemxy","username":"Alliance - Mxy","w":"75","l":49,"t":"0","gxe":59.4,"r":"1579.4683195154","rd":"35.435839462802","sigma":"0","rptime":"1439370000","rpr":1571.947534842,"rprd":35.110635187324,"rpsigma":"0","acre":1094.553753518,"lacre":1094.553753518,"oldacre":"1128.39362951"},"p2rating":{"entryid":7576782,"formatid":"monotype","userid":"apexbank","username":"Apex Bank","r":1500,"rd":130,"sigma":0,"rpr":1552.2727933724,"rprd":122.22067588307,"rpsigma":0,"rptime":1439370000,"w":1,"l":0,"t":0,"gxe":56.5,"acre":1054.1438015871,"lacre":1054.1438015871,"oldacre":1000},"endType":"normal"}