{"seed":[57259,23631,8524,52105],"turns":24,"p1":"Alliance ♋ akaFila","p2":"Guard Wanderer","p1team":[{"name":"meme 1","species":"genesect","item":"choicescarf","ability":"Download","moves":["flamethrower","flashcannon","uturn","extremespeed"],"nature":"Hasty","evs":{"hp":0,"atk":4,"def":0,"spa":252,"spd":0,"spe":252},"shiny":true,"ivs":{"hp":31,"atk":31,"def":31,"spa":31,"spd":31,"spe":31}},{"name":"meme 2","species":"armaldo","item":"choiceband","ability":"Battle Armor","moves":["rockblast","aquatail","facade","rapidspin"],"nature":"Adamant","evs":{"hp":248,"atk":252,"def":0,"spa":0,"spd":8,"spe":0},"shiny":true,"ivs":{"hp":31,"atk":31,"def":31,"spa":31,"spd":31,"spe":31}},{"name":"meme 3","species":"beedrill","item":"beedrillite","ability":"Swarm","moves":["xscissor","knockoff","gigaimpact","protect"],"nature":"Jolly","evs":{"hp":0,"atk":252,"def":0,"spa":0,"spd":4,"spe":252},"shiny":true,"ivs":{"hp":31,"atk":31,"def":31,"spa":31,"spd":31,"spe":31}},{"name":"meme 4","species":"shedinja","item":"focussash","ability":"Wonder Guard","moves":["swordsdance","phantomforce","xscissor","shadowsneak"],"nature":"Jolly","evs":{"hp":0,"atk":252,"def":4,"spa":0,"spd":0,"spe":252},"shiny":true,"ivs":{"hp":31,"atk":31,"def":31,"spa":31,"spd":31,"spe":31}},{"name":"meme 5","species":"yanmega","item":"leftovers","ability":"Speed Boost","moves":["airslash","ancientpower","bugbuzz","protect"],"nature":"Modest","evs":{"hp":0,"atk":0,"def":0,"spa":252,"spd":4,"spe":252},"shiny":true,"ivs":{"hp":31,"atk":31,"def":31,"spa":31,"spd":31,"spe":31}},{"name":"meme 6","species":"volcarona","item":"assaultvest","ability":"Flame Body","moves":["fierydance","hurricane","flamecharge","uturn"],"nature":"Calm","evs":{"hp":252,"atk":0,"def":4,"spa":0,"spd":252,"spe":0},"shiny":true,"ivs":{"hp":31,"atk":31,"def":31,"spa":31,"spd":31,"spe":31}}],"p2team":[{"name":"Weezing","species":"Weezing","item":"sitrusberry","ability":"Levitate","moves":["toxicspikes","willowisp","thief","memento"],"nature":"Careful","evs":{"hp":248,"atk":8,"def":0,"spa":0,"spd":252,"spe":0},"ivs":{"hp":31,"atk":31,"def":31,"spa":31,"spd":31,"spe":31}},{"name":"Skuntank","species":"Skuntank","item":"","ability":"Stench","moves":["snatch","thief","suckerpunch","poisonjab"],"nature":"Adamant","evs":{"hp":248,"atk":252,"def":0,"spa":0,"spd":8,"spe":0},"ivs":{"hp":31,"atk":31,"def":31,"spa":31,"spd":31,"spe":31}},{"name":"Venomoth","species":"Venomoth","item":"blacksludge","ability":"Tinted Lens","moves":["venoshock","substitute","quiverdance","bugbuzz"],"nature":"Timid","evs":{"hp":252,"atk":0,"def":0,"spa":4,"spd":0,"spe":252},"ivs":{"hp":31,"atk":31,"def":31,"spa":31,"spd":31,"spe":31}},{"name":"Crobat","species":"Crobat","item":"whiteherb","ability":"Infiltrator","moves":["curse","acrobatics","roost","snatch"],"nature":"Jolly","evs":{"hp":248,"atk":8,"def":0,"spa":0,"spd":0,"spe":252},"ivs":{"hp":31,"atk":31,"def":31,"spa":31,"spd":31,"spe":31}},{"name":"Toxicroak","species":"Toxicroak","item":"bigroot","ability":"Poison Touch","moves":["suckerpunch","bulkup","thunderpunch","drainpunch"],"nature":"Adamant","evs":{"hp":248,"atk":252,"def":0,"spa":0,"spd":8,"spe":0},"ivs":{"hp":31,"atk":31,"def":31,"spa":31,"spd":31,"spe":31}},{"name":"Tentacruel","species":"Tentacruel","item":"assaultvest","ability":"Liquid Ooze","moves":["scald","acidspray","gigadrain","hex"],"nature":"Timid","evs":{"hp":4,"atk":0,"def":0,"spa":252,"spd":0,"spe":252},"ivs":{"hp":31,"atk":31,"def":31,"spa":31,"spd":31,"spe":31}}],"log":["|player|p1|Alliance ♋ akaFila|allianceakafila.gif","|player|p2|Guard Wanderer|235","|gametype|singles","|gen|6","|tier|Monotype","|rated","|rule|Baton Pass Clause: Limit one Baton Passer, can't pass Spe and other stats simultaneously","|rule|Swagger Clause: Swagger is banned","|rule|Same Type Clause: Pokémon in a team must share a type","|clearpoke","|poke|p1|Genesect-*, shiny","|poke|p1|Armaldo, M, shiny","|poke|p1|Beedrill, F, shiny","|poke|p1|Shedinja, shiny","|poke|p1|Yanmega, F, shiny","|poke|p1|Volcarona, M, shiny","|poke|p2|Weezing, M","|poke|p2|Skuntank, F","|poke|p2|Venomoth, F","|poke|p2|Crobat, M","|poke|p2|Toxicroak, M","|poke|p2|Tentacruel, F","|rule|Sleep Clause Mod: Limit one foe put to sleep","|rule|Species Clause: Limit one of each Pokémon","|rule|OHKO Clause: OHKO moves are banned","|rule|Moody Clause: Moody is banned","|rule|Evasion Moves Clause: Evasion moves are banned","|rule|Endless Battle Clause: Forcing endless battles is banned","|rule|HP Percentage Mod: HP is shown in percentages","|teampreview","|","|start","|switch|p1a: meme 6|Volcarona, M, shiny|374/374","|switch|p2a: Weezing|Weezing, M|333/333","|turn|1","|","|switch|p2a: Tentacruel|Tentacruel, F|302/302","|move|p1a: meme 6|U-turn|p2a: Tentacruel","|-resisted|p2a: Tentacruel","|-damage|p2a: Tentacruel|266/302","|","|switch|p1a: meme 4|Shedinja, shiny|1/1","|","|turn|2","|","|move|p2a: Tentacruel|Hex|p1a: meme 4","|-supereffective|p1a: meme 4","|-enditem|p1a: meme 4|Focus Sash","|-damage|p1a: meme 4|1/1","|move|p1a: meme 4|Swords Dance|p1a: meme 4","|-boost|p1a: meme 4|atk|2","|","|turn|3","|","|switch|p2a: Weezing|Weezing, M|333/333","|move|p1a: meme 4|Shadow Sneak|p2a: Weezing","|-damage|p2a: Weezing|234/333","|","|turn|4","|","|move|p1a: meme 4|Shadow Sneak|p2a: Weezing","|-damage|p2a: Weezing|131/333","|-enditem|p2a: Weezing|Sitrus Berry|[eat]","|-heal|p2a: Weezing|214/333|[from] item: Sitrus Berry","|move|p2a: Weezing|Toxic Spikes|p1a: meme 4","|-sidestart|p1: Alliance ♋ akaFila|move: Toxic Spikes","|","|turn|5","|","|move|p1a: meme 4|Shadow Sneak|p2a: Weezing","|-damage|p2a: Weezing|123/333","|move|p2a: Weezing|Will-O-Wisp|p1a: meme 4|[miss]","|-miss|p2a: Weezing|p1a: meme 4","|","|turn|6","|","|move|p1a: meme 4|Shadow Sneak|p2a: Weezing","|-damage|p2a: Weezing|24/333","|move|p2a: Weezing|Thief|p1a: meme 4","|-supereffective|p1a: meme 4","|-damage|p1a: meme 4|0 fnt","|faint|p1a: meme 4","|","|","|switch|p1a: meme 1|Genesect, shiny|283/283","|-boost|p1a: meme 1|spa|1|[from] ability: Download","|turn|7","|","|switch|p2a: Tentacruel|Tentacruel, F|266/302","|move|p1a: meme 1|U-turn|p2a: Tentacruel","|-resisted|p2a: Tentacruel","|-damage|p2a: Tentacruel|194/302","|","|switch|p1a: meme 3|Beedrill, F, shiny|271/271","|-sideend|p1: Alliance ♋ akaFila|move: Toxic Spikes|[of] p1a: meme 3","|","|turn|8","|","|detailschange|p1a: meme 3|Beedrill-Mega, F, shiny","|-mega|p1a: meme 3|Beedrill|Beedrillite","|move|p2a: Tentacruel|Scald|p1a: meme 3","|-damage|p1a: meme 3|148/271","|-status|p1a: meme 3|brn","|move|p1a: meme 3|Knock Off|p2a: Tentacruel","|-damage|p2a: Tentacruel|100/302","|-enditem|p2a: Tentacruel|Assault Vest|[from] move: Knock Off|[of] p1a: meme 3","|","|-damage|p1a: meme 3|115/271 brn|[from] brn","|turn|9","|","|move|p1a: meme 3|Giga Impact|p2a: Tentacruel","|-damage|p2a: Tentacruel|0 fnt","|faint|p2a: Tentacruel","|","|-damage|p1a: meme 3|82/271 brn|[from] brn","|","|switch|p2a: Toxicroak|Toxicroak, M|369/369","|turn|10","|-mustrecharge|p1a: meme 3","|-mustrecharge|p1a: meme 3","|","|cant|p1a: meme 3|recharge","|move|p2a: Toxicroak|Bulk Up|p2a: Toxicroak","|-boost|p2a: Toxicroak|atk|1","|-boost|p2a: Toxicroak|def|1","|","|-damage|p1a: meme 3|49/271 brn|[from] brn","|turn|11","|","|move|p2a: Toxicroak|Sucker Punch|p1a: meme 3","|-damage|p1a: meme 3|0 fnt","|faint|p1a: meme 3","|","|","|switch|p1a: meme 5|Yanmega, F, shiny|313/313","|turn|12","|","|move|p1a: meme 5|Air Slash|p2a: Toxicroak|[miss]","|-miss|p1a: meme 5|p2a: Toxicroak","|move|p2a: Toxicroak|Thunder Punch|p1a: meme 5","|-supereffective|p1a: meme 5","|-damage|p1a: meme 5|25/313","|","|-heal|p1a: meme 5|44/313|[from] item: Leftovers","|-boost|p1a: meme 5|spe|1|[from] ability: Speed Boost","|turn|13","|","|move|p1a: meme 5|Protect|p1a: meme 5","|-singleturn|p1a: meme 5|Protect","|move|p2a: Toxicroak|Sucker Punch|p1a: meme 5","|-fail|p2a: Toxicroak","|","|-heal|p1a: meme 5|63/313|[from] item: Leftovers","|-boost|p1a: meme 5|spe|1|[from] ability: Speed Boost","|turn|14","|","|switch|p1a: meme 6|Volcarona, M, shiny|374/374","|move|p2a: Toxicroak|Sucker Punch|p1a: meme 6","|-fail|p2a: Toxicroak","|","|turn|15","|","|move|p1a: meme 6|Hurricane|p2a: Toxicroak","|-supereffective|p2a: Toxicroak","|-damage|p2a: Toxicroak|63/369","|move|p2a: Toxicroak|Thunder Punch|p1a: meme 6","|-damage|p1a: meme 6|207/374","|","|turn|16","|","|move|p2a: Toxicroak|Sucker Punch|p1a: meme 6","|-damage|p1a: meme 6|27/374","|-status|p1a: meme 6|psn","|move|p1a: meme 6|Fiery Dance|p2a: Toxicroak","|-damage|p2a: Toxicroak|0 fnt","|faint|p2a: Toxicroak","|","|-damage|p1a: meme 6|0 fnt|[from] psn","|faint|p1a: meme 6","|","|switch|p2a: Crobat|Crobat, M|373/373","|switch|p1a: meme 1|Genesect, shiny|283/283","|-boost|p1a: meme 1|spa|1|[from] ability: Download","|turn|17","|","|move|p1a: meme 1|Flash Cannon|p2a: Crobat","|-damage|p2a: Crobat|118/373","|move|p2a: Crobat|Curse|p2a: Crobat","|-unboost|p2a: Crobat|spe|1","|-boost|p2a: Crobat|atk|1","|-boost|p2a: Crobat|def|1","|-enditem|p2a: Crobat|White Herb","|-restoreboost|p2a: Crobat|[silent]","|","|turn|18","|","|switch|p2a: Weezing|Weezing, M|24/333","|move|p1a: meme 1|Flash Cannon|p2a: Weezing","|-damage|p2a: Weezing|0 fnt","|faint|p2a: Weezing","|","|","|switch|p2a: Skuntank|Skuntank, F|409/409","|turn|19","|","|switch|p1a: meme 5|Yanmega, F, shiny|63/313","|move|p2a: Skuntank|Thief|p1a: meme 5","|-damage|p1a: meme 5|0 fnt","|-item|p2a: Skuntank|Leftovers|[from] move: Thief|[of] p1a: meme 5","|faint|p1a: meme 5","|","|","|switch|p1a: meme 2|Armaldo, M, shiny|353/353","|turn|20","|","|move|p2a: Skuntank|Poison Jab|p1a: meme 2","|-resisted|p1a: meme 2","|-damage|p1a: meme 2|296/353","|move|p1a: meme 2|Rock Blast|p2a: Skuntank|[miss]","|-miss|p1a: meme 2|p2a: Skuntank","|","|turn|21","|","|move|p2a: Skuntank|Poison Jab|p1a: meme 2","|-resisted|p1a: meme 2","|-damage|p1a: meme 2|236/353","|move|p1a: meme 2|Rock Blast|p2a: Skuntank","|-damage|p2a: Skuntank|315/409","|-damage|p2a: Skuntank|221/409","|-hitcount|p2a: Skuntank|2","|","|-heal|p2a: Skuntank|246/409|[from] item: Leftovers","|turn|22","|","|move|p2a: Skuntank|Poison Jab|p1a: meme 2","|-resisted|p1a: meme 2","|-damage|p1a: meme 2|176/353","|-status|p1a: meme 2|psn","|move|p1a: meme 2|Rock Blast|p2a: Skuntank","|-damage|p2a: Skuntank|143/409","|-damage|p2a: Skuntank|35/409","|-damage|p2a: Skuntank|0 fnt","|-hitcount|p2a: Skuntank|3","|faint|p2a: Skuntank","|","|-damage|p1a: meme 2|132/353 psn|[from] psn","|","|switch|p2a: Venomoth|Venomoth, F|344/344","|turn|23","|","|move|p2a: Venomoth|Substitute|p2a: Venomoth","|-start|p2a: Venomoth|Substitute","|-damage|p2a: Venomoth|258/344","|move|p1a: meme 2|Rock Blast|p2a: Venomoth","|-supereffective|p2a: Venomoth","|-end|p2a: Venomoth|Substitute","|-supereffective|p2a: Venomoth","|-damage|p2a: Venomoth|30/344","|-supereffective|p2a: Venomoth","|-damage|p2a: Venomoth|0 fnt","|-hitcount|p2a: Venomoth|3","|faint|p2a: Venomoth","|","|-damage|p1a: meme 2|88/353 psn|[from] psn","|","|switch|p2a: Crobat|Crobat, M|118/373","|turn|24","|","|move|p2a: Crobat|Roost|p2a: Crobat","|-heal|p2a: Crobat|305/373","|move|p1a: meme 2|Rock Blast|p2a: Crobat","|-damage|p2a: Crobat|224/373","|-damage|p2a: Crobat|133/373","|-damage|p2a: Crobat|45/373","|-crit|p2a: Crobat","|-damage|p2a: Crobat|0 fnt","|-hitcount|p2a: Crobat|4","|faint|p2a: Crobat","|","|win|Alliance ♋ akaFila"],"p1rating":{"entryid":"6670496","serverid":"eos","formatid":"monotype","userid":"allianceakafila","username":"Alliance ♋ akaFila","w":32,"l":"35","t":"0","gxe":47.2,"r":"1473.0416333329","rd":"45.594573345772","sigma":"0","rptime":"1439370000","rpr":1478.6658074401,"rprd":45.210054128233,"rpsigma":"0","acre":1160.6302407062,"lacre":1160.6302407062,"oldacre":"1134.8971397588"},"p2rating":{"entryid":"6731189","serverid":"eos","formatid":"monotype","userid":"guardwanderer","username":"Guard Wanderer","w":"115","l":143,"t":"0","gxe":44.5,"r":"1458.7749056961","rd":"25.315145155093","sigma":"0","rptime":"1439370000","rpr":1458.4015254395,"rprd":25,"rpsigma":"0","acre":1119.3551748738,"lacre":1119.3551748738,"oldacre":"1145.0882758212"},"endType":"normal"}