{"seed":[5672,38536,51125,2189],"turns":27,"p1":"SailorStarshine","p2":"V Photon","p1team":[{"name":"Klefki","species":"Klefki","item":"choicescarf","ability":"Prankster","moves":["thunderwave","calmmind","switcheroo","drainingkiss"],"nature":"Bold","evs":{"hp":252,"atk":0,"def":252,"spa":4,"spd":0,"spe":0},"ivs":{"hp":31,"atk":31,"def":31,"spa":31,"spd":31,"spe":31}},{"name":"Togekiss","species":"Togekiss","item":"babiriberry","ability":"Serene Grace","moves":["flamethrower","airslash","roost","nastyplot"],"nature":"Calm","evs":{"hp":248,"atk":0,"def":0,"spa":8,"spd":252,"spe":0},"ivs":{"hp":31,"atk":31,"def":31,"spa":31,"spd":31,"spe":31}},{"name":"Gardevoir","species":"Gardevoir","item":"assaultvest","ability":"Trace","moves":["psychic","moonblast","focusblast","energyball"],"nature":"Modest","evs":{"hp":248,"atk":0,"def":0,"spa":252,"spd":8,"spe":0},"ivs":{"hp":31,"atk":31,"def":31,"spa":31,"spd":31,"spe":31}},{"name":"Azumarill","species":"Azumarill","item":"sitrusberry","ability":"Huge Power","moves":["playrough","aquatail","superpower","icepunch"],"nature":"Adamant","evs":{"hp":248,"atk":252,"def":0,"spa":0,"spd":8,"spe":0},"ivs":{"hp":31,"atk":31,"def":31,"spa":31,"spd":31,"spe":31}},{"name":"Whimsicott","species":"Whimsicott","item":"leftovers","ability":"Prankster","moves":["stunspore","encore","leechseed","uturn"],"nature":"Bold","evs":{"hp":252,"atk":0,"def":128,"spa":0,"spd":128,"spe":0},"ivs":{"hp":31,"atk":31,"def":31,"spa":31,"spd":31,"spe":31}},{"name":"Diancie","species":"Diancie","item":"diancite","ability":"Clear Body","moves":["moonblast","diamondstorm","earthpower","protect"],"nature":"","evs":{"hp":252,"atk":0,"def":0,"spa":252,"spd":4,"spe":0},"ivs":{"hp":31,"atk":31,"def":31,"spa":31,"spd":31,"spe":31}}],"p2team":[{"name":"Sceptile","species":"Sceptile","item":"choiceband","ability":"Unburden","moves":["leafblade","drainpunch","outrage","rockslide"],"nature":"Jolly","evs":{"hp":0,"atk":252,"def":0,"spa":0,"spd":4,"spe":252},"ivs":{"hp":31,"atk":31,"def":31,"spa":31,"spd":31,"spe":31}},{"name":"Venusaur","species":"Venusaur","item":"venusaurite","ability":"Overgrow","moves":["curse","synthesis","earthquake","petalblizzard"],"nature":"Adamant","evs":{"hp":248,"atk":252,"def":0,"spa":0,"spd":8,"spe":0},"ivs":{"hp":31,"atk":31,"def":31,"spa":31,"spd":31,"spe":31}},{"name":"Ludicolo","species":"Ludicolo","item":"choicespecs","ability":"Own Tempo","moves":["energyball","hiddenpowerfire","surf","icebeam"],"nature":"Modest","evs":{"hp":0,"atk":0,"def":0,"spa":252,"spd":4,"spe":252},"ivs":{"hp":31,"atk":30,"def":31,"spa":30,"spd":31,"spe":30}},{"name":"Ferrothorn","species":"Ferrothorn","item":"rockyhelmet","ability":"Iron Barbs","moves":["leechseed","stealthrock","thunderwave","gyroball"],"nature":"Impish","evs":{"hp":248,"atk":8,"def":252,"spa":0,"spd":0,"spe":0},"ivs":{"hp":31,"atk":31,"def":31,"spa":31,"spd":31,"spe":0}},{"name":"Cradily","species":"Cradily","item":"leftovers","ability":"Storm Drain","moves":["stealthrock","rockslide","recover","toxic"],"nature":"Careful","evs":{"hp":252,"atk":4,"def":0,"spa":0,"spd":252,"spe":0},"ivs":{"hp":31,"atk":30,"def":31,"spa":30,"spd":31,"spe":30}},{"name":"Roserade","species":"Roserade","item":"choicescarf","ability":"Technician","moves":["sludgebomb","energyball","hiddenpowerice","shadowball"],"nature":"Timid","evs":{"hp":0,"atk":0,"def":0,"spa":252,"spd":4,"spe":252},"ivs":{"hp":31,"atk":30,"def":30,"spa":31,"spd":31,"spe":31}}],"log":["|player|p1|SailorStarshine|101","|player|p2|V Photon|66","|gametype|singles","|gen|6","|tier|Monotype","|rated","|rule|Baton Pass Clause: Limit one Baton Passer, can't pass Spe and other stats simultaneously","|rule|Swagger Clause: Swagger is banned","|rule|Same Type Clause: Pokémon in a team must share a type","|clearpoke","|poke|p1|Klefki, F","|poke|p1|Togekiss, M","|poke|p1|Gardevoir, M","|poke|p1|Azumarill, M","|poke|p1|Whimsicott, F","|poke|p1|Diancie","|poke|p2|Sceptile, F","|poke|p2|Venusaur, M","|poke|p2|Ludicolo, F","|poke|p2|Ferrothorn, F","|poke|p2|Cradily, M","|poke|p2|Roserade, F","|rule|Sleep Clause Mod: Limit one foe put to sleep","|rule|Species Clause: Limit one of each Pokémon","|rule|OHKO Clause: OHKO moves are banned","|rule|Moody Clause: Moody is banned","|rule|Evasion Moves Clause: Evasion moves are banned","|rule|Endless Battle Clause: Forcing endless battles is banned","|rule|HP Percentage Mod: HP is shown in percentages","|teampreview","|","|start","|switch|p1a: Klefki|Klefki, F|318/318","|switch|p2a: Ferrothorn|Ferrothorn, F|351/351","|turn|1","|","|move|p1a: Klefki|Switcheroo|p2a: Ferrothorn","|-activate|p1a: Klefki|move: Trick|[of] p2a: Ferrothorn","|-item|p2a: Ferrothorn|Choice Scarf|[from] Trick","|-item|p1a: Klefki|Rocky Helmet|[from] Trick","|move|p2a: Ferrothorn|Leech Seed|p1a: Klefki","|-start|p1a: Klefki|move: Leech Seed","|","|-damage|p1a: Klefki|279/318|[from] Leech Seed|[of] p2a: Ferrothorn","|turn|2","|","|switch|p2a: Ludicolo|Ludicolo, F|301/301","|move|p1a: Klefki|Thunder Wave|p2a: Ludicolo","|-status|p2a: Ludicolo|par","|","|-damage|p1a: Klefki|240/318|[from] Leech Seed|[of] p2a: Ludicolo","|turn|3","|","|switch|p1a: Togekiss|Togekiss, M|373/373","|cant|p2a: Ludicolo|par","|","|turn|4","|","|switch|p2a: Cradily|Cradily, M|376/376","|move|p1a: Togekiss|Nasty Plot|p1a: Togekiss","|-boost|p1a: Togekiss|spa|2","|","|turn|5","|","|move|p1a: Togekiss|Air Slash|p2a: Cradily","|-damage|p2a: Cradily|226/376","|move|p2a: Cradily|Stealth Rock|p1a: Togekiss","|-sidestart|p1: SailorStarshine|move: Stealth Rock","|","|-heal|p2a: Cradily|249/376|[from] item: Leftovers","|turn|6","|","|move|p1a: Togekiss|Air Slash|p2a: Cradily","|-damage|p2a: Cradily|117/376","|cant|p2a: Cradily|flinch","|","|-heal|p2a: Cradily|140/376|[from] item: Leftovers","|turn|7","|","|move|p1a: Togekiss|Air Slash|p2a: Cradily|[miss]","|-miss|p1a: Togekiss|p2a: Cradily","|move|p2a: Cradily|Rock Slide|p1a: Togekiss","|-miss|p2a: Cradily|p1a: Togekiss","|","|-heal|p2a: Cradily|163/376|[from] item: Leftovers","|turn|8","|","|move|p1a: Togekiss|Air Slash|p2a: Cradily","|-crit|p2a: Cradily","|-damage|p2a: Cradily|0 fnt","|faint|p2a: Cradily","|","|","|switch|p2a: Sceptile|Sceptile, F|281/281","|turn|9","|","|switch|p1a: Klefki|Klefki, F|240/318","|-damage|p1a: Klefki|221/318|[from] Stealth Rock","|move|p2a: Sceptile|Rock Slide|p1a: Klefki","|-resisted|p1a: Klefki","|-damage|p1a: Klefki|180/318","|","|turn|10","|","|switch|p2a: Venusaur|Venusaur, M|363/363","|move|p1a: Klefki|Thunder Wave|p2a: Venusaur","|-status|p2a: Venusaur|par","|","|turn|11","|","|switch|p2a: Roserade|Roserade, F|261/261","|move|p1a: Klefki|Calm Mind|p1a: Klefki","|-boost|p1a: Klefki|spa|1","|-boost|p1a: Klefki|spd|1","|","|turn|12","|","|switch|p2a: Ludicolo|Ludicolo, F|301/301 par","|move|p1a: Klefki|Thunder Wave|p2a: Ludicolo","|-fail|p2a: Ludicolo|par","|","|turn|13","|","|move|p1a: Klefki|Calm Mind|p1a: Klefki","|-boost|p1a: Klefki|spa|1","|-boost|p1a: Klefki|spd|1","|move|p2a: Ludicolo|Hidden Power|p1a: Klefki","|-supereffective|p1a: Klefki","|-damage|p1a: Klefki|80/318","|","|turn|14","|","|move|p1a: Klefki|Draining Kiss|p2a: Ludicolo","|-damage|p2a: Ludicolo|210/301 par","|-heal|p1a: Klefki|149/318|[from] drain|[of] p2a: Ludicolo","|move|p2a: Ludicolo|Hidden Power|p1a: Klefki","|-supereffective|p1a: Klefki","|-damage|p1a: Klefki|53/318","|","|turn|15","|","|move|p1a: Klefki|Draining Kiss|p2a: Ludicolo","|-damage|p2a: Ludicolo|116/301 par","|-heal|p1a: Klefki|124/318|[from] drain|[of] p2a: Ludicolo","|move|p2a: Ludicolo|Hidden Power|p1a: Klefki","|-supereffective|p1a: Klefki","|-damage|p1a: Klefki|26/318","|","|turn|16","|","|move|p1a: Klefki|Draining Kiss|p2a: Ludicolo","|-damage|p2a: Ludicolo|16/301 par","|-heal|p1a: Klefki|101/318|[from] drain|[of] p2a: Ludicolo","|cant|p2a: Ludicolo|par","|","|turn|17","|","|switch|p2a: Ferrothorn|Ferrothorn, F|351/351","|move|p1a: Klefki|Draining Kiss|p2a: Ferrothorn","|-resisted|p2a: Ferrothorn","|-damage|p2a: Ferrothorn|311/351","|-heal|p1a: Klefki|131/318|[from] drain|[of] p2a: Ferrothorn","|-damage|p1a: Klefki|92/318|[from] ability: Iron Barbs|[of] p2a: Ferrothorn","|","|turn|18","|","|move|p1a: Klefki|Thunder Wave|p2a: Ferrothorn","|-status|p2a: Ferrothorn|par","|move|p2a: Ferrothorn|Gyro Ball|p1a: Klefki","|-damage|p1a: Klefki|0 fnt","|-damage|p2a: Ferrothorn|253/351 par|[from] item: Rocky Helmet|[of] p1a: Klefki","|faint|p1a: Klefki","|","|","|switch|p1a: Togekiss|Togekiss, M|373/373","|-damage|p1a: Togekiss|280/373|[from] Stealth Rock","|turn|19","|","|switch|p2a: Ludicolo|Ludicolo, F|16/301 par","|move|p1a: Togekiss|Flamethrower|p2a: Ludicolo","|-damage|p2a: Ludicolo|0 fnt","|faint|p2a: Ludicolo","|","|","|switch|p2a: Sceptile|Sceptile, F|281/281","|turn|20","|","|move|p2a: Sceptile|Rock Slide|p1a: Togekiss","|-supereffective|p1a: Togekiss","|-damage|p1a: Togekiss|84/373","|cant|p1a: Togekiss|flinch","|","|turn|21","|","|move|p2a: Sceptile|Rock Slide|p1a: Togekiss","|-supereffective|p1a: Togekiss","|-damage|p1a: Togekiss|0 fnt","|faint|p1a: Togekiss","|","|","|switch|p1a: Diancie|Diancie|304/304","|-damage|p1a: Diancie|266/304|[from] Stealth Rock","|turn|22","|","|switch|p2a: Ferrothorn|Ferrothorn, F|253/351 par","|detailschange|p1a: Diancie|Diancie-Mega","|-mega|p1a: Diancie|Diancie|Diancite","|move|p1a: Diancie|Moonblast|p2a: Ferrothorn","|-resisted|p2a: Ferrothorn","|-damage|p2a: Ferrothorn|172/351 par","|","|turn|23","|","|move|p1a: Diancie|Earth Power|p2a: Ferrothorn","|-damage|p2a: Ferrothorn|66/351 par","|move|p2a: Ferrothorn|Gyro Ball|p1a: Diancie","|-supereffective|p1a: Diancie","|-damage|p1a: Diancie|0 fnt","|faint|p1a: Diancie","|","|","|switch|p1a: Gardevoir|Gardevoir, M|339/339","|-damage|p1a: Gardevoir|297/339|[from] Stealth Rock","|-ability|p1a: Gardevoir|Iron Barbs|[from] ability: Trace|[of] p2a: Ferrothorn","|turn|24","|","|move|p1a: Gardevoir|Moonblast|p2a: Ferrothorn","|-resisted|p2a: Ferrothorn","|-damage|p2a: Ferrothorn|0 fnt","|faint|p2a: Ferrothorn","|","|","|switch|p2a: Sceptile|Sceptile, F|281/281","|turn|25","|","|move|p2a: Sceptile|Leaf Blade|p1a: Gardevoir","|-crit|p1a: Gardevoir","|-damage|p1a: Gardevoir|0 fnt","|-damage|p2a: Sceptile|246/281|[from] ability: Iron Barbs|[of] p1a: Gardevoir","|faint|p1a: Gardevoir","|","|","|switch|p1a: Azumarill|Azumarill, M|403/403","|-damage|p1a: Azumarill|353/403|[from] Stealth Rock","|turn|26","|","|move|p2a: Sceptile|Leaf Blade|p1a: Azumarill","|-crit|p1a: Azumarill","|-supereffective|p1a: Azumarill","|-damage|p1a: Azumarill|0 fnt","|faint|p1a: Azumarill","|","|","|switch|p1a: Whimsicott|Whimsicott, F|324/324","|-damage|p1a: Whimsicott|284/324|[from] Stealth Rock","|turn|27","|","|win|V Photon"],"p1rating":{"entryid":"7452383","serverid":"eos","formatid":"monotype","userid":"sailorstarshine","username":"SailorStarshine","w":"14","l":11,"t":"0","gxe":54.9,"r":"1534.5899586206","rd":"66.359540504537","sigma":"0","rptime":"1439283600","rpr":1537.6980626919,"rprd":64.408285582581,"rpsigma":"0","acre":1138.9993960531,"lacre":1138.9993960531,"oldacre":"1172.4348678353"},"p2rating":{"entryid":"7561969","serverid":"eos","formatid":"monotype","userid":"vphoton","username":"V Photon","w":2,"l":"1","t":"0","gxe":55.6,"r":"1500","rd":"130","sigma":"0","rptime":"1439283600","rpr":1544.0518122414,"rprd":110.60442705577,"rpsigma":"0","acre":1093.8046649939,"lacre":1093.8046649939,"oldacre":"1050.4235140243"},"endType":"forfeit"}