{"seed":[24144,11170,37038,8216],"turns":33,"p1":"SL~Pixie","p2":"Lazulite Leavanny","p1team":[{"name":"Reuniclus","species":"Reuniclus","item":"leftovers","ability":"Magic Guard","moves":["calmmind","recover","shadowball","psychic"],"nature":"Bold","evs":{"hp":252,"atk":0,"def":252,"spa":4,"spd":0,"spe":0},"ivs":{"hp":31,"atk":31,"def":31,"spa":31,"spd":31,"spe":31}},{"name":"Mr. Mime","species":"Mr. Mime","item":"lightclay","ability":"Filter","moves":["reflect","lightscreen","psyshock","toxic"],"nature":"Timid","evs":{"hp":248,"atk":0,"def":0,"spa":8,"spd":0,"spe":252},"ivs":{"hp":31,"atk":31,"def":31,"spa":31,"spd":31,"spe":31}},{"name":"Slowking","species":"Slowking","item":"leftovers","ability":"Regenerator","moves":["calmmind","scald","slackoff","flamethrower"],"nature":"Calm","evs":{"hp":252,"atk":0,"def":0,"spa":4,"spd":252,"spe":0},"ivs":{"hp":31,"atk":31,"def":31,"spa":31,"spd":31,"spe":31}},{"name":"Wobbuffet","species":"Wobbuffet","item":"","ability":"Shadow Tag","moves":["encore","counter","mirrorcoat","safeguard"],"nature":"Calm","evs":{"hp":248,"atk":0,"def":8,"spa":0,"spd":252,"spe":0},"ivs":{"hp":31,"atk":31,"def":31,"spa":31,"spd":31,"spe":31}},{"name":"Lunatone","species":"Lunatone","item":"focussash","ability":"Levitate","moves":["stealthrock","moonlight","toxic","painsplit"],"nature":"Calm","evs":{"hp":248,"atk":0,"def":8,"spa":0,"spd":252,"spe":0},"ivs":{"hp":31,"atk":31,"def":31,"spa":31,"spd":31,"spe":31}},{"name":"Malamar","species":"Malamar","item":"choicescarf","ability":"Contrary","moves":["psychocut","superpower","knockoff","rockslide"],"nature":"Jolly","evs":{"hp":0,"atk":252,"def":0,"spa":0,"spd":4,"spe":252},"ivs":{"hp":31,"atk":31,"def":31,"spa":31,"spd":31,"spe":31}}],"p2team":[{"name":"Porygon-Z","species":"Porygon-Z","item":"choicespecs","ability":"Adaptability","moves":["triattack","shadowball","discharge","icebeam"],"nature":"Modest","evs":{"hp":0,"atk":0,"def":4,"spa":252,"spd":0,"spe":252},"ivs":{"hp":31,"atk":31,"def":31,"spa":31,"spd":31,"spe":31}},{"name":"Ditto","species":"Ditto","item":"choicescarf","ability":"Imposter","moves":["transform"],"nature":"","evs":{"hp":0,"atk":0,"def":0,"spa":0,"spd":0,"spe":0},"ivs":{"hp":31,"atk":31,"def":31,"spa":31,"spd":31,"spe":31}},{"name":"Snorlax","species":"Snorlax","item":"leftovers","ability":"Immunity","moves":["rest","sleeptalk","bodyslam","curse"],"nature":"Careful","evs":{"hp":252,"atk":4,"def":0,"spa":0,"spd":252,"spe":0},"ivs":{"hp":31,"atk":31,"def":31,"spa":31,"spd":31,"spe":31}},{"name":"Lopunny","species":"Lopunny","item":"lopunnite","ability":"Cute Charm","moves":["fakeout","return","highjumpkick","thunderpunch"],"nature":"Jolly","evs":{"hp":0,"atk":252,"def":0,"spa":0,"spd":4,"spe":252},"ivs":{"hp":31,"atk":31,"def":31,"spa":31,"spd":31,"spe":31}},{"name":"Chansey","species":"Chansey","item":"eviolite","ability":"Serene Grace","moves":["toxic","seismictoss","psychic","softboiled"],"nature":"Bold","evs":{"hp":248,"atk":0,"def":252,"spa":8,"spd":0,"spe":0},"ivs":{"hp":31,"atk":31,"def":31,"spa":31,"spd":31,"spe":31}},{"name":"Ambipom","species":"Ambipom","item":"lifeorb","ability":"Technician","moves":["fakeout","lastresort","doublehit"],"nature":"","evs":{"hp":4,"atk":252,"def":0,"spa":0,"spd":0,"spe":252},"ivs":{"hp":31,"atk":31,"def":31,"spa":31,"spd":31,"spe":31}}],"log":["|player|p1|SL~Pixie|138","|player|p2|Lazulite Leavanny|102","|gametype|singles","|gen|6","|tier|Monotype","|rated","|rule|Baton Pass Clause: Limit one Baton Passer, can't pass Spe and other stats simultaneously","|rule|Swagger Clause: Swagger is banned","|rule|Same Type Clause: Pokémon in a team must share a type","|clearpoke","|poke|p1|Reuniclus, F","|poke|p1|Mr. Mime, M","|poke|p1|Slowking, F","|poke|p1|Wobbuffet, M","|poke|p1|Lunatone","|poke|p1|Malamar, M","|poke|p2|Porygon-Z","|poke|p2|Ditto","|poke|p2|Snorlax, F","|poke|p2|Lopunny, M","|poke|p2|Chansey, F","|poke|p2|Ambipom, F","|rule|Sleep Clause Mod: Limit one foe put to sleep","|rule|Species Clause: Limit one of each Pokémon","|rule|OHKO Clause: OHKO moves are banned","|rule|Moody Clause: Moody is banned","|rule|Evasion Moves Clause: Evasion moves are banned","|rule|Endless Battle Clause: Forcing endless battles is banned","|rule|HP Percentage Mod: HP is shown in percentages","|teampreview","|","|start","|switch|p1a: Lunatone|Lunatone|343/343","|switch|p2a: Ambipom|Ambipom, F|292/292","|turn|1","|","|move|p2a: Ambipom|Fake Out|p1a: Lunatone","|-resisted|p1a: Lunatone","|-damage|p1a: Lunatone|262/343","|-damage|p2a: Ambipom|263/292|[from] item: Life Orb","|cant|p1a: Lunatone|flinch","|","|turn|2","|","|move|p2a: Ambipom|Double Hit|p1a: Lunatone","|-resisted|p1a: Lunatone","|-damage|p1a: Lunatone|196/343","|-resisted|p1a: Lunatone","|-damage|p1a: Lunatone|121/343","|-hitcount|p1a: Lunatone|2","|-damage|p2a: Ambipom|234/292|[from] item: Life Orb","|move|p1a: Lunatone|Stealth Rock|p2a: Ambipom","|-sidestart|p2: Lazulite Leavanny|move: Stealth Rock","|","|turn|3","|","|move|p2a: Ambipom|Double Hit|p1a: Lunatone","|-resisted|p1a: Lunatone","|-damage|p1a: Lunatone|52/343","|-resisted|p1a: Lunatone","|-damage|p1a: Lunatone|0 fnt","|-hitcount|p1a: Lunatone|2","|-damage|p2a: Ambipom|205/292|[from] item: Life Orb","|faint|p1a: Lunatone","|","|","|switch|p1a: Mr. Mime|Mr. Mime, M|283/283","|turn|4","|","|move|p2a: Ambipom|Last Resort|p1a: Mr. Mime","|-damage|p1a: Mr. Mime|0 fnt","|-damage|p2a: Ambipom|176/292|[from] item: Life Orb","|faint|p1a: Mr. Mime","|","|","|switch|p1a: Wobbuffet|Wobbuffet, M|583/583","|turn|5","|","|move|p2a: Ambipom|Last Resort|p1a: Wobbuffet","|-damage|p1a: Wobbuffet|149/583","|-damage|p2a: Ambipom|147/292|[from] item: Life Orb","|move|p1a: Wobbuffet|Counter|p2a: Ambipom","|-damage|p2a: Ambipom|0 fnt","|faint|p2a: Ambipom","|","|","|switch|p2a: Lopunny|Lopunny, M|271/271","|-damage|p2a: Lopunny|238/271|[from] Stealth Rock","|turn|6","|","|switch|p1a: Slowking|Slowking, F|394/394","|detailschange|p2a: Lopunny|Lopunny-Mega, M","|-mega|p2a: Lopunny|Lopunny|Lopunnite","|move|p2a: Lopunny|Fake Out|p1a: Slowking","|-damage|p1a: Slowking|309/394","|","|-heal|p1a: Slowking|333/394|[from] item: Leftovers","|turn|7","|","|move|p2a: Lopunny|Thunder Punch|p1a: Slowking","|-supereffective|p1a: Slowking","|-damage|p1a: Slowking|121/394","|move|p1a: Slowking|Calm Mind|p1a: Slowking","|-boost|p1a: Slowking|spa|1","|-boost|p1a: Slowking|spd|1","|","|-heal|p1a: Slowking|145/394|[from] item: Leftovers","|turn|8","|","|move|p2a: Lopunny|Thunder Punch|p1a: Slowking","|-supereffective|p1a: Slowking","|-damage|p1a: Slowking|0 fnt","|faint|p1a: Slowking","|","|","|switch|p1a: Malamar|Malamar, M|313/313","|turn|9","|","|move|p2a: Lopunny|High Jump Kick|p1a: Malamar","|-damage|p1a: Malamar|45/313","|move|p1a: Malamar|Superpower|p2a: Lopunny","|-supereffective|p2a: Lopunny","|-damage|p2a: Lopunny|0 fnt","|-boost|p1a: Malamar|atk|1","|-boost|p1a: Malamar|def|1","|faint|p2a: Lopunny","|","|","|switch|p2a: Chansey|Chansey, F|703/703","|-damage|p2a: Chansey|616/703|[from] Stealth Rock","|turn|10","|","|move|p1a: Malamar|Superpower|p2a: Chansey","|-supereffective|p2a: Chansey","|-damage|p2a: Chansey|142/703","|-boost|p1a: Malamar|atk|1","|-boost|p1a: Malamar|def|1","|move|p2a: Chansey|Seismic Toss|p1a: Malamar","|-damage|p1a: Malamar|0 fnt","|faint|p1a: Malamar","|","|","|switch|p1a: Reuniclus|Reuniclus, F|424/424","|turn|11","|","|move|p2a: Chansey|Toxic|p1a: Reuniclus","|-status|p1a: Reuniclus|tox","|move|p1a: Reuniclus|Calm Mind|p1a: Reuniclus","|-boost|p1a: Reuniclus|spa|1","|-boost|p1a: Reuniclus|spd|1","|","|turn|12","|","|move|p2a: Chansey|Soft-Boiled|p2a: Chansey","|-heal|p2a: Chansey|494/703","|move|p1a: Reuniclus|Psychic|p2a: Chansey","|-damage|p2a: Chansey|380/703","|","|turn|13","|","|move|p2a: Chansey|Soft-Boiled|p2a: Chansey","|-heal|p2a: Chansey|703/703","|move|p1a: Reuniclus|Calm Mind|p1a: Reuniclus","|-boost|p1a: Reuniclus|spa|1","|-boost|p1a: Reuniclus|spd|1","|","|turn|14","|","|move|p2a: Chansey|Seismic Toss|p1a: Reuniclus","|-damage|p1a: Reuniclus|324/424 tox","|move|p1a: Reuniclus|Calm Mind|p1a: Reuniclus","|-boost|p1a: Reuniclus|spa|1","|-boost|p1a: Reuniclus|spd|1","|","|-heal|p1a: Reuniclus|350/424 tox|[from] item: Leftovers","|turn|15","|","|move|p2a: Chansey|Seismic Toss|p1a: Reuniclus","|-damage|p1a: Reuniclus|250/424 tox","|move|p1a: Reuniclus|Calm Mind|p1a: Reuniclus","|-boost|p1a: Reuniclus|spa|1","|-boost|p1a: Reuniclus|spd|1","|","|-heal|p1a: Reuniclus|276/424 tox|[from] item: Leftovers","|turn|16","|","|move|p2a: Chansey|Seismic Toss|p1a: Reuniclus","|-damage|p1a: Reuniclus|176/424 tox","|move|p1a: Reuniclus|Recover|p1a: Reuniclus","|-heal|p1a: Reuniclus|388/424 tox","|","|-heal|p1a: Reuniclus|414/424 tox|[from] item: Leftovers","|turn|17","|","|move|p2a: Chansey|Seismic Toss|p1a: Reuniclus","|-damage|p1a: Reuniclus|314/424 tox","|move|p1a: Reuniclus|Psychic|p2a: Chansey","|-damage|p2a: Chansey|466/703","|","|-heal|p1a: Reuniclus|340/424 tox|[from] item: Leftovers","|turn|18","|","|move|p2a: Chansey|Seismic Toss|p1a: Reuniclus","|-damage|p1a: Reuniclus|240/424 tox","|move|p1a: Reuniclus|Calm Mind|p1a: Reuniclus","|-boost|p1a: Reuniclus|spa|1","|-boost|p1a: Reuniclus|spd|1","|","|-heal|p1a: Reuniclus|266/424 tox|[from] item: Leftovers","|turn|19","|","|move|p2a: Chansey|Seismic Toss|p1a: Reuniclus","|-damage|p1a: Reuniclus|166/424 tox","|move|p1a: Reuniclus|Calm Mind|p1a: Reuniclus","|-boost|p1a: Reuniclus|spa|1","|-boost|p1a: Reuniclus|spd|1","|","|-heal|p1a: Reuniclus|192/424 tox|[from] item: Leftovers","|turn|20","|","|move|p2a: Chansey|Seismic Toss|p1a: Reuniclus","|-damage|p1a: Reuniclus|92/424 tox","|move|p1a: Reuniclus|Recover|p1a: Reuniclus","|-heal|p1a: Reuniclus|304/424 tox","|","|-heal|p1a: Reuniclus|330/424 tox|[from] item: Leftovers","|turn|21","|","|move|p2a: Chansey|Soft-Boiled|p2a: Chansey","|-heal|p2a: Chansey|703/703","|move|p1a: Reuniclus|Psychic|p2a: Chansey","|-damage|p2a: Chansey|391/703","|","|-heal|p1a: Reuniclus|356/424 tox|[from] item: Leftovers","|turn|22","|","|switch|p2a: Ditto|Ditto|237/237","|-damage|p2a: Ditto|208/237|[from] Stealth Rock","|-transform|p2a: Ditto|p1a: Reuniclus","|move|p1a: Reuniclus|Psychic|p2a: Ditto","|-resisted|p2a: Ditto","|-damage|p2a: Ditto|128/237","|","|-heal|p1a: Reuniclus|382/424 tox|[from] item: Leftovers","|turn|23","|","|move|p2a: Ditto|Shadow Ball|p1a: Reuniclus","|-supereffective|p1a: Reuniclus","|-damage|p1a: Reuniclus|204/424 tox","|move|p1a: Reuniclus|Shadow Ball|p2a: Ditto","|-supereffective|p2a: Ditto","|-damage|p2a: Ditto|0 fnt","|faint|p2a: Ditto","|","|-heal|p1a: Reuniclus|230/424 tox|[from] item: Leftovers","|","|switch|p2a: Porygon-Z|Porygon-Z|311/311","|-damage|p2a: Porygon-Z|273/311|[from] Stealth Rock","|turn|24","|","|move|p2a: Porygon-Z|Shadow Ball|p1a: Reuniclus","|-supereffective|p1a: Reuniclus","|-damage|p1a: Reuniclus|134/424 tox","|-unboost|p1a: Reuniclus|spd|1","|move|p1a: Reuniclus|Recover|p1a: Reuniclus","|-heal|p1a: Reuniclus|346/424 tox","|","|-heal|p1a: Reuniclus|372/424 tox|[from] item: Leftovers","|turn|25","|","|move|p2a: Porygon-Z|Shadow Ball|p1a: Reuniclus","|-supereffective|p1a: Reuniclus","|-damage|p1a: Reuniclus|260/424 tox","|-unboost|p1a: Reuniclus|spd|1","|move|p1a: Reuniclus|Psychic|p2a: Porygon-Z","|-damage|p2a: Porygon-Z|0 fnt","|faint|p2a: Porygon-Z","|","|-heal|p1a: Reuniclus|286/424 tox|[from] item: Leftovers","|","|switch|p2a: Snorlax|Snorlax, F|524/524","|-damage|p2a: Snorlax|459/524|[from] Stealth Rock","|turn|26","|","|move|p1a: Reuniclus|Recover|p1a: Reuniclus","|-heal|p1a: Reuniclus|424/424 tox","|move|p2a: Snorlax|Body Slam|p1a: Reuniclus","|-damage|p1a: Reuniclus|325/424 tox","|","|-heal|p1a: Reuniclus|351/424 tox|[from] item: Leftovers","|-heal|p2a: Snorlax|491/524|[from] item: Leftovers","|turn|27","|","|move|p1a: Reuniclus|Psychic|p2a: Snorlax","|-damage|p2a: Snorlax|167/524","|move|p2a: Snorlax|Curse|p2a: Snorlax","|-unboost|p2a: Snorlax|spe|1","|-boost|p2a: Snorlax|atk|1","|-boost|p2a: Snorlax|def|1","|","|-heal|p1a: Reuniclus|377/424 tox|[from] item: Leftovers","|-heal|p2a: Snorlax|199/524|[from] item: Leftovers","|turn|28","|","|move|p1a: Reuniclus|Psychic|p2a: Snorlax","|-crit|p2a: Snorlax","|-damage|p2a: Snorlax|0 fnt","|faint|p2a: Snorlax","|","|-heal|p1a: Reuniclus|403/424 tox|[from] item: Leftovers","|","|switch|p2a: Chansey|Chansey, F|391/703","|-damage|p2a: Chansey|304/703|[from] Stealth Rock","|turn|29","|","|move|p2a: Chansey|Soft-Boiled|p2a: Chansey","|-heal|p2a: Chansey|656/703","|move|p1a: Reuniclus|Psychic|p2a: Chansey","|-damage|p2a: Chansey|337/703","|","|-heal|p1a: Reuniclus|424/424 tox|[from] item: Leftovers","|turn|30","|","|move|p2a: Chansey|Soft-Boiled|p2a: Chansey","|-heal|p2a: Chansey|689/703","|move|p1a: Reuniclus|Psychic|p2a: Chansey","|-crit|p2a: Chansey","|-damage|p2a: Chansey|232/703","|","|turn|31","|","|move|p2a: Chansey|Soft-Boiled|p2a: Chansey","|-heal|p2a: Chansey|584/703","|move|p1a: Reuniclus|Psychic|p2a: Chansey","|-damage|p2a: Chansey|254/703","|-unboost|p2a: Chansey|spd|1","|","|turn|32","|","|move|p2a: Chansey|Soft-Boiled|p2a: Chansey","|-heal|p2a: Chansey|606/703","|move|p1a: Reuniclus|Psychic|p2a: Chansey","|-damage|p2a: Chansey|140/703","|-unboost|p2a: Chansey|spd|1","|","|turn|33","|","|move|p2a: Chansey|Soft-Boiled|p2a: Chansey","|-heal|p2a: Chansey|492/703","|move|p1a: Reuniclus|Psychic|p2a: Chansey","|-damage|p2a: Chansey|0 fnt","|faint|p2a: Chansey","|","|win|SL~Pixie"],"p1rating":{"entryid":"7506194","serverid":"eos","formatid":"monotype","userid":"slpixie","username":"SL~Pixie","w":8,"l":"5","t":"0","gxe":59,"r":"1567.4894812944","rd":"85.657630348644","sigma":"0","rptime":"1439370000","rpr":1570.1497632445,"rprd":81.20096009609,"rpsigma":"0","acre":1170.0922092056,"lacre":1170.0922092056,"oldacre":"1140.4326714076"},"p2rating":{"entryid":"7549999","serverid":"eos","formatid":"monotype","userid":"lazuliteleavanny","username":"Lazulite Leavanny","w":"13","l":6,"t":"0","gxe":62.6,"r":"1555.262798558","rd":"92.650464186322","sigma":"0","rptime":"1439370000","rpr":1599.2466756286,"rprd":71.691651415941,"rpsigma":"0","acre":1176.2945582439,"lacre":1176.2945582439,"oldacre":"1205.9540960419"},"endType":"normal"}