{"seed":[7055,20406,46501,44222],"turns":32,"p1":"Alliance-Sageman","p2":"Desolate Nightmare","p1team":[{"name":"Lizardon","species":"charizard","item":"charizarditex","ability":"Blaze","moves":["flareblitz","outrage","dragondance","defog"],"nature":"Jolly","evs":{"hp":4,"atk":252,"def":0,"spa":0,"spd":0,"spe":252},"gender":"M","ivs":{"hp":31,"atk":31,"def":31,"spa":31,"spd":31,"spe":31}},{"name":"Dora's lover","species":"infernape","item":"focussash","ability":"Iron Fist","moves":["stealthrock","machpunch","thunderpunch","endeavor"],"nature":"Jolly","evs":{"hp":0,"atk":252,"def":0,"spa":0,"spd":4,"spe":252},"gender":"M","ivs":{"hp":31,"atk":31,"def":31,"spa":31,"spd":31,"spe":31}},{"name":"kyubimon","species":"ninetales","item":"widelens","ability":"Drought","moves":["overheat","solarbeam","roleplay","powerswap"],"nature":"Timid","evs":{"hp":0,"atk":0,"def":0,"spa":252,"spd":4,"spe":252},"gender":"F","ivs":{"hp":31,"atk":31,"def":31,"spa":31,"spd":31,"spe":31}},{"name":"my B.F.","species":"arcanine","item":"rockyhelmet","ability":"Intimidate","moves":["flareblitz","extremespeed","bulldoze","protect"],"nature":"Careful","evs":{"hp":232,"atk":24,"def":0,"spa":0,"spd":252,"spe":0},"gender":"M","ivs":{"hp":31,"atk":31,"def":31,"spa":31,"spd":31,"spe":31}},{"name":"bad bug","species":"volcarona","item":"focussash","ability":"Flame Body","moves":["fierydance","bugbuzz","quiverdance","hiddenpowerice"],"nature":"Modest","evs":{"hp":0,"atk":0,"def":0,"spa":252,"spd":4,"spe":252},"gender":"M","ivs":{"hp":31,"atk":30,"def":30,"spa":31,"spd":31,"spe":31}},{"name":"out0fIdeasDesign","species":"rotomheat","item":"flameorb","ability":"Levitate","moves":["trick","toxic","electroweb","voltswitch"],"nature":"Timid","evs":{"hp":0,"atk":0,"def":0,"spa":252,"spd":4,"spe":252},"ivs":{"hp":31,"atk":31,"def":31,"spa":31,"spd":31,"spe":31}}],"p2team":[{"name":"Zeus","species":"thundurus","item":"lifeorb","ability":"Prankster","moves":["grassknot","thunderwave","knockoff","thunderbolt"],"nature":"Hasty","evs":{"hp":104,"atk":0,"def":0,"spa":152,"spd":0,"spe":252},"ivs":{"hp":31,"atk":30,"def":31,"spa":30,"spd":31,"spe":31},"shiny":true},{"name":"Washing Machine","species":"rotomwash","item":"leftovers","ability":"Levitate","moves":["painsplit","willowisp","hiddenpowergrass","hydropump"],"nature":"Bold","evs":{"hp":252,"atk":0,"def":252,"spa":4,"spd":0,"spe":0},"ivs":{"hp":31,"atk":30,"def":31,"spa":30,"spd":31,"spe":31}},{"name":"Trans-Ampharos","species":"ampharos","item":"ampharosite","ability":"Static","moves":["voltswitch","dragonpulse","rest","sleeptalk"],"nature":"Calm","evs":{"hp":248,"atk":0,"def":120,"spa":0,"spd":140,"spe":0},"ivs":{"hp":31,"atk":31,"def":31,"spa":31,"spd":31,"spe":31}},{"name":"Shoes in Spanish","species":"zapdos","item":"leftovers","ability":"Pressure","moves":["thunderbolt","heatwave","roost","toxic"],"nature":"Calm","evs":{"hp":252,"atk":0,"def":0,"spa":4,"spd":252,"spe":0},"shiny":true,"ivs":{"hp":31,"atk":31,"def":31,"spa":31,"spd":31,"spe":31}},{"name":"Static Popeye","species":"electivire","item":"expertbelt","ability":"Motor Drive","moves":["thunderbolt","crosschop","flamethrower","earthquake"],"nature":"Hasty","evs":{"hp":0,"atk":20,"def":0,"spa":232,"spd":4,"spe":252},"shiny":true,"ivs":{"hp":31,"atk":31,"def":31,"spa":31,"spd":31,"spe":31}},{"name":"Sputnik","species":"magnezone","item":"choicescarf","ability":"Magnet Pull","moves":["thunderbolt","voltswitch","flashcannon","hiddenpowerice"],"nature":"Timid","evs":{"hp":4,"atk":0,"def":0,"spa":252,"spd":0,"spe":252},"ivs":{"hp":31,"atk":30,"def":30,"spa":31,"spd":31,"spe":31}}],"log":["|player|p1|Alliance-Sageman|160","|player|p2|Desolate Nightmare|167","|gametype|singles","|gen|6","|tier|Monotype","|rated","|rule|Baton Pass Clause: Limit one Baton Passer, can't pass Spe and other stats simultaneously","|rule|Swagger Clause: Swagger is banned","|rule|Same Type Clause: Pokémon in a team must share a type","|clearpoke","|poke|p1|Charizard, M","|poke|p1|Infernape, M","|poke|p1|Ninetales, F","|poke|p1|Arcanine, M","|poke|p1|Volcarona, M","|poke|p1|Rotom-Heat","|poke|p2|Thundurus, M, shiny","|poke|p2|Rotom-Wash","|poke|p2|Ampharos, M","|poke|p2|Zapdos, shiny","|poke|p2|Electivire, F, shiny","|poke|p2|Magnezone","|rule|Sleep Clause Mod: Limit one foe put to sleep","|rule|Species Clause: Limit one of each Pokémon","|rule|OHKO Clause: OHKO moves are banned","|rule|Moody Clause: Moody is banned","|rule|Evasion Moves Clause: Evasion moves are banned","|rule|Endless Battle Clause: Forcing endless battles is banned","|rule|HP Percentage Mod: HP is shown in percentages","|teampreview","|","|start","|switch|p1a: out0fIdeasDesign|Rotom-Heat|241/241","|switch|p2a: Sputnik|Magnezone|282/282","|turn|1","|","|move|p2a: Sputnik|Volt Switch|p1a: out0fIdeasDesign","|-resisted|p1a: out0fIdeasDesign","|-damage|p1a: out0fIdeasDesign|178/241","|","|switch|p2a: Washing Machine|Rotom-Wash|304/304","|move|p1a: out0fIdeasDesign|Trick|p2a: Washing Machine","|-activate|p1a: out0fIdeasDesign|move: Trick|[of] p2a: Washing Machine","|-item|p2a: Washing Machine|Flame Orb|[from] move: Trick","|-item|p1a: out0fIdeasDesign|Leftovers|[from] move: Trick","|","|-heal|p1a: out0fIdeasDesign|193/241|[from] item: Leftovers","|-status|p2a: Washing Machine|brn|[from] item: Flame Orb","|turn|2","|","|move|p1a: out0fIdeasDesign|Volt Switch|p2a: Washing Machine","|-damage|p2a: Washing Machine|196/304 brn","|","|switch|p1a: kyubimon|Ninetales, F|287/287","|-weather|SunnyDay","|move|p2a: Washing Machine|Hydro Pump|p1a: kyubimon","|-supereffective|p1a: kyubimon","|-damage|p1a: kyubimon|153/287","|","|-weather|SunnyDay|[upkeep]","|-damage|p2a: Washing Machine|158/304 brn|[from] brn","|turn|3","|","|switch|p2a: Shoes in Spanish|Zapdos, shiny|384/384","|-ability|p2a: Shoes in Spanish|Pressure","|move|p1a: kyubimon|Overheat|p2a: Shoes in Spanish","|-damage|p2a: Shoes in Spanish|192/384","|-unboost|p1a: kyubimon|spa|2","|","|-weather|SunnyDay|[upkeep]","|-heal|p2a: Shoes in Spanish|216/384|[from] item: Leftovers","|turn|4","|","|move|p1a: kyubimon|Overheat|p2a: Shoes in Spanish","|-damage|p2a: Shoes in Spanish|120/384","|-unboost|p1a: kyubimon|spa|2","|move|p2a: Shoes in Spanish|Roost|p2a: Shoes in Spanish","|-heal|p2a: Shoes in Spanish|312/384","|","|-weather|SunnyDay|[upkeep]","|-heal|p2a: Shoes in Spanish|336/384|[from] item: Leftovers","|turn|5","|","|move|p1a: kyubimon|Power Swap|p2a: Shoes in Spanish","|-swapboost|p1a: kyubimon|p2a: Shoes in Spanish|atk, spa|[from] move: Power Swap","|move|p2a: Shoes in Spanish|Thunderbolt|p1a: kyubimon","|-damage|p1a: kyubimon|113/287","|-status|p1a: kyubimon|par","|","|-weather|SunnyDay|[upkeep]","|-heal|p2a: Shoes in Spanish|360/384|[from] item: Leftovers","|turn|6","|","|move|p2a: Shoes in Spanish|Thunderbolt|p1a: kyubimon","|-damage|p1a: kyubimon|73/287 par","|cant|p1a: kyubimon|par","|","|-weather|none","|-heal|p2a: Shoes in Spanish|384/384|[from] item: Leftovers","|turn|7","|","|switch|p2a: Washing Machine|Rotom-Wash|158/304 brn","|switch|p1a: out0fIdeasDesign|Rotom-Heat|193/241","|","|-heal|p1a: out0fIdeasDesign|208/241|[from] item: Leftovers","|-damage|p2a: Washing Machine|120/304 brn|[from] brn","|turn|8","|","|move|p1a: out0fIdeasDesign|Volt Switch|p2a: Washing Machine","|-damage|p2a: Washing Machine|20/304 brn","|","|switch|p1a: kyubimon|Ninetales, F|73/287 par","|-weather|SunnyDay","|move|p2a: Washing Machine|Hydro Pump|p1a: kyubimon","|-supereffective|p1a: kyubimon","|-damage|p1a: kyubimon|0 fnt","|faint|p1a: kyubimon","|","|-weather|SunnyDay|[upkeep]","|-damage|p2a: Washing Machine|0 fnt|[from] brn","|faint|p2a: Washing Machine","|","|switch|p2a: Zeus|Thundurus, M, shiny|325/325","|switch|p1a: bad bug|Volcarona, M|311/311","|turn|9","|","|move|p2a: Zeus|Knock Off|p1a: bad bug","|-damage|p1a: bad bug|147/311","|-enditem|p1a: bad bug|Focus Sash|[from] move: Knock Off|[of] p2a: Zeus","|-damage|p2a: Zeus|293/325|[from] item: Life Orb","|move|p1a: bad bug|Quiver Dance|p1a: bad bug","|-boost|p1a: bad bug|spa|1","|-boost|p1a: bad bug|spd|1","|-boost|p1a: bad bug|spe|1","|","|-weather|SunnyDay|[upkeep]","|turn|10","|","|move|p2a: Zeus|Thunder Wave|p1a: bad bug","|-status|p1a: bad bug|par","|move|p1a: bad bug|Hidden Power|p2a: Zeus","|-supereffective|p2a: Zeus","|-damage|p2a: Zeus|25/325","|","|-weather|SunnyDay|[upkeep]","|turn|11","|","|move|p2a: Zeus|Thunderbolt|p1a: bad bug","|-damage|p1a: bad bug|33/311 par","|-damage|p2a: Zeus|0 fnt|[from] item: Life Orb","|faint|p2a: Zeus","|move|p1a: bad bug|Fiery Dance|p2: Zeus|[notarget]","|-notarget","|","|-weather|SunnyDay|[upkeep]","|","|switch|p2a: Static Popeye|Electivire, F, shiny|291/291","|turn|12","|","|switch|p1a: my B.F.|Arcanine, M|379/379","|-ability|p1a: my B.F.|Intimidate","|-unboost|p2a: Static Popeye|atk|1","|move|p2a: Static Popeye|Thunderbolt|p1a: my B.F.","|-damage|p1a: my B.F.|271/379","|","|-weather|none","|turn|13","|","|switch|p2a: Shoes in Spanish|Zapdos, shiny|384/384","|-ability|p2a: Shoes in Spanish|Pressure","|move|p1a: my B.F.|Bulldoze|p2a: Shoes in Spanish","|-immune|p2a: Shoes in Spanish|[msg]","|","|turn|14","|","|switch|p1a: out0fIdeasDesign|Rotom-Heat|208/241","|move|p2a: Shoes in Spanish|Toxic|p1a: out0fIdeasDesign","|-status|p1a: out0fIdeasDesign|tox","|","|-heal|p1a: out0fIdeasDesign|223/241 tox|[from] item: Leftovers","|-damage|p1a: out0fIdeasDesign|208/241 tox|[from] psn","|turn|15","|","|switch|p2a: Static Popeye|Electivire, F, shiny|291/291","|move|p1a: out0fIdeasDesign|Toxic|p2a: Static Popeye","|-status|p2a: Static Popeye|tox","|","|-heal|p1a: out0fIdeasDesign|223/241 tox|[from] item: Leftovers","|-damage|p2a: Static Popeye|273/291 tox|[from] psn","|-damage|p1a: out0fIdeasDesign|193/241 tox|[from] psn","|turn|16","|","|switch|p1a: my B.F.|Arcanine, M|271/379","|-ability|p1a: my B.F.|Intimidate","|-unboost|p2a: Static Popeye|atk|1","|move|p2a: Static Popeye|Cross Chop|p1a: my B.F.","|-damage|p1a: my B.F.|188/379","|-damage|p2a: Static Popeye|225/291 tox|[from] item: Rocky Helmet|[of] p1a: my B.F.","|","|-damage|p2a: Static Popeye|189/291 tox|[from] psn","|turn|17","|","|switch|p2a: Trans-Ampharos|Ampharos, M|383/383","|move|p1a: my B.F.|Flare Blitz|p2a: Trans-Ampharos","|-damage|p2a: Trans-Ampharos|233/383","|-status|p1a: my B.F.|par","|-damage|p1a: my B.F.|138/379 par|[from] recoil|[of] p2a: Trans-Ampharos","|","|turn|18","|","|detailschange|p2a: Trans-Ampharos|Ampharos-Mega, M","|-mega|p2a: Trans-Ampharos|Ampharos|Ampharosite","|-ability|p2a: Trans-Ampharos|Mold Breaker","|move|p1a: my B.F.|Extreme Speed|p2a: Trans-Ampharos","|-damage|p2a: Trans-Ampharos|175/383","|move|p2a: Trans-Ampharos|Rest|p2a: Trans-Ampharos","|-status|p2a: Trans-Ampharos|slp","|-heal|p2a: Trans-Ampharos|383/383 slp|[silent]","|-status|p2a: Trans-Ampharos|slp|[from] move: Rest","|","|turn|19","|","|switch|p1a: Dora's lover|Infernape, M|293/293","|cant|p2a: Trans-Ampharos|slp","|move|p2a: Trans-Ampharos|Sleep Talk|p2a: Trans-Ampharos","|move|p2a: Trans-Ampharos|Volt Switch|p1a: Dora's lover|[from]Sleep Talk","|-damage|p1a: Dora's lover|139/293","|","|switch|p2a: Sputnik|Magnezone|282/282","|","|turn|20","|","|move|p2a: Sputnik|Volt Switch|p1a: Dora's lover","|-damage|p1a: Dora's lover|0 fnt","|faint|p1a: Dora's lover","|","|switch|p2a: Shoes in Spanish|Zapdos, shiny|384/384","|-ability|p2a: Shoes in Spanish|Pressure","|","|","|switch|p1a: Lizardon|Charizard, M|298/298","|turn|21","|","|detailschange|p1a: Lizardon|Charizard-Mega-X, M","|-mega|p1a: Lizardon|Charizard|Charizardite X","|move|p1a: Lizardon|Flare Blitz|p2a: Shoes in Spanish","|-damage|p2a: Shoes in Spanish|60/384","|-damage|p1a: Lizardon|191/298|[from] recoil|[of] p2a: Shoes in Spanish","|move|p2a: Shoes in Spanish|Toxic|p1a: Lizardon|[miss]","|-miss|p2a: Shoes in Spanish|p1a: Lizardon","|","|-heal|p2a: Shoes in Spanish|84/384|[from] item: Leftovers","|turn|22","|","|switch|p2a: Sputnik|Magnezone|282/282","|move|p1a: Lizardon|Flare Blitz|p2a: Sputnik","|-supereffective|p2a: Sputnik","|-damage|p2a: Sputnik|0 fnt","|-damage|p1a: Lizardon|98/298|[from] recoil|[of] p2a: Sputnik","|faint|p2a: Sputnik","|","|","|switch|p2a: Static Popeye|Electivire, F, shiny|189/291 tox","|turn|23","|","|switch|p1a: out0fIdeasDesign|Rotom-Heat|193/241 tox","|move|p2a: Static Popeye|Earthquake|p1a: out0fIdeasDesign","|-immune|p1a: out0fIdeasDesign|[msg]","|","|-heal|p1a: out0fIdeasDesign|208/241 tox|[from] item: Leftovers","|-damage|p2a: Static Popeye|171/291 tox|[from] psn","|-damage|p1a: out0fIdeasDesign|193/241 tox|[from] psn","|turn|24","|","|switch|p2a: Trans-Ampharos|Ampharos-Mega, M|383/383 slp","|-ability|p2a: Trans-Ampharos|Mold Breaker","|move|p1a: out0fIdeasDesign|Toxic|p2a: Trans-Ampharos","|-fail|p2a: Trans-Ampharos","|","|-heal|p1a: out0fIdeasDesign|208/241 tox|[from] item: Leftovers","|-damage|p1a: out0fIdeasDesign|178/241 tox|[from] psn","|turn|25","|","|switch|p1a: my B.F.|Arcanine, M|138/379 par","|-ability|p1a: my B.F.|Intimidate","|-unboost|p2a: Trans-Ampharos|atk|1","|cant|p2a: Trans-Ampharos|slp","|move|p2a: Trans-Ampharos|Sleep Talk|p2a: Trans-Ampharos","|move|p2a: Trans-Ampharos|Dragon Pulse|p1a: my B.F.|[from]Sleep Talk","|-damage|p1a: my B.F.|6/379 par","|","|turn|26","|","|-curestatus|p2a: Trans-Ampharos|slp","|move|p2a: Trans-Ampharos|Dragon Pulse|p1a: my B.F.","|-damage|p1a: my B.F.|0 fnt","|faint|p1a: my B.F.","|","|","|switch|p1a: Lizardon|Charizard-Mega-X, M|98/298","|turn|27","|","|switch|p2a: Shoes in Spanish|Zapdos, shiny|84/384","|-ability|p2a: Shoes in Spanish|Pressure","|move|p1a: Lizardon|Outrage|p2a: Shoes in Spanish","|-damage|p2a: Shoes in Spanish|0 fnt","|faint|p2a: Shoes in Spanish","|","|","|switch|p2a: Static Popeye|Electivire, F, shiny|171/291 tox","|turn|28","|","|move|p1a: Lizardon|Outrage|p2a: Static Popeye|[from]lockedmove","|-damage|p2a: Static Popeye|0 fnt","|-start|p1a: Lizardon|confusion|[fatigue]","|faint|p2a: Static Popeye","|","|","|switch|p2a: Trans-Ampharos|Ampharos-Mega, M|383/383","|-ability|p2a: Trans-Ampharos|Mold Breaker","|turn|29","|","|switch|p1a: bad bug|Volcarona, M|33/311 par","|move|p2a: Trans-Ampharos|Dragon Pulse|p1a: bad bug","|-damage|p1a: bad bug|0 fnt","|faint|p1a: bad bug","|","|","|switch|p1a: out0fIdeasDesign|Rotom-Heat|178/241 tox","|turn|30","|","|move|p1a: out0fIdeasDesign|Toxic|p2a: Trans-Ampharos|[miss]","|-miss|p1a: out0fIdeasDesign|p2a: Trans-Ampharos","|move|p2a: Trans-Ampharos|Dragon Pulse|p1a: out0fIdeasDesign","|-damage|p1a: out0fIdeasDesign|30/241 tox","|","|-heal|p1a: out0fIdeasDesign|45/241 tox|[from] item: Leftovers","|-damage|p1a: out0fIdeasDesign|30/241 tox|[from] psn","|turn|31","|","|move|p1a: out0fIdeasDesign|Electroweb|p2a: Trans-Ampharos","|-resisted|p2a: Trans-Ampharos","|-damage|p2a: Trans-Ampharos|368/383","|-unboost|p2a: Trans-Ampharos|spe|1","|move|p2a: Trans-Ampharos|Dragon Pulse|p1a: out0fIdeasDesign","|-damage|p1a: out0fIdeasDesign|0 fnt","|faint|p1a: out0fIdeasDesign","|","|","|switch|p1a: Lizardon|Charizard-Mega-X, M|98/298","|turn|32","|","|move|p1a: Lizardon|Outrage|p2a: Trans-Ampharos","|-supereffective|p2a: Trans-Ampharos","|-damage|p2a: Trans-Ampharos|0 fnt","|faint|p2a: Trans-Ampharos","|","|win|Alliance-Sageman"],"p1rating":{"entryid":7588040,"formatid":"monotype","userid":"alliancesageman","username":"Alliance-Sageman","r":1500,"rd":130,"sigma":0,"rpr":1539.1482643019,"rprd":122.18957606409,"rpsigma":0,"rptime":1439370000,"w":1,"l":0,"t":0,"gxe":54.9,"acre":1046.6673788833,"lacre":1046.6673788833,"oldacre":1000},"p2rating":{"entryid":"6455140","serverid":"eos","formatid":"monotype","userid":"desolatenightmare","username":"Desolate Nightmare","w":"16","l":25,"t":"0","gxe":40.1,"r":1431.1440766025,"rd":59.970784680814,"sigma":"0","rptime":1439370000,"rpr":1423.4970217898,"rprd":59.245773592423,"rpsigma":"0","acre":1036.5605004024,"lacre":1036.5605004024,"oldacre":"1058.4575772757"},"endType":"normal"}