{"seed":[1018,64445,52920,41448],"turns":26,"p1":"Etrayu","p2":"Duke Lucario","p1team":[{"name":"Tek","species":"shedinja","item":"focussash","ability":"Wonder Guard","moves":["swordsdance","suckerpunch","protect","willowisp"],"nature":"Jolly","evs":{"hp":0,"atk":252,"def":4,"spa":0,"spd":0,"spe":252},"shiny":true,"ivs":{"hp":31,"atk":31,"def":31,"spa":31,"spd":31,"spe":31}},{"name":"Koume","species":"chandelure","item":"choicescarf","ability":"Flash Fire","moves":["energyball","shadowball","fireblast","memento"],"nature":"Timid","evs":{"hp":0,"atk":0,"def":0,"spa":252,"spd":4,"spe":252},"gender":"F","ivs":{"hp":31,"atk":31,"def":31,"spa":31,"spd":31,"spe":31}},{"name":"Naesanh","species":"aegislash","item":"weaknesspolicy","ability":"Stance Change","moves":["shadowball","shadowsneak","sacredsword","kingsshield"],"nature":"Sassy","evs":{"hp":252,"atk":0,"def":4,"spa":0,"spd":252,"spe":0},"gender":"F","ivs":{"hp":31,"atk":31,"def":31,"spa":31,"spd":31,"spe":31}},{"name":"Nabooru","species":"jellicent","item":"leftovers","ability":"Water Absorb","moves":["scald","trickroom","recover","toxic"],"nature":"Bold","evs":{"hp":252,"atk":0,"def":252,"spa":0,"spd":0,"spe":4},"gender":"F","ivs":{"hp":31,"atk":31,"def":31,"spa":31,"spd":31,"spe":0},"shiny":true},{"name":"Sen","species":"sableye","item":"sablenite","ability":"Prankster","moves":["knockoff","toxic","recover","willowisp"],"nature":"Careful","evs":{"hp":252,"atk":0,"def":112,"spa":0,"spd":144,"spe":0},"gender":"M","ivs":{"hp":31,"atk":31,"def":31,"spa":31,"spd":31,"spe":31}},{"name":"Ith","species":"gengar","item":"lifeorb","ability":"Levitate","moves":["sludgewave","dazzlinggleam","focusblast","shadowball"],"nature":"Timid","evs":{"hp":0,"atk":0,"def":0,"spa":252,"spd":4,"spe":252},"gender":"M","shiny":true,"ivs":{"hp":31,"atk":31,"def":31,"spa":31,"spd":31,"spe":31}}],"p2team":[{"name":"Togekiss","species":"Togekiss","item":"sitrusberry","ability":"Serene Grace","moves":["defog","healbell","roost","airslash"],"nature":"Calm","evs":{"hp":252,"atk":0,"def":0,"spa":4,"spd":252,"spe":0},"gender":"F","shiny":true,"ivs":{"hp":31,"atk":31,"def":31,"spa":31,"spd":31,"spe":31}},{"name":"Landorus-Therian","species":"Landorus-Therian","item":"leftovers","ability":"Intimidate","moves":["stealthrock","earthquake","rockslide","knockoff"],"nature":"Impish","evs":{"hp":252,"atk":12,"def":236,"spa":0,"spd":4,"spe":4},"ivs":{"hp":31,"atk":31,"def":31,"spa":31,"spd":31,"spe":31}},{"name":"Altaria","species":"Altaria","item":"altarianite","ability":"Natural Cure","moves":["return","roost","cottonguard","dragondance"],"nature":"Adamant","evs":{"hp":248,"atk":240,"def":0,"spa":0,"spd":0,"spe":20},"gender":"F","shiny":true,"ivs":{"hp":31,"atk":31,"def":31,"spa":31,"spd":31,"spe":31}},{"name":"Thundurus","species":"Thundurus","item":"leftovers","ability":"Prankster","moves":["thunderwave","thunderbolt","hiddenpowerice","focusblast"],"nature":"Timid","evs":{"hp":56,"atk":0,"def":16,"spa":252,"spd":0,"spe":184},"ivs":{"hp":31,"atk":30,"def":30,"spa":31,"spd":31,"spe":31},"shiny":true},{"name":"Gyarados","species":"Gyarados","item":"leftovers","ability":"Intimidate","moves":["dragondance","substitute","waterfall","earthquake"],"nature":"Adamant","evs":{"hp":75,"atk":205,"def":4,"spa":0,"spd":0,"spe":224},"gender":"M","shiny":true,"ivs":{"hp":31,"atk":31,"def":31,"spa":31,"spd":31,"spe":31}},{"name":"Hawlucha","species":"Hawlucha","item":"redcard","ability":"Unburden","moves":["swordsdance","batonpass","acrobatics","highjumpkick"],"nature":"Impish","evs":{"hp":252,"atk":4,"def":252,"spa":0,"spd":0,"spe":0},"gender":"M","shiny":true,"ivs":{"hp":31,"atk":31,"def":31,"spa":31,"spd":31,"spe":31}}],"log":["|player|p1|Etrayu|etrayu.png","|player|p2|Duke Lucario|136","|gametype|singles","|gen|6","|tier|Monotype","|rated","|rule|Baton Pass Clause: Limit one Baton Passer, can't pass Spe and other stats simultaneously","|rule|Swagger Clause: Swagger is banned","|rule|Same Type Clause: Pokémon in a team must share a type","|clearpoke","|poke|p1|Shedinja, shiny","|poke|p1|Chandelure, F","|poke|p1|Aegislash, F","|poke|p1|Jellicent, F, shiny","|poke|p1|Sableye, M","|poke|p1|Gengar, M, shiny","|poke|p2|Togekiss, F, shiny","|poke|p2|Landorus-Therian, M","|poke|p2|Altaria, F, shiny","|poke|p2|Thundurus, M, shiny","|poke|p2|Gyarados, M, shiny","|poke|p2|Hawlucha, M, shiny","|rule|Sleep Clause Mod: Limit one foe put to sleep","|rule|Species Clause: Limit one of each Pokémon","|rule|OHKO Clause: OHKO moves are banned","|rule|Moody Clause: Moody is banned","|rule|Evasion Moves Clause: Evasion moves are banned","|rule|Endless Battle Clause: Forcing endless battles is banned","|rule|HP Percentage Mod: HP is shown in percentages","|teampreview","|","|start","|switch|p1a: Sen|Sableye, M|304/304","|switch|p2a: Landorus-Therian|Landorus-Therian, M|382/382","|-ability|p2a: Landorus-Therian|Intimidate","|-unboost|p1a: Sen|atk|1","|turn|1","|","|detailschange|p1a: Sen|Sableye-Mega, M","|-mega|p1a: Sen|Sableye|Sablenite","|move|p1a: Sen|Toxic|p2a: Landorus-Therian","|-status|p2a: Landorus-Therian|tox","|move|p2a: Landorus-Therian|Stealth Rock|p1a: Sen","|move|p1a: Sen|Stealth Rock|p2a: Landorus-Therian|[from]Magic Bounce","|-sidestart|p2: Duke Lucario|move: Stealth Rock","|","|-damage|p2a: Landorus-Therian|359/382 tox|[from] psn","|turn|2","|","|move|p2a: Landorus-Therian|Earthquake|p1a: Sen","|-damage|p1a: Sen|184/304","|move|p1a: Sen|Knock Off|p2a: Landorus-Therian","|-damage|p2a: Landorus-Therian|311/382 tox","|-enditem|p2a: Landorus-Therian|Leftovers|[from] move: Knock Off|[of] p1a: Sen","|","|-damage|p2a: Landorus-Therian|265/382 tox|[from] psn","|turn|3","|","|move|p2a: Landorus-Therian|Earthquake|p1a: Sen","|-damage|p1a: Sen|64/304","|move|p1a: Sen|Recover|p1a: Sen","|-heal|p1a: Sen|216/304","|","|-damage|p2a: Landorus-Therian|196/382 tox|[from] psn","|turn|4","|","|switch|p2a: Togekiss|Togekiss, F, shiny|374/374","|-damage|p2a: Togekiss|281/374|[from] Stealth Rock","|switch|p1a: Tek|Shedinja, shiny|1/1","|","|turn|5","|","|move|p2a: Togekiss|Defog|p1a: Tek","|-unboost|p1a: Tek|evasion|1","|-sideend|p2: Duke Lucario|Stealth Rock|[from] move: Defog|[of] p2a: Togekiss","|move|p1a: Tek|Will-O-Wisp|p2a: Togekiss|[miss]","|-miss|p1a: Tek|p2a: Togekiss","|","|turn|6","|","|move|p2a: Togekiss|Air Slash|p1a: Tek","|-supereffective|p1a: Tek","|-enditem|p1a: Tek|Focus Sash","|-damage|p1a: Tek|1/1","|cant|p1a: Tek|flinch","|","|turn|7","|","|move|p1a: Tek|Protect|p1a: Tek","|-singleturn|p1a: Tek|Protect","|move|p2a: Togekiss|Air Slash|p1a: Tek","|-activate|p1a: Tek|Protect","|","|turn|8","|","|switch|p1a: Naesanh|Aegislash, F|324/324","|move|p2a: Togekiss|Air Slash|p1a: Naesanh","|-resisted|p1a: Naesanh","|-damage|p1a: Naesanh|294/324","|","|turn|9","|","|switch|p2a: Thundurus|Thundurus, M, shiny|313/313","|-formechange|p1a: Naesanh|Aegislash-Blade","|move|p1a: Naesanh|Shadow Ball|p2a: Thundurus","|-damage|p2a: Thundurus|160/313","|","|-heal|p2a: Thundurus|179/313|[from] item: Leftovers","|turn|10","|","|switch|p1a: Sen|Sableye-Mega, M|216/304","|move|p2a: Thundurus|Thunder Wave|p1a: Sen","|move|p1a: Sen|Thunder Wave|p2a: Thundurus|[from]Magic Bounce","|-immune|p2a: Thundurus|[msg]","|","|-heal|p2a: Thundurus|198/313|[from] item: Leftovers","|turn|11","|","|move|p2a: Thundurus|Thunderbolt|p1a: Sen","|-damage|p1a: Sen|95/304","|move|p1a: Sen|Will-O-Wisp|p2a: Thundurus","|-status|p2a: Thundurus|brn","|","|-heal|p2a: Thundurus|217/313 brn|[from] item: Leftovers","|-damage|p2a: Thundurus|178/313 brn|[from] brn","|turn|12","|","|switch|p1a: Tek|Shedinja, shiny|1/1","|move|p2a: Thundurus|Thunderbolt|p1a: Tek","|-activate|p1a: Tek|ability: Wonder Guard","|","|-heal|p2a: Thundurus|197/313 brn|[from] item: Leftovers","|-damage|p2a: Thundurus|158/313 brn|[from] brn","|turn|13","|","|switch|p2a: Togekiss|Togekiss, F, shiny|281/374","|move|p1a: Tek|Swords Dance|p1a: Tek","|-boost|p1a: Tek|atk|2","|","|turn|14","|","|move|p1a: Tek|Protect|p1a: Tek","|-singleturn|p1a: Tek|Protect","|move|p2a: Togekiss|Heal Bell|p2a: Togekiss","|-cureteam|p2a: Togekiss|[from] move: HealBell","|","|turn|15","|","|move|p1a: Tek|Will-O-Wisp|p2a: Togekiss","|-status|p2a: Togekiss|brn","|move|p2a: Togekiss|Air Slash|p1a: Tek","|-supereffective|p1a: Tek","|-damage|p1a: Tek|0 fnt","|faint|p1a: Tek","|","|-damage|p2a: Togekiss|235/374 brn|[from] brn","|","|switch|p1a: Koume|Chandelure, F|261/261","|turn|16","|","|switch|p2a: Landorus-Therian|Landorus-Therian, M|196/382","|-ability|p2a: Landorus-Therian|Intimidate","|-unboost|p1a: Koume|atk|1","|move|p1a: Koume|Fire Blast|p2a: Landorus-Therian","|-damage|p2a: Landorus-Therian|0 fnt","|faint|p2a: Landorus-Therian","|","|","|switch|p2a: Gyarados|Gyarados, M, shiny|349/349","|-ability|p2a: Gyarados|Intimidate","|-unboost|p1a: Koume|atk|1","|turn|17","|","|switch|p1a: Nabooru|Jellicent, F, shiny|404/404","|move|p2a: Gyarados|Substitute|p2a: Gyarados","|-start|p2a: Gyarados|Substitute","|-damage|p2a: Gyarados|262/349","|","|-heal|p2a: Gyarados|283/349|[from] item: Leftovers","|turn|18","|","|move|p2a: Gyarados|Dragon Dance|p2a: Gyarados","|-boost|p2a: Gyarados|atk|1","|-boost|p2a: Gyarados|spe|1","|move|p1a: Nabooru|Trick Room|p1a: Nabooru","|-fieldstart|move: Trick Room|[of] p1a: Nabooru","|","|-heal|p2a: Gyarados|304/349|[from] item: Leftovers","|turn|19","|","|move|p1a: Nabooru|Scald|p2a: Gyarados","|-resisted|p2a: Gyarados","|-activate|p2a: Gyarados|Substitute|[damage]","|move|p2a: Gyarados|Earthquake|p1a: Nabooru","|-damage|p1a: Nabooru|252/404","|","|-heal|p1a: Nabooru|277/404|[from] item: Leftovers","|-heal|p2a: Gyarados|325/349|[from] item: Leftovers","|turn|20","|","|move|p1a: Nabooru|Scald|p2a: Gyarados","|-resisted|p2a: Gyarados","|-activate|p2a: Gyarados|Substitute|[damage]","|move|p2a: Gyarados|Substitute|p2a: Gyarados","|-fail|p2a: Gyarados|move: Substitute","|","|-heal|p1a: Nabooru|302/404|[from] item: Leftovers","|-heal|p2a: Gyarados|346/349|[from] item: Leftovers","|turn|21","|","|switch|p1a: Sen|Sableye-Mega, M|95/304","|move|p2a: Gyarados|Dragon Dance|p2a: Gyarados","|-boost|p2a: Gyarados|atk|1","|-boost|p2a: Gyarados|spe|1","|","|-heal|p2a: Gyarados|349/349|[from] item: Leftovers","|turn|22","|","|move|p1a: Sen|Recover|p1a: Sen","|-heal|p1a: Sen|247/304","|move|p2a: Gyarados|Earthquake|p1a: Sen","|-damage|p1a: Sen|78/304","|","|-fieldend|move: Trick Room","|turn|23","|","|switch|p1a: Ith|Gengar, M, shiny|261/261","|move|p2a: Gyarados|Waterfall|p1a: Ith","|-crit|p1a: Ith","|-damage|p1a: Ith|0 fnt","|faint|p1a: Ith","|","|","|switch|p1a: Sen|Sableye-Mega, M|78/304","|turn|24","|","|switch|p1a: Nabooru|Jellicent, F, shiny|302/404","|move|p2a: Gyarados|Earthquake|p1a: Nabooru","|-damage|p1a: Nabooru|90/404","|","|-heal|p1a: Nabooru|115/404|[from] item: Leftovers","|turn|25","|","|move|p2a: Gyarados|Earthquake|p1a: Nabooru","|-damage|p1a: Nabooru|0 fnt","|faint|p1a: Nabooru","|","|","|switch|p1a: Naesanh|Aegislash, F|294/324","|turn|26","|","|move|p2a: Gyarados|Earthquake|p1a: Naesanh","|-supereffective|p1a: Naesanh","|-damage|p1a: Naesanh|0 fnt","|faint|p1a: Naesanh","|","|","|win|Duke Lucario"],"p1rating":{"entryid":"6733042","serverid":"eos","formatid":"monotype","userid":"etrayu","username":"Etrayu","w":"66","l":60,"t":"1","gxe":52.8,"r":1525.9819171877,"rd":36.494635123881,"sigma":"0","rptime":1439370000,"rpr":1521.4214554984,"rprd":36.322239669146,"rpsigma":"0","acre":1142.335468858,"lacre":1142.335468858,"oldacre":"1178.5710470215"},"p2rating":{"entryid":"5884012","serverid":"eos","formatid":"monotype","userid":"dukelucario","username":"Duke Lucario","w":4,"l":"6","t":"0","gxe":46,"r":"1432.8640919466","rd":104.47645142704,"sigma":"0","rptime":1439370000,"rpr":1468.505030792,"rprd":100.34774371794,"rpsigma":"0","acre":1066.1316007705,"lacre":1066.1316007705,"oldacre":"1010.4201585201"},"endType":"forfeit"}