{"seed":[2035,35778,50361,16],"turns":30,"p1":"nick151","p2":"Desolate Nightmare","p1team":[{"name":"Amoonguss","species":"Amoonguss","item":"chestoberry","ability":"Effect Spore","moves":["gigadrain","rest","sleeptalk","spore"],"nature":"","evs":{"hp":252,"atk":0,"def":4,"spa":0,"spd":252,"spe":0},"ivs":{"hp":31,"atk":31,"def":31,"spa":31,"spd":31,"spe":31}},{"name":"Venusaur","species":"Venusaur","item":"leftovers","ability":"Overgrow","moves":["leechseed","gigadrain","protect","earthquake"],"nature":"Gentle","evs":{"hp":248,"atk":8,"def":0,"spa":0,"spd":252,"spe":0},"ivs":{"hp":31,"atk":31,"def":31,"spa":31,"spd":31,"spe":31}},{"name":"Beedrill","species":"Beedrill","item":"beedrillite","ability":"Swarm","moves":["uturn","drillrun","knockoff","poisonjab"],"nature":"Jolly","evs":{"hp":0,"atk":252,"def":0,"spa":0,"spd":4,"spe":252},"ivs":{"hp":31,"atk":31,"def":31,"spa":31,"spd":31,"spe":31}},{"name":"Scolipede","species":"Scolipede","item":"focussash","ability":"Speed Boost","moves":["protect","swordsdance","poisonjab","megahorn"],"nature":"Adamant","evs":{"hp":0,"atk":252,"def":0,"spa":0,"spd":4,"spe":252},"ivs":{"hp":31,"atk":31,"def":31,"spa":31,"spd":31,"spe":31}},{"name":"Drapion","species":"Drapion","item":"","ability":"Battle Armor","moves":["crunch","toxicspikes","earthquake","honeclaws"],"nature":"Adamant","evs":{"hp":248,"atk":252,"def":0,"spa":0,"spd":8,"spe":0},"ivs":{"hp":31,"atk":31,"def":31,"spa":31,"spd":31,"spe":31}},{"name":"Crobat","species":"Crobat","item":"expertbelt","ability":"Infiltrator","moves":["bravebird","darkpulse","nastyplot","heatwave"],"nature":"Hasty","evs":{"hp":0,"atk":156,"def":0,"spa":100,"spd":0,"spe":252},"ivs":{"hp":31,"atk":31,"def":31,"spa":31,"spd":31,"spe":31}}],"p2team":[{"name":"Zeus","species":"thundurus","item":"lifeorb","ability":"Prankster","moves":["grassknot","thunderwave","knockoff","thunderbolt"],"nature":"Hasty","evs":{"hp":104,"atk":0,"def":0,"spa":152,"spd":0,"spe":252},"ivs":{"hp":31,"atk":30,"def":31,"spa":30,"spd":31,"spe":31},"shiny":true},{"name":"Washing Machine","species":"rotomwash","item":"leftovers","ability":"Levitate","moves":["painsplit","willowisp","hiddenpowergrass","hydropump"],"nature":"Bold","evs":{"hp":252,"atk":0,"def":252,"spa":4,"spd":0,"spe":0},"ivs":{"hp":31,"atk":30,"def":31,"spa":30,"spd":31,"spe":31}},{"name":"Trans-Ampharos","species":"ampharos","item":"ampharosite","ability":"Static","moves":["voltswitch","dragonpulse","rest","sleeptalk"],"nature":"Calm","evs":{"hp":248,"atk":0,"def":120,"spa":0,"spd":140,"spe":0},"ivs":{"hp":31,"atk":31,"def":31,"spa":31,"spd":31,"spe":31}},{"name":"Shoes in Spanish","species":"zapdos","item":"leftovers","ability":"Pressure","moves":["thunderbolt","heatwave","roost","toxic"],"nature":"Calm","evs":{"hp":252,"atk":0,"def":0,"spa":4,"spd":252,"spe":0},"shiny":true,"ivs":{"hp":31,"atk":31,"def":31,"spa":31,"spd":31,"spe":31}},{"name":"Static Popeye","species":"electivire","item":"expertbelt","ability":"Motor Drive","moves":["thunderbolt","crosschop","flamethrower","earthquake"],"nature":"Hasty","evs":{"hp":0,"atk":20,"def":0,"spa":232,"spd":4,"spe":252},"shiny":true,"ivs":{"hp":31,"atk":31,"def":31,"spa":31,"spd":31,"spe":31}},{"name":"Sputnik","species":"magnezone","item":"choicescarf","ability":"Magnet Pull","moves":["thunderbolt","voltswitch","flashcannon","hiddenpowerice"],"nature":"Timid","evs":{"hp":4,"atk":0,"def":0,"spa":252,"spd":0,"spe":252},"ivs":{"hp":31,"atk":30,"def":30,"spa":31,"spd":31,"spe":31}}],"log":["|player|p1|nick151|nick151.gif","|player|p2|Desolate Nightmare|167","|gametype|singles","|gen|6","|tier|Monotype","|rated","|rule|Baton Pass Clause: Limit one Baton Passer, can't pass Spe and other stats simultaneously","|rule|Swagger Clause: Swagger is banned","|rule|Same Type Clause: Pokémon in a team must share a type","|clearpoke","|poke|p1|Amoonguss, F","|poke|p1|Venusaur, M","|poke|p1|Beedrill, F","|poke|p1|Scolipede, M","|poke|p1|Drapion, F","|poke|p1|Crobat, M","|poke|p2|Thundurus, M, shiny","|poke|p2|Rotom-Wash","|poke|p2|Ampharos, M","|poke|p2|Zapdos, shiny","|poke|p2|Electivire, F, shiny","|poke|p2|Magnezone","|rule|Sleep Clause Mod: Limit one foe put to sleep","|rule|Species Clause: Limit one of each Pokémon","|rule|OHKO Clause: OHKO moves are banned","|rule|Moody Clause: Moody is banned","|rule|Evasion Moves Clause: Evasion moves are banned","|rule|Endless Battle Clause: Forcing endless battles is banned","|rule|HP Percentage Mod: HP is shown in percentages","|teampreview","|","|start","|switch|p1a: Crobat|Crobat, M|311/311","|switch|p2a: Sputnik|Magnezone|282/282","|turn|1","|","|move|p1a: Crobat|Heat Wave|p2a: Sputnik","|-supereffective|p2a: Sputnik","|-damage|p2a: Sputnik|109/282","|move|p2a: Sputnik|Volt Switch|p1a: Crobat","|-supereffective|p1a: Crobat","|-damage|p1a: Crobat|15/311","|","|switch|p2a: Washing Machine|Rotom-Wash|304/304","|","|turn|2","|","|move|p1a: Crobat|Brave Bird|p2a: Washing Machine","|-resisted|p2a: Washing Machine","|-damage|p2a: Washing Machine|251/304","|-damage|p1a: Crobat|0 fnt|[from] recoil|[of] p2a: Washing Machine","|faint|p1a: Crobat","|move|p2a: Washing Machine|Will-O-Wisp|p1: Crobat|[notarget]","|-notarget","|","|-heal|p2a: Washing Machine|270/304|[from] item: Leftovers","|","|switch|p1a: Venusaur|Venusaur, M|363/363","|turn|3","|","|move|p2a: Washing Machine|Will-O-Wisp|p1a: Venusaur","|-status|p1a: Venusaur|brn","|move|p1a: Venusaur|Giga Drain|p2a: Washing Machine","|-supereffective|p2a: Washing Machine","|-damage|p2a: Washing Machine|94/304","|","|-heal|p2a: Washing Machine|113/304|[from] item: Leftovers","|-damage|p1a: Venusaur|318/363 brn|[from] brn","|turn|4","|","|switch|p2a: Shoes in Spanish|Zapdos, shiny|384/384","|-ability|p2a: Shoes in Spanish|Pressure","|move|p1a: Venusaur|Giga Drain|p2a: Shoes in Spanish","|-resisted|p2a: Shoes in Spanish","|-damage|p2a: Shoes in Spanish|349/384","|-heal|p1a: Venusaur|336/363 brn|[from] drain|[of] p2a: Shoes in Spanish","|","|-heal|p2a: Shoes in Spanish|373/384|[from] item: Leftovers","|-heal|p1a: Venusaur|358/363 brn|[from] item: Leftovers","|-damage|p1a: Venusaur|313/363 brn|[from] brn","|turn|5","|","|move|p2a: Shoes in Spanish|Heat Wave|p1a: Venusaur","|-supereffective|p1a: Venusaur","|-damage|p1a: Venusaur|193/363 brn","|move|p1a: Venusaur|Leech Seed|p2a: Shoes in Spanish","|-start|p2a: Shoes in Spanish|move: Leech Seed","|","|-heal|p2a: Shoes in Spanish|384/384|[from] item: Leftovers","|-heal|p1a: Venusaur|215/363 brn|[from] item: Leftovers","|-damage|p2a: Shoes in Spanish|336/384|[from] Leech Seed|[of] p1a: Venusaur","|-heal|p1a: Venusaur|263/363 brn|[silent]","|-damage|p1a: Venusaur|218/363 brn|[from] brn","|turn|6","|","|switch|p2a: Static Popeye|Electivire, F, shiny|291/291","|move|p1a: Venusaur|Giga Drain|p2a: Static Popeye","|-damage|p2a: Static Popeye|182/291","|-heal|p1a: Venusaur|273/363 brn|[from] drain|[of] p2a: Static Popeye","|","|-heal|p1a: Venusaur|295/363 brn|[from] item: Leftovers","|-damage|p1a: Venusaur|250/363 brn|[from] brn","|turn|7","|","|move|p2a: Static Popeye|Flamethrower|p1a: Venusaur","|-supereffective|p1a: Venusaur","|-damage|p1a: Venusaur|111/363 brn","|move|p1a: Venusaur|Giga Drain|p2a: Static Popeye","|-damage|p2a: Static Popeye|37/291","|-heal|p1a: Venusaur|184/363 brn|[from] drain|[of] p2a: Static Popeye","|","|-heal|p1a: Venusaur|206/363 brn|[from] item: Leftovers","|-damage|p1a: Venusaur|161/363 brn|[from] brn","|turn|8","|","|switch|p2a: Sputnik|Magnezone|109/282","|move|p1a: Venusaur|Giga Drain|p2a: Sputnik","|-resisted|p2a: Sputnik","|-damage|p2a: Sputnik|57/282","|-heal|p1a: Venusaur|187/363 brn|[from] drain|[of] p2a: Sputnik","|","|-heal|p1a: Venusaur|209/363 brn|[from] item: Leftovers","|-damage|p1a: Venusaur|164/363 brn|[from] brn","|turn|9","|","|move|p2a: Sputnik|Hidden Power|p1a: Venusaur","|-supereffective|p1a: Venusaur","|-damage|p1a: Venusaur|58/363 brn","|move|p1a: Venusaur|Leech Seed|p2a: Sputnik","|-start|p2a: Sputnik|move: Leech Seed","|","|-heal|p1a: Venusaur|80/363 brn|[from] item: Leftovers","|-damage|p2a: Sputnik|22/282|[from] Leech Seed|[of] p1a: Venusaur","|-heal|p1a: Venusaur|115/363 brn|[silent]","|-damage|p1a: Venusaur|70/363 brn|[from] brn","|turn|10","|","|move|p2a: Sputnik|Hidden Power|p1a: Venusaur","|-supereffective|p1a: Venusaur","|-damage|p1a: Venusaur|0 fnt","|faint|p1a: Venusaur","|","|","|switch|p1a: Scolipede|Scolipede, M|261/261","|turn|11","|","|move|p2a: Sputnik|Hidden Power|p1a: Scolipede","|-damage|p1a: Scolipede|162/261","|move|p1a: Scolipede|Swords Dance|p1a: Scolipede","|-boost|p1a: Scolipede|atk|2","|","|-damage|p2a: Sputnik|0 fnt|[from] Leech Seed|[of] p1a: Scolipede","|-heal|p1a: Scolipede|184/261|[silent]","|-boost|p1a: Scolipede|spe|1|[from] ability: Speed Boost","|faint|p2a: Sputnik","|","|switch|p2a: Zeus|Thundurus, M, shiny|325/325","|turn|12","|","|move|p1a: Scolipede|Protect|p1a: Scolipede","|-singleturn|p1a: Scolipede|Protect","|move|p2a: Zeus|Thunder Wave|p1a: Scolipede","|-activate|p1a: Scolipede|Protect","|","|-boost|p1a: Scolipede|spe|1|[from] ability: Speed Boost","|turn|13","|","|move|p2a: Zeus|Thunder Wave|p1a: Scolipede","|-status|p1a: Scolipede|par","|move|p1a: Scolipede|Swords Dance|p1a: Scolipede","|-boost|p1a: Scolipede|atk|2","|","|-boost|p1a: Scolipede|spe|1|[from] ability: Speed Boost","|turn|14","|","|cant|p1a: Scolipede|par","|move|p2a: Zeus|Knock Off|p1a: Scolipede","|-damage|p1a: Scolipede|54/261 par","|-enditem|p1a: Scolipede|Focus Sash|[from] move: Knock Off|[of] p2a: Zeus","|-damage|p2a: Zeus|293/325|[from] item: Life Orb","|","|-boost|p1a: Scolipede|spe|1|[from] ability: Speed Boost","|turn|15","|","|cant|p1a: Scolipede|par","|move|p2a: Zeus|Thunderbolt|p1a: Scolipede","|-damage|p1a: Scolipede|0 fnt","|-damage|p2a: Zeus|261/325|[from] item: Life Orb","|faint|p1a: Scolipede","|","|","|switch|p1a: Beedrill|Beedrill, F|271/271","|turn|16","|","|move|p2a: Zeus|Thunder Wave|p1a: Beedrill","|-status|p1a: Beedrill|par","|move|p1a: Beedrill|Knock Off|p2a: Zeus","|-damage|p2a: Zeus|116/325","|-enditem|p2a: Zeus|Life Orb|[from] move: Knock Off|[of] p1a: Beedrill","|","|turn|17","|","|detailschange|p1a: Beedrill|Beedrill-Mega, F","|-mega|p1a: Beedrill|Beedrill|Beedrillite","|move|p2a: Zeus|Thunderbolt|p1a: Beedrill","|-damage|p1a: Beedrill|87/271 par","|move|p1a: Beedrill|Knock Off|p2a: Zeus","|-damage|p2a: Zeus|0 fnt","|faint|p2a: Zeus","|","|","|switch|p2a: Static Popeye|Electivire, F, shiny|37/291","|turn|18","|","|move|p2a: Static Popeye|Earthquake|p1a: Beedrill","|-crit|p1a: Beedrill","|-damage|p1a: Beedrill|0 fnt","|faint|p1a: Beedrill","|","|","|switch|p1a: Drapion|Drapion, F|343/343","|turn|19","|","|switch|p2a: Washing Machine|Rotom-Wash|113/304","|move|p1a: Drapion|Crunch|p2a: Washing Machine","|-damage|p2a: Washing Machine|22/304","|","|-heal|p2a: Washing Machine|41/304|[from] item: Leftovers","|turn|20","|","|move|p1a: Drapion|Crunch|p2a: Washing Machine","|-damage|p2a: Washing Machine|0 fnt","|faint|p2a: Washing Machine","|","|","|switch|p2a: Trans-Ampharos|Ampharos, M|383/383","|turn|21","|","|detailschange|p2a: Trans-Ampharos|Ampharos-Mega, M","|-mega|p2a: Trans-Ampharos|Ampharos|Ampharosite","|-ability|p2a: Trans-Ampharos|Mold Breaker","|move|p1a: Drapion|Earthquake|p2a: Trans-Ampharos","|-supereffective|p2a: Trans-Ampharos","|-damage|p2a: Trans-Ampharos|207/383","|move|p2a: Trans-Ampharos|Dragon Pulse|p1a: Drapion","|-damage|p1a: Drapion|135/343","|","|turn|22","|","|move|p1a: Drapion|Earthquake|p2a: Trans-Ampharos","|-supereffective|p2a: Trans-Ampharos","|-damage|p2a: Trans-Ampharos|45/383","|move|p2a: Trans-Ampharos|Rest|p2a: Trans-Ampharos","|-status|p2a: Trans-Ampharos|slp","|-heal|p2a: Trans-Ampharos|383/383 slp|[silent]","|-status|p2a: Trans-Ampharos|slp|[from] move: Rest","|","|turn|23","|","|move|p1a: Drapion|Earthquake|p2a: Trans-Ampharos","|-supereffective|p2a: Trans-Ampharos","|-damage|p2a: Trans-Ampharos|209/383 slp","|cant|p2a: Trans-Ampharos|slp","|move|p2a: Trans-Ampharos|Sleep Talk|p2a: Trans-Ampharos","|move|p2a: Trans-Ampharos|Dragon Pulse|p1a: Drapion|[from]Sleep Talk","|-damage|p1a: Drapion|0 fnt","|faint|p1a: Drapion","|","|","|switch|p1a: Amoonguss|Amoonguss, F|432/432","|turn|24","|","|cant|p2a: Trans-Ampharos|slp","|move|p2a: Trans-Ampharos|Sleep Talk|p2a: Trans-Ampharos","|move|p2a: Trans-Ampharos|Rest|p2a: Trans-Ampharos|[from]Sleep Talk","|-fail|p2a: Trans-Ampharos","|move|p1a: Amoonguss|Giga Drain|p2a: Trans-Ampharos","|-resisted|p2a: Trans-Ampharos","|-damage|p2a: Trans-Ampharos|178/383 slp","|","|turn|25","|","|-curestatus|p2a: Trans-Ampharos|slp","|move|p2a: Trans-Ampharos|Dragon Pulse|p1a: Amoonguss","|-damage|p1a: Amoonguss|297/432","|move|p1a: Amoonguss|Spore|p2a: Trans-Ampharos","|-status|p2a: Trans-Ampharos|slp","|","|turn|26","|","|cant|p2a: Trans-Ampharos|slp","|move|p2a: Trans-Ampharos|Sleep Talk|p2a: Trans-Ampharos","|move|p2a: Trans-Ampharos|Volt Switch|p1a: Amoonguss|[from]Sleep Talk","|-resisted|p1a: Amoonguss","|-damage|p1a: Amoonguss|241/432","|","|switch|p2a: Shoes in Spanish|Zapdos, shiny|336/384","|-ability|p2a: Shoes in Spanish|Pressure","|move|p1a: Amoonguss|Giga Drain|p2a: Shoes in Spanish","|-resisted|p2a: Shoes in Spanish","|-damage|p2a: Shoes in Spanish|304/384","|-heal|p1a: Amoonguss|257/432|[from] drain|[of] p2a: Shoes in Spanish","|","|-heal|p2a: Shoes in Spanish|328/384|[from] item: Leftovers","|turn|27","|","|move|p2a: Shoes in Spanish|Heat Wave|p1a: Amoonguss","|-supereffective|p1a: Amoonguss","|-damage|p1a: Amoonguss|105/432","|move|p1a: Amoonguss|Rest|p1a: Amoonguss","|-status|p1a: Amoonguss|slp","|-heal|p1a: Amoonguss|432/432 slp|[silent]","|-status|p1a: Amoonguss|slp|[from] move: Rest","|-enditem|p1a: Amoonguss|Chesto Berry|[eat]","|-curestatus|p1a: Amoonguss|slp","|","|-heal|p2a: Shoes in Spanish|352/384|[from] item: Leftovers","|turn|28","|","|move|p2a: Shoes in Spanish|Heat Wave|p1a: Amoonguss","|-supereffective|p1a: Amoonguss","|-damage|p1a: Amoonguss|270/432","|-status|p1a: Amoonguss|brn","|move|p1a: Amoonguss|Giga Drain|p2a: Shoes in Spanish","|-resisted|p2a: Shoes in Spanish","|-damage|p2a: Shoes in Spanish|322/384","|-heal|p1a: Amoonguss|285/432 brn|[from] drain|[of] p2a: Shoes in Spanish","|","|-heal|p2a: Shoes in Spanish|346/384|[from] item: Leftovers","|-damage|p1a: Amoonguss|231/432 brn|[from] brn","|turn|29","|","|move|p2a: Shoes in Spanish|Heat Wave|p1a: Amoonguss","|-supereffective|p1a: Amoonguss","|-damage|p1a: Amoonguss|59/432 brn","|move|p1a: Amoonguss|Rest|p1a: Amoonguss","|-status|p1a: Amoonguss|slp","|-heal|p1a: Amoonguss|432/432 slp|[silent]","|-status|p1a: Amoonguss|slp|[from] move: Rest","|","|-heal|p2a: Shoes in Spanish|370/384|[from] item: Leftovers","|turn|30","|player|p1","|","|win|Desolate Nightmare"],"p1rating":{"entryid":"7293154","serverid":"eos","formatid":"monotype","userid":"nick151","username":"nick151","w":"1","l":11,"t":"0","gxe":25.5,"r":"1319.1535712567","rd":"90.206365688755","sigma":"0","rptime":"1439370000","rpr":1292.0462007871,"rprd":85.414429581106,"rpsigma":"0","acre":1000,"lacre":1000,"oldacre":"1000"},"p2rating":{"entryid":"6455140","serverid":"eos","formatid":"monotype","userid":"desolatenightmare","username":"Desolate Nightmare","w":21,"l":"26","t":"0","gxe":43.7,"r":"1431.1440766025","rd":"59.970784680814","sigma":"0","rptime":"1439370000","rpr":1451.4813657255,"rprd":55.055680133609,"rpsigma":"0","acre":1158.7207262021,"lacre":1158.7207262021,"oldacre":"1143.4964915826"},"endType":"forfeit"}