{"seed":[65520,37888,23388,19232],"turns":35,"p1":"Rain Sage","p2":"JusAnAlt","p1team":[{"name":"King Ludi","species":"ludicolo","item":"leftovers","ability":"Swift Swim","moves":["teeterdance","scald","icebeam","gigadrain"],"nature":"Modest","evs":{"hp":0,"atk":0,"def":0,"spa":252,"spd":4,"spe":252},"shiny":true,"ivs":{"hp":31,"atk":31,"def":31,"spa":31,"spd":31,"spe":31}},{"name":"SS2 Azu","species":"azumarill","item":"sitrusberry","ability":"Huge Power","moves":["aquajet","playrough","bellydrum","knockoff"],"nature":"Adamant","evs":{"hp":252,"atk":252,"def":0,"spa":0,"spd":4,"spe":0},"shiny":true,"ivs":{"hp":31,"atk":31,"def":31,"spa":31,"spd":31,"spe":31}},{"name":"SwampGun","species":"swampert","item":"swampertite","ability":"Damp","moves":["superpower","waterfall","earthquake","icepunch"],"nature":"Adamant","evs":{"hp":248,"atk":252,"def":0,"spa":0,"spd":8,"spe":0},"ivs":{"hp":31,"atk":31,"def":31,"spa":31,"spd":31,"spe":31}},{"name":"Milo","species":"milotic","item":"leftovers","ability":"Competitive","moves":["scald","icebeam","raindance","toxic"],"nature":"Bold","evs":{"hp":252,"atk":0,"def":252,"spa":4,"spd":0,"spe":0},"shiny":true,"ivs":{"hp":31,"atk":31,"def":31,"spa":31,"spd":31,"spe":31}},{"name":"Poliie","species":"politoed","item":"widelens","ability":"Drizzle","moves":["icebeam","surf","hypnosis","perishsong"],"nature":"Modest","evs":{"hp":248,"atk":0,"def":0,"spa":252,"spd":8,"spe":0},"shiny":true,"ivs":{"hp":31,"atk":31,"def":31,"spa":31,"spd":31,"spe":31}},{"name":"Slowbro","species":"Slowbro","item":"assaultvest","ability":"Regenerator","moves":["futuresight","flamethrower","scald","focusblast"],"nature":"Modest","evs":{"hp":248,"atk":0,"def":0,"spa":252,"spd":8,"spe":0},"ivs":{"hp":31,"atk":31,"def":31,"spa":31,"spd":31,"spe":31}}],"p2team":[{"name":"Hoopa-Unbound","species":"Hoopa-Unbound","item":"choicescarf","ability":"Magician","moves":["drainpunch","firepunch","hyperspacefury","zenheadbutt"],"nature":"Jolly","evs":{"hp":0,"atk":252,"def":0,"spa":0,"spd":4,"spe":252},"ivs":{"hp":31,"atk":31,"def":31,"spa":31,"spd":31,"spe":31}},{"name":"Slowbro","species":"Slowbro","item":"leftovers","ability":"Regenerator","moves":["flamethrower","scald","slackoff","thunderwave"],"nature":"Bold","evs":{"hp":248,"atk":0,"def":252,"spa":8,"spd":0,"spe":0},"gender":"M","ivs":{"hp":31,"atk":0,"def":31,"spa":31,"spd":31,"spe":31}},{"name":"Meloetta","species":"Meloetta","item":"assaultvest","ability":"Serene Grace","moves":["dazzlinggleam","hypervoice","psyshock","shadowball"],"nature":"Calm","evs":{"hp":248,"atk":0,"def":0,"spa":8,"spd":252,"spe":0},"ivs":{"hp":31,"atk":0,"def":31,"spa":31,"spd":31,"spe":31}},{"name":"Gardevoir","species":"Gardevoir","item":"gardevoirite","ability":"Trace","moves":["energyball","hypervoice","psyshock","thunderbolt"],"nature":"Timid","evs":{"hp":0,"atk":0,"def":0,"spa":252,"spd":4,"spe":252},"gender":"F","ivs":{"hp":31,"atk":0,"def":31,"spa":31,"spd":31,"spe":31}},{"name":"Mew","species":"Mew","item":"leftovers","ability":"Synchronize","moves":["defog","healbell","roost","willowisp"],"nature":"Calm","evs":{"hp":248,"atk":0,"def":0,"spa":0,"spd":152,"spe":108},"ivs":{"hp":31,"atk":0,"def":31,"spa":31,"spd":31,"spe":31}},{"name":"Latios","species":"Latios","item":"choicescarf","ability":"Levitate","moves":["dracometeor","energyball","icebeam","psyshock"],"nature":"Timid","evs":{"hp":0,"atk":0,"def":0,"spa":252,"spd":4,"spe":252},"ivs":{"hp":31,"atk":0,"def":31,"spa":31,"spd":31,"spe":31}}],"log":["|player|p1|Rain Sage|154","|player|p2|JusAnAlt|99","|gametype|singles","|gen|6","|tier|Monotype","|rated","|rule|Baton Pass Clause: Limit one Baton Passer, can't pass Spe and other stats simultaneously","|rule|Swagger Clause: Swagger is banned","|rule|Same Type Clause: Pokémon in a team must share a type","|clearpoke","|poke|p1|Ludicolo, M, shiny","|poke|p1|Azumarill, M, shiny","|poke|p1|Swampert, F","|poke|p1|Milotic, F, shiny","|poke|p1|Politoed, M, shiny","|poke|p1|Slowbro, F","|poke|p2|Hoopa-Unbound","|poke|p2|Slowbro, M","|poke|p2|Meloetta","|poke|p2|Gardevoir, F","|poke|p2|Mew","|poke|p2|Latios, M","|rule|Sleep Clause Mod: Limit one foe put to sleep","|rule|Species Clause: Limit one of each Pokémon","|rule|OHKO Clause: OHKO moves are banned","|rule|Moody Clause: Moody is banned","|rule|Evasion Moves Clause: Evasion moves are banned","|rule|Endless Battle Clause: Forcing endless battles is banned","|rule|HP Percentage Mod: HP is shown in percentages","|teampreview","|","|start","|switch|p1a: Milo|Milotic, F, shiny|394/394","|switch|p2a: Gardevoir|Gardevoir, F|277/277","|-ability|p2a: Gardevoir|Competitive|[from] ability: Trace|[of] p1a: Milo","|turn|1","|","|detailschange|p2a: Gardevoir|Gardevoir-Mega, F","|-mega|p2a: Gardevoir|Gardevoir|Gardevoirite","|move|p2a: Gardevoir|Psyshock|p1a: Milo","|-damage|p1a: Milo|262/394","|move|p1a: Milo|Toxic|p2a: Gardevoir","|-status|p2a: Gardevoir|tox","|","|-heal|p1a: Milo|286/394|[from] item: Leftovers","|-damage|p2a: Gardevoir|260/277 tox|[from] psn","|turn|2","|","|switch|p1a: Slowbro|Slowbro, F|393/393","|move|p2a: Gardevoir|Hyper Voice|p1a: Slowbro","|-damage|p1a: Slowbro|197/393","|","|-damage|p2a: Gardevoir|226/277 tox|[from] psn","|turn|3","|","|switch|p2a: Mew|Mew|403/403","|switch|p1a: Poliie|Politoed, M, shiny|383/383","|-weather|RainDance","|","|-weather|RainDance|[upkeep]","|turn|4","|","|move|p2a: Mew|Will-O-Wisp|p1a: Poliie|[miss]","|-miss|p2a: Mew|p1a: Poliie","|move|p1a: Poliie|Hypnosis|p2a: Mew|[miss]","|-miss|p1a: Poliie|p2a: Mew","|","|-weather|RainDance|[upkeep]","|turn|5","|","|switch|p2a: Gardevoir|Gardevoir-Mega, F|226/277 tox","|move|p1a: Poliie|Surf|p2a: Gardevoir","|-damage|p2a: Gardevoir|73/277 tox","|","|-weather|RainDance|[upkeep]","|-damage|p2a: Gardevoir|56/277 tox|[from] psn","|turn|6","|","|switch|p1a: Slowbro|Slowbro, F|328/393","|move|p2a: Gardevoir|Hyper Voice|p1a: Slowbro","|-damage|p1a: Slowbro|123/393","|","|-weather|RainDance|[upkeep]","|-damage|p2a: Gardevoir|22/277 tox|[from] psn","|turn|7","|","|switch|p1a: Milo|Milotic, F, shiny|286/394","|move|p2a: Gardevoir|Hyper Voice|p1a: Milo","|-damage|p1a: Milo|90/394","|","|-weather|none","|-heal|p1a: Milo|114/394|[from] item: Leftovers","|-damage|p2a: Gardevoir|0 fnt|[from] psn","|faint|p2a: Gardevoir","|","|switch|p2a: Hoopa-Unbound|Hoopa-Unbound|301/301","|turn|8","|","|switch|p1a: Poliie|Politoed, M, shiny|383/383","|-weather|RainDance","|move|p2a: Hoopa-Unbound|Hyperspace Fury|p1a: Poliie","|-damage|p1a: Poliie|134/383","|-unboost|p2a: Hoopa-Unbound|def|1","|","|-weather|RainDance|[upkeep]","|turn|9","|","|switch|p1a: Milo|Milotic, F, shiny|114/394","|move|p2a: Hoopa-Unbound|Hyperspace Fury|p1a: Milo","|-damage|p1a: Milo|0 fnt","|-unboost|p2a: Hoopa-Unbound|def|1","|faint|p1a: Milo","|","|-weather|RainDance|[upkeep]","|","|switch|p1a: SS2 Azu|Azumarill, M, shiny|404/404","|turn|10","|","|switch|p2a: Slowbro|Slowbro, M|393/393","|move|p1a: SS2 Azu|Play Rough|p2a: Slowbro","|-damage|p2a: Slowbro|251/393","|","|-weather|RainDance|[upkeep]","|-heal|p2a: Slowbro|275/393|[from] item: Leftovers","|turn|11","|","|move|p1a: SS2 Azu|Knock Off|p2a: Slowbro","|-supereffective|p2a: Slowbro","|-damage|p2a: Slowbro|75/393","|-enditem|p2a: Slowbro|Leftovers|[from] move: Knock Off|[of] p1a: SS2 Azu","|move|p2a: Slowbro|Scald|p1a: SS2 Azu","|-resisted|p1a: SS2 Azu","|-damage|p1a: SS2 Azu|324/404","|","|-weather|RainDance|[upkeep]","|turn|12","|","|switch|p2a: Mew|Mew|403/403","|move|p1a: SS2 Azu|Play Rough|p2a: Mew","|-damage|p2a: Mew|210/403","|","|-weather|none","|-heal|p2a: Mew|235/403|[from] item: Leftovers","|turn|13","|","|switch|p1a: Poliie|Politoed, M, shiny|134/383","|-weather|RainDance","|move|p2a: Mew|Will-O-Wisp|p1a: Poliie","|-status|p1a: Poliie|brn","|","|-weather|RainDance|[upkeep]","|-heal|p2a: Mew|260/403|[from] item: Leftovers","|-damage|p1a: Poliie|87/383 brn|[from] brn","|turn|14","|","|move|p2a: Mew|Roost|p2a: Mew","|-heal|p2a: Mew|403/403","|move|p1a: Poliie|Hypnosis|p2a: Mew|[miss]","|-miss|p1a: Poliie|p2a: Mew","|","|-weather|RainDance|[upkeep]","|-damage|p1a: Poliie|40/383 brn|[from] brn","|turn|15","|","|switch|p2a: Slowbro|Slowbro, M|206/393","|move|p1a: Poliie|Hypnosis|p2a: Slowbro","|-status|p2a: Slowbro|slp","|","|-weather|RainDance|[upkeep]","|-damage|p1a: Poliie|0 fnt|[from] brn","|faint|p1a: Poliie","|","|switch|p1a: SS2 Azu|Azumarill, M, shiny|324/404","|turn|16","|","|move|p1a: SS2 Azu|Belly Drum|p1a: SS2 Azu","|-damage|p1a: SS2 Azu|122/404","|-setboost|p1a: SS2 Azu|atk|6|[from] move: Belly Drum","|-enditem|p1a: SS2 Azu|Sitrus Berry|[eat]","|-heal|p1a: SS2 Azu|223/404|[from] item: Sitrus Berry","|cant|p2a: Slowbro|slp","|","|-weather|RainDance|[upkeep]","|turn|17","|","|move|p1a: SS2 Azu|Knock Off|p2a: Slowbro","|-supereffective|p2a: Slowbro","|-damage|p2a: Slowbro|0 fnt","|faint|p2a: Slowbro","|","|-weather|none","|","|switch|p2a: Mew|Mew|403/403","|turn|18","|","|move|p1a: SS2 Azu|Aqua Jet|p2a: Mew","|-damage|p2a: Mew|66/403","|move|p2a: Mew|Will-O-Wisp|p1a: SS2 Azu","|-status|p1a: SS2 Azu|brn","|","|-heal|p2a: Mew|91/403|[from] item: Leftovers","|-damage|p1a: SS2 Azu|173/404 brn|[from] brn","|turn|19","|","|move|p1a: SS2 Azu|Aqua Jet|p2a: Mew","|-damage|p2a: Mew|0 fnt","|faint|p2a: Mew","|","|-damage|p1a: SS2 Azu|123/404 brn|[from] brn","|","|switch|p2a: Latios|Latios, M|301/301","|turn|20","|","|switch|p1a: Slowbro|Slowbro, F|254/393","|move|p2a: Latios|Energy Ball|p1a: Slowbro","|-supereffective|p1a: Slowbro","|-damage|p1a: Slowbro|88/393","|","|turn|21","|","|switch|p1a: King Ludi|Ludicolo, M, shiny|301/301","|move|p2a: Latios|Energy Ball|p1a: King Ludi","|-damage|p1a: King Ludi|190/301","|","|-heal|p1a: King Ludi|208/301|[from] item: Leftovers","|turn|22","|","|switch|p2a: Meloetta|Meloetta|403/403","|move|p1a: King Ludi|Teeter Dance|p2a: Meloetta","|-start|p2a: Meloetta|confusion","|","|-heal|p1a: King Ludi|226/301|[from] item: Leftovers","|turn|23","|","|switch|p1a: SS2 Azu|Azumarill, M, shiny|123/404 brn","|-activate|p2a: Meloetta|confusion","|move|p2a: Meloetta|Hyper Voice|p1a: SS2 Azu","|-damage|p1a: SS2 Azu|0 fnt","|faint|p1a: SS2 Azu","|","|","|switch|p1a: SwampGun|Swampert, F|403/403","|turn|24","|","|switch|p2a: Latios|Latios, M|301/301","|detailschange|p1a: SwampGun|Swampert-Mega, F","|-mega|p1a: SwampGun|Swampert|Swampertite","|move|p1a: SwampGun|Waterfall|p2a: Latios","|-resisted|p2a: Latios","|-damage|p2a: Latios|196/301","|","|turn|25","|","|switch|p1a: King Ludi|Ludicolo, M, shiny|226/301","|move|p2a: Latios|Energy Ball|p1a: King Ludi","|-damage|p1a: King Ludi|115/301","|","|-heal|p1a: King Ludi|133/301|[from] item: Leftovers","|turn|26","|","|switch|p2a: Meloetta|Meloetta|403/403","|move|p1a: King Ludi|Ice Beam|p2a: Meloetta","|-damage|p2a: Meloetta|366/403","|","|-heal|p1a: King Ludi|151/301|[from] item: Leftovers","|turn|27","|","|move|p1a: King Ludi|Teeter Dance|p2a: Meloetta","|-start|p2a: Meloetta|confusion","|-activate|p2a: Meloetta|confusion","|-damage|p2a: Meloetta|344/403|[from] confusion","|","|-heal|p1a: King Ludi|169/301|[from] item: Leftovers","|turn|28","|","|move|p1a: King Ludi|Scald|p2a: Meloetta","|-damage|p2a: Meloetta|292/403","|-activate|p2a: Meloetta|confusion","|-damage|p2a: Meloetta|270/403|[from] confusion","|","|-heal|p1a: King Ludi|187/301|[from] item: Leftovers","|turn|29","|","|move|p1a: King Ludi|Ice Beam|p2a: Meloetta","|-damage|p2a: Meloetta|232/403","|-activate|p2a: Meloetta|confusion","|move|p2a: Meloetta|Hyper Voice|p1a: King Ludi","|-damage|p1a: King Ludi|61/301","|","|-heal|p1a: King Ludi|79/301|[from] item: Leftovers","|turn|30","|","|move|p1a: King Ludi|Scald|p2a: Meloetta","|-damage|p2a: Meloetta|184/403","|-end|p2a: Meloetta|confusion","|move|p2a: Meloetta|Hyper Voice|p1a: King Ludi","|-damage|p1a: King Ludi|0 fnt","|faint|p1a: King Ludi","|","|","|switch|p1a: SwampGun|Swampert-Mega, F|403/403","|turn|31","|","|move|p2a: Meloetta|Shadow Ball|p1a: SwampGun","|-damage|p1a: SwampGun|329/403","|-unboost|p1a: SwampGun|spd|1","|move|p1a: SwampGun|Ice Punch|p2a: Meloetta","|-damage|p2a: Meloetta|58/403","|","|turn|32","|","|switch|p1a: Slowbro|Slowbro, F|219/393","|move|p2a: Meloetta|Hyper Voice|p1a: Slowbro","|-damage|p1a: Slowbro|120/393","|","|turn|33","|","|move|p2a: Meloetta|Shadow Ball|p1a: Slowbro","|-supereffective|p1a: Slowbro","|-damage|p1a: Slowbro|0 fnt","|faint|p1a: Slowbro","|","|","|switch|p1a: SwampGun|Swampert-Mega, F|329/403","|turn|34","|","|move|p2a: Meloetta|Shadow Ball|p1a: SwampGun","|-damage|p1a: SwampGun|255/403","|-unboost|p1a: SwampGun|spd|1","|move|p1a: SwampGun|Ice Punch|p2a: Meloetta","|-damage|p2a: Meloetta|0 fnt","|faint|p2a: Meloetta","|","|","|switch|p2a: Latios|Latios, M|196/301","|turn|35","|","|move|p2a: Latios|Energy Ball|p1a: SwampGun","|-supereffective|p1a: SwampGun","|-damage|p1a: SwampGun|0 fnt","|faint|p1a: SwampGun","|","|win|JusAnAlt"],"p1rating":{"entryid":7583035,"formatid":"monotype","userid":"rainsage","username":"Rain Sage","r":1500,"rd":130,"sigma":0,"rpr":1472.0483566906,"rprd":122.82739546957,"rpsigma":0,"rptime":1439370000,"w":0,"l":1,"t":0,"gxe":46.5,"acre":1000,"lacre":1000,"oldacre":1000},"p2rating":{"entryid":"6680044","serverid":"eos","formatid":"monotype","userid":"jusanalt","username":"JusAnAlt","w":50,"l":"22","t":"0","gxe":65.9,"r":"1627.9971418953","rd":"47.685558355261","sigma":"0","rptime":"1439370000","rpr":1624.8743269722,"rprd":46.968919781001,"rpsigma":"0","acre":1251.8086480719,"lacre":1251.8086480719,"oldacre":"1241.8560931746"},"endType":"normal"}