{"seed":[30254,35744,26771,35745],"turns":31,"p1":"Alliance - Mxy","p2":"Merciless Marx","p1team":[{"name":"Beedrill","species":"Beedrill","item":"beedrillite","ability":"Swarm","moves":["uturn","poisonjab","knockoff","protect"],"nature":"Jolly","evs":{"hp":0,"atk":252,"def":0,"spa":0,"spd":4,"spe":252},"ivs":{"hp":31,"atk":31,"def":31,"spa":31,"spd":31,"spe":31}},{"name":"Weezing","species":"Weezing","item":"blacksludge","ability":"Levitate","moves":["fireblast","sludgewave","willowisp","painsplit"],"nature":"Bold","evs":{"hp":248,"atk":0,"def":252,"spa":8,"spd":0,"spe":0},"ivs":{"hp":31,"atk":0,"def":31,"spa":31,"spd":31,"spe":31}},{"name":"Drapion","species":"Drapion","item":"choicescarf","ability":"Sniper","moves":["knockoff","rockslide","nightslash","icefang"],"nature":"Jolly","evs":{"hp":0,"atk":252,"def":0,"spa":0,"spd":4,"spe":252},"ivs":{"hp":31,"atk":31,"def":31,"spa":31,"spd":31,"spe":31}},{"name":"Gengar","species":"Gengar","item":"focussash","ability":"Levitate","moves":["shadowball","sludgewave","focusblast","destinybond"],"nature":"Timid","evs":{"hp":0,"atk":0,"def":0,"spa":252,"spd":4,"spe":252},"ivs":{"hp":31,"atk":0,"def":31,"spa":31,"spd":31,"spe":31}},{"name":"Skuntank","species":"Skuntank","item":"blackglasses","ability":"Aftermath","moves":["suckerpunch","pursuit","toxic","defog"],"nature":"Adamant","evs":{"hp":0,"atk":252,"def":0,"spa":0,"spd":0,"spe":252},"ivs":{"hp":31,"atk":31,"def":31,"spa":31,"spd":31,"spe":31}},{"name":"Nidoking","species":"Nidoking","item":"lifeorb","ability":"Sheer Force","moves":["earthpower","flamethrower","icebeam","suckerpunch"],"nature":"Naive","evs":{"hp":0,"atk":4,"def":0,"spa":252,"spd":0,"spe":252},"ivs":{"hp":31,"atk":31,"def":31,"spa":31,"spd":31,"spe":31}}],"p2team":[{"name":"Pidgeot","species":"Pidgeot","item":"pidgeotite","ability":"Tangled Feet","moves":["hurricane","heatwave","hiddenpowerice","protect"],"nature":"Timid","evs":{"hp":0,"atk":0,"def":0,"spa":252,"spd":4,"spe":252},"ivs":{"hp":31,"atk":30,"def":30,"spa":31,"spd":31,"spe":31}},{"name":"Skarmory","species":"Skarmory","item":"rockyhelmet","ability":"Sturdy","moves":["bravebird","stealthrock","roost","whirlwind"],"nature":"Impish","evs":{"hp":248,"atk":0,"def":236,"spa":0,"spd":0,"spe":24},"ivs":{"hp":31,"atk":31,"def":31,"spa":31,"spd":31,"spe":31}},{"name":"Landorus-Therian","species":"Landorus-Therian","item":"choicescarf","ability":"Intimidate","moves":["knockoff","earthquake","stoneedge","uturn"],"nature":"Jolly","evs":{"hp":0,"atk":252,"def":0,"spa":0,"spd":4,"spe":252},"ivs":{"hp":31,"atk":31,"def":31,"spa":31,"spd":31,"spe":31}},{"name":"Xatu","species":"Xatu","item":"leftovers","ability":"Magic Bounce","moves":["nightshade","reflect","lightscreen","roost"],"nature":"Calm","evs":{"hp":252,"atk":0,"def":4,"spa":0,"spd":252,"spe":0},"ivs":{"hp":31,"atk":31,"def":31,"spa":31,"spd":31,"spe":31}},{"name":"Gyarados","species":"Gyarados","item":"leftovers","ability":"Intimidate","moves":["substitute","dragondance","waterfall","bounce"],"nature":"Adamant","evs":{"hp":0,"atk":252,"def":0,"spa":0,"spd":4,"spe":252},"ivs":{"hp":31,"atk":31,"def":31,"spa":31,"spd":31,"spe":31}},{"name":"Thundurus","species":"Thundurus","item":"lifeorb","ability":"Prankster","moves":["thunderwave","thunderbolt","voltswitch","focusblast"],"nature":"Timid","evs":{"hp":0,"atk":0,"def":0,"spa":252,"spd":4,"spe":252},"ivs":{"hp":31,"atk":31,"def":31,"spa":31,"spd":31,"spe":31}}],"log":["|player|p1|Alliance - Mxy|270","|player|p2|Merciless Marx|2","|gametype|singles","|gen|6","|tier|Monotype","|rated","|rule|Baton Pass Clause: Limit one Baton Passer, can't pass Spe and other stats simultaneously","|rule|Swagger Clause: Swagger is banned","|rule|Same Type Clause: Pokémon in a team must share a type","|clearpoke","|poke|p1|Beedrill, F","|poke|p1|Weezing, F","|poke|p1|Drapion, M","|poke|p1|Gengar, F","|poke|p1|Skuntank, F","|poke|p1|Nidoking, M","|poke|p2|Pidgeot, F","|poke|p2|Skarmory, M","|poke|p2|Landorus-Therian, M","|poke|p2|Xatu, M","|poke|p2|Gyarados, F","|poke|p2|Thundurus, M","|rule|Sleep Clause Mod: Limit one foe put to sleep","|rule|Species Clause: Limit one of each Pokémon","|rule|OHKO Clause: OHKO moves are banned","|rule|Moody Clause: Moody is banned","|rule|Evasion Moves Clause: Evasion moves are banned","|rule|Endless Battle Clause: Forcing endless battles is banned","|rule|HP Percentage Mod: HP is shown in percentages","|teampreview","|","|start","|switch|p1a: Gengar|Gengar, F|261/261","|switch|p2a: Pidgeot|Pidgeot, F|307/307","|turn|1","|","|detailschange|p2a: Pidgeot|Pidgeot-Mega, F","|-mega|p2a: Pidgeot|Pidgeot|Pidgeotite","|move|p2a: Pidgeot|Protect|p2a: Pidgeot","|-singleturn|p2a: Pidgeot|Protect","|move|p1a: Gengar|Sludge Wave|p2a: Pidgeot","|-activate|p2a: Pidgeot|Protect","|","|turn|2","|","|switch|p2a: Skarmory|Skarmory, M|333/333","|move|p1a: Gengar|Sludge Wave|p2a: Skarmory","|-immune|p2a: Skarmory|[msg]","|","|turn|3","|","|move|p1a: Gengar|Shadow Ball|p2a: Skarmory","|-damage|p2a: Skarmory|146/333","|move|p2a: Skarmory|Stealth Rock|p1a: Gengar","|-sidestart|p1: Alliance - Mxy|move: Stealth Rock","|","|turn|4","|","|switch|p2a: Pidgeot|Pidgeot-Mega, F|307/307","|move|p1a: Gengar|Focus Blast|p2a: Pidgeot","|-damage|p2a: Pidgeot|139/307","|","|turn|5","|","|move|p2a: Pidgeot|Hurricane|p1a: Gengar","|-damage|p1a: Gengar|21/261","|-start|p1a: Gengar|confusion","|-activate|p1a: Gengar|confusion","|move|p1a: Gengar|Sludge Wave|p2a: Pidgeot","|-damage|p2a: Pidgeot|0 fnt","|faint|p2a: Pidgeot","|","|","|switch|p2a: Landorus-Therian|Landorus-Therian, M|319/319","|-ability|p2a: Landorus-Therian|Intimidate","|-unboost|p1a: Gengar|atk|1","|turn|6","|","|move|p2a: Landorus-Therian|U-turn|p1a: Gengar","|-resisted|p1a: Gengar","|-damage|p1a: Gengar|0 fnt","|faint|p1a: Gengar","|","|switch|p2a: Thundurus|Thundurus, M|299/299","|","|","|switch|p1a: Beedrill|Beedrill, F|271/271","|-damage|p1a: Beedrill|204/271|[from] Stealth Rock","|turn|7","|","|detailschange|p1a: Beedrill|Beedrill-Mega, F","|-mega|p1a: Beedrill|Beedrill|Beedrillite","|move|p1a: Beedrill|Protect|p1a: Beedrill","|-singleturn|p1a: Beedrill|Protect","|move|p2a: Thundurus|Thunder Wave|p1a: Beedrill","|-activate|p1a: Beedrill|Protect","|","|turn|8","|","|move|p2a: Thundurus|Thunder Wave|p1a: Beedrill","|-status|p1a: Beedrill|par","|move|p1a: Beedrill|Knock Off|p2a: Thundurus","|-damage|p2a: Thundurus|127/299","|-enditem|p2a: Thundurus|Life Orb|[from] move: Knock Off|[of] p1a: Beedrill","|","|turn|9","|","|move|p2a: Thundurus|Thunderbolt|p1a: Beedrill","|-crit|p1a: Beedrill","|-damage|p1a: Beedrill|0 fnt","|faint|p1a: Beedrill","|","|","|switch|p1a: Skuntank|Skuntank, F|347/347","|-damage|p1a: Skuntank|304/347|[from] Stealth Rock","|turn|10","|","|move|p2a: Thundurus|Thunder Wave|p1a: Skuntank","|-status|p1a: Skuntank|par","|move|p1a: Skuntank|Sucker Punch|p2a: Thundurus","|-fail|p1a: Skuntank","|","|turn|11","|","|switch|p2a: Gyarados|Gyarados, F|331/331","|-ability|p2a: Gyarados|Intimidate","|-unboost|p1a: Skuntank|atk|1","|cant|p1a: Skuntank|par","|","|turn|12","|","|move|p2a: Gyarados|Substitute|p2a: Gyarados","|-start|p2a: Gyarados|Substitute","|-damage|p2a: Gyarados|249/331","|move|p1a: Skuntank|Defog|p2a: Gyarados","|-sideend|p1: Alliance - Mxy|Stealth Rock|[from] move: Defog|[of] p1a: Skuntank","|","|-heal|p2a: Gyarados|269/331|[from] item: Leftovers","|turn|13","|","|switch|p1a: Drapion|Drapion, M|281/281","|move|p2a: Gyarados|Dragon Dance|p2a: Gyarados","|-boost|p2a: Gyarados|atk|1","|-boost|p2a: Gyarados|spe|1","|","|-heal|p2a: Gyarados|289/331|[from] item: Leftovers","|turn|14","|","|move|p1a: Drapion|Rock Slide|p2a: Gyarados","|-supereffective|p2a: Gyarados","|-end|p2a: Gyarados|Substitute","|move|p2a: Gyarados|Waterfall|p1a: Drapion","|-damage|p1a: Drapion|73/281","|","|-heal|p2a: Gyarados|309/331|[from] item: Leftovers","|turn|15","|","|move|p1a: Drapion|Rock Slide|p2a: Gyarados","|-supereffective|p2a: Gyarados","|-damage|p2a: Gyarados|127/331","|move|p2a: Gyarados|Dragon Dance|p2a: Gyarados","|-boost|p2a: Gyarados|atk|1","|-boost|p2a: Gyarados|spe|1","|","|-heal|p2a: Gyarados|147/331|[from] item: Leftovers","|turn|16","|","|move|p2a: Gyarados|Dragon Dance|p2a: Gyarados","|-boost|p2a: Gyarados|atk|1","|-boost|p2a: Gyarados|spe|1","|move|p1a: Drapion|Rock Slide|p2a: Gyarados","|-supereffective|p2a: Gyarados","|-damage|p2a: Gyarados|0 fnt","|faint|p2a: Gyarados","|","|","|switch|p2a: Skarmory|Skarmory, M|146/333","|turn|17","|","|switch|p1a: Nidoking|Nidoking, M|303/303","|move|p2a: Skarmory|Roost|p2a: Skarmory","|-heal|p2a: Skarmory|313/333","|","|turn|18","|","|move|p1a: Nidoking|Flamethrower|p2a: Skarmory","|-supereffective|p2a: Skarmory","|-damage|p2a: Skarmory|0 fnt","|faint|p2a: Skarmory","|","|","|switch|p2a: Landorus-Therian|Landorus-Therian, M|319/319","|-ability|p2a: Landorus-Therian|Intimidate","|-unboost|p1a: Nidoking|atk|1","|turn|19","|","|switch|p1a: Skuntank|Skuntank, F|304/347 par","|move|p2a: Landorus-Therian|Knock Off|p1a: Skuntank","|-resisted|p1a: Skuntank","|-damage|p1a: Skuntank|210/347 par","|-enditem|p1a: Skuntank|Black Glasses|[from] move: Knock Off|[of] p2a: Landorus-Therian","|","|turn|20","|","|move|p1a: Skuntank|Pursuit|p2a: Landorus-Therian|[from]Pursuit","|-damage|p2a: Landorus-Therian|171/319","|switch|p2a: Thundurus|Thundurus, M|127/299","|","|turn|21","|","|move|p1a: Skuntank|Sucker Punch|p2a: Thundurus","|-damage|p2a: Thundurus|0 fnt","|faint|p2a: Thundurus","|","|","|switch|p2a: Landorus-Therian|Landorus-Therian, M|171/319","|-ability|p2a: Landorus-Therian|Intimidate","|-unboost|p1a: Skuntank|atk|1","|turn|22","|","|cant|p1a: Skuntank|par","|move|p2a: Landorus-Therian|Earthquake|p1a: Skuntank","|-supereffective|p1a: Skuntank","|-damage|p1a: Skuntank|0 fnt","|faint|p1a: Skuntank","|","|","|switch|p1a: Drapion|Drapion, M|73/281","|turn|23","|","|move|p1a: Drapion|Knock Off|p2a: Landorus-Therian","|-damage|p2a: Landorus-Therian|29/319","|-enditem|p2a: Landorus-Therian|Choice Scarf|[from] move: Knock Off|[of] p1a: Drapion","|move|p2a: Landorus-Therian|Earthquake|p1a: Drapion","|-supereffective|p1a: Drapion","|-damage|p1a: Drapion|0 fnt","|faint|p1a: Drapion","|","|","|switch|p1a: Nidoking|Nidoking, M|303/303","|turn|24","|","|move|p2a: Landorus-Therian|Earthquake|p1a: Nidoking","|-supereffective|p1a: Nidoking","|-damage|p1a: Nidoking|0 fnt","|faint|p1a: Nidoking","|","|","|switch|p1a: Weezing|Weezing, F|333/333","|turn|25","|","|switch|p2a: Xatu|Xatu, M|334/334","|move|p1a: Weezing|Fire Blast|p2a: Xatu","|-damage|p2a: Xatu|259/334","|","|-heal|p2a: Xatu|279/334|[from] item: Leftovers","|turn|26","|","|move|p2a: Xatu|Night Shade|p1a: Weezing","|-damage|p1a: Weezing|233/333","|move|p1a: Weezing|Sludge Wave|p2a: Xatu","|-damage|p2a: Xatu|197/334","|","|-heal|p2a: Xatu|217/334|[from] item: Leftovers","|-heal|p1a: Weezing|253/333|[from] item: Black Sludge","|turn|27","|","|move|p2a: Xatu|Night Shade|p1a: Weezing","|-damage|p1a: Weezing|153/333","|move|p1a: Weezing|Sludge Wave|p2a: Xatu","|-damage|p2a: Xatu|132/334","|","|-heal|p2a: Xatu|152/334|[from] item: Leftovers","|-heal|p1a: Weezing|173/333|[from] item: Black Sludge","|turn|28","|","|move|p2a: Xatu|Roost|p2a: Xatu","|-heal|p2a: Xatu|319/334","|move|p1a: Weezing|Sludge Wave|p2a: Xatu","|-damage|p2a: Xatu|237/334","|-status|p2a: Xatu|psn","|","|-heal|p2a: Xatu|257/334 psn|[from] item: Leftovers","|-heal|p1a: Weezing|193/333|[from] item: Black Sludge","|-damage|p2a: Xatu|216/334 psn|[from] psn","|turn|29","|","|move|p2a: Xatu|Night Shade|p1a: Weezing","|-damage|p1a: Weezing|93/333","|move|p1a: Weezing|Sludge Wave|p2a: Xatu","|-damage|p2a: Xatu|132/334 psn","|","|-heal|p2a: Xatu|152/334 psn|[from] item: Leftovers","|-heal|p1a: Weezing|113/333|[from] item: Black Sludge","|-damage|p2a: Xatu|111/334 psn|[from] psn","|turn|30","|","|move|p2a: Xatu|Night Shade|p1a: Weezing","|-damage|p1a: Weezing|13/333","|move|p1a: Weezing|Pain Split|p2a: Xatu","|-sethp|p2a: Xatu|62/334 psn|p1a: Weezing|62/333|[from] move: Pain Split","|","|-heal|p2a: Xatu|82/334 psn|[from] item: Leftovers","|-heal|p1a: Weezing|82/333|[from] item: Black Sludge","|-damage|p2a: Xatu|41/334 psn|[from] psn","|turn|31","|","|move|p2a: Xatu|Night Shade|p1a: Weezing","|-damage|p1a: Weezing|0 fnt","|faint|p1a: Weezing","|","|win|Merciless Marx"],"p1rating":{"entryid":"6690851","serverid":"eos","formatid":"monotype","userid":"alliancemxy","username":"Alliance - Mxy","w":"77","l":50,"t":"0","gxe":59.7,"r":"1579.4683195154","rd":"35.435839462802","sigma":"0","rptime":"1439370000","rpr":1574.451530131,"rprd":34.669518832562,"rpsigma":"0","acre":1127.5961705149,"lacre":1127.5961705149,"oldacre":"1156.037065935"},"p2rating":{"entryid":"7565564","serverid":"eos","formatid":"monotype","userid":"mercilessmarx","username":"Merciless Marx","w":4,"l":"1","t":"0","gxe":61.8,"r":1563.102404145,"rd":106.67300213107,"sigma":"0","rptime":1439370000,"rpr":1594.2758068739,"rprd":102.03920521653,"rpsigma":"0","acre":1136.3529428819,"lacre":1136.3529428819,"oldacre":"1107.9120474618"},"endType":"normal"}