{"seed":[42327,58909,27158,35967],"turns":43,"p1":"Legacy - Wisp","p2":"Professor♅ Gotenks","p1team":[{"name":"Tek","species":"shedinja","item":"focussash","ability":"Wonder Guard","moves":["swordsdance","suckerpunch","protect","willowisp"],"nature":"Jolly","evs":{"hp":0,"atk":252,"def":4,"spa":0,"spd":0,"spe":252},"shiny":true,"ivs":{"hp":31,"atk":31,"def":31,"spa":31,"spd":31,"spe":31}},{"name":"Koume","species":"chandelure","item":"choicescarf","ability":"Flash Fire","moves":["energyball","shadowball","fireblast","memento"],"nature":"Timid","evs":{"hp":0,"atk":0,"def":0,"spa":252,"spd":4,"spe":252},"gender":"F","ivs":{"hp":31,"atk":31,"def":31,"spa":31,"spd":31,"spe":31}},{"name":"Naesanh","species":"aegislash","item":"weaknesspolicy","ability":"Stance Change","moves":["shadowball","shadowsneak","sacredsword","kingsshield"],"nature":"Sassy","evs":{"hp":252,"atk":0,"def":4,"spa":0,"spd":252,"spe":0},"gender":"F","ivs":{"hp":31,"atk":31,"def":31,"spa":31,"spd":31,"spe":31}},{"name":"Nabooru","species":"jellicent","item":"leftovers","ability":"Water Absorb","moves":["scald","trickroom","recover","toxic"],"nature":"Bold","evs":{"hp":252,"atk":0,"def":252,"spa":0,"spd":0,"spe":4},"gender":"F","ivs":{"hp":31,"atk":31,"def":31,"spa":31,"spd":31,"spe":0},"shiny":true},{"name":"Sen","species":"sableye","item":"sablenite","ability":"Prankster","moves":["knockoff","toxic","recover","willowisp"],"nature":"Careful","evs":{"hp":252,"atk":0,"def":112,"spa":0,"spd":144,"spe":0},"gender":"M","ivs":{"hp":31,"atk":31,"def":31,"spa":31,"spd":31,"spe":31}},{"name":"Ith","species":"gengar","item":"lifeorb","ability":"Levitate","moves":["sludgewave","dazzlinggleam","focusblast","shadowball"],"nature":"Timid","evs":{"hp":0,"atk":0,"def":0,"spa":252,"spd":4,"spe":252},"gender":"M","shiny":true,"ivs":{"hp":31,"atk":31,"def":31,"spa":31,"spd":31,"spe":31}}],"p2team":[{"name":"Ferrothorn","species":"Ferrothorn","item":"rockyhelmet","ability":"Iron Barbs","moves":["leechseed","gyroball","toxic","powerwhip"],"nature":"Relaxed","evs":{"hp":248,"atk":8,"def":252,"spa":0,"spd":0,"spe":0},"ivs":{"hp":31,"atk":31,"def":31,"spa":31,"spd":31,"spe":0}},{"name":"Klefki","species":"Klefki","item":"lightclay","ability":"Prankster","moves":["lightscreen","reflect","thunderwave","drainingkiss"],"nature":"Bold","evs":{"hp":248,"atk":0,"def":116,"spa":8,"spd":136,"spe":0},"ivs":{"hp":31,"atk":31,"def":31,"spa":31,"spd":31,"spe":31}},{"name":"Excadrill","species":"Excadrill","item":"choicescarf","ability":"Mold Breaker","moves":["earthquake","ironhead","rockslide","rapidspin"],"nature":"Jolly","evs":{"hp":0,"atk":252,"def":0,"spa":0,"spd":4,"spe":252},"ivs":{"hp":31,"atk":31,"def":31,"spa":31,"spd":31,"spe":31}},{"name":"Heatran","species":"Heatran","item":"airballoon","ability":"Flash Fire","moves":["earthpower","lavaplume","flashcannon","ancientpower"],"nature":"Modest","evs":{"hp":248,"atk":0,"def":0,"spa":252,"spd":8,"spe":0},"ivs":{"hp":31,"atk":30,"def":30,"spa":31,"spd":31,"spe":31}},{"name":"Skarmory","species":"Skarmory","item":"rockyhelmet","ability":"Sturdy","moves":["stealthrock","spikes","bravebird","whirlwind"],"nature":"Impish","evs":{"hp":248,"atk":0,"def":236,"spa":0,"spd":0,"spe":24},"ivs":{"hp":31,"atk":31,"def":31,"spa":31,"spd":31,"spe":31}},{"name":"Scizor","species":"Scizor","item":"scizorite","ability":"Light Metal","moves":["roost","swordsdance","bulletpunch","bugbite"],"nature":"Adamant","evs":{"hp":176,"atk":180,"def":0,"spa":0,"spd":8,"spe":144},"shiny":true,"ivs":{"hp":31,"atk":31,"def":31,"spa":31,"spd":31,"spe":31}}],"log":["|player|p1|Legacy - Wisp|152","|player|p2|Professor♅ Gotenks|professorgotenks.png","|gametype|singles","|gen|6","|tier|Monotype","|rated","|rule|Baton Pass Clause: Limit one Baton Passer, can't pass Spe and other stats simultaneously","|rule|Swagger Clause: Swagger is banned","|rule|Same Type Clause: Pokémon in a team must share a type","|clearpoke","|poke|p1|Shedinja, shiny","|poke|p1|Chandelure, F","|poke|p1|Aegislash, F","|poke|p1|Jellicent, F, shiny","|poke|p1|Sableye, M","|poke|p1|Gengar, M, shiny","|poke|p2|Ferrothorn, F","|poke|p2|Klefki, M","|poke|p2|Excadrill, M","|poke|p2|Heatran, F","|poke|p2|Skarmory, F","|poke|p2|Scizor, F, shiny","|rule|Sleep Clause Mod: Limit one foe put to sleep","|rule|Species Clause: Limit one of each Pokémon","|rule|OHKO Clause: OHKO moves are banned","|rule|Moody Clause: Moody is banned","|rule|Evasion Moves Clause: Evasion moves are banned","|rule|Endless Battle Clause: Forcing endless battles is banned","|rule|HP Percentage Mod: HP is shown in percentages","|teampreview","|","|start","|switch|p1a: Sen|Sableye, M|304/304","|switch|p2a: Skarmory|Skarmory, F|333/333","|turn|1","|","|detailschange|p1a: Sen|Sableye-Mega, M","|-mega|p1a: Sen|Sableye|Sablenite","|move|p2a: Skarmory|Brave Bird|p1a: Sen","|-crit|p1a: Sen","|-damage|p1a: Sen|168/304","|-damage|p2a: Skarmory|288/333|[from] recoil|[of] p1a: Sen","|move|p1a: Sen|Knock Off|p2a: Skarmory","|-damage|p2a: Skarmory|233/333","|-damage|p1a: Sen|118/304|[from] item: Rocky Helmet|[of] p2a: Skarmory","|-enditem|p2a: Skarmory|Rocky Helmet|[from] move: Knock Off|[of] p1a: Sen","|","|turn|2","|","|switch|p1a: Naesanh|Aegislash, F|324/324","|move|p2a: Skarmory|Whirlwind|p1a: Naesanh","|drag|p1a: Ith|Gengar, M, shiny|261/261","|","|turn|3","|","|move|p1a: Ith|Focus Blast|p2a: Skarmory","|-crit|p2a: Skarmory","|-damage|p2a: Skarmory|0 fnt","|-damage|p1a: Ith|235/261|[from] item: Life Orb","|faint|p2a: Skarmory","|","|","|switch|p2a: Klefki|Klefki, M|317/317","|turn|4","|","|switch|p1a: Sen|Sableye-Mega, M|118/304","|move|p2a: Klefki|Light Screen|p2a: Klefki","|-sidestart|p2: Professor♅ Gotenks|move: Light Screen","|","|turn|5","|","|move|p2a: Klefki|Draining Kiss|p1a: Sen","|-supereffective|p1a: Sen","|-damage|p1a: Sen|50/304","|move|p1a: Sen|Knock Off|p2a: Klefki","|-resisted|p2a: Klefki","|-damage|p2a: Klefki|273/317","|-enditem|p2a: Klefki|Light Clay|[from] move: Knock Off|[of] p1a: Sen","|","|turn|6","|","|switch|p1a: Tek|Shedinja, shiny|1/1","|move|p2a: Klefki|Draining Kiss|p1a: Tek","|-activate|p1a: Tek|ability: Wonder Guard","|","|turn|7","|","|move|p2a: Klefki|Reflect|p2a: Klefki","|-sidestart|p2: Professor♅ Gotenks|Reflect","|move|p1a: Tek|Will-O-Wisp|p2a: Klefki","|-status|p2a: Klefki|brn","|","|-damage|p2a: Klefki|234/317 brn|[from] brn","|turn|8","|","|switch|p2a: Heatran|Heatran, F|385/385","|-item|p2a: Heatran|Air Balloon","|move|p1a: Tek|Swords Dance|p1a: Tek","|-boost|p1a: Tek|atk|2","|","|turn|9","|","|move|p1a: Tek|Protect|p1a: Tek","|-singleturn|p1a: Tek|Protect","|move|p2a: Heatran|Ancient Power|p1a: Tek","|-activate|p1a: Tek|Protect","|","|turn|10","|","|move|p1a: Tek|Swords Dance|p1a: Tek","|-boost|p1a: Tek|atk|2","|move|p2a: Heatran|Ancient Power|p1a: Tek","|-supereffective|p1a: Tek","|-enditem|p1a: Tek|Focus Sash","|-damage|p1a: Tek|1/1","|","|turn|11","|","|move|p1a: Tek|Protect|p1a: Tek","|-singleturn|p1a: Tek|Protect","|move|p2a: Heatran|Ancient Power|p1a: Tek","|-activate|p1a: Tek|Protect","|","|-sideend|p2: Professor♅ Gotenks|Reflect","|-sideend|p2: Professor♅ Gotenks|move: Light Screen","|turn|12","|","|switch|p2a: Ferrothorn|Ferrothorn, F|351/351","|move|p1a: Tek|Sucker Punch|p2a: Ferrothorn","|-fail|p1a: Tek","|","|turn|13","|","|switch|p1a: Sen|Sableye-Mega, M|50/304","|move|p2a: Ferrothorn|Leech Seed|p1a: Sen","|move|p1a: Sen|Leech Seed|p2a: Ferrothorn|[from]Magic Bounce","|-immune|p2a: Ferrothorn|[msg]","|","|turn|14","|","|move|p1a: Sen|Recover|p1a: Sen","|-heal|p1a: Sen|202/304","|move|p2a: Ferrothorn|Power Whip|p1a: Sen","|-damage|p1a: Sen|99/304","|","|turn|15","|","|move|p1a: Sen|Recover|p1a: Sen","|-heal|p1a: Sen|251/304","|move|p2a: Ferrothorn|Gyro Ball|p1a: Sen","|-damage|p1a: Sen|214/304","|","|turn|16","|","|move|p1a: Sen|Knock Off|p2a: Ferrothorn","|-damage|p2a: Ferrothorn|294/351","|-damage|p1a: Sen|176/304|[from] ability: Iron Barbs|[of] p2a: Ferrothorn","|-damage|p1a: Sen|126/304|[from] item: Rocky Helmet|[of] p2a: Ferrothorn","|-enditem|p2a: Ferrothorn|Rocky Helmet|[from] move: Knock Off|[of] p1a: Sen","|move|p2a: Ferrothorn|Power Whip|p1a: Sen","|-damage|p1a: Sen|15/304","|","|turn|17","|","|move|p1a: Sen|Recover|p1a: Sen","|-heal|p1a: Sen|167/304","|move|p2a: Ferrothorn|Power Whip|p1a: Sen","|-damage|p1a: Sen|62/304","|","|turn|18","|","|move|p1a: Sen|Recover|p1a: Sen","|-heal|p1a: Sen|214/304","|move|p2a: Ferrothorn|Power Whip|p1a: Sen","|-damage|p1a: Sen|106/304","|","|turn|19","|","|switch|p2a: Scizor|Scizor, F, shiny|325/325","|move|p1a: Sen|Recover|p1a: Sen","|-heal|p1a: Sen|258/304","|","|turn|20","|","|detailschange|p2a: Scizor|Scizor-Mega, F, shiny","|-mega|p2a: Scizor|Scizor|Scizorite","|move|p2a: Scizor|Swords Dance|p2a: Scizor","|-boost|p2a: Scizor|atk|2","|move|p1a: Sen|Will-O-Wisp|p2a: Scizor|[miss]","|-miss|p1a: Sen|p2a: Scizor","|","|turn|21","|","|move|p2a: Scizor|Bug Bite|p1a: Sen","|-damage|p1a: Sen|0 fnt","|faint|p1a: Sen","|","|","|switch|p1a: Koume|Chandelure, F|261/261","|turn|22","|","|switch|p2a: Heatran|Heatran, F|385/385","|-item|p2a: Heatran|Air Balloon","|move|p1a: Koume|Fire Blast|p2a: Heatran","|-start|p2a: Heatran|ability: Flash Fire","|","|turn|23","|","|switch|p1a: Ith|Gengar, M, shiny|235/261","|move|p2a: Heatran|Ancient Power|p1a: Ith","|-damage|p1a: Ith|143/261","|","|turn|24","|","|move|p1a: Ith|Focus Blast|p2a: Heatran","|-supereffective|p2a: Heatran","|-damage|p2a: Heatran|50/385","|-enditem|p2a: Heatran|Air Balloon","|-damage|p1a: Ith|117/261|[from] item: Life Orb","|move|p2a: Heatran|Lava Plume|p1a: Ith","|-damage|p1a: Ith|0 fnt","|faint|p1a: Ith","|","|","|switch|p1a: Nabooru|Jellicent, F, shiny|404/404","|turn|25","|","|-end|p2a: Heatran|ability: Flash Fire|[silent]","|switch|p2a: Klefki|Klefki, M|234/317 brn","|move|p1a: Nabooru|Scald|p2a: Klefki","|-damage|p2a: Klefki|152/317 brn","|","|-damage|p2a: Klefki|113/317 brn|[from] brn","|turn|26","|","|switch|p1a: Tek|Shedinja, shiny|1/1","|move|p2a: Klefki|Light Screen|p2a: Klefki","|-sidestart|p2: Professor♅ Gotenks|move: Light Screen","|","|-damage|p2a: Klefki|74/317 brn|[from] brn","|turn|27","|","|move|p2a: Klefki|Reflect|p2a: Klefki","|-sidestart|p2: Professor♅ Gotenks|Reflect","|move|p1a: Tek|Swords Dance|p1a: Tek","|-boost|p1a: Tek|atk|2","|","|-damage|p2a: Klefki|35/317 brn|[from] brn","|turn|28","|","|move|p2a: Klefki|Thunder Wave|p1a: Tek","|-status|p1a: Tek|par","|move|p1a: Tek|Will-O-Wisp|p2a: Klefki","|-fail|p2a: Klefki|brn","|","|-damage|p2a: Klefki|0 fnt|[from] brn","|faint|p2a: Klefki","|","|switch|p2a: Heatran|Heatran, F|50/385","|turn|29","|","|switch|p2a: Excadrill|Excadrill, M|361/361","|-ability|p2a: Excadrill|Mold Breaker","|move|p1a: Tek|Sucker Punch|p2a: Excadrill","|-fail|p1a: Tek","|","|turn|30","|","|move|p2a: Excadrill|Rock Slide|p1a: Tek","|-supereffective|p1a: Tek","|-damage|p1a: Tek|0 fnt","|faint|p1a: Tek","|","|-sideend|p2: Professor♅ Gotenks|move: Light Screen","|","|switch|p1a: Nabooru|Jellicent, F, shiny|404/404","|turn|31","|","|switch|p2a: Ferrothorn|Ferrothorn, F|294/351","|move|p1a: Nabooru|Trick Room|p1a: Nabooru","|-fieldstart|move: Trick Room|[of] p1a: Nabooru","|","|-sideend|p2: Professor♅ Gotenks|Reflect","|turn|32","|","|move|p2a: Ferrothorn|Leech Seed|p1a: Nabooru","|-start|p1a: Nabooru|move: Leech Seed","|move|p1a: Nabooru|Scald|p2a: Ferrothorn","|-resisted|p2a: Ferrothorn","|-damage|p2a: Ferrothorn|256/351","|","|-damage|p1a: Nabooru|354/404|[from] Leech Seed|[of] p2a: Ferrothorn","|-heal|p2a: Ferrothorn|306/351|[silent]","|turn|33","|","|move|p2a: Ferrothorn|Power Whip|p1a: Nabooru","|-supereffective|p1a: Nabooru","|-damage|p1a: Nabooru|114/404","|move|p1a: Nabooru|Scald|p2a: Ferrothorn","|-resisted|p2a: Ferrothorn","|-damage|p2a: Ferrothorn|272/351","|","|-heal|p1a: Nabooru|139/404|[from] item: Leftovers","|-damage|p1a: Nabooru|89/404|[from] Leech Seed|[of] p2a: Ferrothorn","|-heal|p2a: Ferrothorn|322/351|[silent]","|turn|34","|","|switch|p1a: Naesanh|Aegislash, F|324/324","|move|p2a: Ferrothorn|Toxic|p1a: Naesanh","|-immune|p1a: Naesanh|[msg]","|","|turn|35","|","|move|p2a: Ferrothorn|Leech Seed|p1a: Naesanh","|-start|p1a: Naesanh|move: Leech Seed","|-formechange|p1a: Naesanh|Aegislash-Blade","|move|p1a: Naesanh|Shadow Ball|p2a: Ferrothorn","|-damage|p2a: Ferrothorn|213/351","|-unboost|p2a: Ferrothorn|spd|1","|","|-damage|p1a: Naesanh|284/324|[from] Leech Seed|[of] p2a: Ferrothorn","|-heal|p2a: Ferrothorn|253/351|[silent]","|-fieldend|move: Trick Room","|turn|36","|","|switch|p2a: Scizor|Scizor-Mega, F, shiny|325/325","|move|p1a: Naesanh|Shadow Ball|p2a: Scizor","|-damage|p2a: Scizor|190/325","|-unboost|p2a: Scizor|spd|1","|","|-damage|p1a: Naesanh|244/324|[from] Leech Seed|[of] p2a: Scizor","|-heal|p2a: Scizor|230/325|[silent]","|turn|37","|","|switch|p1a: Nabooru|Jellicent, F, shiny|89/404","|move|p2a: Scizor|Roost|p2a: Scizor","|-heal|p2a: Scizor|325/325","|","|-heal|p1a: Nabooru|114/404|[from] item: Leftovers","|turn|38","|","|switch|p2a: Ferrothorn|Ferrothorn, F|253/351","|move|p1a: Nabooru|Recover|p1a: Nabooru","|-heal|p1a: Nabooru|316/404","|","|-heal|p1a: Nabooru|341/404|[from] item: Leftovers","|turn|39","|","|move|p1a: Nabooru|Scald|p2a: Ferrothorn","|-resisted|p2a: Ferrothorn","|-damage|p2a: Ferrothorn|218/351","|-status|p2a: Ferrothorn|brn","|move|p2a: Ferrothorn|Power Whip|p1a: Nabooru","|-supereffective|p1a: Nabooru","|-damage|p1a: Nabooru|221/404","|","|-heal|p1a: Nabooru|246/404|[from] item: Leftovers","|-damage|p2a: Ferrothorn|175/351 brn|[from] brn","|turn|40","|","|move|p1a: Nabooru|Scald|p2a: Ferrothorn","|-resisted|p2a: Ferrothorn","|-damage|p2a: Ferrothorn|139/351 brn","|move|p2a: Ferrothorn|Toxic|p1a: Nabooru","|-status|p1a: Nabooru|tox","|","|-heal|p1a: Nabooru|271/404 tox|[from] item: Leftovers","|-damage|p1a: Nabooru|246/404 tox|[from] psn","|-damage|p2a: Ferrothorn|96/351 brn|[from] brn","|turn|41","|","|move|p1a: Nabooru|Recover|p1a: Nabooru","|-heal|p1a: Nabooru|404/404 tox","|move|p2a: Ferrothorn|Leech Seed|p1a: Nabooru","|-start|p1a: Nabooru|move: Leech Seed","|","|-damage|p1a: Nabooru|354/404 tox|[from] Leech Seed|[of] p2a: Ferrothorn","|-heal|p2a: Ferrothorn|146/351 brn|[silent]","|-damage|p1a: Nabooru|304/404 tox|[from] psn","|-damage|p2a: Ferrothorn|103/351 brn|[from] brn","|turn|42","|","|switch|p1a: Naesanh|Aegislash, F|244/324","|move|p2a: Ferrothorn|Power Whip|p1a: Naesanh|[miss]","|-miss|p2a: Ferrothorn|p1a: Naesanh","|","|-damage|p2a: Ferrothorn|60/351 brn|[from] brn","|turn|43","|","|win|Legacy - Wisp"],"p1rating":{"entryid":7577028,"formatid":"monotype","userid":"legacywisp","username":"Legacy - Wisp","r":1500,"rd":130,"sigma":0,"rpr":1535.1756129148,"rprd":122.12406305942,"rpsigma":0,"rptime":1439370000,"w":1,"l":0,"t":0,"gxe":54.4,"acre":1057.9235847272,"lacre":1057.9235847272,"oldacre":1000},"p2rating":{"entryid":"6600838","serverid":"eos","formatid":"monotype","userid":"professorgotenks","username":"Professor♅ Gotenks","w":"32","l":42,"t":"0","gxe":43.9,"r":1458.11285302,"rd":43.999475683206,"sigma":"0","rptime":1439370000,"rpr":1453.5947692016,"rprd":43.70467389359,"rpsigma":"0","acre":1131.368510117,"lacre":1131.368510117,"oldacre":"1167.5707505715"},"endType":"forfeit"}