{"seed":[63582,18395,15419,17252],"turns":33,"p1":"Lazulite Leavanny","p2":"Merciless Marx","p1team":[{"name":"Porygon-Z","species":"Porygon-Z","item":"choicespecs","ability":"Adaptability","moves":["triattack","shadowball","discharge","icebeam"],"nature":"Modest","evs":{"hp":248,"atk":0,"def":0,"spa":252,"spd":8,"spe":0},"ivs":{"hp":31,"atk":31,"def":31,"spa":31,"spd":31,"spe":31}},{"name":"Ditto","species":"Ditto","item":"choicescarf","ability":"Imposter","moves":["transform"],"nature":"","evs":{"hp":0,"atk":0,"def":0,"spa":0,"spd":0,"spe":0},"ivs":{"hp":31,"atk":31,"def":31,"spa":31,"spd":31,"spe":31}},{"name":"Snorlax","species":"Snorlax","item":"leftovers","ability":"Immunity","moves":["rest","sleeptalk","bodyslam","curse"],"nature":"Careful","evs":{"hp":252,"atk":4,"def":0,"spa":0,"spd":252,"spe":0},"ivs":{"hp":31,"atk":31,"def":31,"spa":31,"spd":31,"spe":31}},{"name":"Lopunny","species":"Lopunny","item":"lopunnite","ability":"Cute Charm","moves":["fakeout","return","highjumpkick","thunderpunch"],"nature":"Jolly","evs":{"hp":0,"atk":252,"def":0,"spa":0,"spd":4,"spe":252},"ivs":{"hp":31,"atk":31,"def":31,"spa":31,"spd":31,"spe":31}},{"name":"Chansey","species":"Chansey","item":"eviolite","ability":"Serene Grace","moves":["toxic","seismictoss","psychic","softboiled"],"nature":"Bold","evs":{"hp":248,"atk":0,"def":252,"spa":8,"spd":0,"spe":0},"ivs":{"hp":31,"atk":31,"def":31,"spa":31,"spd":31,"spe":31}},{"name":"Ambipom","species":"Ambipom","item":"lifeorb","ability":"Technician","moves":["fakeout","lastresort","doublehit"],"nature":"","evs":{"hp":4,"atk":252,"def":0,"spa":0,"spd":0,"spe":252},"ivs":{"hp":31,"atk":31,"def":31,"spa":31,"spd":31,"spe":31}}],"p2team":[{"name":"Pidgeot","species":"Pidgeot","item":"pidgeotite","ability":"Tangled Feet","moves":["hurricane","heatwave","uturn","protect"],"nature":"Timid","evs":{"hp":0,"atk":0,"def":0,"spa":252,"spd":4,"spe":252},"ivs":{"hp":31,"atk":30,"def":30,"spa":31,"spd":31,"spe":31}},{"name":"Skarmory","species":"Skarmory","item":"rockyhelmet","ability":"Sturdy","moves":["bravebird","stealthrock","roost","whirlwind"],"nature":"Impish","evs":{"hp":248,"atk":0,"def":236,"spa":0,"spd":0,"spe":24},"ivs":{"hp":31,"atk":31,"def":31,"spa":31,"spd":31,"spe":31}},{"name":"Landorus-Therian","species":"Landorus-Therian","item":"choicescarf","ability":"Intimidate","moves":["knockoff","earthquake","stoneedge","uturn"],"nature":"Jolly","evs":{"hp":0,"atk":252,"def":0,"spa":0,"spd":4,"spe":252},"ivs":{"hp":31,"atk":31,"def":31,"spa":31,"spd":31,"spe":31}},{"name":"Xatu","species":"Xatu","item":"leftovers","ability":"Magic Bounce","moves":["nightshade","reflect","lightscreen","roost"],"nature":"Calm","evs":{"hp":252,"atk":0,"def":4,"spa":0,"spd":252,"spe":0},"ivs":{"hp":31,"atk":31,"def":31,"spa":31,"spd":31,"spe":31}},{"name":"Gyarados","species":"Gyarados","item":"leftovers","ability":"Intimidate","moves":["substitute","dragondance","waterfall","bounce"],"nature":"Adamant","evs":{"hp":0,"atk":252,"def":0,"spa":0,"spd":4,"spe":252},"ivs":{"hp":31,"atk":31,"def":31,"spa":31,"spd":31,"spe":31}},{"name":"Thundurus","species":"Thundurus","item":"lifeorb","ability":"Prankster","moves":["thunderwave","thunderbolt","voltswitch","focusblast"],"nature":"Timid","evs":{"hp":0,"atk":0,"def":0,"spa":252,"spd":4,"spe":252},"ivs":{"hp":31,"atk":31,"def":31,"spa":31,"spd":31,"spe":31}}],"log":["|player|p1|Lazulite Leavanny|169","|player|p2|Merciless Marx|2","|gametype|singles","|gen|6","|tier|Monotype","|rated","|rule|Baton Pass Clause: Limit one Baton Passer, can't pass Spe and other stats simultaneously","|rule|Swagger Clause: Swagger is banned","|rule|Same Type Clause: Pokémon in a team must share a type","|clearpoke","|poke|p1|Porygon-Z","|poke|p1|Ditto","|poke|p1|Snorlax, M","|poke|p1|Lopunny, M","|poke|p1|Chansey, F","|poke|p1|Ambipom, M","|poke|p2|Pidgeot, M","|poke|p2|Skarmory, F","|poke|p2|Landorus-Therian, M","|poke|p2|Xatu, M","|poke|p2|Gyarados, M","|poke|p2|Thundurus, M","|rule|Sleep Clause Mod: Limit one foe put to sleep","|rule|Species Clause: Limit one of each Pokémon","|rule|OHKO Clause: OHKO moves are banned","|rule|Moody Clause: Moody is banned","|rule|Evasion Moves Clause: Evasion moves are banned","|rule|Endless Battle Clause: Forcing endless battles is banned","|rule|HP Percentage Mod: HP is shown in percentages","|teampreview","|","|start","|switch|p1a: Ambipom|Ambipom, M|292/292","|switch|p2a: Pidgeot|Pidgeot, M|307/307","|turn|1","|","|detailschange|p2a: Pidgeot|Pidgeot-Mega, M","|-mega|p2a: Pidgeot|Pidgeot|Pidgeotite","|move|p2a: Pidgeot|Protect|p2a: Pidgeot","|-singleturn|p2a: Pidgeot|Protect","|move|p1a: Ambipom|Fake Out|p2a: Pidgeot","|-activate|p2a: Pidgeot|Protect","|","|turn|2","|player|p1","|player|p1|Lazulite Leavanny|169","|","|move|p2a: Pidgeot|Hurricane|p1a: Ambipom","|-damage|p1a: Ambipom|12/292","|move|p1a: Ambipom|Double Hit|p2a: Pidgeot","|-damage|p2a: Pidgeot|181/307","|-damage|p2a: Pidgeot|48/307","|-hitcount|p2a: Pidgeot|2","|-damage|p1a: Ambipom|0 fnt|[from] item: Life Orb","|faint|p1a: Ambipom","|","|","|switch|p1a: Porygon-Z|Porygon-Z|373/373","|turn|3","|","|move|p2a: Pidgeot|Protect|p2a: Pidgeot","|-singleturn|p2a: Pidgeot|Protect","|move|p1a: Porygon-Z|Tri Attack|p2a: Pidgeot","|-activate|p2a: Pidgeot|Protect","|","|turn|4","|","|switch|p2a: Skarmory|Skarmory, F|333/333","|move|p1a: Porygon-Z|Tri Attack|p2a: Skarmory","|-resisted|p2a: Skarmory","|-damage|p2a: Skarmory|112/333","|","|turn|5","|","|switch|p2a: Xatu|Xatu, M|334/334","|move|p1a: Porygon-Z|Tri Attack|p2a: Xatu","|-damage|p2a: Xatu|34/334","|","|-heal|p2a: Xatu|54/334|[from] item: Leftovers","|turn|6","|","|move|p2a: Xatu|Light Screen|p2a: Xatu","|-sidestart|p2: Merciless Marx|move: Light Screen","|move|p1a: Porygon-Z|Tri Attack|p2a: Xatu","|-damage|p2a: Xatu|0 fnt","|faint|p2a: Xatu","|","|","|switch|p2a: Pidgeot|Pidgeot-Mega, M|48/307","|turn|7","|","|move|p2a: Pidgeot|Hurricane|p1a: Porygon-Z","|-damage|p1a: Porygon-Z|102/373","|move|p1a: Porygon-Z|Tri Attack|p2a: Pidgeot","|-damage|p2a: Pidgeot|0 fnt","|faint|p2a: Pidgeot","|","|","|switch|p2a: Landorus-Therian|Landorus-Therian, M|319/319","|-ability|p2a: Landorus-Therian|Intimidate","|-unboost|p1a: Porygon-Z|atk|1","|turn|8","|","|move|p2a: Landorus-Therian|Knock Off|p1a: Porygon-Z","|-damage|p1a: Porygon-Z|0 fnt","|-enditem|p1a: Porygon-Z|Choice Specs|[from] move: Knock Off|[of] p2a: Landorus-Therian","|faint|p1a: Porygon-Z","|","|","|switch|p1a: Chansey|Chansey, F|703/703","|turn|9","|","|move|p2a: Landorus-Therian|Knock Off|p1a: Chansey","|-damage|p1a: Chansey|547/703","|-enditem|p1a: Chansey|Eviolite|[from] move: Knock Off|[of] p2a: Landorus-Therian","|move|p1a: Chansey|Toxic|p2a: Landorus-Therian","|-status|p2a: Landorus-Therian|tox","|","|-damage|p2a: Landorus-Therian|300/319 tox|[from] psn","|turn|10","|","|switch|p2a: Gyarados|Gyarados, M|331/331","|-ability|p2a: Gyarados|Intimidate","|-unboost|p1a: Chansey|atk|1","|move|p1a: Chansey|Soft-Boiled|p1a: Chansey","|-heal|p1a: Chansey|703/703","|","|-sideend|p2: Merciless Marx|move: Light Screen","|turn|11","|","|move|p2a: Gyarados|Substitute|p2a: Gyarados","|-start|p2a: Gyarados|Substitute","|-damage|p2a: Gyarados|249/331","|move|p1a: Chansey|Toxic|p2a: Gyarados|[miss]","|-miss|p1a: Chansey|p2a: Gyarados","|","|-heal|p2a: Gyarados|269/331|[from] item: Leftovers","|turn|12","|","|switch|p1a: Lopunny|Lopunny, M|271/271","|move|p2a: Gyarados|Dragon Dance|p2a: Gyarados","|-boost|p2a: Gyarados|atk|1","|-boost|p2a: Gyarados|spe|1","|","|-heal|p2a: Gyarados|289/331|[from] item: Leftovers","|turn|13","|","|detailschange|p1a: Lopunny|Lopunny-Mega, M","|-mega|p1a: Lopunny|Lopunny|Lopunnite","|move|p2a: Gyarados|Dragon Dance|p2a: Gyarados","|-boost|p2a: Gyarados|atk|1","|-boost|p2a: Gyarados|spe|1","|move|p1a: Lopunny|Thunder Punch|p2a: Gyarados","|-supereffective|p2a: Gyarados","|-end|p2a: Gyarados|Substitute","|","|-heal|p2a: Gyarados|309/331|[from] item: Leftovers","|turn|14","|","|move|p2a: Gyarados|Bounce|p1a: Lopunny|[still]","|-prepare|p2a: Gyarados|Bounce|p1a: Lopunny","|move|p1a: Lopunny|Thunder Punch|p2a: Gyarados|[miss]","|-miss|p1a: Lopunny|p2a: Gyarados","|","|-heal|p2a: Gyarados|329/331|[from] item: Leftovers","|turn|15","|","|move|p2a: Gyarados|Bounce|p1a: Lopunny|[from]lockedmove","|-supereffective|p1a: Lopunny","|-damage|p1a: Lopunny|0 fnt","|faint|p1a: Lopunny","|","|-heal|p2a: Gyarados|331/331|[from] item: Leftovers","|","|switch|p1a: Ditto|Ditto|237/237","|-transform|p1a: Ditto|p2a: Gyarados","|-ability|p1a: Ditto|Intimidate","|-unboost|p2a: Gyarados|atk|1","|turn|16","|","|move|p1a: Ditto|Waterfall|p2a: Gyarados","|-resisted|p2a: Gyarados","|-damage|p2a: Gyarados|156/331","|move|p2a: Gyarados|Bounce|p1a: Ditto|[still]","|-prepare|p2a: Gyarados|Bounce|p1a: Ditto","|","|-heal|p2a: Gyarados|176/331|[from] item: Leftovers","|turn|17","|","|move|p1a: Ditto|Waterfall|p2a: Gyarados|[miss]","|-miss|p1a: Ditto|p2a: Gyarados","|move|p2a: Gyarados|Bounce|p1a: Ditto|[from]lockedmove|[miss]","|-miss|p2a: Gyarados|p1a: Ditto","|","|-heal|p2a: Gyarados|196/331|[from] item: Leftovers","|turn|18","|","|move|p1a: Ditto|Waterfall|p2a: Gyarados","|-resisted|p2a: Gyarados","|-damage|p2a: Gyarados|7/331","|move|p2a: Gyarados|Bounce|p1a: Ditto|[still]","|-prepare|p2a: Gyarados|Bounce|p1a: Ditto","|","|-heal|p2a: Gyarados|27/331|[from] item: Leftovers","|turn|19","|","|move|p1a: Ditto|Waterfall|p2a: Gyarados|[miss]","|-miss|p1a: Ditto|p2a: Gyarados","|move|p2a: Gyarados|Bounce|p1a: Ditto|[from]lockedmove","|-damage|p1a: Ditto|0 fnt","|faint|p1a: Ditto","|","|-heal|p2a: Gyarados|47/331|[from] item: Leftovers","|","|switch|p1a: Chansey|Chansey, F|703/703","|turn|20","|","|move|p2a: Gyarados|Waterfall|p1a: Chansey","|-damage|p1a: Chansey|235/703","|cant|p1a: Chansey|flinch","|","|-heal|p2a: Gyarados|67/331|[from] item: Leftovers","|turn|21","|","|move|p2a: Gyarados|Waterfall|p1a: Chansey","|-damage|p1a: Chansey|0 fnt","|faint|p1a: Chansey","|","|-heal|p2a: Gyarados|87/331|[from] item: Leftovers","|","|switch|p1a: Snorlax|Snorlax, M|524/524","|turn|22","|","|move|p2a: Gyarados|Waterfall|p1a: Snorlax","|-damage|p1a: Snorlax|220/524","|move|p1a: Snorlax|Body Slam|p2a: Gyarados","|-damage|p2a: Gyarados|0 fnt","|faint|p2a: Gyarados","|","|-heal|p1a: Snorlax|252/524|[from] item: Leftovers","|","|switch|p2a: Landorus-Therian|Landorus-Therian, M|300/319 tox","|-ability|p2a: Landorus-Therian|Intimidate","|-unboost|p1a: Snorlax|atk|1","|turn|23","|","|move|p2a: Landorus-Therian|Knock Off|p1a: Snorlax","|-damage|p1a: Snorlax|68/524","|-enditem|p1a: Snorlax|Leftovers|[from] move: Knock Off|[of] p2a: Landorus-Therian","|move|p1a: Snorlax|Rest|p1a: Snorlax","|-status|p1a: Snorlax|slp","|-heal|p1a: Snorlax|524/524 slp|[silent]","|-status|p1a: Snorlax|slp|[from] move: Rest","|","|-damage|p2a: Landorus-Therian|281/319 tox|[from] psn","|turn|24","|","|switch|p2a: Thundurus|Thundurus, M|299/299","|cant|p1a: Snorlax|slp","|","|turn|25","|","|move|p2a: Thundurus|Focus Blast|p1a: Snorlax|[miss]","|-miss|p2a: Thundurus|p1a: Snorlax","|cant|p1a: Snorlax|slp","|move|p1a: Snorlax|Sleep Talk|p1a: Snorlax","|move|p1a: Snorlax|Body Slam|p2a: Thundurus|[from]Sleep Talk","|-damage|p2a: Thundurus|208/299","|","|turn|26","|","|move|p2a: Thundurus|Focus Blast|p1a: Snorlax|[miss]","|-miss|p2a: Thundurus|p1a: Snorlax","|-curestatus|p1a: Snorlax|slp","|move|p1a: Snorlax|Curse|p1a: Snorlax","|-unboost|p1a: Snorlax|spe|1","|-boost|p1a: Snorlax|atk|1","|-boost|p1a: Snorlax|def|1","|","|turn|27","|","|move|p2a: Thundurus|Focus Blast|p1a: Snorlax|[miss]","|-miss|p2a: Thundurus|p1a: Snorlax","|move|p1a: Snorlax|Sleep Talk|p1a: Snorlax","|-fail|p1a: Snorlax","|","|turn|28","|","|move|p2a: Thundurus|Focus Blast|p1a: Snorlax","|-supereffective|p1a: Snorlax","|-damage|p1a: Snorlax|277/524","|-damage|p2a: Thundurus|179/299|[from] item: Life Orb","|move|p1a: Snorlax|Rest|p1a: Snorlax","|-status|p1a: Snorlax|slp","|-heal|p1a: Snorlax|524/524 slp|[silent]","|-status|p1a: Snorlax|slp|[from] move: Rest","|","|turn|29","|","|move|p2a: Thundurus|Focus Blast|p1a: Snorlax","|-supereffective|p1a: Snorlax","|-damage|p1a: Snorlax|264/524 slp","|-damage|p2a: Thundurus|150/299|[from] item: Life Orb","|cant|p1a: Snorlax|slp","|move|p1a: Snorlax|Sleep Talk|p1a: Snorlax","|move|p1a: Snorlax|Curse|p1a: Snorlax|[from]Sleep Talk","|-unboost|p1a: Snorlax|spe|1","|-boost|p1a: Snorlax|atk|1","|-boost|p1a: Snorlax|def|1","|","|turn|30","|","|move|p2a: Thundurus|Focus Blast|p1a: Snorlax|[miss]","|-miss|p2a: Thundurus|p1a: Snorlax","|cant|p1a: Snorlax|slp","|move|p1a: Snorlax|Sleep Talk|p1a: Snorlax","|move|p1a: Snorlax|Curse|p1a: Snorlax|[from]Sleep Talk","|-unboost|p1a: Snorlax|spe|1","|-boost|p1a: Snorlax|atk|1","|-boost|p1a: Snorlax|def|1","|","|turn|31","|","|move|p2a: Thundurus|Focus Blast|p1a: Snorlax","|-supereffective|p1a: Snorlax","|-damage|p1a: Snorlax|35/524 slp","|-damage|p2a: Thundurus|121/299|[from] item: Life Orb","|-curestatus|p1a: Snorlax|slp","|move|p1a: Snorlax|Rest|p1a: Snorlax","|-status|p1a: Snorlax|slp","|-heal|p1a: Snorlax|524/524 slp|[silent]","|-status|p1a: Snorlax|slp|[from] move: Rest","|","|turn|32","|","|move|p2a: Thundurus|Focus Blast|p1a: Snorlax|[miss]","|-miss|p2a: Thundurus|p1a: Snorlax","|cant|p1a: Snorlax|slp","|move|p1a: Snorlax|Sleep Talk|p1a: Snorlax","|move|p1a: Snorlax|Curse|p1a: Snorlax|[from]Sleep Talk","|-unboost|p1a: Snorlax|spe|1","|-boost|p1a: Snorlax|atk|1","|-boost|p1a: Snorlax|def|1","|","|turn|33","|","|win|Lazulite Leavanny"],"p1rating":{"entryid":"7549999","serverid":"eos","formatid":"monotype","userid":"lazuliteleavanny","username":"Lazulite Leavanny","w":7,"l":"3","t":"0","gxe":62.4,"r":"1555.262798558","rd":"92.650464186322","sigma":"0","rptime":"1439370000","rpr":1598.0677871793,"rprd":87.139325205401,"rpsigma":"0","acre":1166.5530041778,"lacre":1166.5530041778,"oldacre":"1141.1647679262"},"p2rating":{"entryid":"7565564","serverid":"eos","formatid":"monotype","userid":"mercilessmarx","username":"Merciless Marx","w":"5","l":3,"t":"0","gxe":57.6,"r":"1563.102404145","rd":"106.67300213107","sigma":"0","rptime":"1439370000","rpr":1559.2711125446,"rprd":91.994823163703,"rpsigma":"0","acre":1121.1724490452,"lacre":1121.1724490452,"oldacre":"1146.5606852968"},"endType":"forfeit"}