{"seed":[20766,6537,49799,11589],"turns":25,"p1":"Rain ☆ sidious","p2":"emforbes","p1team":[{"name":"Cresselia","species":"Cresselia","item":"leftovers","ability":"Levitate","moves":["lunardance","thunderwave","psychic","magiccoat"],"nature":"Calm","evs":{"hp":132,"atk":0,"def":120,"spa":4,"spd":252,"spe":0},"shiny":true,"ivs":{"hp":31,"atk":31,"def":31,"spa":31,"spd":31,"spe":31}},{"name":"Victini","species":"Victini","item":"choicescarf","ability":"Victory Star","moves":["flareblitz","boltstrike","uturn","facade"],"nature":"Jolly","evs":{"hp":0,"atk":252,"def":0,"spa":0,"spd":4,"spe":252},"ivs":{"hp":31,"atk":31,"def":31,"spa":31,"spd":31,"spe":31}},{"name":"Jynx","species":"Jynx","item":"choicescarf","ability":"Dry Skin","moves":["icebeam","shadowball","psychic","focusblast"],"nature":"Timid","evs":{"hp":0,"atk":0,"def":0,"spa":252,"spd":4,"spe":252},"shiny":true,"ivs":{"hp":31,"atk":31,"def":31,"spa":31,"spd":31,"spe":31}},{"name":"Starmie","species":"Starmie","item":"lifeorb","ability":"Analytic","moves":["rapidspin","psyshock","hydropump","icebeam"],"nature":"Timid","evs":{"hp":0,"atk":0,"def":0,"spa":252,"spd":4,"spe":252},"ivs":{"hp":31,"atk":31,"def":31,"spa":31,"spd":31,"spe":31}},{"name":"Gardevoir","species":"Gardevoir","item":"gardevoirite","ability":"Trace","moves":["hypervoice","psyshock","substitute","focusblast"],"nature":"Modest","evs":{"hp":0,"atk":0,"def":0,"spa":252,"spd":4,"spe":252},"ivs":{"hp":31,"atk":31,"def":31,"spa":31,"spd":31,"spe":31}},{"name":"Gallade","species":"Gallade","item":"assaultvest","ability":"Justified","moves":["drainpunch","earthquake","icepunch","firepunch"],"nature":"Jolly","evs":{"hp":0,"atk":252,"def":0,"spa":0,"spd":4,"spe":252},"ivs":{"hp":31,"atk":31,"def":31,"spa":31,"spd":31,"spe":31}}],"p2team":[{"name":"Ampharos","species":"Ampharos","item":"ampharosite","ability":"Static","moves":["voltswitch","dragonpulse","hiddenpowergrass","agility"],"nature":"Modest","evs":{"hp":0,"atk":0,"def":0,"spa":252,"spd":4,"spe":252},"ivs":{"hp":31,"atk":30,"def":31,"spa":30,"spd":31,"spe":31},"shiny":true},{"name":"Rotom-Wash","species":"Rotom-Wash","item":"leftovers","ability":"Levitate","moves":["hydropump","voltswitch","willowisp","painsplit"],"nature":"Calm","evs":{"hp":252,"atk":0,"def":0,"spa":4,"spd":252,"spe":0},"shiny":true,"ivs":{"hp":31,"atk":31,"def":31,"spa":31,"spd":31,"spe":31}},{"name":"Zapdos","species":"Zapdos","item":"leftovers","ability":"Pressure","moves":["defog","roost","heatwave","thunderbolt"],"nature":"Modest","evs":{"hp":252,"atk":0,"def":0,"spa":252,"spd":4,"spe":0},"ivs":{"hp":31,"atk":31,"def":31,"spa":31,"spd":31,"spe":31}},{"name":"Magnezone","species":"Magnezone","item":"choicescarf","ability":"Magnet Pull","moves":["voltswitch","flashcannon","hiddenpowerfire","thunderbolt"],"nature":"Timid","evs":{"hp":0,"atk":0,"def":0,"spa":252,"spd":4,"spe":252},"ivs":{"hp":31,"atk":30,"def":31,"spa":30,"spd":31,"spe":30},"shiny":true},{"name":"Thundurus","species":"Thundurus","item":"lifeorb","ability":"Prankster","moves":["thunderbolt","thunderwave","hiddenpowerice","grassknot"],"nature":"Timid","evs":{"hp":0,"atk":0,"def":0,"spa":252,"spd":4,"spe":252},"ivs":{"hp":31,"atk":30,"def":30,"spa":31,"spd":31,"spe":31}},{"name":"Stunfisk","species":"Stunfisk","item":"chestoberry","ability":"Static","moves":["stealthrock","thunderwave","rest","earthpower"],"nature":"Bold","evs":{"hp":248,"atk":0,"def":252,"spa":4,"spd":4,"spe":0},"ivs":{"hp":31,"atk":31,"def":31,"spa":31,"spd":31,"spe":31}}],"log":["|player|p1|Rain ☆ sidious|285","|player|p2|emforbes|190","|gametype|singles","|gen|6","|tier|Monotype","|rated","|rule|Baton Pass Clause: Limit one Baton Passer, can't pass Spe and other stats simultaneously","|rule|Swagger Clause: Swagger is banned","|rule|Same Type Clause: Pokémon in a team must share a type","|clearpoke","|poke|p1|Cresselia, F, shiny","|poke|p1|Victini","|poke|p1|Jynx, F, shiny","|poke|p1|Starmie","|poke|p1|Gardevoir, F","|poke|p1|Gallade, M","|poke|p2|Ampharos, F, shiny","|poke|p2|Rotom-Wash, shiny","|poke|p2|Zapdos","|poke|p2|Magnezone, shiny","|poke|p2|Thundurus, M","|poke|p2|Stunfisk, M","|rule|Sleep Clause Mod: Limit one foe put to sleep","|rule|Species Clause: Limit one of each Pokémon","|rule|OHKO Clause: OHKO moves are banned","|rule|Moody Clause: Moody is banned","|rule|Evasion Moves Clause: Evasion moves are banned","|rule|Endless Battle Clause: Forcing endless battles is banned","|rule|HP Percentage Mod: HP is shown in percentages","|teampreview","|","|start","|switch|p1a: Gallade|Gallade, M|277/277","|switch|p2a: Magnezone|Magnezone, shiny|281/281","|turn|1","|","|move|p2a: Magnezone|Volt Switch|p1a: Gallade","|-damage|p1a: Gallade|199/277","|","|switch|p2a: Rotom-Wash|Rotom-Wash, shiny|304/304","|move|p1a: Gallade|Drain Punch|p2a: Rotom-Wash","|-damage|p2a: Rotom-Wash|187/304","|-heal|p1a: Gallade|258/277|[from] drain|[of] p2a: Rotom-Wash","|","|-heal|p2a: Rotom-Wash|206/304|[from] item: Leftovers","|turn|2","|","|move|p1a: Gallade|Drain Punch|p2a: Rotom-Wash","|-damage|p2a: Rotom-Wash|94/304","|-heal|p1a: Gallade|277/277|[from] drain|[of] p2a: Rotom-Wash","|move|p2a: Rotom-Wash|Will-O-Wisp|p1a: Gallade","|-status|p1a: Gallade|brn","|","|-heal|p2a: Rotom-Wash|113/304|[from] item: Leftovers","|-damage|p1a: Gallade|243/277 brn|[from] brn","|turn|3","|","|switch|p1a: Gardevoir|Gardevoir, F|277/277","|-ability|p1a: Gardevoir|Levitate|[from] ability: Trace|[of] p2a: Rotom-Wash","|move|p2a: Rotom-Wash|Pain Split|p1a: Gardevoir","|-sethp|p1a: Gardevoir|195/277|p2a: Rotom-Wash|195/304|[from] move: Pain Split","|","|-heal|p2a: Rotom-Wash|214/304|[from] item: Leftovers","|turn|4","|","|switch|p2a: Magnezone|Magnezone, shiny|281/281","|detailschange|p1a: Gardevoir|Gardevoir-Mega, F","|-mega|p1a: Gardevoir|Gardevoir|Gardevoirite","|move|p1a: Gardevoir|Hyper Voice|p2a: Magnezone","|-resisted|p2a: Magnezone","|-damage|p2a: Magnezone|120/281","|","|turn|5","|","|move|p2a: Magnezone|Flash Cannon|p1a: Gardevoir","|-supereffective|p1a: Gardevoir","|-damage|p1a: Gardevoir|0 fnt","|faint|p1a: Gardevoir","|","|","|switch|p1a: Gallade|Gallade, M|243/277 brn","|turn|6","|","|switch|p2a: Stunfisk|Stunfisk, M|421/421","|move|p1a: Gallade|Drain Punch|p2a: Stunfisk","|-damage|p2a: Stunfisk|373/421","|-heal|p1a: Gallade|267/277 brn|[from] drain|[of] p2a: Stunfisk","|","|-damage|p1a: Gallade|233/277 brn|[from] brn","|turn|7","|","|move|p1a: Gallade|Earthquake|p2a: Stunfisk","|-supereffective|p2a: Stunfisk","|-damage|p2a: Stunfisk|280/421","|move|p2a: Stunfisk|Stealth Rock|p1a: Gallade","|-sidestart|p1: Rain ☆ sidious|move: Stealth Rock","|","|-damage|p1a: Gallade|199/277 brn|[from] brn","|turn|8","|","|switch|p1a: Cresselia|Cresselia, F, shiny|414/414","|-damage|p1a: Cresselia|363/414|[from] Stealth Rock","|switch|p2a: Ampharos|Ampharos, F, shiny|321/321","|","|-heal|p1a: Cresselia|388/414|[from] item: Leftovers","|turn|9","|","|detailschange|p2a: Ampharos|Ampharos-Mega, F, shiny","|-mega|p2a: Ampharos|Ampharos|Ampharosite","|-ability|p2a: Ampharos|Mold Breaker","|move|p1a: Cresselia|Magic Coat|p1a: Cresselia","|-singleturn|p1a: Cresselia|move: Magic Coat","|move|p2a: Ampharos|Volt Switch|p1a: Cresselia","|-crit|p1a: Cresselia","|-damage|p1a: Cresselia|229/414","|","|switch|p2a: Magnezone|Magnezone, shiny|120/281","|","|-heal|p1a: Cresselia|254/414|[from] item: Leftovers","|turn|10","|","|move|p2a: Magnezone|Thunderbolt|p1a: Cresselia","|-damage|p1a: Cresselia|160/414","|move|p1a: Cresselia|Lunar Dance|p1a: Cresselia","|faint|p1a: Cresselia","|","|","|switch|p1a: Gallade|Gallade, M|199/277 brn","|-heal|p1a: Gallade|277/277|[from] move: Lunar Dance","|-damage|p1a: Gallade|260/277|[from] Stealth Rock","|turn|11","|","|switch|p2a: Zapdos|Zapdos|384/384","|-ability|p2a: Zapdos|Pressure","|move|p1a: Gallade|Drain Punch|p2a: Zapdos","|-resisted|p2a: Zapdos","|-damage|p2a: Zapdos|307/384","|-heal|p1a: Gallade|277/277|[from] drain|[of] p2a: Zapdos","|","|-heal|p2a: Zapdos|331/384|[from] item: Leftovers","|turn|12","|","|switch|p1a: Victini|Victini|341/341","|-damage|p1a: Victini|256/341|[from] Stealth Rock","|move|p2a: Zapdos|Thunderbolt|p1a: Victini","|-damage|p1a: Victini|84/341","|","|-heal|p2a: Zapdos|355/384|[from] item: Leftovers","|turn|13","|","|move|p1a: Victini|Flare Blitz|p2a: Zapdos","|-damage|p2a: Zapdos|141/384","|-damage|p1a: Victini|13/341|[from] recoil|[of] p2a: Zapdos","|move|p2a: Zapdos|Thunderbolt|p1a: Victini","|-damage|p1a: Victini|0 fnt","|faint|p1a: Victini","|","|-heal|p2a: Zapdos|165/384|[from] item: Leftovers","|","|switch|p1a: Starmie|Starmie|261/261","|-damage|p1a: Starmie|229/261|[from] Stealth Rock","|turn|14","|","|move|p1a: Starmie|Ice Beam|p2a: Zapdos","|-supereffective|p2a: Zapdos","|-damage|p2a: Zapdos|0 fnt","|-damage|p1a: Starmie|203/261|[from] item: Life Orb","|faint|p2a: Zapdos","|","|","|switch|p2a: Magnezone|Magnezone, shiny|120/281","|turn|15","|","|move|p1a: Starmie|Rapid Spin|p2a: Magnezone","|-resisted|p2a: Magnezone","|-damage|p2a: Magnezone|114/281","|-sideend|p1: Rain ☆ sidious|Stealth Rock|[from] move: Rapid Spin|[of] p1a: Starmie","|-damage|p1a: Starmie|177/261|[from] item: Life Orb","|move|p2a: Magnezone|Volt Switch|p1a: Starmie","|-supereffective|p1a: Starmie","|-damage|p1a: Starmie|0 fnt","|faint|p1a: Starmie","|","|switch|p2a: Stunfisk|Stunfisk, M|280/421","|","|","|switch|p1a: Jynx|Jynx, F, shiny|271/271","|turn|16","|","|move|p1a: Jynx|Focus Blast|p2a: Stunfisk","|-damage|p2a: Stunfisk|152/421","|move|p2a: Stunfisk|Thunder Wave|p1a: Jynx","|-status|p1a: Jynx|par","|","|turn|17","|","|move|p1a: Jynx|Focus Blast|p2a: Stunfisk","|-damage|p2a: Stunfisk|22/421","|move|p2a: Stunfisk|Earth Power|p1a: Jynx","|-damage|p1a: Jynx|172/271 par","|","|turn|18","|","|move|p1a: Jynx|Focus Blast|p2a: Stunfisk|[miss]","|-miss|p1a: Jynx|p2a: Stunfisk","|move|p2a: Stunfisk|Rest|p2a: Stunfisk","|-status|p2a: Stunfisk|slp","|-heal|p2a: Stunfisk|421/421 slp|[silent]","|-status|p2a: Stunfisk|slp|[from] move: Rest","|-enditem|p2a: Stunfisk|Chesto Berry|[eat]","|-curestatus|p2a: Stunfisk|slp","|","|turn|19","|","|move|p1a: Jynx|Focus Blast|p2a: Stunfisk","|-damage|p2a: Stunfisk|294/421","|move|p2a: Stunfisk|Earth Power|p1a: Jynx","|-damage|p1a: Jynx|72/271 par","|","|turn|20","|","|move|p1a: Jynx|Focus Blast|p2a: Stunfisk|[miss]","|-miss|p1a: Jynx|p2a: Stunfisk","|move|p2a: Stunfisk|Earth Power|p1a: Jynx","|-damage|p1a: Jynx|0 fnt","|faint|p1a: Jynx","|","|","|switch|p1a: Gallade|Gallade, M|277/277","|turn|21","|","|move|p1a: Gallade|Earthquake|p2a: Stunfisk","|-supereffective|p2a: Stunfisk","|-damage|p2a: Stunfisk|90/421","|move|p2a: Stunfisk|Thunder Wave|p1a: Gallade","|-status|p1a: Gallade|par","|","|turn|22","|","|move|p2a: Stunfisk|Earth Power|p1a: Gallade","|-damage|p1a: Gallade|225/277 par","|cant|p1a: Gallade|par","|","|turn|23","|","|move|p2a: Stunfisk|Earth Power|p1a: Gallade","|-damage|p1a: Gallade|167/277 par","|move|p1a: Gallade|Drain Punch|p2a: Stunfisk","|-damage|p2a: Stunfisk|0 fnt","|-heal|p1a: Gallade|212/277 par|[from] drain|[of] p2a: Stunfisk","|faint|p2a: Stunfisk","|","|","|switch|p2a: Ampharos|Ampharos-Mega, F, shiny|321/321","|-ability|p2a: Ampharos|Mold Breaker","|turn|24","|","|move|p2a: Ampharos|Dragon Pulse|p1a: Gallade","|-damage|p1a: Gallade|104/277 par","|cant|p1a: Gallade|par","|","|turn|25","|","|move|p2a: Ampharos|Dragon Pulse|p1a: Gallade","|-damage|p1a: Gallade|0 fnt","|faint|p1a: Gallade","|","|win|emforbes"],"p1rating":{"entryid":"6395890","serverid":"eos","formatid":"monotype","userid":"rainsidious","username":"Rain ☆ sidious","w":"49","l":64,"t":"0","gxe":44.8,"r":"1459.0385798525","rd":"43.39443207963","sigma":"0","rptime":"1439283600","rpr":1460.4303956906,"rprd":42.819947478687,"rpsigma":"0","acre":1111.1597385149,"lacre":1111.1597385149,"oldacre":"1124.2068362759"},"p2rating":{"entryid":"7537626","serverid":"eos","formatid":"monotype","userid":"emforbes","username":"emforbes","w":22,"l":"8","t":"0","gxe":64.8,"r":"1535.9290492592","rd":"87.722280073308","sigma":"0","rptime":"1439283600","rpr":1616.6543183681,"rprd":60.191048455568,"rpsigma":"0","acre":1315.4983690966,"lacre":1315.4983690966,"oldacre":"1305.0606908878"},"endType":"normal"}