{"seed":[46149,29475,34694,41952],"turns":19,"p1":"Rain ☆ Dinite","p2":"Intern olBezerkolo","p1team":[{"name":"Empoleon","species":"Empoleon","item":"leftovers","ability":"Torrent","moves":["stealthrock","defog","scald","roar"],"nature":"Calm","evs":{"hp":248,"atk":0,"def":8,"spa":0,"spd":252,"spe":0},"ivs":{"hp":31,"atk":31,"def":31,"spa":31,"spd":31,"spe":31}},{"name":"Manaphy","species":"Manaphy","item":"leftovers","ability":"Hydration","moves":["tailglow","raindance","scald","energyball"],"nature":"Timid","evs":{"hp":96,"atk":0,"def":0,"spa":252,"spd":0,"spe":160},"ivs":{"hp":31,"atk":31,"def":31,"spa":31,"spd":31,"spe":31}},{"name":"Politoed","species":"Politoed","item":"leftovers","ability":"Drizzle","moves":["perishsong","scald","toxic","protect"],"nature":"Bold","evs":{"hp":252,"atk":0,"def":252,"spa":0,"spd":4,"spe":0},"ivs":{"hp":31,"atk":31,"def":31,"spa":31,"spd":31,"spe":31}},{"name":"Ludicolo","species":"Ludicolo","item":"lifeorb","ability":"Swift Swim","moves":["hydropump","gigadrain","icebeam","raindance"],"nature":"Modest","evs":{"hp":0,"atk":0,"def":4,"spa":252,"spd":0,"spe":252},"ivs":{"hp":31,"atk":31,"def":31,"spa":31,"spd":31,"spe":31}},{"name":"Swampert","species":"Swampert","item":"swampertite","ability":"Damp","moves":["stealthrock","waterfall","earthquake","icepunch"],"nature":"Adamant","evs":{"hp":212,"atk":252,"def":0,"spa":0,"spd":0,"spe":44},"ivs":{"hp":31,"atk":31,"def":31,"spa":31,"spd":31,"spe":31}},{"name":"Keldeo","species":"Keldeo","item":"choicescarf","ability":"Justified","moves":["scald","secretsword","hydropump","icywind"],"nature":"Timid","evs":{"hp":0,"atk":0,"def":4,"spa":252,"spd":0,"spe":252},"ivs":{"hp":31,"atk":31,"def":31,"spa":31,"spd":31,"spe":31}}],"p2team":[{"name":"Dat Head doe'","species":"manectric","item":"manectite","ability":"Static","moves":["hiddenpowerice","voltswitch","overheat","thunderbolt"],"nature":"Mild","evs":{"hp":0,"atk":4,"def":0,"spa":252,"spd":0,"spe":252},"ivs":{"hp":31,"atk":30,"def":30,"spa":31,"spd":31,"spe":31}},{"name":"Stache'","species":"thundurus","item":"sitrusberry","ability":"Prankster","moves":["taunt","confide","grassknot","thunderbolt"],"nature":"Timid","evs":{"hp":0,"atk":0,"def":0,"spa":252,"spd":4,"spe":252},"ivs":{"hp":31,"atk":30,"def":30,"spa":31,"spd":31,"spe":31}},{"name":"Dem Lips'","species":"eelektross","item":"choiceband","ability":"Levitate","moves":["aquatail","wildcharge","drainpunch","firepunch"],"nature":"Adamant","evs":{"hp":248,"atk":252,"def":0,"spa":0,"spd":8,"spe":0},"ivs":{"hp":31,"atk":31,"def":31,"spa":31,"spd":31,"spe":31}},{"name":"Bae","species":"electivire","item":"choicescarf","ability":"Vital Spirit","moves":["wildcharge","earthquake","crosschop","icepunch"],"nature":"Jolly","evs":{"hp":0,"atk":252,"def":0,"spa":0,"spd":4,"spe":252},"shiny":true,"ivs":{"hp":31,"atk":31,"def":31,"spa":31,"spd":31,"spe":31}},{"name":"Thor's Hairbrush","species":"zapdos","item":"leftovers","ability":"Pressure","moves":["tailwind","roost","heatwave","raindance"],"nature":"Calm","evs":{"hp":252,"atk":0,"def":212,"spa":4,"spd":40,"spe":0},"ivs":{"hp":31,"atk":31,"def":31,"spa":31,"spd":31,"spe":31}},{"name":"Zap Doge","species":"raikou","item":"focussash","ability":"Pressure","moves":["calmmind","extrasensory","thunderbolt","aurasphere"],"nature":"Rash","evs":{"hp":4,"atk":0,"def":0,"spa":252,"spd":0,"spe":252},"shiny":true,"ivs":{"hp":31,"atk":31,"def":31,"spa":31,"spd":31,"spe":31}}],"log":["|player|p1|Rain ☆ Dinite|137","|player|p2|Intern olBezerkolo|136","|gametype|singles","|gen|6","|tier|Monotype","|rated","|rule|Baton Pass Clause: Limit one Baton Passer, can't pass Spe and other stats simultaneously","|rule|Swagger Clause: Swagger is banned","|rule|Same Type Clause: Pokémon in a team must share a type","|clearpoke","|poke|p1|Empoleon, M","|poke|p1|Manaphy","|poke|p1|Politoed, F","|poke|p1|Ludicolo, F","|poke|p1|Swampert, F","|poke|p1|Keldeo","|poke|p2|Manectric, M","|poke|p2|Thundurus, M","|poke|p2|Eelektross, F","|poke|p2|Electivire, M, shiny","|poke|p2|Zapdos","|poke|p2|Raikou, shiny","|rule|Sleep Clause Mod: Limit one foe put to sleep","|rule|Species Clause: Limit one of each Pokémon","|rule|OHKO Clause: OHKO moves are banned","|rule|Moody Clause: Moody is banned","|rule|Evasion Moves Clause: Evasion moves are banned","|rule|Endless Battle Clause: Forcing endless battles is banned","|rule|HP Percentage Mod: HP is shown in percentages","|teampreview","|","|start","|switch|p1a: Empoleon|Empoleon, M|371/371","|switch|p2a: Bae|Electivire, M, shiny|291/291","|turn|1","|","|move|p2a: Bae|Wild Charge|p1a: Empoleon","|-supereffective|p1a: Empoleon","|-damage|p1a: Empoleon|51/371","|-damage|p2a: Bae|211/291|[from] recoil|[of] p1a: Empoleon","|move|p1a: Empoleon|Stealth Rock|p2a: Bae","|-sidestart|p2: Intern olBezerkolo|move: Stealth Rock","|","|-heal|p1a: Empoleon|74/371|[from] item: Leftovers","|turn|2","|","|move|p2a: Bae|Wild Charge|p1a: Empoleon","|-supereffective|p1a: Empoleon","|-damage|p1a: Empoleon|0 fnt","|-damage|p2a: Bae|192/291|[from] recoil|[of] p1a: Empoleon","|faint|p1a: Empoleon","|","|","|switch|p1a: Keldeo|Keldeo|323/323","|turn|3","|","|move|p1a: Keldeo|Hydro Pump|p2a: Bae|[miss]","|-miss|p1a: Keldeo|p2a: Bae","|move|p2a: Bae|Wild Charge|p1a: Keldeo","|-supereffective|p1a: Keldeo","|-damage|p1a: Keldeo|0 fnt","|-damage|p2a: Bae|111/291|[from] recoil|[of] p1a: Keldeo","|faint|p1a: Keldeo","|","|","|switch|p1a: Politoed|Politoed, F|384/384","|-weather|RainDance","|turn|4","|","|move|p2a: Bae|Wild Charge|p1a: Politoed","|-crit|p1a: Politoed","|-supereffective|p1a: Politoed","|-damage|p1a: Politoed|0 fnt","|-damage|p2a: Bae|15/291|[from] recoil|[of] p1a: Politoed","|faint|p1a: Politoed","|","|-weather|RainDance|[upkeep]","|","|switch|p1a: Swampert|Swampert, F|394/394","|turn|5","|","|switch|p2a: Stache'|Thundurus, M|299/299","|-damage|p2a: Stache'|225/299|[from] Stealth Rock","|detailschange|p1a: Swampert|Swampert-Mega, F","|-mega|p1a: Swampert|Swampert|Swampertite","|move|p1a: Swampert|Ice Punch|p2a: Stache'","|-supereffective|p2a: Stache'","|-damage|p2a: Stache'|0 fnt","|faint|p2a: Stache'","|","|-weather|RainDance|[upkeep]","|","|switch|p2a: Dem Lips'|Eelektross, F|373/373","|-damage|p2a: Dem Lips'|327/373|[from] Stealth Rock","|turn|6","|","|switch|p1a: Ludicolo|Ludicolo, F|301/301","|move|p2a: Dem Lips'|Aqua Tail|p1a: Ludicolo","|-resisted|p1a: Ludicolo","|-damage|p1a: Ludicolo|225/301","|","|-weather|RainDance|[upkeep]","|turn|7","|","|switch|p2a: Dat Head doe'|Manectric, M|281/281","|-damage|p2a: Dat Head doe'|246/281|[from] Stealth Rock","|move|p1a: Ludicolo|Giga Drain|p2a: Dat Head doe'","|-damage|p2a: Dat Head doe'|11/281","|-heal|p1a: Ludicolo|301/301|[from] drain|[of] p2a: Dat Head doe'","|-damage|p1a: Ludicolo|271/301|[from] item: Life Orb","|","|-weather|RainDance|[upkeep]","|turn|8","|","|detailschange|p2a: Dat Head doe'|Manectric-Mega, M","|-mega|p2a: Dat Head doe'|Manectric|Manectite","|-ability|p2a: Dat Head doe'|Intimidate","|-unboost|p1a: Ludicolo|atk|1","|move|p1a: Ludicolo|Giga Drain|p2a: Dat Head doe'","|-crit|p2a: Dat Head doe'","|-damage|p2a: Dat Head doe'|0 fnt","|-heal|p1a: Ludicolo|277/301|[from] drain|[of] p2a: Dat Head doe'","|-damage|p1a: Ludicolo|247/301|[from] item: Life Orb","|faint|p2a: Dat Head doe'","|","|-weather|none","|","|switch|p2a: Dem Lips'|Eelektross, F|327/373","|-damage|p2a: Dem Lips'|281/373|[from] Stealth Rock","|turn|9","|","|move|p1a: Ludicolo|Rain Dance|p1a: Ludicolo","|-weather|RainDance","|move|p2a: Dem Lips'|Wild Charge|p1a: Ludicolo","|-damage|p1a: Ludicolo|0 fnt","|-damage|p2a: Dem Lips'|219/373|[from] recoil|[of] p1a: Ludicolo","|faint|p1a: Ludicolo","|","|-weather|RainDance|[upkeep]","|","|switch|p1a: Swampert|Swampert-Mega, F|394/394","|turn|10","|","|switch|p2a: Bae|Electivire, M, shiny|15/291","|-damage|p2a: Bae|0 fnt|[from] Stealth Rock","|faint|p2a: Bae","|move|p1a: Swampert|Waterfall|p2: Bae|[notarget]","|-notarget","|","|-weather|RainDance|[upkeep]","|","|switch|p2a: Zap Doge|Raikou, shiny|322/322","|-damage|p2a: Zap Doge|282/322|[from] Stealth Rock","|-ability|p2a: Zap Doge|Pressure","|turn|11","|","|move|p1a: Swampert|Waterfall|p2a: Zap Doge","|-damage|p2a: Zap Doge|0 fnt","|faint|p2a: Zap Doge","|","|-weather|RainDance|[upkeep]","|","|switch|p2a: Thor's Hairbrush|Zapdos|384/384","|-damage|p2a: Thor's Hairbrush|288/384|[from] Stealth Rock","|-ability|p2a: Thor's Hairbrush|Pressure","|turn|12","|","|move|p1a: Swampert|Ice Punch|p2a: Thor's Hairbrush","|-supereffective|p2a: Thor's Hairbrush","|-damage|p2a: Thor's Hairbrush|76/384","|move|p2a: Thor's Hairbrush|Tailwind|p2a: Thor's Hairbrush","|-sidestart|p2: Intern olBezerkolo|move: Tailwind","|","|-weather|RainDance|[upkeep]","|-heal|p2a: Thor's Hairbrush|100/384|[from] item: Leftovers","|turn|13","|","|move|p2a: Thor's Hairbrush|Roost|p2a: Thor's Hairbrush","|-heal|p2a: Thor's Hairbrush|292/384","|move|p1a: Swampert|Ice Punch|p2a: Thor's Hairbrush","|-damage|p2a: Thor's Hairbrush|196/384","|","|-weather|none","|-heal|p2a: Thor's Hairbrush|220/384|[from] item: Leftovers","|turn|14","|","|move|p2a: Thor's Hairbrush|Heat Wave|p1a: Swampert","|-resisted|p1a: Swampert","|-damage|p1a: Swampert|350/394","|move|p1a: Swampert|Waterfall|p2a: Thor's Hairbrush","|-damage|p2a: Thor's Hairbrush|61/384","|","|-heal|p2a: Thor's Hairbrush|85/384|[from] item: Leftovers","|turn|15","|","|switch|p1a: Manaphy|Manaphy|365/365","|move|p2a: Thor's Hairbrush|Roost|p2a: Thor's Hairbrush","|-heal|p2a: Thor's Hairbrush|277/384","|","|-heal|p2a: Thor's Hairbrush|301/384|[from] item: Leftovers","|-sideend|p2: Intern olBezerkolo|move: Tailwind","|turn|16","|","|switch|p2a: Dem Lips'|Eelektross, F|219/373","|-damage|p2a: Dem Lips'|173/373|[from] Stealth Rock","|move|p1a: Manaphy|Rain Dance|p1a: Manaphy","|-weather|RainDance","|","|-weather|RainDance|[upkeep]","|turn|17","|","|move|p1a: Manaphy|Energy Ball|p2a: Dem Lips'","|-damage|p2a: Dem Lips'|63/373","|-unboost|p2a: Dem Lips'|spd|1","|move|p2a: Dem Lips'|Drain Punch|p1a: Manaphy","|-damage|p1a: Manaphy|240/365","|-heal|p2a: Dem Lips'|126/373|[from] drain|[of] p1a: Manaphy","|","|-weather|RainDance|[upkeep]","|-heal|p1a: Manaphy|262/365|[from] item: Leftovers","|turn|18","|","|move|p1a: Manaphy|Scald|p2a: Dem Lips'","|-damage|p2a: Dem Lips'|0 fnt","|faint|p2a: Dem Lips'","|","|-weather|RainDance|[upkeep]","|-heal|p1a: Manaphy|284/365|[from] item: Leftovers","|","|switch|p2a: Thor's Hairbrush|Zapdos|301/384","|-damage|p2a: Thor's Hairbrush|205/384|[from] Stealth Rock","|-ability|p2a: Thor's Hairbrush|Pressure","|turn|19","|","|win|Rain ☆ Dinite"],"p1rating":{"entryid":"7159862","serverid":"eos","formatid":"monotype","userid":"raindinite","username":"Rain ☆ Dinite","w":7,"l":"18","t":"0","gxe":34.6,"r":1361.0910343908,"rd":71.820495985207,"sigma":"0","rptime":1439370000,"rpr":1378.2017281794,"rprd":70.506811292874,"rpsigma":"0","acre":1050.7055727063,"lacre":1050.7055727063,"oldacre":"1006.3537348224"},"p2rating":{"entryid":"7487892","serverid":"eos","formatid":"monotype","userid":"internolbezerkolo","username":"InternOlbezerkolo","w":"5","l":9,"t":"0","gxe":41.2,"r":1453.0825833825,"rd":80.286087547735,"sigma":"0","rptime":1439370000,"rpr":1431.6188071429,"rprd":78.432171140345,"rpsigma":"0","acre":1033.3163672309,"lacre":1033.3163672309,"oldacre":"1053.8498403174"},"endType":"forfeit"}