{"seed":[63236,46827,49386,12714],"turns":27,"p1":"GL♅Shinigami","p2":"Sovereign Terror","p1team":[{"name":"Evil Stitch","species":"gengar","item":"focussash","ability":"Levitate","moves":["destinybond","shadowball","sludgewave","focusblast"],"nature":"Timid","evs":{"hp":0,"atk":0,"def":0,"spa":252,"spd":4,"spe":252},"ivs":{"hp":31,"atk":31,"def":31,"spa":31,"spd":31,"spe":31}},{"name":"Avant-Garde","species":"aegislash","item":"weaknesspolicy","ability":"Stance Change","moves":["kingsshield","swordsdance","shadowsneak","sacredsword"],"nature":"Adamant","evs":{"hp":248,"atk":252,"def":0,"spa":0,"spd":8,"spe":0},"shiny":true,"ivs":{"hp":31,"atk":31,"def":31,"spa":31,"spd":31,"spe":31}},{"name":"Drix","species":"jellicent","item":"leftovers","ability":"Cursed Body","moves":["scald","hex","willowisp","recover"],"nature":"Calm","evs":{"hp":252,"atk":0,"def":0,"spa":4,"spd":252,"spe":0},"gender":"M","ivs":{"hp":31,"atk":31,"def":31,"spa":31,"spd":31,"spe":31}},{"name":"Sentinel","species":"sableye","item":"sablenite","ability":"Prankster","moves":["calmmind","willowisp","recover","darkpulse"],"nature":"Calm","evs":{"hp":248,"atk":0,"def":252,"spa":8,"spd":0,"spe":0},"ivs":{"hp":31,"atk":31,"def":31,"spa":31,"spd":31,"spe":31}},{"name":"Chappo The Great","species":"golurk","item":"focussash","ability":"No Guard","moves":["dynamicpunch","stealthrock","stoneedge","phantomforce"],"nature":"Adamant","evs":{"hp":248,"atk":252,"def":0,"spa":0,"spd":8,"spe":0},"shiny":true,"ivs":{"hp":31,"atk":31,"def":31,"spa":31,"spd":31,"spe":31}},{"name":"Chandelure Bing","species":"chandelure","item":"choicescarf","ability":"Infiltrator","moves":["flamethrower","shadowball","trick","energyball"],"nature":"Timid","evs":{"hp":0,"atk":0,"def":0,"spa":252,"spd":4,"spe":252},"shiny":true,"ivs":{"hp":31,"atk":31,"def":31,"spa":31,"spd":31,"spe":31}}],"p2team":[{"name":"Heracross","species":"Heracross","item":"heracronite","ability":"Moxie","moves":["closecombat","rockblast","pinmissile","bulletseed"],"nature":"Adamant","evs":{"hp":248,"atk":252,"def":0,"spa":0,"spd":8,"spe":0},"ivs":{"hp":31,"atk":31,"def":31,"spa":31,"spd":31,"spe":31}},{"name":"Armaldo","species":"Armaldo","item":"assaultvest","ability":"Battle Armor","moves":["rapidspin","aquajet","rockblast","earthquake"],"nature":"Adamant","evs":{"hp":248,"atk":252,"def":0,"spa":0,"spd":8,"spe":0},"ivs":{"hp":31,"atk":31,"def":31,"spa":31,"spd":31,"spe":31}},{"name":"Volcarona","species":"Volcarona","item":"lumberry","ability":"Flame Body","moves":["quiverdance","fierydance","roost","bugbuzz"],"nature":"Bold","evs":{"hp":52,"atk":0,"def":208,"spa":0,"spd":0,"spe":248},"ivs":{"hp":31,"atk":31,"def":31,"spa":31,"spd":31,"spe":31}},{"name":"Genesect","species":"Genesect","item":"choicescarf","ability":"Download","moves":["uturn","ironhead","flamethrower","icebeam"],"nature":"Hasty","evs":{"hp":0,"atk":4,"def":0,"spa":252,"spd":0,"spe":252},"ivs":{"hp":31,"atk":31,"def":31,"spa":31,"spd":31,"spe":31}},{"name":"Vivillon","species":"Vivillon","item":"focussash","ability":"Compound Eyes","moves":["quiverdance","sleeppowder","hurricane","roost"],"nature":"Timid","evs":{"hp":0,"atk":0,"def":252,"spa":8,"spd":0,"spe":248},"ivs":{"hp":31,"atk":31,"def":31,"spa":31,"spd":31,"spe":31}},{"name":"Shuckle","species":"Shuckle","item":"rockyhelmet","ability":"Contrary","moves":["shellsmash","rest","infestation","toxic"],"nature":"Modest","evs":{"hp":0,"atk":0,"def":0,"spa":252,"spd":4,"spe":252},"ivs":{"hp":31,"atk":31,"def":31,"spa":31,"spd":31,"spe":31}}],"log":["|player|p1|GL♅Shinigami|glshinigami.png","|player|p2|Sovereign Terror|241","|gametype|singles","|gen|6","|tier|Monotype","|rated","|rule|Baton Pass Clause: Limit one Baton Passer, can't pass Spe and other stats simultaneously","|rule|Swagger Clause: Swagger is banned","|rule|Same Type Clause: Pokémon in a team must share a type","|clearpoke","|poke|p1|Gengar, M","|poke|p1|Aegislash, F, shiny","|poke|p1|Jellicent, M","|poke|p1|Sableye, F","|poke|p1|Golurk, shiny","|poke|p1|Chandelure, M, shiny","|poke|p2|Heracross, F","|poke|p2|Armaldo, M","|poke|p2|Volcarona, M","|poke|p2|Genesect-*","|poke|p2|Vivillon, F","|poke|p2|Shuckle, F","|rule|Sleep Clause Mod: Limit one foe put to sleep","|rule|Species Clause: Limit one of each Pokémon","|rule|OHKO Clause: OHKO moves are banned","|rule|Moody Clause: Moody is banned","|rule|Evasion Moves Clause: Evasion moves are banned","|rule|Endless Battle Clause: Forcing endless battles is banned","|rule|HP Percentage Mod: HP is shown in percentages","|teampreview","|","|start","|switch|p1a: Chappo The Great|Golurk, shiny|381/381","|switch|p2a: Shuckle|Shuckle, F|181/181","|turn|1","|","|move|p1a: Chappo The Great|Dynamic Punch|p2a: Shuckle","|-damage|p2a: Shuckle|123/181","|-damage|p1a: Chappo The Great|318/381|[from] item: Rocky Helmet|[of] p2a: Shuckle","|-start|p2a: Shuckle|confusion","|-activate|p2a: Shuckle|confusion","|-damage|p2a: Shuckle|119/181|[from] confusion","|","|turn|2","|","|move|p1a: Chappo The Great|Stealth Rock|p2a: Shuckle","|-sidestart|p2: Sovereign Terror|move: Stealth Rock","|-activate|p2a: Shuckle|confusion","|-damage|p2a: Shuckle|115/181|[from] confusion","|","|turn|3","|","|move|p1a: Chappo The Great|Dynamic Punch|p2a: Shuckle","|-damage|p2a: Shuckle|52/181","|-damage|p1a: Chappo The Great|255/381|[from] item: Rocky Helmet|[of] p2a: Shuckle","|-activate|p2a: Shuckle|confusion","|-damage|p2a: Shuckle|48/181|[from] confusion","|","|turn|4","|","|move|p1a: Chappo The Great|Dynamic Punch|p2a: Shuckle","|-damage|p2a: Shuckle|0 fnt","|-damage|p1a: Chappo The Great|192/381|[from] item: Rocky Helmet|[of] p2a: Shuckle","|faint|p2a: Shuckle","|","|","|switch|p2a: Genesect|Genesect|283/283","|-damage|p2a: Genesect|248/283|[from] Stealth Rock","|-boost|p2a: Genesect|atk|1|[from] ability: Download","|turn|5","|","|move|p2a: Genesect|Ice Beam|p1a: Chappo The Great","|-supereffective|p1a: Chappo The Great","|-damage|p1a: Chappo The Great|0 fnt","|faint|p1a: Chappo The Great","|","|","|switch|p1a: Chandelure Bing|Chandelure, M, shiny|261/261","|turn|6","|","|switch|p2a: Volcarona|Volcarona, M|324/324","|-damage|p2a: Volcarona|162/324|[from] Stealth Rock","|move|p1a: Chandelure Bing|Flamethrower|p2a: Volcarona","|-damage|p2a: Volcarona|0 fnt","|faint|p2a: Volcarona","|","|","|switch|p2a: Armaldo|Armaldo, M|353/353","|-damage|p2a: Armaldo|265/353|[from] Stealth Rock","|turn|7","|","|switch|p1a: Evil Stitch|Gengar, M|261/261","|move|p2a: Armaldo|Rock Blast|p1a: Evil Stitch","|-damage|p1a: Evil Stitch|192/261","|-damage|p1a: Evil Stitch|117/261","|-damage|p1a: Evil Stitch|41/261","|-damage|p1a: Evil Stitch|0 fnt","|-hitcount|p1a: Evil Stitch|4","|faint|p1a: Evil Stitch","|","|","|switch|p1a: Drix|Jellicent, M|404/404","|turn|8","|","|switch|p2a: Genesect|Genesect|248/283","|-damage|p2a: Genesect|213/283|[from] Stealth Rock","|-boost|p2a: Genesect|atk|1|[from] ability: Download","|move|p1a: Drix|Scald|p2a: Genesect","|-damage|p2a: Genesect|129/283","|","|turn|9","|","|move|p2a: Genesect|Iron Head|p1a: Drix","|-resisted|p1a: Drix","|-damage|p1a: Drix|299/404","|move|p1a: Drix|Scald|p2a: Genesect","|-damage|p2a: Genesect|38/283","|","|-heal|p1a: Drix|324/404|[from] item: Leftovers","|turn|10","|","|move|p2a: Genesect|Iron Head|p1a: Drix","|-resisted|p1a: Drix","|-damage|p1a: Drix|208/404","|-start|p2a: Genesect|Disable|Iron Head","|move|p1a: Drix|Scald|p2a: Genesect","|-damage|p2a: Genesect|0 fnt","|faint|p2a: Genesect","|","|-heal|p1a: Drix|233/404|[from] item: Leftovers","|","|switch|p2a: Vivillon|Vivillon, F|301/301","|-damage|p2a: Vivillon|151/301|[from] Stealth Rock","|turn|11","|","|move|p2a: Vivillon|Sleep Powder|p1a: Drix","|-status|p1a: Drix|slp","|cant|p1a: Drix|slp","|","|-heal|p1a: Drix|258/404 slp|[from] item: Leftovers","|turn|12","|","|move|p2a: Vivillon|Quiver Dance|p2a: Vivillon","|-boost|p2a: Vivillon|spa|1","|-boost|p2a: Vivillon|spd|1","|-boost|p2a: Vivillon|spe|1","|cant|p1a: Drix|slp","|","|-heal|p1a: Drix|283/404 slp|[from] item: Leftovers","|turn|13","|","|move|p2a: Vivillon|Roost|p2a: Vivillon","|-heal|p2a: Vivillon|301/301","|cant|p1a: Drix|slp","|","|-heal|p1a: Drix|308/404 slp|[from] item: Leftovers","|turn|14","|","|move|p2a: Vivillon|Hurricane|p1a: Drix","|-damage|p1a: Drix|191/404 slp","|-curestatus|p1a: Drix|slp","|move|p1a: Drix|Will-O-Wisp|p2a: Vivillon","|-status|p2a: Vivillon|brn","|","|-heal|p1a: Drix|216/404|[from] item: Leftovers","|-damage|p2a: Vivillon|264/301 brn|[from] brn","|turn|15","|","|move|p2a: Vivillon|Sleep Powder|p1a: Drix","|-status|p1a: Drix|slp","|cant|p1a: Drix|slp","|","|-heal|p1a: Drix|241/404 slp|[from] item: Leftovers","|-damage|p2a: Vivillon|227/301 brn|[from] brn","|turn|16","|","|switch|p1a: Chandelure Bing|Chandelure, M, shiny|261/261","|move|p2a: Vivillon|Quiver Dance|p2a: Vivillon","|-boost|p2a: Vivillon|spa|1","|-boost|p2a: Vivillon|spd|1","|-boost|p2a: Vivillon|spe|1","|","|-damage|p2a: Vivillon|190/301 brn|[from] brn","|turn|17","|","|move|p2a: Vivillon|Hurricane|p1a: Chandelure Bing","|-damage|p1a: Chandelure Bing|24/261","|-start|p1a: Chandelure Bing|confusion","|-activate|p1a: Chandelure Bing|confusion","|-damage|p1a: Chandelure Bing|4/261|[from] confusion","|","|-damage|p2a: Vivillon|153/301 brn|[from] brn","|turn|18","|","|move|p2a: Vivillon|Hurricane|p1a: Chandelure Bing|[miss]","|-miss|p2a: Vivillon|p1a: Chandelure Bing","|-activate|p1a: Chandelure Bing|confusion","|move|p1a: Chandelure Bing|Flamethrower|p2a: Vivillon","|-supereffective|p2a: Vivillon","|-damage|p2a: Vivillon|0 fnt","|faint|p2a: Vivillon","|","|","|switch|p2a: Armaldo|Armaldo, M|265/353","|-damage|p2a: Armaldo|177/353|[from] Stealth Rock","|turn|19","|","|move|p2a: Armaldo|Aqua Jet|p1a: Chandelure Bing","|-supereffective|p1a: Chandelure Bing","|-damage|p1a: Chandelure Bing|0 fnt","|faint|p1a: Chandelure Bing","|","|","|switch|p1a: Avant-Garde|Aegislash, F, shiny|323/323","|turn|20","|","|move|p1a: Avant-Garde|King's Shield|p1a: Avant-Garde","|-singleturn|p1a: Avant-Garde|Protect","|move|p2a: Armaldo|Earthquake|p1a: Avant-Garde","|-activate|p1a: Avant-Garde|Protect","|","|turn|21","|","|-formechange|p1a: Avant-Garde|Aegislash-Blade","|move|p1a: Avant-Garde|Sacred Sword|p2a: Armaldo","|-damage|p2a: Armaldo|43/353","|move|p2a: Armaldo|Rock Blast|p1a: Avant-Garde","|-resisted|p1a: Avant-Garde","|-damage|p1a: Avant-Garde|285/323","|-resisted|p1a: Avant-Garde","|-damage|p1a: Avant-Garde|241/323","|-hitcount|p1a: Avant-Garde|2","|","|turn|22","|","|move|p1a: Avant-Garde|Sacred Sword|p2a: Armaldo","|-damage|p2a: Armaldo|0 fnt","|faint|p2a: Armaldo","|","|","|switch|p2a: Heracross|Heracross, F|363/363","|-damage|p2a: Heracross|318/363|[from] Stealth Rock","|turn|23","|","|detailschange|p2a: Heracross|Heracross-Mega, F","|-mega|p2a: Heracross|Heracross|Heracronite","|-formechange|p1a: Avant-Garde|Aegislash","|move|p1a: Avant-Garde|King's Shield|p1a: Avant-Garde","|-singleturn|p1a: Avant-Garde|Protect","|move|p2a: Heracross|Pin Missile|p1a: Avant-Garde","|-activate|p1a: Avant-Garde|Protect","|","|turn|24","|","|move|p2a: Heracross|Pin Missile|p1a: Avant-Garde|[miss]","|-miss|p2a: Heracross|p1a: Avant-Garde","|move|p1a: Avant-Garde|Swords Dance|p1a: Avant-Garde","|-boost|p1a: Avant-Garde|atk|2","|","|turn|25","|","|move|p2a: Heracross|Pin Missile|p1a: Avant-Garde","|-resisted|p1a: Avant-Garde","|-damage|p1a: Avant-Garde|231/323","|-resisted|p1a: Avant-Garde","|-damage|p1a: Avant-Garde|221/323","|-resisted|p1a: Avant-Garde","|-damage|p1a: Avant-Garde|209/323","|-crit|p1a: Avant-Garde","|-resisted|p1a: Avant-Garde","|-damage|p1a: Avant-Garde|193/323","|-resisted|p1a: Avant-Garde","|-damage|p1a: Avant-Garde|183/323","|-hitcount|p1a: Avant-Garde|5","|move|p1a: Avant-Garde|Swords Dance|p1a: Avant-Garde","|-boost|p1a: Avant-Garde|atk|2","|","|turn|26","|","|move|p2a: Heracross|Rock Blast|p1a: Avant-Garde","|-resisted|p1a: Avant-Garde","|-damage|p1a: Avant-Garde|169/323","|-resisted|p1a: Avant-Garde","|-damage|p1a: Avant-Garde|155/323","|-resisted|p1a: Avant-Garde","|-damage|p1a: Avant-Garde|140/323","|-resisted|p1a: Avant-Garde","|-damage|p1a: Avant-Garde|124/323","|-resisted|p1a: Avant-Garde","|-damage|p1a: Avant-Garde|110/323","|-hitcount|p1a: Avant-Garde|5","|-formechange|p1a: Avant-Garde|Aegislash-Blade","|move|p1a: Avant-Garde|Sacred Sword|p2a: Heracross","|-resisted|p2a: Heracross","|-damage|p2a: Heracross|138/363","|","|turn|27","|","|move|p1a: Avant-Garde|Shadow Sneak|p2a: Heracross","|-damage|p2a: Heracross|0 fnt","|faint|p2a: Heracross","|","|win|GL♅Shinigami"],"p1rating":{"entryid":"7366394","serverid":"eos","formatid":"monotype","userid":"glshinigami","username":"GL♅Shinigami","w":2,"l":"1","t":"0","gxe":54.9,"r":"1547.0269663871","rd":"123.4652342115","sigma":"0","rptime":"1439370000","rpr":1538.6994452452,"rprd":112.12622248143,"rpsigma":"0","acre":1061.9832961515,"lacre":1061.9832961515,"oldacre":"1029.3970487934"},"p2rating":{"entryid":7586137,"formatid":"monotype","userid":"sovereignterror","username":"Sovereign Terror","r":1500,"rd":130,"sigma":0,"rpr":1464.6153038443,"rprd":122.86802536103,"rpsigma":0,"rptime":1439370000,"w":0,"l":1,"t":0,"gxe":45.6,"acre":1000,"lacre":1000,"oldacre":1000},"endType":"normal"}