{"seed":[49529,59681,45682,31794],"turns":36,"p1":"Twizz","p2":"Kre8noyz","p1team":[{"name":"Magnezone","species":"Magnezone","item":"leftovers","ability":"Sturdy","moves":["flashcannon","thunderbolt","protect","hiddenpowerice"],"nature":"Modest","evs":{"hp":76,"atk":0,"def":180,"spa":252,"spd":0,"spe":0},"ivs":{"hp":31,"atk":30,"def":30,"spa":31,"spd":31,"spe":31}},{"name":"Zapdos","species":"Zapdos","item":"leftovers","ability":"Pressure","moves":["discharge","heatwave","toxic","roost"],"nature":"Bold","evs":{"hp":4,"atk":0,"def":252,"spa":56,"spd":196,"spe":0},"ivs":{"hp":31,"atk":31,"def":31,"spa":31,"spd":31,"spe":31}},{"name":"Ampharos","species":"Ampharos","item":"ampharosite","ability":"Static","moves":["cottonguard","rest","sleeptalk","dragonpulse"],"nature":"Bold","evs":{"hp":0,"atk":0,"def":252,"spa":136,"spd":120,"spe":0},"ivs":{"hp":31,"atk":31,"def":31,"spa":31,"spd":31,"spe":31}},{"name":"Raikou","species":"Raikou","item":"leftovers","ability":"Pressure","moves":["calmmind","substitute","thunderbolt","extrasensory"],"nature":"Timid","evs":{"hp":0,"atk":0,"def":0,"spa":252,"spd":4,"spe":252},"ivs":{"hp":31,"atk":31,"def":31,"spa":31,"spd":31,"spe":31}},{"name":"Rotom-Wash","species":"Rotom-Wash","item":"choicescarf","ability":"Levitate","moves":["voltswitch","hydropump","willowisp","trick"],"nature":"Timid","evs":{"hp":0,"atk":0,"def":0,"spa":252,"spd":4,"spe":252},"ivs":{"hp":31,"atk":31,"def":31,"spa":31,"spd":31,"spe":31}},{"name":"Condom","species":"eelektross","item":"assaultvest","ability":"Levitate","moves":["gigadrain","thunderbolt","drainpunch","knockoff"],"nature":"Quiet","evs":{"hp":3,"atk":136,"def":0,"spa":108,"spd":252,"spe":0},"ivs":{"hp":31,"atk":31,"def":31,"spa":31,"spd":31,"spe":31}}],"p2team":[{"name":"Raikou","species":"Raikou","item":"leftovers","ability":"Pressure","moves":["chargebeam","magnetrise","extremespeed","extrasensory"],"nature":"Rash","evs":{"hp":0,"atk":0,"def":168,"spa":0,"spd":88,"spe":252},"shiny":true,"ivs":{"hp":31,"atk":31,"def":31,"spa":31,"spd":31,"spe":31}},{"name":"Electivire","species":"Electivire","item":"leftovers","ability":"Vital Spirit","moves":["crosschop","thunderpunch","earthquake","thunderwave"],"nature":"Adamant","evs":{"hp":248,"atk":92,"def":0,"spa":0,"spd":8,"spe":160},"ivs":{"hp":31,"atk":31,"def":31,"spa":31,"spd":31,"spe":31}},{"name":"Eelektross","species":"Eelektross","item":"leftovers","ability":"Levitate","moves":["acidspray","drainpunch","coil","thunderpunch"],"nature":"","evs":{"hp":192,"atk":0,"def":152,"spa":0,"spd":164,"spe":0},"ivs":{"hp":31,"atk":31,"def":31,"spa":31,"spd":31,"spe":31}},{"name":"Manectric","species":"Manectric","item":"manectite","ability":"Static","moves":["thunderbolt","flamethrower","icefang","toxic"],"nature":"","evs":{"hp":0,"atk":4,"def":252,"spa":0,"spd":252,"spe":0},"ivs":{"hp":31,"atk":31,"def":31,"spa":31,"spd":31,"spe":31}},{"name":"Rotom-Wash","species":"Rotom-Wash","item":"lightclay","ability":"Levitate","moves":["reflect","voltswitch","hydropump","willowisp"],"nature":"Calm","evs":{"hp":248,"atk":0,"def":0,"spa":8,"spd":252,"spe":0},"ivs":{"hp":31,"atk":31,"def":31,"spa":31,"spd":31,"spe":31}},{"name":"Thundurus","species":"Thundurus","item":"leftovers","ability":"Prankster","moves":["chargebeam","psychic","hiddenpowergrass","nastyplot"],"nature":"","evs":{"hp":0,"atk":0,"def":184,"spa":0,"spd":72,"spe":252},"ivs":{"hp":31,"atk":30,"def":31,"spa":30,"spd":31,"spe":31}}],"log":["|player|p1|Twizz|264","|player|p2|Kre8noyz|163","|gametype|singles","|gen|6","|tier|Monotype","|rated","|rule|Baton Pass Clause: Limit one Baton Passer, can't pass Spe and other stats simultaneously","|rule|Swagger Clause: Swagger is banned","|rule|Same Type Clause: Pokémon in a team must share a type","|clearpoke","|poke|p1|Magnezone","|poke|p1|Zapdos","|poke|p1|Ampharos, M","|poke|p1|Raikou","|poke|p1|Rotom-Wash","|poke|p1|Eelektross, M","|poke|p2|Raikou, shiny","|poke|p2|Electivire, M","|poke|p2|Eelektross, M","|poke|p2|Manectric, F","|poke|p2|Rotom-Wash","|poke|p2|Thundurus, M","|rule|Sleep Clause Mod: Limit one foe put to sleep","|rule|Species Clause: Limit one of each Pokémon","|rule|OHKO Clause: OHKO moves are banned","|rule|Moody Clause: Moody is banned","|rule|Evasion Moves Clause: Evasion moves are banned","|rule|Endless Battle Clause: Forcing endless battles is banned","|rule|HP Percentage Mod: HP is shown in percentages","|teampreview","|","|start","|switch|p1a: Rotom-Wash|Rotom-Wash|241/241","|switch|p2a: Electivire|Electivire, M|353/353","|turn|1","|","|move|p1a: Rotom-Wash|Will-O-Wisp|p2a: Electivire","|-status|p2a: Electivire|brn","|move|p2a: Electivire|Thunder Wave|p1a: Rotom-Wash","|-immune|p1a: Rotom-Wash|[msg]","|","|-damage|p2a: Electivire|309/353 brn|[from] brn","|turn|2","|","|switch|p1a: Zapdos|Zapdos|322/322","|-ability|p1a: Zapdos|Pressure","|move|p2a: Electivire|Cross Chop|p1a: Zapdos|[miss]","|-miss|p2a: Electivire|p1a: Zapdos","|","|-heal|p2a: Electivire|331/353 brn|[from] item: Leftovers","|-damage|p2a: Electivire|287/353 brn|[from] brn","|turn|3","|","|switch|p2a: Eelektross|Eelektross, M|359/359","|move|p1a: Zapdos|Heat Wave|p2a: Eelektross","|-damage|p2a: Eelektross|258/359","|","|-heal|p2a: Eelektross|280/359|[from] item: Leftovers","|turn|4","|","|move|p1a: Zapdos|Toxic|p2a: Eelektross","|-status|p2a: Eelektross|tox","|move|p2a: Eelektross|Acid Spray|p1a: Zapdos","|-damage|p1a: Zapdos|293/322","|-unboost|p1a: Zapdos|spd|2","|","|-heal|p1a: Zapdos|313/322|[from] item: Leftovers","|-heal|p2a: Eelektross|302/359 tox|[from] item: Leftovers","|-damage|p2a: Eelektross|280/359 tox|[from] psn","|turn|5","|","|switch|p1a: Magnezone|Magnezone|300/300","|move|p2a: Eelektross|Acid Spray|p1a: Magnezone","|-immune|p1a: Magnezone|[msg]","|","|-heal|p2a: Eelektross|302/359 tox|[from] item: Leftovers","|-damage|p2a: Eelektross|258/359 tox|[from] psn","|turn|6","|","|move|p1a: Magnezone|Protect|p1a: Magnezone","|-singleturn|p1a: Magnezone|Protect","|move|p2a: Eelektross|Coil|p2a: Eelektross","|-boost|p2a: Eelektross|atk|1","|-boost|p2a: Eelektross|def|1","|-boost|p2a: Eelektross|accuracy|1","|","|-heal|p2a: Eelektross|280/359 tox|[from] item: Leftovers","|-damage|p2a: Eelektross|214/359 tox|[from] psn","|turn|7","|","|switch|p1a: Zapdos|Zapdos|313/322","|-ability|p1a: Zapdos|Pressure","|move|p2a: Eelektross|Drain Punch|p1a: Zapdos","|-resisted|p1a: Zapdos","|-damage|p1a: Zapdos|275/322","|-heal|p2a: Eelektross|233/359 tox|[from] drain|[of] p1a: Zapdos","|","|-heal|p1a: Zapdos|295/322|[from] item: Leftovers","|-heal|p2a: Eelektross|255/359 tox|[from] item: Leftovers","|-damage|p2a: Eelektross|167/359 tox|[from] psn","|turn|8","|","|move|p1a: Zapdos|Discharge|p2a: Eelektross","|-resisted|p2a: Eelektross","|-damage|p2a: Eelektross|107/359 tox","|move|p2a: Eelektross|Coil|p2a: Eelektross","|-boost|p2a: Eelektross|atk|1","|-boost|p2a: Eelektross|def|1","|-boost|p2a: Eelektross|accuracy|1","|","|-heal|p1a: Zapdos|315/322|[from] item: Leftovers","|-heal|p2a: Eelektross|129/359 tox|[from] item: Leftovers","|-damage|p2a: Eelektross|19/359 tox|[from] psn","|turn|9","|","|switch|p2a: Electivire|Electivire, M|287/353 brn","|move|p1a: Zapdos|Discharge|p2a: Electivire","|-resisted|p2a: Electivire","|-damage|p2a: Electivire|224/353 brn","|","|-heal|p2a: Electivire|246/353 brn|[from] item: Leftovers","|-heal|p1a: Zapdos|322/322|[from] item: Leftovers","|-damage|p2a: Electivire|202/353 brn|[from] brn","|turn|10","|","|move|p2a: Electivire|Thunder Punch|p1a: Zapdos","|-damage|p1a: Zapdos|268/322","|move|p1a: Zapdos|Heat Wave|p2a: Electivire","|-damage|p2a: Electivire|101/353 brn","|","|-heal|p2a: Electivire|123/353 brn|[from] item: Leftovers","|-heal|p1a: Zapdos|288/322|[from] item: Leftovers","|-damage|p2a: Electivire|79/353 brn|[from] brn","|turn|11","|","|move|p2a: Electivire|Thunder Punch|p1a: Zapdos","|-damage|p1a: Zapdos|240/322","|move|p1a: Zapdos|Heat Wave|p2a: Electivire","|-damage|p2a: Electivire|0 fnt","|faint|p2a: Electivire","|","|-heal|p1a: Zapdos|260/322|[from] item: Leftovers","|","|switch|p2a: Manectric|Manectric, F|281/281","|turn|12","|","|switch|p1a: Condom|Eelektross, M|311/311","|detailschange|p2a: Manectric|Manectric-Mega, F","|-mega|p2a: Manectric|Manectric|Manectite","|-ability|p2a: Manectric|Intimidate","|-unboost|p1a: Condom|atk|1","|move|p2a: Manectric|Toxic|p1a: Condom|[miss]","|-miss|p2a: Manectric|p1a: Condom","|","|turn|13","|","|move|p2a: Manectric|Toxic|p1a: Condom","|-status|p1a: Condom|tox","|move|p1a: Condom|Knock Off|p2a: Manectric","|-damage|p2a: Manectric|239/281","|","|-damage|p1a: Condom|292/311 tox|[from] psn","|turn|14","|","|switch|p1a: Raikou|Raikou|321/321","|-ability|p1a: Raikou|Pressure","|move|p2a: Manectric|Flamethrower|p1a: Raikou","|-damage|p1a: Raikou|227/321","|","|-heal|p1a: Raikou|247/321|[from] item: Leftovers","|turn|15","|","|move|p1a: Raikou|Calm Mind|p1a: Raikou","|-boost|p1a: Raikou|spa|1","|-boost|p1a: Raikou|spd|1","|move|p2a: Manectric|Toxic|p1a: Raikou","|-status|p1a: Raikou|tox","|","|-heal|p1a: Raikou|267/321 tox|[from] item: Leftovers","|-damage|p1a: Raikou|247/321 tox|[from] psn","|turn|16","|","|move|p1a: Raikou|Calm Mind|p1a: Raikou","|-boost|p1a: Raikou|spa|1","|-boost|p1a: Raikou|spd|1","|move|p2a: Manectric|Ice Fang|p1a: Raikou","|-damage|p1a: Raikou|191/321 tox","|","|-heal|p1a: Raikou|211/321 tox|[from] item: Leftovers","|-damage|p1a: Raikou|171/321 tox|[from] psn","|turn|17","|","|move|p1a: Raikou|Extrasensory|p2a: Manectric","|-damage|p2a: Manectric|93/281","|move|p2a: Manectric|Ice Fang|p1a: Raikou","|-damage|p1a: Raikou|117/321 tox","|","|-heal|p1a: Raikou|137/321 tox|[from] item: Leftovers","|-damage|p1a: Raikou|77/321 tox|[from] psn","|turn|18","|","|switch|p2a: Rotom-Wash|Rotom-Wash|303/303","|move|p1a: Raikou|Extrasensory|p2a: Rotom-Wash","|-crit|p2a: Rotom-Wash","|-damage|p2a: Rotom-Wash|112/303","|","|-heal|p1a: Raikou|97/321 tox|[from] item: Leftovers","|-damage|p1a: Raikou|17/321 tox|[from] psn","|turn|19","|","|move|p1a: Raikou|Thunderbolt|p2a: Rotom-Wash","|-damage|p2a: Rotom-Wash|0 fnt","|faint|p2a: Rotom-Wash","|","|-heal|p1a: Raikou|37/321 tox|[from] item: Leftovers","|-damage|p1a: Raikou|0 fnt|[from] psn","|faint|p1a: Raikou","|","|switch|p2a: Manectric|Manectric-Mega, F|93/281","|switch|p1a: Zapdos|Zapdos|260/322","|-ability|p2a: Manectric|Intimidate","|-unboost|p1a: Zapdos|atk|1","|-ability|p1a: Zapdos|Pressure","|turn|20","|","|move|p2a: Manectric|Toxic|p1a: Zapdos","|-status|p1a: Zapdos|tox","|move|p1a: Zapdos|Roost|p1a: Zapdos","|-heal|p1a: Zapdos|322/322 tox","|","|-damage|p1a: Zapdos|302/322 tox|[from] psn","|turn|21","|","|move|p2a: Manectric|Ice Fang|p1a: Zapdos","|-supereffective|p1a: Zapdos","|-damage|p1a: Zapdos|232/322 tox","|move|p1a: Zapdos|Toxic|p2a: Manectric","|-status|p2a: Manectric|tox","|","|-heal|p1a: Zapdos|252/322 tox|[from] item: Leftovers","|-damage|p2a: Manectric|76/281 tox|[from] psn","|-damage|p1a: Zapdos|212/322 tox|[from] psn","|turn|22","|","|switch|p1a: Magnezone|Magnezone|300/300","|move|p2a: Manectric|Flamethrower|p1a: Magnezone","|-supereffective|p1a: Magnezone","|-damage|p1a: Magnezone|92/300","|","|-heal|p1a: Magnezone|110/300|[from] item: Leftovers","|-damage|p2a: Manectric|42/281 tox|[from] psn","|turn|23","|","|move|p1a: Magnezone|Protect|p1a: Magnezone","|-singleturn|p1a: Magnezone|Protect","|move|p2a: Manectric|Flamethrower|p1a: Magnezone","|-activate|p1a: Magnezone|Protect","|","|-heal|p1a: Magnezone|128/300|[from] item: Leftovers","|-damage|p2a: Manectric|0 fnt|[from] psn","|faint|p2a: Manectric","|","|switch|p2a: Eelektross|Eelektross, M|19/359 tox","|turn|24","|","|move|p1a: Magnezone|Hidden Power|p2a: Eelektross","|-damage|p2a: Eelektross|0 fnt","|faint|p2a: Eelektross","|","|-heal|p1a: Magnezone|146/300|[from] item: Leftovers","|","|switch|p2a: Thundurus|Thundurus, M|299/299","|turn|25","|","|move|p1a: Magnezone|Protect|p1a: Magnezone","|-singleturn|p1a: Magnezone|Protect","|move|p2a: Thundurus|Nasty Plot|p2a: Thundurus","|-boost|p2a: Thundurus|spa|2","|","|-heal|p1a: Magnezone|164/300|[from] item: Leftovers","|turn|26","|","|move|p2a: Thundurus|Hidden Power|p1a: Magnezone","|-crit|p1a: Magnezone","|-resisted|p1a: Magnezone","|-damage|p1a: Magnezone|73/300","|move|p1a: Magnezone|Thunderbolt|p2a: Thundurus","|-damage|p2a: Thundurus|113/299","|","|-heal|p2a: Thundurus|131/299|[from] item: Leftovers","|-heal|p1a: Magnezone|91/300|[from] item: Leftovers","|turn|27","|","|move|p2a: Thundurus|Hidden Power|p1a: Magnezone","|-resisted|p1a: Magnezone","|-damage|p1a: Magnezone|29/300","|move|p1a: Magnezone|Thunderbolt|p2a: Thundurus","|-damage|p2a: Thundurus|0 fnt","|faint|p2a: Thundurus","|","|-heal|p1a: Magnezone|47/300|[from] item: Leftovers","|","|switch|p2a: Raikou|Raikou, shiny|321/321","|-ability|p2a: Raikou|Pressure","|turn|28","|","|move|p2a: Raikou|Extrasensory|p1a: Magnezone","|-resisted|p1a: Magnezone","|-damage|p1a: Magnezone|6/300","|move|p1a: Magnezone|Hidden Power|p2a: Raikou","|-damage|p2a: Raikou|241/321","|","|-heal|p2a: Raikou|261/321|[from] item: Leftovers","|-heal|p1a: Magnezone|24/300|[from] item: Leftovers","|turn|29","|","|move|p1a: Magnezone|Protect|p1a: Magnezone","|-singleturn|p1a: Magnezone|Protect","|move|p2a: Raikou|Extrasensory|p1a: Magnezone","|-activate|p1a: Magnezone|Protect","|","|-heal|p2a: Raikou|281/321|[from] item: Leftovers","|-heal|p1a: Magnezone|42/300|[from] item: Leftovers","|turn|30","|","|move|p2a: Raikou|Extrasensory|p1a: Magnezone","|-resisted|p1a: Magnezone","|-damage|p1a: Magnezone|0 fnt","|faint|p1a: Magnezone","|","|-heal|p2a: Raikou|301/321|[from] item: Leftovers","|","|switch|p1a: Condom|Eelektross, M|292/311 tox","|turn|31","|","|move|p2a: Raikou|Charge Beam|p1a: Condom","|-resisted|p1a: Condom","|-damage|p1a: Condom|271/311 tox","|-boost|p2a: Raikou|spa|1","|move|p1a: Condom|Knock Off|p2a: Raikou","|-damage|p2a: Raikou|203/321","|-enditem|p2a: Raikou|Leftovers|[from] move: Knock Off|[of] p1a: Condom","|","|-damage|p1a: Condom|252/311 tox|[from] psn","|turn|32","|","|switch|p1a: Rotom-Wash|Rotom-Wash|241/241","|move|p2a: Raikou|Extrasensory|p1a: Rotom-Wash","|-damage|p1a: Rotom-Wash|130/241","|","|turn|33","|","|move|p1a: Rotom-Wash|Hydro Pump|p2a: Raikou|[miss]","|-miss|p1a: Rotom-Wash|p2a: Raikou","|move|p2a: Raikou|Extrasensory|p1a: Rotom-Wash","|-damage|p1a: Rotom-Wash|17/241","|","|turn|34","|","|move|p2a: Raikou|Extreme Speed|p1a: Rotom-Wash","|-damage|p1a: Rotom-Wash|0 fnt","|faint|p1a: Rotom-Wash","|","|","|switch|p1a: Ampharos|Ampharos, M|321/321","|turn|35","|","|detailschange|p1a: Ampharos|Ampharos-Mega, M","|-mega|p1a: Ampharos|Ampharos|Ampharosite","|-ability|p1a: Ampharos|Mold Breaker","|move|p2a: Raikou|Extrasensory|p1a: Ampharos","|-damage|p1a: Ampharos|217/321","|move|p1a: Ampharos|Dragon Pulse|p2a: Raikou","|-damage|p2a: Raikou|16/321","|","|turn|36","|","|move|p2a: Raikou|Extrasensory|p1a: Ampharos","|-damage|p1a: Ampharos|129/321","|move|p1a: Ampharos|Dragon Pulse|p2a: Raikou","|-damage|p2a: Raikou|0 fnt","|faint|p2a: Raikou","|","|win|Twizz"],"p1rating":{"entryid":"6985408","serverid":"eos","formatid":"monotype","userid":"twizz","username":"Twizz","w":24,"l":"33","t":"0","gxe":43.4,"r":"1432.8419310423","rd":"52.921958509652","sigma":"0","rptime":"1439370000","rpr":1449.7155190247,"rprd":50.540012684432,"rpsigma":"0","acre":1150.8073524085,"lacre":1150.8073524085,"oldacre":"1132.8458391105"},"p2rating":{"entryid":"6510480","serverid":"eos","formatid":"monotype","userid":"kre8noyz","username":"Kre8noyz","w":"44","l":64,"t":"0","gxe":40.9,"r":"1450.6753167543","rd":"39.188045084654","sigma":"0","rptime":"1439370000","rpr":1430.4575123669,"rprd":38.152119701157,"rpsigma":"0","acre":1021.6471328615,"lacre":1021.6471328615,"oldacre":"1032.3142109599"},"endType":"normal"}