{"seed":[28981,40535,16263,44877],"turns":20,"p1":"GTX♅Bzumzum","p2":"Void Who","p1team":[{"name":"Elec","species":"manectric","item":"manectite","ability":"Lightning Rod","moves":["thunderbolt","hiddenpowergrass","voltswitch","overheat"],"nature":"Timid","evs":{"hp":0,"atk":0,"def":0,"spa":252,"spd":4,"spe":252},"gender":"M","ivs":{"hp":31,"atk":30,"def":31,"spa":30,"spd":31,"spe":31}},{"name":"Water-Safe","species":"rotomwash","item":"chestoberry","ability":"Levitate","moves":["hydropump","hiddenpowerice","willowisp","rest"],"nature":"Calm","evs":{"hp":248,"atk":0,"def":0,"spa":8,"spd":252,"spe":0},"ivs":{"hp":31,"atk":30,"def":30,"spa":31,"spd":31,"spe":31},"shiny":true},{"name":"MY ZONE!!!","species":"magnezone","item":"choicespecs","ability":"Sturdy","moves":["hiddenpowerice","flashcannon","triattack","signalbeam"],"nature":"Modest","evs":{"hp":248,"atk":0,"def":0,"spa":252,"spd":8,"spe":0},"ivs":{"hp":31,"atk":30,"def":30,"spa":31,"spd":31,"spe":31},"shiny":true},{"name":"Lightning","species":"raichu","item":"choicescarf","ability":"Static","moves":["focusblast","voltswitch","grassknot","surf"],"nature":"Modest","evs":{"hp":4,"atk":0,"def":0,"spa":252,"spd":0,"spe":252},"gender":"M","shiny":true,"ivs":{"hp":31,"atk":31,"def":31,"spa":31,"spd":31,"spe":31}},{"name":"Zapz","species":"zapdos","item":"leftovers","ability":"Pressure","moves":["heatwave","roost","extrasensory","defog"],"nature":"Modest","evs":{"hp":252,"atk":0,"def":0,"spa":252,"spd":4,"spe":0},"shiny":true,"ivs":{"hp":31,"atk":31,"def":31,"spa":31,"spd":31,"spe":31}},{"name":"Plugg-in Failure","species":"electivire","item":"choicescarf","ability":"Vital Spirit","moves":["crosschop","earthquake","icepunch","rockslide"],"nature":"Adamant","evs":{"hp":0,"atk":252,"def":0,"spa":0,"spd":4,"spe":252},"gender":"M","shiny":true,"ivs":{"hp":31,"atk":31,"def":31,"spa":31,"spd":31,"spe":31}}],"p2team":[{"name":"Coke Sniffer","species":"landorus","item":"lifeorb","ability":"Sheer Force","moves":["sludgewave","earthpower","gravity","psychic"],"nature":"Timid","evs":{"hp":0,"atk":0,"def":0,"spa":252,"spd":4,"spe":252},"ivs":{"hp":31,"atk":31,"def":31,"spa":31,"spd":31,"spe":31}},{"name":"Bertha","species":"hippowdon","item":"leftovers","ability":"Sand Stream","moves":["toxic","stealthrock","earthquake","slackoff"],"nature":"Impish","evs":{"hp":252,"atk":4,"def":252,"spa":0,"spd":0,"spe":0},"gender":"F","ivs":{"hp":31,"atk":31,"def":31,"spa":31,"spd":31,"spe":31}},{"name":"Excadrill","species":"Excadrill","item":"choiceband","ability":"Sand Rush","moves":["earthquake","rockslide","rapidspin","ironhead"],"nature":"","evs":{"hp":0,"atk":0,"def":0,"spa":0,"spd":0,"spe":0},"ivs":{"hp":31,"atk":31,"def":31,"spa":31,"spd":31,"spe":31}},{"name":"Garchomp","species":"Garchomp","item":"rockyhelmet","ability":"Rough Skin","moves":["stealthrock","dragontail","flamethrower","earthquake"],"nature":"Sassy","evs":{"hp":252,"atk":0,"def":252,"spa":4,"spd":0,"spe":0},"ivs":{"hp":31,"atk":31,"def":31,"spa":31,"spd":31,"spe":31}},{"name":"Mamoswine","species":"Mamoswine","item":"focussash","ability":"Thick Fat","moves":["earthquake","iceshard","endeavor","superpower"],"nature":"","evs":{"hp":0,"atk":0,"def":0,"spa":0,"spd":0,"spe":0},"ivs":{"hp":31,"atk":31,"def":31,"spa":31,"spd":31,"spe":31}},{"name":"Seismitoad","species":"Seismitoad","item":"leftovers","ability":"Water Absorb","moves":["earthpower","scald","grassknot","protect"],"nature":"Bold","evs":{"hp":252,"atk":0,"def":252,"spa":4,"spd":0,"spe":0},"ivs":{"hp":31,"atk":31,"def":31,"spa":31,"spd":31,"spe":31}}],"log":["|player|p1|GTX♅Bzumzum|225","|player|p2|Void Who|voidwho.gif","|gametype|singles","|gen|6","|tier|Monotype","|rated","|rule|Baton Pass Clause: Limit one Baton Passer, can't pass Spe and other stats simultaneously","|rule|Swagger Clause: Swagger is banned","|rule|Same Type Clause: Pokémon in a team must share a type","|clearpoke","|poke|p1|Manectric, M","|poke|p1|Rotom-Wash, shiny","|poke|p1|Magnezone, shiny","|poke|p1|Raichu, M, shiny","|poke|p1|Zapdos, shiny","|poke|p1|Electivire, M, shiny","|poke|p2|Landorus, M","|poke|p2|Hippowdon, F","|poke|p2|Excadrill, F","|poke|p2|Garchomp, M","|poke|p2|Mamoswine, F","|poke|p2|Seismitoad, M","|rule|Sleep Clause Mod: Limit one foe put to sleep","|rule|Species Clause: Limit one of each Pokémon","|rule|OHKO Clause: OHKO moves are banned","|rule|Moody Clause: Moody is banned","|rule|Evasion Moves Clause: Evasion moves are banned","|rule|Endless Battle Clause: Forcing endless battles is banned","|rule|HP Percentage Mod: HP is shown in percentages","|teampreview","|","|start","|switch|p1a: Lightning|Raichu, M, shiny|262/262","|switch|p2a: Bertha|Hippowdon, F|420/420","|-weather|Sandstorm","|turn|1","|","|move|p1a: Lightning|Grass Knot|p2a: Bertha","|-supereffective|p2a: Bertha","|-damage|p2a: Bertha|100/420","|move|p2a: Bertha|Stealth Rock|p1a: Lightning","|-sidestart|p1: GTX♅Bzumzum|move: Stealth Rock","|","|-weather|Sandstorm|[upkeep]","|-damage|p1a: Lightning|246/262|[from] sandstorm","|-heal|p2a: Bertha|126/420|[from] item: Leftovers","|turn|2","|","|switch|p1a: Zapz|Zapdos, shiny|384/384","|-damage|p1a: Zapz|288/384|[from] Stealth Rock","|-ability|p1a: Zapz|Pressure","|switch|p2a: Mamoswine|Mamoswine, F|361/361","|","|-weather|Sandstorm|[upkeep]","|-damage|p1a: Zapz|264/384|[from] sandstorm","|-heal|p1a: Zapz|288/384|[from] item: Leftovers","|turn|3","|","|move|p2a: Mamoswine|Ice Shard|p1a: Zapz","|-supereffective|p1a: Zapz","|-damage|p1a: Zapz|142/384","|move|p1a: Zapz|Heat Wave|p2a: Mamoswine","|-supereffective|p2a: Mamoswine","|-damage|p2a: Mamoswine|177/361","|","|-weather|Sandstorm|[upkeep]","|-damage|p1a: Zapz|118/384|[from] sandstorm","|-heal|p1a: Zapz|142/384|[from] item: Leftovers","|turn|4","|","|switch|p1a: Water-Safe|Rotom-Wash, shiny|303/303","|-damage|p1a: Water-Safe|266/303|[from] Stealth Rock","|move|p2a: Mamoswine|Ice Shard|p1a: Water-Safe","|-resisted|p1a: Water-Safe","|-damage|p1a: Water-Safe|239/303","|","|-weather|Sandstorm|[upkeep]","|-damage|p1a: Water-Safe|221/303|[from] sandstorm","|turn|5","|","|switch|p2a: Seismitoad|Seismitoad, M|414/414","|move|p1a: Water-Safe|Will-O-Wisp|p2a: Seismitoad","|-status|p2a: Seismitoad|brn","|","|-weather|none","|-damage|p2a: Seismitoad|363/414 brn|[from] brn","|turn|6","|","|move|p1a: Water-Safe|Hidden Power|p2a: Seismitoad","|-damage|p2a: Seismitoad|295/414 brn","|move|p2a: Seismitoad|Grass Knot|p1a: Water-Safe","|-supereffective|p1a: Water-Safe","|-damage|p1a: Water-Safe|199/303","|","|-heal|p2a: Seismitoad|320/414 brn|[from] item: Leftovers","|-damage|p2a: Seismitoad|269/414 brn|[from] brn","|turn|7","|","|move|p1a: Water-Safe|Hidden Power|p2a: Seismitoad","|-damage|p2a: Seismitoad|202/414 brn","|move|p2a: Seismitoad|Scald|p1a: Water-Safe","|-resisted|p1a: Water-Safe","|-damage|p1a: Water-Safe|172/303","|","|-heal|p2a: Seismitoad|227/414 brn|[from] item: Leftovers","|-damage|p2a: Seismitoad|176/414 brn|[from] brn","|turn|8","|","|move|p1a: Water-Safe|Hidden Power|p2a: Seismitoad","|-damage|p2a: Seismitoad|117/414 brn","|move|p2a: Seismitoad|Scald|p1a: Water-Safe","|-resisted|p1a: Water-Safe","|-damage|p1a: Water-Safe|144/303","|","|-heal|p2a: Seismitoad|142/414 brn|[from] item: Leftovers","|-damage|p2a: Seismitoad|91/414 brn|[from] brn","|turn|9","|","|move|p1a: Water-Safe|Hidden Power|p2a: Seismitoad","|-damage|p2a: Seismitoad|27/414 brn","|move|p2a: Seismitoad|Scald|p1a: Water-Safe","|-resisted|p1a: Water-Safe","|-damage|p1a: Water-Safe|114/303","|","|-heal|p2a: Seismitoad|52/414 brn|[from] item: Leftovers","|-damage|p2a: Seismitoad|1/414 brn|[from] brn","|turn|10","|","|move|p1a: Water-Safe|Hidden Power|p2a: Seismitoad","|-damage|p2a: Seismitoad|0 fnt","|faint|p2a: Seismitoad","|","|","|switch|p2a: Coke Sniffer|Landorus, M|319/319","|turn|11","|","|move|p2a: Coke Sniffer|Gravity|p2a: Coke Sniffer","|-fieldstart|move: Gravity","|move|p1a: Water-Safe|Hidden Power|p2a: Coke Sniffer","|-supereffective|p2a: Coke Sniffer","|-damage|p2a: Coke Sniffer|83/319","|","|turn|12","|","|move|p2a: Coke Sniffer|Earth Power|p1a: Water-Safe","|-supereffective|p1a: Water-Safe","|-damage|p1a: Water-Safe|0 fnt","|faint|p1a: Water-Safe","|","|","|switch|p1a: Lightning|Raichu, M, shiny|246/262","|-damage|p1a: Lightning|214/262|[from] Stealth Rock","|turn|13","|","|move|p1a: Lightning|Surf|p2a: Coke Sniffer","|-supereffective|p2a: Coke Sniffer","|-damage|p2a: Coke Sniffer|0 fnt","|faint|p2a: Coke Sniffer","|","|","|switch|p2a: Bertha|Hippowdon, F|126/420","|-weather|Sandstorm","|turn|14","|","|move|p1a: Lightning|Surf|p2a: Bertha","|-supereffective|p2a: Bertha","|-damage|p2a: Bertha|0 fnt","|faint|p2a: Bertha","|","|-weather|Sandstorm|[upkeep]","|-damage|p1a: Lightning|198/262|[from] sandstorm","|","|switch|p2a: Excadrill|Excadrill, F|361/361","|turn|15","|","|switch|p1a: Zapz|Zapdos, shiny|142/384","|-damage|p1a: Zapz|46/384|[from] Stealth Rock","|-ability|p1a: Zapz|Pressure","|move|p2a: Excadrill|Earthquake|p1a: Zapz","|-supereffective|p1a: Zapz","|-damage|p1a: Zapz|0 fnt","|faint|p1a: Zapz","|","|-weather|Sandstorm|[upkeep]","|-fieldend|move: Gravity","|","|switch|p1a: Elec|Manectric, M|281/281","|-damage|p1a: Elec|246/281|[from] Stealth Rock","|turn|16","|","|detailschange|p1a: Elec|Manectric-Mega, M","|-mega|p1a: Elec|Manectric|Manectite","|-ability|p1a: Elec|Intimidate","|-unboost|p2a: Excadrill|atk|1","|move|p2a: Excadrill|Earthquake|p1a: Elec","|-crit|p1a: Elec","|-supereffective|p1a: Elec","|-damage|p1a: Elec|0 fnt","|faint|p1a: Elec","|","|-weather|Sandstorm|[upkeep]","|","|switch|p1a: Plugg-in Failure|Electivire, M, shiny|291/291","|-damage|p1a: Plugg-in Failure|255/291|[from] Stealth Rock","|turn|17","|","|move|p1a: Plugg-in Failure|Earthquake|p2a: Excadrill","|-supereffective|p2a: Excadrill","|-damage|p2a: Excadrill|0 fnt","|faint|p2a: Excadrill","|","|-weather|Sandstorm|[upkeep]","|-damage|p1a: Plugg-in Failure|237/291|[from] sandstorm","|","|switch|p2a: Garchomp|Garchomp, M|420/420","|turn|18","|","|move|p1a: Plugg-in Failure|Earthquake|p2a: Garchomp","|-damage|p2a: Garchomp|323/420","|move|p2a: Garchomp|Earthquake|p1a: Plugg-in Failure","|-supereffective|p1a: Plugg-in Failure","|-damage|p1a: Plugg-in Failure|0 fnt","|faint|p1a: Plugg-in Failure","|","|-weather|none","|","|switch|p1a: Lightning|Raichu, M, shiny|198/262","|-damage|p1a: Lightning|166/262|[from] Stealth Rock","|turn|19","|","|move|p1a: Lightning|Focus Blast|p2a: Garchomp","|-crit|p2a: Garchomp","|-damage|p2a: Garchomp|121/420","|move|p2a: Garchomp|Earthquake|p1a: Lightning","|-supereffective|p1a: Lightning","|-damage|p1a: Lightning|0 fnt","|faint|p1a: Lightning","|","|","|switch|p1a: MY ZONE!!!|Magnezone, shiny|343/343","|-damage|p1a: MY ZONE!!!|322/343|[from] Stealth Rock","|turn|20","|","|move|p2a: Garchomp|Earthquake|p1a: MY ZONE!!!","|-supereffective|p1a: MY ZONE!!!","|-damage|p1a: MY ZONE!!!|0 fnt","|faint|p1a: MY ZONE!!!","|","|win|Void Who"],"p1rating":{"entryid":"6857825","serverid":"eos","formatid":"monotype","userid":"gtxbzumzum","username":"GTX♅Bzumzum","w":"33","l":116,"t":"0","gxe":22.7,"r":"1260.5936387129","rd":"34.080063403311","sigma":"0","rptime":"1439370000","rpr":1268.9549120604,"rprd":33.375516024735,"rpsigma":"0","acre":1041.5251837719,"lacre":1041.5251837719,"oldacre":"1056.7849261873"},"p2rating":{"entryid":"6866008","serverid":"eos","formatid":"monotype","userid":"voidwho","username":"Void Who","w":38,"l":"23","t":"0","gxe":59.8,"r":"1584.1374030598","rd":"51.397151712228","sigma":"0","rptime":"1439370000","rpr":1575.1688229258,"rprd":50.730544018723,"rpsigma":"0","acre":1139.1566972277,"lacre":1139.1566972277,"oldacre":"1118.5551776866"},"endType":"normal"}