{"seed":[2144,2044,60626,64459],"turns":27,"p1":"Duke Lucario","p2":"RV Sev","p1team":[{"name":"Togekiss","species":"Togekiss","item":"sitrusberry","ability":"Serene Grace","moves":["defog","healbell","roost","airslash"],"nature":"Calm","evs":{"hp":252,"atk":0,"def":0,"spa":4,"spd":252,"spe":0},"gender":"F","shiny":true,"ivs":{"hp":31,"atk":31,"def":31,"spa":31,"spd":31,"spe":31}},{"name":"Landorus-Therian","species":"Landorus-Therian","item":"leftovers","ability":"Intimidate","moves":["stealthrock","earthquake","rockslide","knockoff"],"nature":"Impish","evs":{"hp":252,"atk":12,"def":236,"spa":0,"spd":4,"spe":4},"ivs":{"hp":31,"atk":31,"def":31,"spa":31,"spd":31,"spe":31}},{"name":"Altaria","species":"Altaria","item":"altarianite","ability":"Natural Cure","moves":["return","roost","cottonguard","dragondance"],"nature":"Adamant","evs":{"hp":248,"atk":240,"def":0,"spa":0,"spd":0,"spe":20},"gender":"F","shiny":true,"ivs":{"hp":31,"atk":31,"def":31,"spa":31,"spd":31,"spe":31}},{"name":"Thundurus","species":"Thundurus","item":"leftovers","ability":"Prankster","moves":["thunderwave","thunderbolt","hiddenpowerice","focusblast"],"nature":"Timid","evs":{"hp":56,"atk":0,"def":16,"spa":252,"spd":0,"spe":184},"ivs":{"hp":31,"atk":30,"def":30,"spa":31,"spd":31,"spe":31},"shiny":true},{"name":"Gyarados","species":"Gyarados","item":"leftovers","ability":"Intimidate","moves":["dragondance","substitute","waterfall","earthquake"],"nature":"Adamant","evs":{"hp":75,"atk":205,"def":4,"spa":0,"spd":0,"spe":224},"gender":"M","shiny":true,"ivs":{"hp":31,"atk":31,"def":31,"spa":31,"spd":31,"spe":31}},{"name":"Hawlucha","species":"Hawlucha","item":"redcard","ability":"Unburden","moves":["swordsdance","batonpass","acrobatics","highjumpkick"],"nature":"Impish","evs":{"hp":252,"atk":4,"def":252,"spa":0,"spd":0,"spe":0},"gender":"M","shiny":true,"ivs":{"hp":31,"atk":31,"def":31,"spa":31,"spd":31,"spe":31}}],"p2team":[{"name":"Shania Twain","species":"altaria","item":"altarianite","ability":"Cloud Nine","moves":["dragondance","roost","frustration","healbell"],"nature":"Impish","evs":{"hp":248,"atk":0,"def":136,"spa":0,"spd":96,"spe":28},"gender":"F","happiness":0,"ivs":{"hp":31,"atk":31,"def":31,"spa":31,"spd":31,"spe":31}},{"name":"Selena","species":"latias","item":"leftovers","ability":"Levitate","moves":["defog","tailwind","healingwish","energyball"],"nature":"Timid","evs":{"hp":248,"atk":0,"def":4,"spa":0,"spd":0,"spe":252},"ivs":{"hp":31,"atk":0,"def":31,"spa":31,"spd":31,"spe":31}},{"name":"Kanye West","species":"kyuremblack","item":"lifeorb","ability":"Teravolt","moves":["icebeam","fusionbolt","earthpower","roost"],"nature":"Hasty","evs":{"hp":0,"atk":24,"def":0,"spa":252,"spd":0,"spe":232},"ivs":{"hp":31,"atk":31,"def":31,"spa":31,"spd":31,"spe":31}},{"name":"Charlie Puth","species":"dragonite","item":"choiceband","ability":"Multiscale","moves":["extremespeed","outrage","superpower","earthquake"],"nature":"Adamant","evs":{"hp":56,"atk":252,"def":4,"spa":0,"spd":0,"spe":196},"gender":"M","ivs":{"hp":31,"atk":31,"def":31,"spa":31,"spd":31,"spe":31}},{"name":"Dr.Dre","species":"garchomp","item":"rockyhelmet","ability":"Rough Skin","moves":["stealthrock","earthquake","stoneedge","fireblast"],"nature":"Relaxed","evs":{"hp":248,"atk":0,"def":244,"spa":0,"spd":0,"spe":16},"gender":"M","ivs":{"hp":31,"atk":31,"def":31,"spa":31,"spd":31,"spe":31}},{"name":"Bruno Mars","species":"latios","item":"choicescarf","ability":"Levitate","moves":["hiddenpowerfire","icebeam","energyball","dracometeor"],"nature":"Timid","evs":{"hp":0,"atk":0,"def":4,"spa":252,"spd":0,"spe":252},"ivs":{"hp":31,"atk":0,"def":31,"spa":30,"spd":31,"spe":30}}],"log":["|player|p1|Duke Lucario|136","|player|p2|RV Sev|148","|gametype|singles","|gen|6","|tier|Monotype","|rated","|rule|Baton Pass Clause: Limit one Baton Passer, can't pass Spe and other stats simultaneously","|rule|Swagger Clause: Swagger is banned","|rule|Same Type Clause: Pokémon in a team must share a type","|clearpoke","|poke|p1|Togekiss, F, shiny","|poke|p1|Landorus-Therian, M","|poke|p1|Altaria, F, shiny","|poke|p1|Thundurus, M, shiny","|poke|p1|Gyarados, M, shiny","|poke|p1|Hawlucha, M, shiny","|poke|p2|Altaria, F","|poke|p2|Latias, F","|poke|p2|Kyurem-Black","|poke|p2|Dragonite, M","|poke|p2|Garchomp, M","|poke|p2|Latios, M","|rule|Sleep Clause Mod: Limit one foe put to sleep","|rule|Species Clause: Limit one of each Pokémon","|rule|OHKO Clause: OHKO moves are banned","|rule|Moody Clause: Moody is banned","|rule|Evasion Moves Clause: Evasion moves are banned","|rule|Endless Battle Clause: Forcing endless battles is banned","|rule|HP Percentage Mod: HP is shown in percentages","|teampreview","|","|start","|switch|p1a: Landorus-Therian|Landorus-Therian, M|382/382","|switch|p2a: Dr.Dre|Garchomp, M|419/419","|-ability|p1a: Landorus-Therian|Intimidate","|-unboost|p2a: Dr.Dre|atk|1","|turn|1","|","|move|p2a: Dr.Dre|Stealth Rock|p1a: Landorus-Therian","|-sidestart|p1: Duke Lucario|move: Stealth Rock","|move|p1a: Landorus-Therian|Stealth Rock|p2a: Dr.Dre","|-sidestart|p2: RV Sev|move: Stealth Rock","|","|turn|2","|","|move|p1a: Landorus-Therian|Knock Off|p2a: Dr.Dre","|-damage|p2a: Dr.Dre|339/419","|-damage|p1a: Landorus-Therian|335/382|[from] ability: Rough Skin|[of] p2a: Dr.Dre","|-damage|p1a: Landorus-Therian|272/382|[from] item: Rocky Helmet|[of] p2a: Dr.Dre","|-enditem|p2a: Dr.Dre|Rocky Helmet|[from] move: Knock Off|[of] p1a: Landorus-Therian","|move|p2a: Dr.Dre|Stone Edge|p1a: Landorus-Therian|[miss]","|-miss|p2a: Dr.Dre|p1a: Landorus-Therian","|","|-heal|p1a: Landorus-Therian|295/382|[from] item: Leftovers","|turn|3","|","|move|p2a: Dr.Dre|Fire Blast|p1a: Landorus-Therian","|-damage|p1a: Landorus-Therian|211/382","|-status|p1a: Landorus-Therian|brn","|move|p1a: Landorus-Therian|Earthquake|p2a: Dr.Dre","|-crit|p2a: Dr.Dre","|-damage|p2a: Dr.Dre|241/419","|","|-heal|p1a: Landorus-Therian|234/382 brn|[from] item: Leftovers","|-damage|p1a: Landorus-Therian|187/382 brn|[from] brn","|turn|4","|","|move|p2a: Dr.Dre|Stone Edge|p1a: Landorus-Therian","|-damage|p1a: Landorus-Therian|139/382 brn","|move|p1a: Landorus-Therian|Earthquake|p2a: Dr.Dre","|-damage|p2a: Dr.Dre|183/419","|","|-heal|p1a: Landorus-Therian|162/382 brn|[from] item: Leftovers","|-damage|p1a: Landorus-Therian|115/382 brn|[from] brn","|turn|5","|","|switch|p2a: Selena|Latias, F|363/363","|-damage|p2a: Selena|318/363|[from] Stealth Rock","|move|p1a: Landorus-Therian|Earthquake|p2a: Selena","|-immune|p2a: Selena|[msg]","|","|-heal|p2a: Selena|340/363|[from] item: Leftovers","|-heal|p1a: Landorus-Therian|138/382 brn|[from] item: Leftovers","|-damage|p1a: Landorus-Therian|91/382 brn|[from] brn","|turn|6","|","|switch|p1a: Togekiss|Togekiss, F, shiny|374/374","|-damage|p1a: Togekiss|281/374|[from] Stealth Rock","|move|p2a: Selena|Defog|p1a: Togekiss","|-unboost|p1a: Togekiss|evasion|1","|-sideend|p1: Duke Lucario|Stealth Rock|[from] move: Defog|[of] p1a: Togekiss","|-sideend|p2: RV Sev|Stealth Rock|[from] move: Defog|[of] p2a: Selena","|","|-heal|p2a: Selena|362/363|[from] item: Leftovers","|turn|7","|","|move|p2a: Selena|Tailwind|p2a: Selena","|-sidestart|p2: RV Sev|move: Tailwind","|move|p1a: Togekiss|Heal Bell|p1a: Togekiss","|-cureteam|p1a: Togekiss|[from] move: HealBell","|","|-heal|p2a: Selena|363/363|[from] item: Leftovers","|turn|8","|","|switch|p2a: Dr.Dre|Garchomp, M|183/419","|switch|p1a: Landorus-Therian|Landorus-Therian, M|91/382","|-ability|p1a: Landorus-Therian|Intimidate","|-unboost|p2a: Dr.Dre|atk|1","|","|-heal|p1a: Landorus-Therian|114/382|[from] item: Leftovers","|turn|9","|","|move|p2a: Dr.Dre|Fire Blast|p1a: Landorus-Therian","|-damage|p1a: Landorus-Therian|23/382","|move|p1a: Landorus-Therian|Earthquake|p2a: Dr.Dre","|-damage|p2a: Dr.Dre|56/419","|","|-heal|p1a: Landorus-Therian|46/382|[from] item: Leftovers","|turn|10","|","|move|p2a: Dr.Dre|Fire Blast|p1a: Landorus-Therian","|-damage|p1a: Landorus-Therian|0 fnt","|faint|p1a: Landorus-Therian","|","|-sideend|p2: RV Sev|move: Tailwind","|","|switch|p1a: Thundurus|Thundurus, M, shiny|313/313","|turn|11","|","|switch|p2a: Selena|Latias, F|363/363","|move|p1a: Thundurus|Hidden Power|p2a: Selena","|-supereffective|p2a: Selena","|-damage|p2a: Selena|245/363","|","|-heal|p2a: Selena|267/363|[from] item: Leftovers","|turn|12","|","|switch|p1a: Togekiss|Togekiss, F, shiny|281/374","|move|p2a: Selena|Tailwind|p2a: Selena","|-sidestart|p2: RV Sev|move: Tailwind","|","|-heal|p2a: Selena|289/363|[from] item: Leftovers","|turn|13","|","|move|p2a: Selena|Healing Wish|p2a: Selena","|faint|p2a: Selena","|move|p1a: Togekiss|Air Slash|p2: Selena|[notarget]","|-notarget","|","|","|switch|p2a: Dr.Dre|Garchomp, M|56/419","|-heal|p2a: Dr.Dre|419/419|[from] move: Healing Wish","|turn|14","|","|move|p2a: Dr.Dre|Stealth Rock|p1a: Togekiss","|-sidestart|p1: Duke Lucario|move: Stealth Rock","|move|p1a: Togekiss|Defog|p2a: Dr.Dre","|-unboost|p2a: Dr.Dre|evasion|1","|-sideend|p1: Duke Lucario|Stealth Rock|[from] move: Defog|[of] p1a: Togekiss","|","|turn|15","|","|move|p2a: Dr.Dre|Stone Edge|p1a: Togekiss","|-supereffective|p1a: Togekiss","|-damage|p1a: Togekiss|67/374","|-enditem|p1a: Togekiss|Sitrus Berry|[eat]","|-heal|p1a: Togekiss|160/374|[from] item: Sitrus Berry","|move|p1a: Togekiss|Defog|p2a: Dr.Dre","|-unboost|p2a: Dr.Dre|evasion|1","|","|-sideend|p2: RV Sev|move: Tailwind","|turn|16","|","|move|p2a: Dr.Dre|Stealth Rock|p1a: Togekiss","|-sidestart|p1: Duke Lucario|move: Stealth Rock","|move|p1a: Togekiss|Roost|p1a: Togekiss","|-heal|p1a: Togekiss|347/374","|","|turn|17","|","|move|p2a: Dr.Dre|Stone Edge|p1a: Togekiss|[miss]","|-miss|p2a: Dr.Dre|p1a: Togekiss","|move|p1a: Togekiss|Defog|p2a: Dr.Dre","|-unboost|p2a: Dr.Dre|evasion|1","|-sideend|p1: Duke Lucario|Stealth Rock|[from] move: Defog|[of] p1a: Togekiss","|","|turn|18","|","|switch|p1a: Thundurus|Thundurus, M, shiny|313/313","|move|p2a: Dr.Dre|Stone Edge|p1a: Thundurus|[miss]","|-miss|p2a: Dr.Dre|p1a: Thundurus","|","|turn|19","|","|switch|p2a: Kanye West|Kyurem-Black|391/391","|-ability|p2a: Kanye West|Teravolt","|move|p1a: Thundurus|Hidden Power|p2a: Kanye West","|-damage|p2a: Kanye West|317/391","|","|turn|20","|","|move|p1a: Thundurus|Thunder Wave|p2a: Kanye West","|-status|p2a: Kanye West|par","|move|p2a: Kanye West|Ice Beam|p1a: Thundurus","|-supereffective|p1a: Thundurus","|-damage|p1a: Thundurus|0 fnt","|-damage|p2a: Kanye West|278/391 par|[from] item: Life Orb","|faint|p1a: Thundurus","|","|","|switch|p1a: Gyarados|Gyarados, M, shiny|349/349","|-ability|p1a: Gyarados|Intimidate","|-unboost|p2a: Kanye West|atk|1","|turn|21","|","|move|p1a: Gyarados|Substitute|p1a: Gyarados","|-start|p1a: Gyarados|Substitute","|-damage|p1a: Gyarados|262/349","|move|p2a: Kanye West|Fusion Bolt|p1a: Gyarados","|-supereffective|p1a: Gyarados","|-end|p1a: Gyarados|Substitute","|-damage|p2a: Kanye West|239/391 par|[from] item: Life Orb","|","|-heal|p1a: Gyarados|283/349|[from] item: Leftovers","|turn|22","|","|move|p1a: Gyarados|Substitute|p1a: Gyarados","|-start|p1a: Gyarados|Substitute","|-damage|p1a: Gyarados|196/349","|cant|p2a: Kanye West|par","|","|-heal|p1a: Gyarados|217/349|[from] item: Leftovers","|turn|23","|","|move|p1a: Gyarados|Dragon Dance|p1a: Gyarados","|-boost|p1a: Gyarados|atk|1","|-boost|p1a: Gyarados|spe|1","|move|p2a: Kanye West|Fusion Bolt|p1a: Gyarados","|-supereffective|p1a: Gyarados","|-end|p1a: Gyarados|Substitute","|-damage|p2a: Kanye West|200/391 par|[from] item: Life Orb","|","|-heal|p1a: Gyarados|238/349|[from] item: Leftovers","|turn|24","|","|move|p1a: Gyarados|Waterfall|p2a: Kanye West","|-crit|p2a: Kanye West","|-resisted|p2a: Kanye West","|-damage|p2a: Kanye West|32/391 par","|move|p2a: Kanye West|Fusion Bolt|p1a: Gyarados","|-supereffective|p1a: Gyarados","|-damage|p1a: Gyarados|0 fnt","|-damage|p2a: Kanye West|0 fnt|[from] item: Life Orb","|faint|p1a: Gyarados","|faint|p2a: Kanye West","|","|","|switch|p2a: Charlie Puth|Dragonite, M|337/337","|switch|p1a: Altaria|Altaria, F, shiny|353/353","|turn|25","|","|detailschange|p1a: Altaria|Altaria-Mega, F, shiny","|-mega|p1a: Altaria|Altaria|Altarianite","|move|p2a: Charlie Puth|Extreme Speed|p1a: Altaria","|-damage|p1a: Altaria|217/353","|move|p1a: Altaria|Cotton Guard|p1a: Altaria","|-boost|p1a: Altaria|def|3","|","|turn|26","|","|switch|p2a: Dr.Dre|Garchomp, M|419/419","|move|p1a: Altaria|Dragon Dance|p1a: Altaria","|-boost|p1a: Altaria|atk|1","|-boost|p1a: Altaria|spe|1","|","|turn|27","|","|switch|p2a: Bruno Mars|Latios, M|301/301","|move|p1a: Altaria|Return|p2a: Bruno Mars","|-supereffective|p2a: Bruno Mars","|-damage|p2a: Bruno Mars|0 fnt","|faint|p2a: Bruno Mars","|","|","|win|Duke Lucario"],"p1rating":{"entryid":"5884012","serverid":"eos","formatid":"monotype","userid":"dukelucario","username":"Duke Lucario","w":5,"l":"6","t":"0","gxe":49.4,"r":"1432.8640919466","rd":"104.47645142704","sigma":"0","rptime":"1439370000","rpr":1495.6937488604,"rprd":97.052558744035,"rpsigma":"0","acre":1090.5544804151,"lacre":1090.5544804151,"oldacre":"1066.1316007705"},"p2rating":{"entryid":7576321,"formatid":"monotype","userid":"rvsev","username":"RV Sev","r":1500,"rd":130,"sigma":0,"rpr":1451.385522871,"rprd":122.72971035492,"rpsigma":0,"rptime":1439370000,"w":0,"l":1,"t":0,"gxe":43.9,"acre":1000,"lacre":1000,"oldacre":1000},"endType":"forfeit"}