{"seed":[47559,45181,48681,40382],"turns":34,"p1":"Etrayu","p2":"Desolate Nightmare","p1team":[{"name":"Hoopa-Unbound","species":"Hoopa-Unbound","item":"assaultvest","ability":"Magician","moves":["gunkshot","hyperspacefury","drainpunch","psychic"],"nature":"Brave","evs":{"hp":252,"atk":252,"def":0,"spa":4,"spd":0,"spe":0},"ivs":{"hp":31,"atk":31,"def":31,"spa":31,"spd":31,"spe":31}},{"name":"Victini","species":"Victini","item":"choiceband","ability":"Victory Star","moves":["vcreate","boltstrike","brickbreak","uturn"],"nature":"Adamant","evs":{"hp":0,"atk":252,"def":4,"spa":0,"spd":0,"spe":252},"ivs":{"hp":31,"atk":31,"def":31,"spa":31,"spd":31,"spe":31}},{"name":"Mew","species":"Mew","item":"leftovers","ability":"Synchronize","moves":["taunt","softboiled","willowisp","knockoff"],"nature":"","evs":{"hp":0,"atk":0,"def":0,"spa":0,"spd":0,"spe":0},"ivs":{"hp":31,"atk":31,"def":31,"spa":31,"spd":31,"spe":31}},{"name":"Slowbro","species":"Slowbro","item":"leftovers","ability":"Regenerator","moves":["scald","slackoff","thunderwave","fireblast"],"nature":"Bold","evs":{"hp":252,"atk":0,"def":232,"spa":0,"spd":24,"spe":0},"ivs":{"hp":31,"atk":31,"def":31,"spa":31,"spd":31,"spe":31}},{"name":"Celebi","species":"Celebi","item":"leftovers","ability":"Natural Cure","moves":["recover","batonpass","nastyplot","gigadrain"],"nature":"Bold","evs":{"hp":252,"atk":0,"def":148,"spa":0,"spd":0,"spe":108},"ivs":{"hp":31,"atk":31,"def":31,"spa":31,"spd":31,"spe":31}},{"name":"Gardevoir","species":"Gardevoir","item":"gardevoirite","ability":"Synchronize","moves":["hypervoice","psyshock","focusblast","calmmind"],"nature":"Timid","evs":{"hp":0,"atk":0,"def":24,"spa":232,"spd":0,"spe":252},"ivs":{"hp":31,"atk":31,"def":31,"spa":31,"spd":31,"spe":31}}],"p2team":[{"name":"Zeus","species":"thundurus","item":"lifeorb","ability":"Prankster","moves":["grassknot","thunderwave","knockoff","thunderbolt"],"nature":"Hasty","evs":{"hp":104,"atk":0,"def":0,"spa":152,"spd":0,"spe":252},"ivs":{"hp":31,"atk":30,"def":31,"spa":30,"spd":31,"spe":31},"shiny":true},{"name":"Washing Machine","species":"rotomwash","item":"leftovers","ability":"Levitate","moves":["painsplit","willowisp","hiddenpowergrass","hydropump"],"nature":"Bold","evs":{"hp":252,"atk":0,"def":252,"spa":4,"spd":0,"spe":0},"ivs":{"hp":31,"atk":30,"def":31,"spa":30,"spd":31,"spe":31}},{"name":"Trans-Ampharos","species":"ampharos","item":"ampharosite","ability":"Static","moves":["voltswitch","dragonpulse","rest","sleeptalk"],"nature":"Calm","evs":{"hp":248,"atk":0,"def":120,"spa":0,"spd":140,"spe":0},"ivs":{"hp":31,"atk":31,"def":31,"spa":31,"spd":31,"spe":31}},{"name":"Shoes in Spanish","species":"zapdos","item":"leftovers","ability":"Pressure","moves":["thunderbolt","heatwave","roost","toxic"],"nature":"Calm","evs":{"hp":252,"atk":0,"def":0,"spa":4,"spd":252,"spe":0},"shiny":true,"ivs":{"hp":31,"atk":31,"def":31,"spa":31,"spd":31,"spe":31}},{"name":"Static Popeye","species":"electivire","item":"expertbelt","ability":"Motor Drive","moves":["thunderbolt","crosschop","flamethrower","earthquake"],"nature":"Hasty","evs":{"hp":0,"atk":20,"def":0,"spa":232,"spd":4,"spe":252},"shiny":true,"ivs":{"hp":31,"atk":31,"def":31,"spa":31,"spd":31,"spe":31}},{"name":"Sputnik","species":"magnezone","item":"choicescarf","ability":"Magnet Pull","moves":["thunderbolt","voltswitch","flashcannon","hiddenpowerice"],"nature":"Timid","evs":{"hp":4,"atk":0,"def":0,"spa":252,"spd":0,"spe":252},"ivs":{"hp":31,"atk":30,"def":30,"spa":31,"spd":31,"spe":31}}],"log":["|player|p1|Etrayu|etrayu.png","|player|p2|Desolate Nightmare|167","|gametype|singles","|gen|6","|tier|Monotype","|rated","|rule|Baton Pass Clause: Limit one Baton Passer, can't pass Spe and other stats simultaneously","|rule|Swagger Clause: Swagger is banned","|rule|Same Type Clause: Pokémon in a team must share a type","|clearpoke","|poke|p1|Hoopa-Unbound","|poke|p1|Victini","|poke|p1|Mew","|poke|p1|Slowbro, F","|poke|p1|Celebi","|poke|p1|Gardevoir, M","|poke|p2|Thundurus, M, shiny","|poke|p2|Rotom-Wash","|poke|p2|Ampharos, F","|poke|p2|Zapdos, shiny","|poke|p2|Electivire, F, shiny","|poke|p2|Magnezone","|rule|Sleep Clause Mod: Limit one foe put to sleep","|rule|Species Clause: Limit one of each Pokémon","|rule|OHKO Clause: OHKO moves are banned","|rule|Moody Clause: Moody is banned","|rule|Evasion Moves Clause: Evasion moves are banned","|rule|Endless Battle Clause: Forcing endless battles is banned","|rule|HP Percentage Mod: HP is shown in percentages","|teampreview","|","|start","|switch|p1a: Mew|Mew|341/341","|switch|p2a: Sputnik|Magnezone|282/282","|turn|1","|","|move|p2a: Sputnik|Volt Switch|p1a: Mew","|-damage|p1a: Mew|209/341","|","|switch|p2a: Trans-Ampharos|Ampharos, F|383/383","|move|p1a: Mew|Will-O-Wisp|p2a: Trans-Ampharos","|-status|p2a: Trans-Ampharos|brn","|","|-heal|p1a: Mew|230/341|[from] item: Leftovers","|-damage|p2a: Trans-Ampharos|336/383 brn|[from] brn","|turn|2","|","|detailschange|p2a: Trans-Ampharos|Ampharos-Mega, F","|-mega|p2a: Trans-Ampharos|Ampharos|Ampharosite","|-ability|p2a: Trans-Ampharos|Mold Breaker","|move|p1a: Mew|Soft-Boiled|p1a: Mew","|-heal|p1a: Mew|341/341","|move|p2a: Trans-Ampharos|Dragon Pulse|p1a: Mew","|-damage|p1a: Mew|187/341","|","|-heal|p1a: Mew|208/341|[from] item: Leftovers","|-damage|p2a: Trans-Ampharos|289/383 brn|[from] brn","|turn|3","|","|switch|p1a: Slowbro|Slowbro, F|394/394","|move|p2a: Trans-Ampharos|Dragon Pulse|p1a: Slowbro","|-crit|p1a: Slowbro","|-damage|p1a: Slowbro|121/394","|","|-heal|p1a: Slowbro|145/394|[from] item: Leftovers","|-damage|p2a: Trans-Ampharos|242/383 brn|[from] brn","|turn|4","|","|switch|p1a: Gardevoir|Gardevoir, M|277/277","|move|p2a: Trans-Ampharos|Dragon Pulse|p1a: Gardevoir","|-immune|p1a: Gardevoir|[msg]","|","|-damage|p2a: Trans-Ampharos|195/383 brn|[from] brn","|turn|5","|","|switch|p2a: Sputnik|Magnezone|282/282","|detailschange|p1a: Gardevoir|Gardevoir-Mega, M","|-mega|p1a: Gardevoir|Gardevoir|Gardevoirite","|move|p1a: Gardevoir|Hyper Voice|p2a: Sputnik","|-resisted|p2a: Sputnik","|-damage|p2a: Sputnik|153/282","|","|turn|6","|","|move|p2a: Sputnik|Flash Cannon|p1a: Gardevoir","|-supereffective|p1a: Gardevoir","|-damage|p1a: Gardevoir|61/277","|-unboost|p1a: Gardevoir|spd|1","|move|p1a: Gardevoir|Focus Blast|p2a: Sputnik","|-supereffective|p2a: Sputnik","|-damage|p2a: Sputnik|0 fnt","|faint|p2a: Sputnik","|","|","|switch|p2a: Shoes in Spanish|Zapdos, shiny|384/384","|-ability|p2a: Shoes in Spanish|Pressure","|turn|7","|","|move|p1a: Gardevoir|Psyshock|p2a: Shoes in Spanish","|-damage|p2a: Shoes in Spanish|182/384","|move|p2a: Shoes in Spanish|Thunderbolt|p1a: Gardevoir","|-damage|p1a: Gardevoir|0 fnt","|faint|p1a: Gardevoir","|","|-heal|p2a: Shoes in Spanish|206/384|[from] item: Leftovers","|","|switch|p1a: Victini|Victini|341/341","|turn|8","|","|switch|p2a: Washing Machine|Rotom-Wash|304/304","|move|p1a: Victini|V-create|p2a: Washing Machine","|-resisted|p2a: Washing Machine","|-damage|p2a: Washing Machine|161/304","|-unboost|p1a: Victini|spe|1","|-unboost|p1a: Victini|def|1","|-unboost|p1a: Victini|spd|1","|","|-heal|p2a: Washing Machine|180/304|[from] item: Leftovers","|turn|9","|","|switch|p1a: Mew|Mew|208/341","|move|p2a: Washing Machine|Hidden Power|p1a: Mew","|-damage|p1a: Mew|160/341","|","|-heal|p1a: Mew|181/341|[from] item: Leftovers","|-heal|p2a: Washing Machine|199/304|[from] item: Leftovers","|turn|10","|","|switch|p2a: Trans-Ampharos|Ampharos-Mega, F|195/383 brn","|-ability|p2a: Trans-Ampharos|Mold Breaker","|move|p1a: Mew|Will-O-Wisp|p2a: Trans-Ampharos","|-fail|p2a: Trans-Ampharos|brn","|","|-heal|p1a: Mew|202/341|[from] item: Leftovers","|-damage|p2a: Trans-Ampharos|148/383 brn|[from] brn","|turn|11","|","|move|p1a: Mew|Soft-Boiled|p1a: Mew","|-heal|p1a: Mew|341/341","|move|p2a: Trans-Ampharos|Rest|p2a: Trans-Ampharos","|-status|p2a: Trans-Ampharos|slp","|-heal|p2a: Trans-Ampharos|383/383 slp|[silent]","|-status|p2a: Trans-Ampharos|slp|[from] move: Rest","|","|turn|12","|","|switch|p1a: Celebi|Celebi|404/404","|cant|p2a: Trans-Ampharos|slp","|move|p2a: Trans-Ampharos|Sleep Talk|p2a: Trans-Ampharos","|move|p2a: Trans-Ampharos|Rest|p2a: Trans-Ampharos|[from]Sleep Talk","|-fail|p2a: Trans-Ampharos","|","|turn|13","|","|move|p1a: Celebi|Nasty Plot|p1a: Celebi","|-boost|p1a: Celebi|spa|2","|cant|p2a: Trans-Ampharos|slp","|move|p2a: Trans-Ampharos|Sleep Talk|p2a: Trans-Ampharos","|move|p2a: Trans-Ampharos|Dragon Pulse|p1a: Celebi|[from]Sleep Talk","|-damage|p1a: Celebi|247/404","|","|-heal|p1a: Celebi|272/404|[from] item: Leftovers","|turn|14","|","|move|p1a: Celebi|Nasty Plot|p1a: Celebi","|-boost|p1a: Celebi|spa|2","|-curestatus|p2a: Trans-Ampharos|slp","|move|p2a: Trans-Ampharos|Sleep Talk|p2a: Trans-Ampharos","|-fail|p2a: Trans-Ampharos","|","|-heal|p1a: Celebi|297/404|[from] item: Leftovers","|turn|15","|","|move|p1a: Celebi|Giga Drain|p2a: Trans-Ampharos","|-resisted|p2a: Trans-Ampharos","|-damage|p2a: Trans-Ampharos|292/383","|-heal|p1a: Celebi|343/404|[from] drain|[of] p2a: Trans-Ampharos","|move|p2a: Trans-Ampharos|Dragon Pulse|p1a: Celebi","|-damage|p1a: Celebi|199/404","|","|-heal|p1a: Celebi|224/404|[from] item: Leftovers","|turn|16","|","|move|p1a: Celebi|Nasty Plot|p1a: Celebi","|-boost|p1a: Celebi|spa|2","|move|p2a: Trans-Ampharos|Dragon Pulse|p1a: Celebi","|-damage|p1a: Celebi|73/404","|","|-heal|p1a: Celebi|98/404|[from] item: Leftovers","|turn|17","|","|move|p1a: Celebi|Recover|p1a: Celebi","|-heal|p1a: Celebi|300/404","|move|p2a: Trans-Ampharos|Dragon Pulse|p1a: Celebi","|-damage|p1a: Celebi|132/404","|","|-heal|p1a: Celebi|157/404|[from] item: Leftovers","|turn|18","|","|move|p1a: Celebi|Recover|p1a: Celebi","|-heal|p1a: Celebi|359/404","|move|p2a: Trans-Ampharos|Dragon Pulse|p1a: Celebi","|-damage|p1a: Celebi|200/404","|","|-heal|p1a: Celebi|225/404|[from] item: Leftovers","|turn|19","|","|move|p1a: Celebi|Giga Drain|p2a: Trans-Ampharos","|-resisted|p2a: Trans-Ampharos","|-damage|p2a: Trans-Ampharos|163/383","|-heal|p1a: Celebi|290/404|[from] drain|[of] p2a: Trans-Ampharos","|move|p2a: Trans-Ampharos|Dragon Pulse|p1a: Celebi","|-damage|p1a: Celebi|134/404","|","|-heal|p1a: Celebi|159/404|[from] item: Leftovers","|turn|20","|","|switch|p2a: Washing Machine|Rotom-Wash|199/304","|move|p1a: Celebi|Recover|p1a: Celebi","|-heal|p1a: Celebi|361/404","|","|-heal|p1a: Celebi|386/404|[from] item: Leftovers","|-heal|p2a: Washing Machine|218/304|[from] item: Leftovers","|turn|21","|","|move|p1a: Celebi|Giga Drain|p2a: Washing Machine","|-supereffective|p2a: Washing Machine","|-damage|p2a: Washing Machine|0 fnt","|-heal|p1a: Celebi|404/404|[from] drain|[of] p2a: Washing Machine","|faint|p2a: Washing Machine","|","|","|switch|p2a: Zeus|Thundurus, M, shiny|325/325","|turn|22","|","|move|p2a: Zeus|Knock Off|p1a: Celebi","|-supereffective|p1a: Celebi","|-damage|p1a: Celebi|227/404","|-enditem|p1a: Celebi|Leftovers|[from] move: Knock Off|[of] p2a: Zeus","|-damage|p2a: Zeus|293/325|[from] item: Life Orb","|move|p1a: Celebi|Giga Drain|p2a: Zeus","|-resisted|p2a: Zeus","|-damage|p2a: Zeus|72/325","|-heal|p1a: Celebi|338/404|[from] drain|[of] p2a: Zeus","|","|turn|23","|","|move|p2a: Zeus|Thunder Wave|p1a: Celebi","|-status|p1a: Celebi|par","|move|p1a: Celebi|Giga Drain|p2a: Zeus","|-crit|p2a: Zeus","|-resisted|p2a: Zeus","|-damage|p2a: Zeus|0 fnt","|-heal|p1a: Celebi|374/404 par|[from] drain|[of] p2a: Zeus","|faint|p2a: Zeus","|","|","|switch|p2a: Shoes in Spanish|Zapdos, shiny|206/384","|-ability|p2a: Shoes in Spanish|Pressure","|turn|24","|","|move|p2a: Shoes in Spanish|Roost|p2a: Shoes in Spanish","|-heal|p2a: Shoes in Spanish|384/384","|move|p1a: Celebi|Giga Drain|p2a: Shoes in Spanish","|-damage|p2a: Shoes in Spanish|123/384","|-heal|p1a: Celebi|404/404 par|[from] drain|[of] p2a: Shoes in Spanish","|","|-heal|p2a: Shoes in Spanish|147/384|[from] item: Leftovers","|turn|25","|","|move|p2a: Shoes in Spanish|Roost|p2a: Shoes in Spanish","|-heal|p2a: Shoes in Spanish|339/384","|move|p1a: Celebi|Giga Drain|p2a: Shoes in Spanish","|-crit|p2a: Shoes in Spanish","|-damage|p2a: Shoes in Spanish|0 fnt","|faint|p2a: Shoes in Spanish","|","|","|switch|p2a: Static Popeye|Electivire, F, shiny|291/291","|turn|26","|","|move|p2a: Static Popeye|Flamethrower|p1a: Celebi","|-supereffective|p1a: Celebi","|-damage|p1a: Celebi|212/404 par","|move|p1a: Celebi|Giga Drain|p2a: Static Popeye","|-damage|p2a: Static Popeye|0 fnt","|-heal|p1a: Celebi|358/404 par|[from] drain|[of] p2a: Static Popeye","|faint|p2a: Static Popeye","|","|","|switch|p2a: Trans-Ampharos|Ampharos-Mega, F|163/383","|-ability|p2a: Trans-Ampharos|Mold Breaker","|turn|27","|","|move|p2a: Trans-Ampharos|Dragon Pulse|p1a: Celebi","|-damage|p1a: Celebi|208/404 par","|move|p1a: Celebi|Giga Drain|p2a: Trans-Ampharos","|-resisted|p2a: Trans-Ampharos","|-damage|p2a: Trans-Ampharos|31/383","|-heal|p1a: Celebi|274/404 par|[from] drain|[of] p2a: Trans-Ampharos","|","|turn|28","|","|move|p2a: Trans-Ampharos|Rest|p2a: Trans-Ampharos","|-status|p2a: Trans-Ampharos|slp","|-heal|p2a: Trans-Ampharos|383/383 slp|[silent]","|-status|p2a: Trans-Ampharos|slp|[from] move: Rest","|move|p1a: Celebi|Giga Drain|p2a: Trans-Ampharos","|-resisted|p2a: Trans-Ampharos","|-damage|p2a: Trans-Ampharos|254/383 slp","|-heal|p1a: Celebi|339/404 par|[from] drain|[of] p2a: Trans-Ampharos","|","|turn|29","|","|cant|p2a: Trans-Ampharos|slp","|move|p2a: Trans-Ampharos|Sleep Talk|p2a: Trans-Ampharos","|move|p2a: Trans-Ampharos|Rest|p2a: Trans-Ampharos|[from]Sleep Talk","|-fail|p2a: Trans-Ampharos","|move|p1a: Celebi|Giga Drain|p2a: Trans-Ampharos","|-resisted|p2a: Trans-Ampharos","|-damage|p2a: Trans-Ampharos|127/383 slp","|-heal|p1a: Celebi|403/404 par|[from] drain|[of] p2a: Trans-Ampharos","|","|turn|30","|","|cant|p2a: Trans-Ampharos|slp","|move|p2a: Trans-Ampharos|Sleep Talk|p2a: Trans-Ampharos","|move|p2a: Trans-Ampharos|Rest|p2a: Trans-Ampharos|[from]Sleep Talk","|-fail|p2a: Trans-Ampharos","|cant|p1a: Celebi|par","|","|turn|31","|","|-curestatus|p2a: Trans-Ampharos|slp","|move|p2a: Trans-Ampharos|Rest|p2a: Trans-Ampharos","|-status|p2a: Trans-Ampharos|slp","|-heal|p2a: Trans-Ampharos|383/383 slp|[silent]","|-status|p2a: Trans-Ampharos|slp|[from] move: Rest","|move|p1a: Celebi|Giga Drain|p2a: Trans-Ampharos","|-resisted|p2a: Trans-Ampharos","|-damage|p2a: Trans-Ampharos|265/383 slp","|-heal|p1a: Celebi|404/404 par|[from] drain|[of] p2a: Trans-Ampharos","|","|turn|32","|","|cant|p2a: Trans-Ampharos|slp","|move|p2a: Trans-Ampharos|Sleep Talk|p2a: Trans-Ampharos","|move|p2a: Trans-Ampharos|Rest|p2a: Trans-Ampharos|[from]Sleep Talk","|-fail|p2a: Trans-Ampharos","|cant|p1a: Celebi|par","|","|turn|33","|","|cant|p2a: Trans-Ampharos|slp","|move|p2a: Trans-Ampharos|Sleep Talk|p2a: Trans-Ampharos","|move|p2a: Trans-Ampharos|Volt Switch|p1a: Celebi|[from]Sleep Talk","|-resisted|p1a: Celebi","|-damage|p1a: Celebi|345/404 par","|move|p1a: Celebi|Baton Pass|p1a: Celebi","|","|switch|p1a: Hoopa-Unbound|Hoopa-Unbound|364/364","|","|turn|34","|","|move|p1a: Hoopa-Unbound|Psychic|p2a: Trans-Ampharos","|-damage|p2a: Trans-Ampharos|0 fnt","|faint|p2a: Trans-Ampharos","|","|win|Etrayu"],"p1rating":{"entryid":"6733042","serverid":"eos","formatid":"monotype","userid":"etrayu","username":"Etrayu","w":63,"l":"59","t":"1","gxe":52.2,"r":"1518.1954294789","rd":"38.856874974974","sigma":"0","rptime":"1439283600","rpr":1516.9870856967,"rprd":37.05343304122,"rpsigma":"0","acre":1113.0149017284,"lacre":1113.0149017284,"oldacre":"1090.0244904209"},"p2rating":{"entryid":"6455140","serverid":"eos","formatid":"monotype","userid":"desolatenightmare","username":"Desolate Nightmare","w":"15","l":23,"t":"0","gxe":41.1,"r":"1477.3171134385","rd":"75.193596193057","sigma":"0","rptime":"1439283600","rpr":1431.4642759405,"rprd":61.53844700291,"rpsigma":"0","acre":1029.4065796475,"lacre":1029.4065796475,"oldacre":"1043.7817054347"},"endType":"normal"}