{"seed":[46362,1638,59685,39885],"turns":34,"p1":"Shining Yin","p2":"SL~Pixie","p1team":[{"name":"Aegislash","species":"Aegislash","item":"weaknesspolicy","ability":"Stance Change","moves":["kingsshield","swordsdance","shadowsneak","ironhead"],"nature":"Adamant","evs":{"hp":248,"atk":252,"def":0,"spa":0,"spd":8,"spe":0},"ivs":{"hp":31,"atk":31,"def":31,"spa":31,"spd":31,"spe":31}},{"name":"Sableye","species":"Sableye","item":"sablenite","ability":"Prankster","moves":["willowisp","recover","calmmind","snarl"],"nature":"Calm","evs":{"hp":252,"atk":0,"def":160,"spa":0,"spd":96,"spe":0},"ivs":{"hp":31,"atk":0,"def":31,"spa":31,"spd":31,"spe":31}},{"name":"Golurk","species":"Golurk","item":"focussash","ability":"No Guard","moves":["stealthrock","stoneedge","dynamicpunch","earthquake"],"nature":"Adamant","evs":{"hp":0,"atk":252,"def":0,"spa":0,"spd":4,"spe":252},"ivs":{"hp":31,"atk":31,"def":31,"spa":31,"spd":31,"spe":31}},{"name":"Jellicent","species":"Jellicent","item":"leftovers","ability":"Cursed Body","moves":["acidarmor","toxic","recover","scald"],"nature":"Calm","evs":{"hp":252,"atk":0,"def":4,"spa":0,"spd":252,"spe":0},"gender":"M","ivs":{"hp":31,"atk":0,"def":31,"spa":31,"spd":31,"spe":31}},{"name":"Chandelure","species":"Chandelure","item":"choicescarf","ability":"Flash Fire","moves":["flamethrower","shadowball","energyball","trick"],"nature":"Timid","evs":{"hp":0,"atk":0,"def":4,"spa":252,"spd":0,"spe":252},"ivs":{"hp":31,"atk":30,"def":30,"spa":31,"spd":31,"spe":31}},{"name":"Gengar","species":"Gengar","item":"focussash","ability":"Levitate","moves":["destinybond","shadowball","icywind","sludgewave"],"nature":"Timid","evs":{"hp":0,"atk":0,"def":0,"spa":252,"spd":4,"spe":252},"ivs":{"hp":31,"atk":0,"def":31,"spa":31,"spd":31,"spe":31}}],"p2team":[{"name":"Reuniclus","species":"Reuniclus","item":"leftovers","ability":"Magic Guard","moves":["calmmind","recover","shadowball","psychic"],"nature":"Bold","evs":{"hp":252,"atk":0,"def":252,"spa":4,"spd":0,"spe":0},"ivs":{"hp":31,"atk":31,"def":31,"spa":31,"spd":31,"spe":31}},{"name":"Mr. Mime","species":"Mr. Mime","item":"lightclay","ability":"Filter","moves":["reflect","lightscreen","psyshock","toxic"],"nature":"Timid","evs":{"hp":248,"atk":0,"def":0,"spa":8,"spd":0,"spe":252},"ivs":{"hp":31,"atk":31,"def":31,"spa":31,"spd":31,"spe":31}},{"name":"Slowking","species":"Slowking","item":"leftovers","ability":"Regenerator","moves":["calmmind","scald","slackoff","flamethrower"],"nature":"Calm","evs":{"hp":252,"atk":0,"def":0,"spa":4,"spd":252,"spe":0},"ivs":{"hp":31,"atk":31,"def":31,"spa":31,"spd":31,"spe":31}},{"name":"Wobbuffet","species":"Wobbuffet","item":"","ability":"Shadow Tag","moves":["encore","counter","mirrorcoat","safeguard"],"nature":"Calm","evs":{"hp":248,"atk":0,"def":8,"spa":0,"spd":252,"spe":0},"ivs":{"hp":31,"atk":31,"def":31,"spa":31,"spd":31,"spe":31}},{"name":"Lunatone","species":"Lunatone","item":"focussash","ability":"Levitate","moves":["stealthrock","moonlight","toxic","painsplit"],"nature":"Calm","evs":{"hp":248,"atk":0,"def":8,"spa":0,"spd":252,"spe":0},"ivs":{"hp":31,"atk":31,"def":31,"spa":31,"spd":31,"spe":31}},{"name":"Malamar","species":"Malamar","item":"choicescarf","ability":"Contrary","moves":["psychocut","superpower","knockoff","rockslide"],"nature":"Jolly","evs":{"hp":0,"atk":252,"def":0,"spa":0,"spd":4,"spe":252},"ivs":{"hp":31,"atk":31,"def":31,"spa":31,"spd":31,"spe":31}}],"log":["|player|p1|Shining Yin|206","|player|p2|SL~Pixie|138","|gametype|singles","|gen|6","|tier|Monotype","|rated","|rule|Baton Pass Clause: Limit one Baton Passer, can't pass Spe and other stats simultaneously","|rule|Swagger Clause: Swagger is banned","|rule|Same Type Clause: Pokémon in a team must share a type","|clearpoke","|poke|p1|Aegislash, M","|poke|p1|Sableye, M","|poke|p1|Golurk","|poke|p1|Jellicent, M","|poke|p1|Chandelure, F","|poke|p1|Gengar, F","|poke|p2|Reuniclus, F","|poke|p2|Mr. Mime, M","|poke|p2|Slowking, F","|poke|p2|Wobbuffet, M","|poke|p2|Lunatone","|poke|p2|Malamar, F","|rule|Sleep Clause Mod: Limit one foe put to sleep","|rule|Species Clause: Limit one of each Pokémon","|rule|OHKO Clause: OHKO moves are banned","|rule|Moody Clause: Moody is banned","|rule|Evasion Moves Clause: Evasion moves are banned","|rule|Endless Battle Clause: Forcing endless battles is banned","|rule|HP Percentage Mod: HP is shown in percentages","|teampreview","|","|start","|switch|p1a: Gengar|Gengar, F|261/261","|switch|p2a: Wobbuffet|Wobbuffet, M|583/583","|turn|1","|","|move|p1a: Gengar|Shadow Ball|p2a: Wobbuffet","|-supereffective|p2a: Wobbuffet","|-damage|p2a: Wobbuffet|293/583","|move|p2a: Wobbuffet|Mirror Coat|p1a: Gengar","|-enditem|p1a: Gengar|Focus Sash","|-damage|p1a: Gengar|1/261","|","|turn|2","|","|move|p1a: Gengar|Shadow Ball|p2a: Wobbuffet","|-supereffective|p2a: Wobbuffet","|-damage|p2a: Wobbuffet|0 fnt","|faint|p2a: Wobbuffet","|","|","|switch|p2a: Lunatone|Lunatone|343/343","|turn|3","|","|move|p1a: Gengar|Shadow Ball|p2a: Lunatone","|-supereffective|p2a: Lunatone","|-damage|p2a: Lunatone|115/343","|move|p2a: Lunatone|Toxic|p1a: Gengar","|-immune|p1a: Gengar|[msg]","|","|turn|4","|","|move|p1a: Gengar|Shadow Ball|p2a: Lunatone","|-supereffective|p2a: Lunatone","|-damage|p2a: Lunatone|0 fnt","|faint|p2a: Lunatone","|","|","|switch|p2a: Mr. Mime|Mr. Mime, M|283/283","|turn|5","|","|move|p1a: Gengar|Shadow Ball|p2a: Mr. Mime","|-supereffective|p2a: Mr. Mime","|-damage|p2a: Mr. Mime|84/283","|move|p2a: Mr. Mime|Psyshock|p1a: Gengar","|-supereffective|p1a: Gengar","|-damage|p1a: Gengar|0 fnt","|faint|p1a: Gengar","|","|","|switch|p1a: Chandelure|Chandelure, F|261/261","|turn|6","|","|move|p1a: Chandelure|Shadow Ball|p2a: Mr. Mime","|-supereffective|p2a: Mr. Mime","|-damage|p2a: Mr. Mime|0 fnt","|faint|p2a: Mr. Mime","|","|","|switch|p2a: Malamar|Malamar, F|313/313","|turn|7","|","|switch|p1a: Sableye|Sableye, M|304/304","|move|p2a: Malamar|Knock Off|p1a: Sableye","|-damage|p1a: Sableye|207/304","|","|turn|8","|","|switch|p2a: Reuniclus|Reuniclus, F|424/424","|detailschange|p1a: Sableye|Sableye-Mega, M","|-mega|p1a: Sableye|Sableye|Sablenite","|move|p1a: Sableye|Will-O-Wisp|p2a: Reuniclus","|-status|p2a: Reuniclus|brn","|","|turn|9","|","|move|p2a: Reuniclus|Calm Mind|p2a: Reuniclus","|-boost|p2a: Reuniclus|spa|1","|-boost|p2a: Reuniclus|spd|1","|move|p1a: Sableye|Calm Mind|p1a: Sableye","|-boost|p1a: Sableye|spa|1","|-boost|p1a: Sableye|spd|1","|","|turn|10","|","|move|p2a: Reuniclus|Calm Mind|p2a: Reuniclus","|-boost|p2a: Reuniclus|spa|1","|-boost|p2a: Reuniclus|spd|1","|move|p1a: Sableye|Snarl|p2a: Reuniclus","|-supereffective|p2a: Reuniclus","|-damage|p2a: Reuniclus|322/424 brn","|-unboost|p2a: Reuniclus|spa|1","|","|-heal|p2a: Reuniclus|348/424 brn|[from] item: Leftovers","|turn|11","|","|move|p2a: Reuniclus|Shadow Ball|p1a: Sableye","|-damage|p1a: Sableye|149/304","|-unboost|p1a: Sableye|spd|1","|move|p1a: Sableye|Recover|p1a: Sableye","|-heal|p1a: Sableye|301/304","|","|-heal|p2a: Reuniclus|374/424 brn|[from] item: Leftovers","|turn|12","|","|move|p2a: Reuniclus|Calm Mind|p2a: Reuniclus","|-boost|p2a: Reuniclus|spa|1","|-boost|p2a: Reuniclus|spd|1","|move|p1a: Sableye|Calm Mind|p1a: Sableye","|-boost|p1a: Sableye|spa|1","|-boost|p1a: Sableye|spd|1","|","|-heal|p2a: Reuniclus|400/424 brn|[from] item: Leftovers","|turn|13","|","|move|p2a: Reuniclus|Calm Mind|p2a: Reuniclus","|-boost|p2a: Reuniclus|spa|1","|-boost|p2a: Reuniclus|spd|1","|move|p1a: Sableye|Calm Mind|p1a: Sableye","|-boost|p1a: Sableye|spa|1","|-boost|p1a: Sableye|spd|1","|","|-heal|p2a: Reuniclus|424/424 brn|[from] item: Leftovers","|turn|14","|","|move|p2a: Reuniclus|Calm Mind|p2a: Reuniclus","|-boost|p2a: Reuniclus|spa|1","|-boost|p2a: Reuniclus|spd|1","|move|p1a: Sableye|Calm Mind|p1a: Sableye","|-boost|p1a: Sableye|spa|1","|-boost|p1a: Sableye|spd|1","|","|turn|15","|","|move|p2a: Reuniclus|Calm Mind|p2a: Reuniclus","|-boost|p2a: Reuniclus|spa|1","|-boost|p2a: Reuniclus|spd|1","|move|p1a: Sableye|Calm Mind|p1a: Sableye","|-boost|p1a: Sableye|spa|1","|-boost|p1a: Sableye|spd|1","|","|turn|16","|","|move|p2a: Reuniclus|Calm Mind|p2a: Reuniclus","|-boost|p2a: Reuniclus|spa|1","|move|p1a: Sableye|Calm Mind|p1a: Sableye","|-boost|p1a: Sableye|spa|1","|-boost|p1a: Sableye|spd|1","|","|turn|17","|","|move|p2a: Reuniclus|Shadow Ball|p1a: Sableye","|-damage|p1a: Sableye|230/304","|-unboost|p1a: Sableye|spd|1","|move|p1a: Sableye|Snarl|p2a: Reuniclus","|-supereffective|p2a: Reuniclus","|-damage|p2a: Reuniclus|296/424 brn","|-unboost|p2a: Reuniclus|spa|1","|","|-heal|p2a: Reuniclus|322/424 brn|[from] item: Leftovers","|turn|18","|","|move|p2a: Reuniclus|Shadow Ball|p1a: Sableye","|-damage|p1a: Sableye|158/304","|-unboost|p1a: Sableye|spd|1","|move|p1a: Sableye|Calm Mind|p1a: Sableye","|-boost|p1a: Sableye|spd|1","|","|-heal|p2a: Reuniclus|348/424 brn|[from] item: Leftovers","|turn|19","|","|move|p2a: Reuniclus|Shadow Ball|p1a: Sableye","|-damage|p1a: Sableye|89/304","|move|p1a: Sableye|Recover|p1a: Sableye","|-heal|p1a: Sableye|241/304","|","|-heal|p2a: Reuniclus|374/424 brn|[from] item: Leftovers","|turn|20","|","|move|p2a: Reuniclus|Calm Mind|p2a: Reuniclus","|-boost|p2a: Reuniclus|spa|1","|move|p1a: Sableye|Calm Mind|p1a: Sableye","|-boost|p1a: Sableye|spd|1","|","|-heal|p2a: Reuniclus|400/424 brn|[from] item: Leftovers","|turn|21","|","|move|p2a: Reuniclus|Shadow Ball|p1a: Sableye","|-damage|p1a: Sableye|181/304","|-unboost|p1a: Sableye|spd|1","|move|p1a: Sableye|Calm Mind|p1a: Sableye","|-boost|p1a: Sableye|spd|1","|","|-heal|p2a: Reuniclus|424/424 brn|[from] item: Leftovers","|turn|22","|","|move|p2a: Reuniclus|Shadow Ball|p1a: Sableye","|-damage|p1a: Sableye|110/304","|move|p1a: Sableye|Recover|p1a: Sableye","|-heal|p1a: Sableye|262/304","|","|turn|23","|","|move|p2a: Reuniclus|Shadow Ball|p1a: Sableye","|-damage|p1a: Sableye|201/304","|-unboost|p1a: Sableye|spd|1","|move|p1a: Sableye|Calm Mind|p1a: Sableye","|-boost|p1a: Sableye|spd|1","|","|turn|24","|","|move|p2a: Reuniclus|Shadow Ball|p1a: Sableye","|-damage|p1a: Sableye|140/304","|-unboost|p1a: Sableye|spd|1","|move|p1a: Sableye|Recover|p1a: Sableye","|-heal|p1a: Sableye|292/304","|","|turn|25","|","|move|p2a: Reuniclus|Shadow Ball|p1a: Sableye","|-damage|p1a: Sableye|211/304","|move|p1a: Sableye|Calm Mind|p1a: Sableye","|-boost|p1a: Sableye|spd|1","|","|turn|26","|","|move|p2a: Reuniclus|Shadow Ball|p1a: Sableye","|-damage|p1a: Sableye|147/304","|move|p1a: Sableye|Calm Mind|p1a: Sableye","|-boost|p1a: Sableye|spd|1","|","|turn|27","|","|move|p2a: Reuniclus|Shadow Ball|p1a: Sableye","|-crit|p1a: Sableye","|-damage|p1a: Sableye|0 fnt","|faint|p1a: Sableye","|","|","|switch|p1a: Golurk|Golurk|319/319","|turn|28","|","|move|p1a: Golurk|Dynamic Punch|p2a: Reuniclus","|-resisted|p2a: Reuniclus","|-damage|p2a: Reuniclus|370/424 brn","|-start|p2a: Reuniclus|confusion","|-activate|p2a: Reuniclus|confusion","|-damage|p2a: Reuniclus|362/424 brn|[from] confusion","|","|-heal|p2a: Reuniclus|388/424 brn|[from] item: Leftovers","|turn|29","|","|move|p1a: Golurk|Earthquake|p2a: Reuniclus","|-damage|p2a: Reuniclus|231/424 brn","|-activate|p2a: Reuniclus|confusion","|move|p2a: Reuniclus|Shadow Ball|p1a: Golurk","|-supereffective|p1a: Golurk","|-enditem|p1a: Golurk|Focus Sash","|-damage|p1a: Golurk|1/319","|","|-heal|p2a: Reuniclus|257/424 brn|[from] item: Leftovers","|turn|30","|","|move|p1a: Golurk|Earthquake|p2a: Reuniclus","|-damage|p2a: Reuniclus|103/424 brn","|-activate|p2a: Reuniclus|confusion","|-damage|p2a: Reuniclus|94/424 brn|[from] confusion","|","|-heal|p2a: Reuniclus|120/424 brn|[from] item: Leftovers","|turn|31","|","|move|p1a: Golurk|Earthquake|p2a: Reuniclus","|-damage|p2a: Reuniclus|0 fnt","|faint|p2a: Reuniclus","|","|","|switch|p2a: Malamar|Malamar, F|313/313","|turn|32","|","|move|p2a: Malamar|Knock Off|p1a: Golurk","|-supereffective|p1a: Golurk","|-damage|p1a: Golurk|0 fnt","|faint|p1a: Golurk","|","|","|switch|p1a: Aegislash|Aegislash, M|323/323","|turn|33","|","|move|p2a: Malamar|Knock Off|p1a: Aegislash","|-supereffective|p1a: Aegislash","|-damage|p1a: Aegislash|143/323","|-enditem|p1a: Aegislash|Weakness Policy","|-boost|p1a: Aegislash|atk|2|[from] item: Weakness Policy","|-boost|p1a: Aegislash|spa|2|[from] item: Weakness Policy","|-formechange|p1a: Aegislash|Aegislash-Blade","|move|p1a: Aegislash|Iron Head|p2a: Malamar","|-damage|p2a: Malamar|0 fnt","|faint|p2a: Malamar","|","|","|switch|p2a: Slowking|Slowking, F|394/394","|turn|34","|","|move|p1a: Aegislash|Shadow Sneak|p2a: Slowking","|-supereffective|p2a: Slowking","|-damage|p2a: Slowking|0 fnt","|faint|p2a: Slowking","|","|win|Shining Yin"],"p1rating":{"entryid":"7208708","serverid":"eos","formatid":"monotype","userid":"shiningyin","username":"Shining Yin","w":48,"l":"18","t":"0","gxe":70.5,"r":"1640.1665450475","rd":"48.692794765811","sigma":"0","rptime":"1439370000","rpr":1664.8990258781,"rprd":45.511979548346,"rpsigma":"0","acre":1374.5669747551,"lacre":1374.5669747551,"oldacre":"1364.7296634283"},"p2rating":{"entryid":"7506194","serverid":"eos","formatid":"monotype","userid":"slpixie","username":"SL~Pixie","w":"8","l":6,"t":"0","gxe":57.2,"r":"1567.4894812944","rd":"85.657630348644","sigma":"0","rptime":"1439370000","rpr":1555.8143963907,"rprd":79.201332965267,"rpsigma":"0","acre":1157.7955700471,"lacre":1157.7955700471,"oldacre":"1170.0922092056"},"endType":"normal"}