{"seed":[6586,28888,45316,19962],"turns":23,"p1":"piiiiichu","p2":"Rain Hoot","p1team":[{"name":"Klefki","species":"Klefki","item":"lightclay","ability":"Prankster","moves":["lightscreen","reflect","thunderwave","foulplay"],"nature":"Bold","evs":{"hp":248,"atk":0,"def":252,"spa":0,"spd":8,"spe":0},"ivs":{"hp":31,"atk":31,"def":31,"spa":31,"spd":31,"spe":31}},{"name":"Sylveon","species":"Sylveon","item":"choicespecs","ability":"Pixilate","moves":["hypervoice","psyshock","hiddenpowerground","batonpass"],"nature":"Modest","evs":{"hp":64,"atk":0,"def":0,"spa":252,"spd":0,"spe":192},"ivs":{"hp":31,"atk":31,"def":31,"spa":30,"spd":30,"spe":31},"shiny":true},{"name":"Diancie","species":"Diancie","item":"diancite","ability":"Clear Body","moves":["rockpolish","moonblast","diamondstorm","earthpower"],"nature":"Rash","evs":{"hp":44,"atk":32,"def":0,"spa":252,"spd":0,"spe":180},"ivs":{"hp":31,"atk":31,"def":31,"spa":31,"spd":31,"spe":31}},{"name":"Azumarill","species":"Azumarill","item":"sitrusberry","ability":"Huge Power","moves":["bellydrum","aquajet","playrough","knockoff"],"nature":"Adamant","evs":{"hp":92,"atk":252,"def":0,"spa":0,"spd":0,"spe":164},"shiny":true,"ivs":{"hp":31,"atk":31,"def":31,"spa":31,"spd":31,"spe":31}},{"name":"Togekiss","species":"Togekiss","item":"leftovers","ability":"Serene Grace","moves":["nastyplot","airslash","thunderwave","roost"],"nature":"Timid","evs":{"hp":248,"atk":0,"def":76,"spa":0,"spd":8,"spe":176},"ivs":{"hp":31,"atk":31,"def":31,"spa":31,"spd":31,"spe":31}},{"name":"Clefable","species":"Clefable","item":"leftovers","ability":"Unaware","moves":["stealthrock","moonblast","moonlight","fireblast"],"nature":"Bold","evs":{"hp":252,"atk":0,"def":172,"spa":0,"spd":84,"spe":0},"ivs":{"hp":31,"atk":0,"def":31,"spa":31,"spd":31,"spe":31}}],"p2team":[{"name":"Aerodactyl","species":"Aerodactyl","item":"lifeorb","ability":"Pressure","moves":["aerialace","stoneedge","earthquake","taunt"],"nature":"Jolly","evs":{"hp":0,"atk":252,"def":0,"spa":0,"spd":4,"spe":252},"ivs":{"hp":31,"atk":31,"def":31,"spa":31,"spd":31,"spe":31}},{"name":"Diancie","species":"Diancie","item":"diancite","ability":"Clear Body","moves":["diamondstorm","moonblast","earthpower","protect"],"nature":"Hasty","evs":{"hp":0,"atk":4,"def":0,"spa":252,"spd":0,"spe":252},"ivs":{"hp":31,"atk":31,"def":31,"spa":31,"spd":31,"spe":31}},{"name":"Shuckle","species":"Shuckle","item":"leftovers","ability":"Sturdy","moves":["stickyweb","stealthrock","toxic","infestation"],"nature":"Calm","evs":{"hp":252,"atk":0,"def":0,"spa":4,"spd":252,"spe":0},"ivs":{"hp":31,"atk":31,"def":31,"spa":31,"spd":31,"spe":31}},{"name":"Golem","species":"Golem","item":"weaknesspolicy","ability":"Sturdy","moves":["earthquake","rockblast","suckerpunch","rockpolish"],"nature":"Adamant","evs":{"hp":0,"atk":252,"def":0,"spa":0,"spd":4,"spe":252},"ivs":{"hp":31,"atk":31,"def":31,"spa":31,"spd":31,"spe":31}},{"name":"Aurorus","species":"Aurorus","item":"assaultvest","ability":"Refrigerate","moves":["hypervoice","freezedry","darkpulse","mirrorcoat"],"nature":"Modest","evs":{"hp":248,"atk":0,"def":0,"spa":252,"spd":8,"spe":0},"ivs":{"hp":31,"atk":31,"def":31,"spa":31,"spd":31,"spe":31}},{"name":"Carracosta","species":"Carracosta","item":"leftovers","ability":"Solid Rock","moves":["curse","aquajet","rest","knockoff"],"nature":"Adamant","evs":{"hp":252,"atk":252,"def":0,"spa":0,"spd":4,"spe":0},"ivs":{"hp":31,"atk":31,"def":31,"spa":31,"spd":31,"spe":31}}],"log":["|player|p1|piiiiichu|piiiiichu.png","|player|p2|Rain Hoot|1","|gametype|singles","|gen|6","|tier|Monotype","|rated","|rule|Baton Pass Clause: Limit one Baton Passer, can't pass Spe and other stats simultaneously","|rule|Swagger Clause: Swagger is banned","|rule|Same Type Clause: Pokémon in a team must share a type","|clearpoke","|poke|p1|Klefki, M","|poke|p1|Sylveon, M, shiny","|poke|p1|Diancie","|poke|p1|Azumarill, M, shiny","|poke|p1|Togekiss, F","|poke|p1|Clefable, F","|poke|p2|Aerodactyl, M","|poke|p2|Diancie","|poke|p2|Shuckle, F","|poke|p2|Golem, F","|poke|p2|Aurorus, F","|poke|p2|Carracosta, M","|rule|Sleep Clause Mod: Limit one foe put to sleep","|rule|Species Clause: Limit one of each Pokémon","|rule|OHKO Clause: OHKO moves are banned","|rule|Moody Clause: Moody is banned","|rule|Evasion Moves Clause: Evasion moves are banned","|rule|Endless Battle Clause: Forcing endless battles is banned","|rule|HP Percentage Mod: HP is shown in percentages","|teampreview","|","|start","|switch|p1a: Klefki|Klefki, M|317/317","|switch|p2a: Golem|Golem, F|301/301","|turn|1","|","|move|p1a: Klefki|Reflect|p1a: Klefki","|-sidestart|p1: piiiiichu|Reflect","|move|p2a: Golem|Earthquake|p1a: Klefki","|-supereffective|p1a: Klefki","|-damage|p1a: Klefki|187/317","|","|turn|2","|","|switch|p2a: Diancie|Diancie|241/241","|switch|p1a: Clefable|Clefable, F|394/394","|","|turn|3","|","|detailschange|p2a: Diancie|Diancie-Mega","|-mega|p2a: Diancie|Diancie|Diancite","|move|p2a: Diancie|Moonblast|p1a: Clefable","|-damage|p1a: Clefable|193/394","|move|p1a: Clefable|Moonblast|p2a: Diancie","|-damage|p2a: Diancie|150/241","|-unboost|p2a: Diancie|spa|1","|","|-heal|p1a: Clefable|217/394|[from] item: Leftovers","|turn|4","|","|switch|p2a: Shuckle|Shuckle, F|244/244","|move|p1a: Clefable|Moonlight|p1a: Clefable","|-heal|p1a: Clefable|394/394","|","|turn|5","|","|move|p1a: Clefable|Stealth Rock|p2a: Shuckle","|-sidestart|p2: Rain Hoot|move: Stealth Rock","|move|p2a: Shuckle|Toxic|p1a: Clefable","|-status|p1a: Clefable|tox","|","|-damage|p1a: Clefable|370/394 tox|[from] psn","|turn|6","|","|switch|p1a: Diancie|Diancie|252/252","|move|p2a: Shuckle|Infestation|p1a: Diancie","|-resisted|p1a: Diancie","|-damage|p1a: Diancie|249/252","|-activate|p1a: Diancie|move: Infestation|[of] p2a: Shuckle","|","|-damage|p1a: Diancie|218/252|[from] move: Infestation|[partiallytrapped]","|turn|7","|","|detailschange|p1a: Diancie|Diancie-Mega","|-mega|p1a: Diancie|Diancie|Diancite","|move|p1a: Diancie|Rock Polish|p1a: Diancie","|-boost|p1a: Diancie|spe|2","|move|p2a: Shuckle|Infestation|p1a: Diancie","|-resisted|p1a: Diancie","|-damage|p1a: Diancie|215/252","|","|-damage|p1a: Diancie|184/252|[from] move: Infestation|[partiallytrapped]","|turn|8","|","|move|p1a: Diancie|Diamond Storm|p2a: Shuckle","|-supereffective|p2a: Shuckle","|-damage|p2a: Shuckle|80/244","|move|p2a: Shuckle|Infestation|p1a: Diancie","|-resisted|p1a: Diancie","|-damage|p1a: Diancie|180/252","|","|-heal|p2a: Shuckle|95/244|[from] item: Leftovers","|-damage|p1a: Diancie|149/252|[from] move: Infestation|[partiallytrapped]","|-sideend|p1: piiiiichu|Reflect","|turn|9","|","|move|p1a: Diancie|Diamond Storm|p2a: Shuckle","|-supereffective|p2a: Shuckle","|-damage|p2a: Shuckle|0 fnt","|-boost|p1a: Diancie|def|1","|faint|p2a: Shuckle","|","|","|switch|p2a: Carracosta|Carracosta, M|352/352","|-damage|p2a: Carracosta|308/352|[from] Stealth Rock","|turn|10","|","|move|p2a: Carracosta|Aqua Jet|p1a: Diancie","|-supereffective|p1a: Diancie","|-damage|p1a: Diancie|59/252","|move|p1a: Diancie|Earth Power|p2a: Carracosta","|-supereffective|p2a: Carracosta","|-damage|p2a: Carracosta|10/352","|","|-heal|p2a: Carracosta|32/352|[from] item: Leftovers","|turn|11","|","|switch|p1a: Azumarill|Azumarill, M, shiny|364/364","|move|p2a: Carracosta|Aqua Jet|p1a: Azumarill","|-resisted|p1a: Azumarill","|-damage|p1a: Azumarill|321/364","|","|-heal|p2a: Carracosta|54/352|[from] item: Leftovers","|turn|12","|","|move|p1a: Azumarill|Knock Off|p2a: Carracosta","|-damage|p2a: Carracosta|0 fnt","|-enditem|p2a: Carracosta|Leftovers|[from] move: Knock Off|[of] p1a: Azumarill","|faint|p2a: Carracosta","|","|","|switch|p2a: Aurorus|Aurorus, F|449/449","|-damage|p2a: Aurorus|337/449|[from] Stealth Rock","|turn|13","|","|switch|p1a: Sylveon|Sylveon, M, shiny|347/347","|move|p2a: Aurorus|Freeze-Dry|p1a: Sylveon","|-damage|p1a: Sylveon|262/347","|","|turn|14","|","|move|p1a: Sylveon|Hyper Voice|p2a: Aurorus","|-damage|p2a: Aurorus|132/449","|move|p2a: Aurorus|Mirror Coat|p1a: Sylveon","|-damage|p1a: Sylveon|0 fnt","|faint|p1a: Sylveon","|","|","|switch|p1a: Azumarill|Azumarill, M, shiny|321/364","|turn|15","|","|move|p1a: Azumarill|Aqua Jet|p2a: Aurorus","|-supereffective|p2a: Aurorus","|-damage|p2a: Aurorus|0 fnt","|faint|p2a: Aurorus","|","|","|switch|p2a: Golem|Golem, F|301/301","|-damage|p2a: Golem|283/301|[from] Stealth Rock","|turn|16","|","|switch|p1a: Togekiss|Togekiss, F|373/373","|move|p2a: Golem|Earthquake|p1a: Togekiss","|-immune|p1a: Togekiss|[msg]","|","|turn|17","|","|switch|p1a: Klefki|Klefki, M|187/317","|move|p2a: Golem|Rock Blast|p1a: Klefki","|-resisted|p1a: Klefki","|-damage|p1a: Klefki|168/317","|-resisted|p1a: Klefki","|-damage|p1a: Klefki|149/317","|-hitcount|p1a: Klefki|2","|","|turn|18","|","|move|p1a: Klefki|Reflect|p1a: Klefki","|-sidestart|p1: piiiiichu|Reflect","|move|p2a: Golem|Earthquake|p1a: Klefki","|-supereffective|p1a: Klefki","|-damage|p1a: Klefki|8/317","|","|turn|19","|","|move|p1a: Klefki|Light Screen|p1a: Klefki","|-sidestart|p1: piiiiichu|move: Light Screen","|move|p2a: Golem|Earthquake|p1a: Klefki","|-supereffective|p1a: Klefki","|-damage|p1a: Klefki|0 fnt","|faint|p1a: Klefki","|","|","|switch|p1a: Azumarill|Azumarill, M, shiny|321/364","|turn|20","|","|move|p2a: Golem|Earthquake|p1a: Azumarill","|-damage|p1a: Azumarill|204/364","|move|p1a: Azumarill|Belly Drum|p1a: Azumarill","|-damage|p1a: Azumarill|22/364","|-setboost|p1a: Azumarill|atk|6|[from] move: Belly Drum","|-enditem|p1a: Azumarill|Sitrus Berry|[eat]","|-heal|p1a: Azumarill|113/364|[from] item: Sitrus Berry","|","|turn|21","|","|move|p2a: Golem|Sucker Punch|p1a: Azumarill","|-resisted|p1a: Azumarill","|-damage|p1a: Azumarill|83/364","|move|p1a: Azumarill|Aqua Jet|p2a: Golem","|-supereffective|p2a: Golem","|-damage|p2a: Golem|0 fnt","|faint|p2a: Golem","|","|","|switch|p2a: Aerodactyl|Aerodactyl, M|301/301","|-damage|p2a: Aerodactyl|226/301|[from] Stealth Rock","|-ability|p2a: Aerodactyl|Pressure","|turn|22","|","|move|p1a: Azumarill|Aqua Jet|p2a: Aerodactyl","|-supereffective|p2a: Aerodactyl","|-damage|p2a: Aerodactyl|0 fnt","|faint|p2a: Aerodactyl","|","|","|switch|p2a: Diancie|Diancie-Mega|150/241","|-damage|p2a: Diancie|120/241|[from] Stealth Rock","|turn|23","|","|move|p1a: Azumarill|Aqua Jet|p2a: Diancie","|-supereffective|p2a: Diancie","|-damage|p2a: Diancie|0 fnt","|faint|p2a: Diancie","|","|win|piiiiichu"],"p1rating":{"entryid":"7542212","serverid":"eos","formatid":"monotype","userid":"piiiiichu","username":"piiiiichu","w":11,"l":"0","t":"0","gxe":75.2,"r":"1705.6229338865","rd":"87.774486282954","sigma":"0","rptime":"1439370000","rpr":1715.4279375677,"rprd":85.921803240001,"rpsigma":"0","acre":1271.4894100596,"lacre":1271.4894100596,"oldacre":"1256.5770844448"},"p2rating":{"entryid":"7558745","serverid":"eos","formatid":"monotype","userid":"rainhoot","username":"Rain Hoot","w":"9","l":11,"t":"0","gxe":47.8,"r":"1497.0566631562","rd":"77.92455428703","sigma":"0","rptime":"1439370000","rpr":1483.0084491778,"rprd":69.419597146224,"rpsigma":"0","acre":1093.0210764185,"lacre":1093.0210764185,"oldacre":"1107.9334020333"},"endType":"normal"}