{"seed":[46948,29323,9933,44701],"turns":41,"p1":"Shining Yin","p2":"SL~Pixie","p1team":[{"name":"Aegislash","species":"Aegislash","item":"weaknesspolicy","ability":"Stance Change","moves":["kingsshield","swordsdance","shadowsneak","ironhead"],"nature":"Adamant","evs":{"hp":248,"atk":252,"def":0,"spa":0,"spd":8,"spe":0},"ivs":{"hp":31,"atk":31,"def":31,"spa":31,"spd":31,"spe":31}},{"name":"Sableye","species":"Sableye","item":"sablenite","ability":"Prankster","moves":["willowisp","recover","calmmind","snarl"],"nature":"Calm","evs":{"hp":252,"atk":0,"def":160,"spa":0,"spd":96,"spe":0},"ivs":{"hp":31,"atk":0,"def":31,"spa":31,"spd":31,"spe":31}},{"name":"Golurk","species":"Golurk","item":"focussash","ability":"No Guard","moves":["stealthrock","stoneedge","dynamicpunch","earthquake"],"nature":"Adamant","evs":{"hp":0,"atk":252,"def":0,"spa":0,"spd":4,"spe":252},"ivs":{"hp":31,"atk":31,"def":31,"spa":31,"spd":31,"spe":31}},{"name":"Jellicent","species":"Jellicent","item":"leftovers","ability":"Cursed Body","moves":["acidarmor","toxic","recover","scald"],"nature":"Calm","evs":{"hp":252,"atk":0,"def":4,"spa":0,"spd":252,"spe":0},"gender":"M","ivs":{"hp":31,"atk":0,"def":31,"spa":31,"spd":31,"spe":31}},{"name":"Chandelure","species":"Chandelure","item":"choicescarf","ability":"Flash Fire","moves":["flamethrower","shadowball","energyball","trick"],"nature":"Timid","evs":{"hp":0,"atk":0,"def":4,"spa":252,"spd":0,"spe":252},"ivs":{"hp":31,"atk":30,"def":30,"spa":31,"spd":31,"spe":31}},{"name":"Gengar","species":"Gengar","item":"focussash","ability":"Levitate","moves":["destinybond","shadowball","icywind","sludgewave"],"nature":"Timid","evs":{"hp":0,"atk":0,"def":0,"spa":252,"spd":4,"spe":252},"ivs":{"hp":31,"atk":0,"def":31,"spa":31,"spd":31,"spe":31}}],"p2team":[{"name":"Reuniclus","species":"Reuniclus","item":"leftovers","ability":"Magic Guard","moves":["calmmind","recover","shadowball","psychic"],"nature":"Bold","evs":{"hp":252,"atk":0,"def":252,"spa":4,"spd":0,"spe":0},"ivs":{"hp":31,"atk":31,"def":31,"spa":31,"spd":31,"spe":31}},{"name":"Mr. Mime","species":"Mr. Mime","item":"lightclay","ability":"Filter","moves":["reflect","lightscreen","psyshock","toxic"],"nature":"Timid","evs":{"hp":248,"atk":0,"def":0,"spa":8,"spd":0,"spe":252},"ivs":{"hp":31,"atk":31,"def":31,"spa":31,"spd":31,"spe":31}},{"name":"Slowking","species":"Slowking","item":"leftovers","ability":"Regenerator","moves":["calmmind","scald","slackoff","flamethrower"],"nature":"Calm","evs":{"hp":252,"atk":0,"def":0,"spa":4,"spd":252,"spe":0},"ivs":{"hp":31,"atk":31,"def":31,"spa":31,"spd":31,"spe":31}},{"name":"Wobbuffet","species":"Wobbuffet","item":"","ability":"Shadow Tag","moves":["encore","counter","mirrorcoat","safeguard"],"nature":"Calm","evs":{"hp":248,"atk":0,"def":8,"spa":0,"spd":252,"spe":0},"ivs":{"hp":31,"atk":31,"def":31,"spa":31,"spd":31,"spe":31}},{"name":"Lunatone","species":"Lunatone","item":"focussash","ability":"Levitate","moves":["stealthrock","moonlight","toxic","painsplit"],"nature":"Calm","evs":{"hp":248,"atk":0,"def":8,"spa":0,"spd":252,"spe":0},"ivs":{"hp":31,"atk":31,"def":31,"spa":31,"spd":31,"spe":31}},{"name":"Malamar","species":"Malamar","item":"choicescarf","ability":"Contrary","moves":["psychocut","superpower","knockoff","rockslide"],"nature":"Jolly","evs":{"hp":0,"atk":252,"def":0,"spa":0,"spd":4,"spe":252},"ivs":{"hp":31,"atk":31,"def":31,"spa":31,"spd":31,"spe":31}}],"log":["|player|p1|Shining Yin|206","|player|p2|SL~Pixie|138","|gametype|singles","|gen|6","|tier|Monotype","|rated","|rule|Baton Pass Clause: Limit one Baton Passer, can't pass Spe and other stats simultaneously","|rule|Swagger Clause: Swagger is banned","|rule|Same Type Clause: Pokémon in a team must share a type","|clearpoke","|poke|p1|Aegislash, F","|poke|p1|Sableye, M","|poke|p1|Golurk","|poke|p1|Jellicent, M","|poke|p1|Chandelure, M","|poke|p1|Gengar, F","|poke|p2|Reuniclus, F","|poke|p2|Mr. Mime, F","|poke|p2|Slowking, F","|poke|p2|Wobbuffet, M","|poke|p2|Lunatone","|poke|p2|Malamar, M","|rule|Sleep Clause Mod: Limit one foe put to sleep","|rule|Species Clause: Limit one of each Pokémon","|rule|OHKO Clause: OHKO moves are banned","|rule|Moody Clause: Moody is banned","|rule|Evasion Moves Clause: Evasion moves are banned","|rule|Endless Battle Clause: Forcing endless battles is banned","|rule|HP Percentage Mod: HP is shown in percentages","|teampreview","|","|start","|switch|p1a: Gengar|Gengar, F|261/261","|switch|p2a: Lunatone|Lunatone|343/343","|turn|1","|","|move|p1a: Gengar|Shadow Ball|p2a: Lunatone","|-supereffective|p2a: Lunatone","|-damage|p2a: Lunatone|113/343","|-unboost|p2a: Lunatone|spd|1","|move|p2a: Lunatone|Stealth Rock|p1a: Gengar","|-sidestart|p1: Shining Yin|move: Stealth Rock","|","|turn|2","|","|move|p1a: Gengar|Shadow Ball|p2a: Lunatone","|-supereffective|p2a: Lunatone","|-damage|p2a: Lunatone|0 fnt","|faint|p2a: Lunatone","|","|","|switch|p2a: Mr. Mime|Mr. Mime, F|283/283","|turn|3","|","|move|p1a: Gengar|Shadow Ball|p2a: Mr. Mime","|-supereffective|p2a: Mr. Mime","|-damage|p2a: Mr. Mime|94/283","|move|p2a: Mr. Mime|Toxic|p1a: Gengar","|-immune|p1a: Gengar|[msg]","|","|turn|4","|","|move|p1a: Gengar|Shadow Ball|p2a: Mr. Mime","|-supereffective|p2a: Mr. Mime","|-damage|p2a: Mr. Mime|0 fnt","|faint|p2a: Mr. Mime","|","|","|switch|p2a: Wobbuffet|Wobbuffet, M|583/583","|turn|5","|","|move|p1a: Gengar|Shadow Ball|p2a: Wobbuffet","|-supereffective|p2a: Wobbuffet","|-damage|p2a: Wobbuffet|271/583","|-unboost|p2a: Wobbuffet|spd|1","|move|p2a: Wobbuffet|Mirror Coat|p1a: Gengar","|-enditem|p1a: Gengar|Focus Sash","|-damage|p1a: Gengar|1/261","|","|turn|6","|","|move|p1a: Gengar|Shadow Ball|p2a: Wobbuffet","|-supereffective|p2a: Wobbuffet","|-damage|p2a: Wobbuffet|0 fnt","|faint|p2a: Wobbuffet","|","|","|switch|p2a: Slowking|Slowking, F|394/394","|turn|7","|","|move|p1a: Gengar|Destiny Bond|p1a: Gengar","|-singlemove|p1a: Gengar|Destiny Bond","|move|p2a: Slowking|Calm Mind|p2a: Slowking","|-boost|p2a: Slowking|spa|1","|-boost|p2a: Slowking|spd|1","|","|turn|8","|","|move|p1a: Gengar|Shadow Ball|p2a: Slowking","|-supereffective|p2a: Slowking","|-damage|p2a: Slowking|262/394","|move|p2a: Slowking|Calm Mind|p2a: Slowking","|-boost|p2a: Slowking|spa|1","|-boost|p2a: Slowking|spd|1","|","|-heal|p2a: Slowking|286/394|[from] item: Leftovers","|turn|9","|","|move|p1a: Gengar|Destiny Bond|p1a: Gengar","|-singlemove|p1a: Gengar|Destiny Bond","|move|p2a: Slowking|Calm Mind|p2a: Slowking","|-boost|p2a: Slowking|spa|1","|-boost|p2a: Slowking|spd|1","|","|-heal|p2a: Slowking|310/394|[from] item: Leftovers","|turn|10","|","|move|p1a: Gengar|Shadow Ball|p2a: Slowking","|-supereffective|p2a: Slowking","|-damage|p2a: Slowking|236/394","|move|p2a: Slowking|Slack Off|p2a: Slowking","|-heal|p2a: Slowking|394/394","|","|turn|11","|","|switch|p1a: Chandelure|Chandelure, M|261/261","|-damage|p1a: Chandelure|196/261|[from] Stealth Rock","|move|p2a: Slowking|Calm Mind|p2a: Slowking","|-boost|p2a: Slowking|spa|1","|-boost|p2a: Slowking|spd|1","|","|turn|12","|","|move|p1a: Chandelure|Trick|p2a: Slowking","|-activate|p1a: Chandelure|move: Trick|[of] p2a: Slowking","|-item|p2a: Slowking|Choice Scarf|[from] move: Trick","|-item|p1a: Chandelure|Leftovers|[from] move: Trick","|move|p2a: Slowking|Calm Mind|p2a: Slowking","|-boost|p2a: Slowking|spa|1","|-boost|p2a: Slowking|spd|1","|","|-heal|p1a: Chandelure|212/261|[from] item: Leftovers","|turn|13","|","|switch|p2a: Malamar|Malamar, M|313/313","|move|p1a: Chandelure|Shadow Ball|p2a: Malamar","|-damage|p2a: Malamar|115/313","|-boost|p2a: Malamar|spd|1","|","|-heal|p1a: Chandelure|228/261|[from] item: Leftovers","|turn|14","|","|move|p2a: Malamar|Knock Off|p1a: Chandelure","|-supereffective|p1a: Chandelure","|-damage|p1a: Chandelure|0 fnt","|-enditem|p1a: Chandelure|Leftovers|[from] move: Knock Off|[of] p2a: Malamar","|faint|p1a: Chandelure","|","|","|switch|p1a: Sableye|Sableye, M|304/304","|-damage|p1a: Sableye|266/304|[from] Stealth Rock","|turn|15","|","|detailschange|p1a: Sableye|Sableye-Mega, M","|-mega|p1a: Sableye|Sableye|Sablenite","|move|p1a: Sableye|Will-O-Wisp|p2a: Malamar|[miss]","|-miss|p1a: Sableye|p2a: Malamar","|move|p2a: Malamar|Knock Off|p1a: Sableye","|-damage|p1a: Sableye|193/304","|","|turn|16","|","|switch|p2a: Slowking|Slowking, F|394/394","|move|p1a: Sableye|Will-O-Wisp|p2a: Slowking","|-status|p2a: Slowking|brn","|","|-damage|p2a: Slowking|345/394 brn|[from] brn","|turn|17","|","|move|p2a: Slowking|Scald|p1a: Sableye","|-damage|p1a: Sableye|124/304","|move|p1a: Sableye|Recover|p1a: Sableye","|-heal|p1a: Sableye|276/304","|","|-damage|p2a: Slowking|296/394 brn|[from] brn","|turn|18","|","|move|p2a: Slowking|Scald|p1a: Sableye","|-damage|p1a: Sableye|212/304","|-status|p1a: Sableye|brn","|move|p1a: Sableye|Calm Mind|p1a: Sableye","|-boost|p1a: Sableye|spa|1","|-boost|p1a: Sableye|spd|1","|","|-damage|p2a: Slowking|247/394 brn|[from] brn","|-damage|p1a: Sableye|174/304 brn|[from] brn","|turn|19","|","|move|p2a: Slowking|Scald|p1a: Sableye","|-damage|p1a: Sableye|122/304 brn","|move|p1a: Sableye|Recover|p1a: Sableye","|-heal|p1a: Sableye|274/304 brn","|","|-damage|p2a: Slowking|198/394 brn|[from] brn","|-damage|p1a: Sableye|236/304 brn|[from] brn","|turn|20","|","|switch|p2a: Reuniclus|Reuniclus, F|424/424","|move|p1a: Sableye|Snarl|p2a: Reuniclus","|-supereffective|p2a: Reuniclus","|-damage|p2a: Reuniclus|242/424","|-unboost|p2a: Reuniclus|spa|1","|","|-heal|p2a: Reuniclus|268/424|[from] item: Leftovers","|-damage|p1a: Sableye|198/304 brn|[from] brn","|turn|21","|","|move|p2a: Reuniclus|Calm Mind|p2a: Reuniclus","|-boost|p2a: Reuniclus|spa|1","|-boost|p2a: Reuniclus|spd|1","|move|p1a: Sableye|Snarl|p2a: Reuniclus","|-supereffective|p2a: Reuniclus","|-damage|p2a: Reuniclus|140/424","|-unboost|p2a: Reuniclus|spa|1","|","|-heal|p2a: Reuniclus|166/424|[from] item: Leftovers","|-damage|p1a: Sableye|160/304 brn|[from] brn","|turn|22","|","|move|p2a: Reuniclus|Recover|p2a: Reuniclus","|-heal|p2a: Reuniclus|378/424","|move|p1a: Sableye|Calm Mind|p1a: Sableye","|-boost|p1a: Sableye|spa|1","|-boost|p1a: Sableye|spd|1","|","|-heal|p2a: Reuniclus|404/424|[from] item: Leftovers","|-damage|p1a: Sableye|122/304 brn|[from] brn","|turn|23","|","|move|p2a: Reuniclus|Calm Mind|p2a: Reuniclus","|-boost|p2a: Reuniclus|spa|1","|-boost|p2a: Reuniclus|spd|1","|move|p1a: Sableye|Recover|p1a: Sableye","|-heal|p1a: Sableye|274/304 brn","|","|-heal|p2a: Reuniclus|424/424|[from] item: Leftovers","|-damage|p1a: Sableye|236/304 brn|[from] brn","|turn|24","|","|move|p2a: Reuniclus|Calm Mind|p2a: Reuniclus","|-boost|p2a: Reuniclus|spa|1","|-boost|p2a: Reuniclus|spd|1","|move|p1a: Sableye|Snarl|p2a: Reuniclus","|-supereffective|p2a: Reuniclus","|-damage|p2a: Reuniclus|322/424","|-unboost|p2a: Reuniclus|spa|1","|","|-heal|p2a: Reuniclus|348/424|[from] item: Leftovers","|-damage|p1a: Sableye|198/304 brn|[from] brn","|turn|25","|","|move|p2a: Reuniclus|Calm Mind|p2a: Reuniclus","|-boost|p2a: Reuniclus|spa|1","|-boost|p2a: Reuniclus|spd|1","|move|p1a: Sableye|Snarl|p2a: Reuniclus","|-supereffective|p2a: Reuniclus","|-damage|p2a: Reuniclus|262/424","|-unboost|p2a: Reuniclus|spa|1","|","|-heal|p2a: Reuniclus|288/424|[from] item: Leftovers","|-damage|p1a: Sableye|160/304 brn|[from] brn","|turn|26","|","|move|p2a: Reuniclus|Calm Mind|p2a: Reuniclus","|-boost|p2a: Reuniclus|spa|1","|-boost|p2a: Reuniclus|spd|1","|move|p1a: Sableye|Snarl|p2a: Reuniclus","|-supereffective|p2a: Reuniclus","|-damage|p2a: Reuniclus|216/424","|-unboost|p2a: Reuniclus|spa|1","|","|-heal|p2a: Reuniclus|242/424|[from] item: Leftovers","|-damage|p1a: Sableye|122/304 brn|[from] brn","|turn|27","|","|move|p2a: Reuniclus|Calm Mind|p2a: Reuniclus","|-boost|p2a: Reuniclus|spa|1","|-boost|p2a: Reuniclus|spd|1","|move|p1a: Sableye|Recover|p1a: Sableye","|-heal|p1a: Sableye|274/304 brn","|","|-heal|p2a: Reuniclus|268/424|[from] item: Leftovers","|-damage|p1a: Sableye|236/304 brn|[from] brn","|turn|28","|","|move|p2a: Reuniclus|Calm Mind|p2a: Reuniclus","|-boost|p2a: Reuniclus|spa|1","|move|p1a: Sableye|Snarl|p2a: Reuniclus","|-supereffective|p2a: Reuniclus","|-damage|p2a: Reuniclus|196/424","|-unboost|p2a: Reuniclus|spa|1","|","|-heal|p2a: Reuniclus|222/424|[from] item: Leftovers","|-damage|p1a: Sableye|198/304 brn|[from] brn","|turn|29","|","|switch|p1a: Golurk|Golurk|319/319","|-damage|p1a: Golurk|300/319|[from] Stealth Rock","|move|p2a: Reuniclus|Calm Mind|p2a: Reuniclus","|-boost|p2a: Reuniclus|spa|1","|","|-heal|p2a: Reuniclus|248/424|[from] item: Leftovers","|turn|30","|","|move|p1a: Golurk|Earthquake|p2a: Reuniclus","|-damage|p2a: Reuniclus|95/424","|move|p2a: Reuniclus|Shadow Ball|p1a: Golurk","|-supereffective|p1a: Golurk","|-damage|p1a: Golurk|0 fnt","|faint|p1a: Golurk","|","|-heal|p2a: Reuniclus|121/424|[from] item: Leftovers","|","|switch|p1a: Aegislash|Aegislash, F|323/323","|-damage|p1a: Aegislash|303/323|[from] Stealth Rock","|turn|31","|","|-formechange|p1a: Aegislash|Aegislash-Blade","|move|p1a: Aegislash|Iron Head|p2a: Reuniclus","|-damage|p2a: Reuniclus|0 fnt","|faint|p2a: Reuniclus","|","|","|switch|p2a: Malamar|Malamar, M|115/313","|turn|32","|","|switch|p1a: Gengar|Gengar, F|1/261","|-damage|p1a: Gengar|0 fnt|[from] Stealth Rock","|faint|p1a: Gengar","|move|p2a: Malamar|Knock Off|p1: Gengar|[notarget]","|-notarget","|","|","|switch|p1a: Sableye|Sableye-Mega, M|198/304 brn","|-damage|p1a: Sableye|160/304 brn|[from] Stealth Rock","|turn|33","|","|switch|p2a: Slowking|Slowking, F|329/394 brn","|move|p1a: Sableye|Recover|p1a: Sableye","|-heal|p1a: Sableye|304/304 brn","|","|-damage|p2a: Slowking|280/394 brn|[from] brn","|-damage|p1a: Sableye|266/304 brn|[from] brn","|turn|34","|","|move|p2a: Slowking|Scald|p1a: Sableye","|-damage|p1a: Sableye|200/304 brn","|move|p1a: Sableye|Snarl|p2a: Slowking","|-supereffective|p2a: Slowking","|-damage|p2a: Slowking|208/394 brn","|-unboost|p2a: Slowking|spa|1","|","|-damage|p2a: Slowking|159/394 brn|[from] brn","|-damage|p1a: Sableye|162/304 brn|[from] brn","|turn|35","|","|move|p2a: Slowking|Scald|p1a: Sableye","|-damage|p1a: Sableye|119/304 brn","|move|p1a: Sableye|Recover|p1a: Sableye","|-heal|p1a: Sableye|271/304 brn","|","|-damage|p2a: Slowking|110/394 brn|[from] brn","|-damage|p1a: Sableye|233/304 brn|[from] brn","|turn|36","|","|move|p2a: Slowking|Scald|p1a: Sableye","|-damage|p1a: Sableye|187/304 brn","|move|p1a: Sableye|Snarl|p2a: Slowking","|-supereffective|p2a: Slowking","|-damage|p2a: Slowking|30/394 brn","|-unboost|p2a: Slowking|spa|1","|","|-damage|p2a: Slowking|0 fnt|[from] brn","|-damage|p1a: Sableye|149/304 brn|[from] brn","|faint|p2a: Slowking","|","|switch|p2a: Malamar|Malamar, M|115/313","|turn|37","|","|move|p2a: Malamar|Knock Off|p1a: Sableye","|-damage|p1a: Sableye|77/304 brn","|move|p1a: Sableye|Recover|p1a: Sableye","|-heal|p1a: Sableye|229/304 brn","|","|-damage|p1a: Sableye|191/304 brn|[from] brn","|turn|38","|","|move|p2a: Malamar|Knock Off|p1a: Sableye","|-damage|p1a: Sableye|125/304 brn","|move|p1a: Sableye|Recover|p1a: Sableye","|-heal|p1a: Sableye|277/304 brn","|","|-damage|p1a: Sableye|239/304 brn|[from] brn","|turn|39","|","|move|p2a: Malamar|Knock Off|p1a: Sableye","|-crit|p1a: Sableye","|-damage|p1a: Sableye|146/304 brn","|move|p1a: Sableye|Will-O-Wisp|p2a: Malamar","|-status|p2a: Malamar|brn","|","|-damage|p2a: Malamar|76/313 brn|[from] brn","|-damage|p1a: Sableye|108/304 brn|[from] brn","|turn|40","|","|move|p2a: Malamar|Knock Off|p1a: Sableye","|-damage|p1a: Sableye|72/304 brn","|move|p1a: Sableye|Recover|p1a: Sableye","|-heal|p1a: Sableye|224/304 brn","|","|-damage|p2a: Malamar|37/313 brn|[from] brn","|-damage|p1a: Sableye|186/304 brn|[from] brn","|turn|41","|","|move|p2a: Malamar|Knock Off|p1a: Sableye","|-damage|p1a: Sableye|152/304 brn","|move|p1a: Sableye|Snarl|p2a: Malamar","|-damage|p2a: Malamar|0 fnt","|faint|p2a: Malamar","|","|win|Shining Yin"],"p1rating":{"entryid":"7208708","serverid":"eos","formatid":"monotype","userid":"shiningyin","username":"Shining Yin","w":47,"l":"17","t":"0","gxe":71,"r":"1640.1665450475","rd":"48.692794765811","sigma":"0","rptime":"1439370000","rpr":1669.9231251779,"rprd":46.174687204991,"rpsigma":"0","acre":1396.5776933623,"lacre":1396.5776933623,"oldacre":"1388.469482813"},"p2rating":{"entryid":"7506194","serverid":"eos","formatid":"monotype","userid":"slpixie","username":"SL~Pixie","w":"7","l":5,"t":"0","gxe":56.7,"r":"1567.4894812944","rd":"85.657630348644","sigma":"0","rptime":"1439370000","rpr":1551.7676122843,"rprd":83.32001102739,"rpsigma":"0","acre":1140.4326714076,"lacre":1140.4326714076,"oldacre":"1150.5679345943"},"endType":"normal"}