{"seed":[39450,56377,27536,61175],"turns":25,"p1":"Silver-loatist","p2":"Crystl Sabo","p1team":[{"name":"Fat Punkin","species":"gourgeistsuper","item":"leftovers","ability":"Insomnia","moves":["protect","leechseed","willowisp","phantomforce"],"nature":"Adamant","evs":{"hp":248,"atk":128,"def":0,"spa":0,"spd":108,"spe":24},"gender":"F","shiny":true,"ivs":{"hp":31,"atk":31,"def":31,"spa":31,"spd":31,"spe":31}},{"name":"Kimono","species":"froslass","item":"focussash","ability":"Cursed Body","moves":["destinybond","taunt","confuseray","icebeam"],"nature":"Timid","evs":{"hp":0,"atk":4,"def":0,"spa":252,"spd":0,"spe":252},"ivs":{"hp":31,"atk":31,"def":31,"spa":31,"spd":31,"spe":31}},{"name":"Drifblim","species":"Drifblim","item":"sitrusberry","ability":"Unburden","moves":["ominouswind","stockpile","substitute","batonpass"],"nature":"Bold","evs":{"hp":252,"atk":0,"def":92,"spa":0,"spd":120,"spe":44},"ivs":{"hp":31,"atk":31,"def":31,"spa":31,"spd":31,"spe":31}},{"name":"Sableye","species":"Sableye","item":"sablenite","ability":"Prankster","moves":["nastyplot","poisonjab","dazzlinggleam","shadowball"],"nature":"Calm","evs":{"hp":0,"atk":0,"def":252,"spa":4,"spd":252,"spe":0},"shiny":true,"ivs":{"hp":31,"atk":31,"def":31,"spa":31,"spd":31,"spe":31}},{"name":"Chandelure","species":"Chandelure","item":"choicescarf","ability":"Flash Fire","moves":["trick","flamethrower","energyball","shadowball"],"nature":"Modest","evs":{"hp":4,"atk":0,"def":0,"spa":252,"spd":0,"spe":252},"ivs":{"hp":31,"atk":31,"def":31,"spa":31,"spd":31,"spe":31}},{"name":"Wentworth","species":"aegislash","item":"leftovers","ability":"Stance Change","moves":["swordsdance","kingsshield","shadowsneak","ironhead"],"nature":"Brave","evs":{"hp":252,"atk":252,"def":4,"spa":0,"spd":0,"spe":0},"ivs":{"hp":31,"atk":31,"def":31,"spa":31,"spd":31,"spe":31}}],"p2team":[{"name":"Poseidick","species":"heracross","item":"heracronite","ability":"Moxie","moves":["pinmissile","rockblast","substitute","focuspunch"],"nature":"Impish","evs":{"hp":236,"atk":0,"def":252,"spa":0,"spd":0,"spe":20},"shiny":true,"ivs":{"hp":31,"atk":31,"def":31,"spa":31,"spd":31,"spe":31}},{"name":"Mr.NiceFro","species":"keldeo","item":"choicescarf","ability":"Justified","moves":["hydropump","icywind","secretsword","hiddenpowergrass"],"nature":"Modest","evs":{"hp":0,"atk":0,"def":0,"spa":252,"spd":4,"spe":252},"ivs":{"hp":31,"atk":30,"def":31,"spa":30,"spd":31,"spe":31}},{"name":"Deus","species":"medicham","item":"choicescarf","ability":"Pure Power","moves":["highjumpkick","psychocut","poisonjab","icepunch"],"nature":"Adamant","evs":{"hp":0,"atk":252,"def":0,"spa":0,"spd":4,"spe":252},"shiny":true,"ivs":{"hp":31,"atk":31,"def":31,"spa":31,"spd":31,"spe":31}},{"name":"HotHead","species":"infernape","item":"choiceband","ability":"Blaze","moves":["flareblitz","closecombat","stoneedge","shadowclaw"],"nature":"Jolly","evs":{"hp":0,"atk":252,"def":0,"spa":0,"spd":4,"spe":252},"ivs":{"hp":31,"atk":31,"def":31,"spa":31,"spd":31,"spe":31}},{"name":"Deepthroat","species":"toxicroak","item":"lifeorb","ability":"Dry Skin","moves":["gunkshot","suckerpunch","drainpunch","swordsdance"],"nature":"Jolly","evs":{"hp":0,"atk":252,"def":0,"spa":0,"spd":0,"spe":252},"shiny":true,"ivs":{"hp":31,"atk":31,"def":31,"spa":31,"spd":31,"spe":31}},{"name":"Kobi","species":"cobalion","item":"leftovers","ability":"Justified","moves":["thunderwave","ironhead","stealthrock","voltswitch"],"nature":"Impish","evs":{"hp":252,"atk":0,"def":252,"spa":0,"spd":0,"spe":0},"ivs":{"hp":31,"atk":31,"def":31,"spa":31,"spd":31,"spe":31}}],"log":["|player|p1|Silver-loatist|121","|player|p2|Crystl Sabo|crystlsabo.png","|gametype|singles","|gen|6","|tier|Monotype","|rated","|rule|Baton Pass Clause: Limit one Baton Passer, can't pass Spe and other stats simultaneously","|rule|Swagger Clause: Swagger is banned","|rule|Same Type Clause: Pokémon in a team must share a type","|clearpoke","|poke|p1|Gourgeist-*, F, shiny","|poke|p1|Froslass, F","|poke|p1|Drifblim, M","|poke|p1|Sableye, M, shiny","|poke|p1|Chandelure, F","|poke|p1|Aegislash, F","|poke|p2|Heracross, M, shiny","|poke|p2|Keldeo","|poke|p2|Medicham, M, shiny","|poke|p2|Infernape, M","|poke|p2|Toxicroak, F, shiny","|poke|p2|Cobalion","|rule|Sleep Clause Mod: Limit one foe put to sleep","|rule|Species Clause: Limit one of each Pokémon","|rule|OHKO Clause: OHKO moves are banned","|rule|Moody Clause: Moody is banned","|rule|Evasion Moves Clause: Evasion moves are banned","|rule|Endless Battle Clause: Forcing endless battles is banned","|rule|HP Percentage Mod: HP is shown in percentages","|teampreview","|","|start","|switch|p1a: Sableye|Sableye, M, shiny|241/241","|switch|p2a: HotHead|Infernape, M|293/293","|turn|1","|","|detailschange|p1a: Sableye|Sableye-Mega, M, shiny","|-mega|p1a: Sableye|Sableye|Sablenite","|move|p1a: Sableye|Nasty Plot|p1a: Sableye","|-boost|p1a: Sableye|spa|2","|move|p2a: HotHead|Flare Blitz|p1a: Sableye","|-damage|p1a: Sableye|55/241","|-damage|p2a: HotHead|232/293|[from] recoil|[of] p1a: Sableye","|","|turn|2","|","|move|p2a: HotHead|Flare Blitz|p1a: Sableye","|-damage|p1a: Sableye|0 fnt","|-damage|p2a: HotHead|214/293|[from] recoil|[of] p1a: Sableye","|faint|p1a: Sableye","|","|","|switch|p1a: Kimono|Froslass, F|281/281","|turn|3","|","|switch|p1a: Chandelure|Chandelure, F|262/262","|switch|p2a: Poseidick|Heracross, M, shiny|360/360","|","|turn|4","|","|switch|p2a: Mr.NiceFro|Keldeo|323/323","|move|p1a: Chandelure|Flamethrower|p2a: Mr.NiceFro","|-resisted|p2a: Mr.NiceFro","|-damage|p2a: Mr.NiceFro|211/323","|","|turn|5","|","|move|p2a: Mr.NiceFro|Hydro Pump|p1a: Chandelure|[miss]","|-miss|p2a: Mr.NiceFro|p1a: Chandelure","|move|p1a: Chandelure|Flamethrower|p2a: Mr.NiceFro","|-resisted|p2a: Mr.NiceFro","|-damage|p2a: Mr.NiceFro|110/323","|","|turn|6","|","|switch|p1a: Wentworth|Aegislash, F|324/324","|move|p2a: Mr.NiceFro|Hydro Pump|p1a: Wentworth","|-damage|p1a: Wentworth|185/324","|","|-heal|p1a: Wentworth|205/324|[from] item: Leftovers","|turn|7","|","|move|p2a: Mr.NiceFro|Hydro Pump|p1a: Wentworth","|-damage|p1a: Wentworth|45/324","|move|p1a: Wentworth|Swords Dance|p1a: Wentworth","|-boost|p1a: Wentworth|atk|2","|","|-heal|p1a: Wentworth|65/324|[from] item: Leftovers","|turn|8","|","|switch|p2a: Kobi|Cobalion|386/386","|move|p1a: Wentworth|King's Shield|p1a: Wentworth","|-fail|p1a: Wentworth","|","|-heal|p1a: Wentworth|85/324|[from] item: Leftovers","|turn|9","|","|move|p1a: Wentworth|King's Shield|p1a: Wentworth","|-singleturn|p1a: Wentworth|Protect","|move|p2a: Kobi|Stealth Rock|p1a: Wentworth","|-sidestart|p1: Silver-loatist|move: Stealth Rock","|","|-heal|p1a: Wentworth|105/324|[from] item: Leftovers","|turn|10","|","|move|p2a: Kobi|Volt Switch|p1a: Wentworth","|-damage|p1a: Wentworth|71/324","|","|switch|p2a: Deepthroat|Toxicroak, F, shiny|307/307","|move|p1a: Wentworth|Swords Dance|p1a: Wentworth","|-boost|p1a: Wentworth|atk|2","|","|-heal|p1a: Wentworth|91/324|[from] item: Leftovers","|turn|11","|","|move|p2a: Deepthroat|Sucker Punch|p1a: Wentworth","|-fail|p2a: Deepthroat","|move|p1a: Wentworth|Swords Dance|p1a: Wentworth","|-boost|p1a: Wentworth|atk|2","|","|-heal|p1a: Wentworth|111/324|[from] item: Leftovers","|turn|12","|","|move|p1a: Wentworth|King's Shield|p1a: Wentworth","|-singleturn|p1a: Wentworth|Protect","|move|p2a: Deepthroat|Sucker Punch|p1a: Wentworth","|-fail|p2a: Deepthroat","|","|-heal|p1a: Wentworth|131/324|[from] item: Leftovers","|turn|13","|","|move|p2a: Deepthroat|Sucker Punch|p1a: Wentworth","|-supereffective|p1a: Wentworth","|-damage|p1a: Wentworth|0 fnt","|-damage|p2a: Deepthroat|277/307|[from] item: Life Orb","|faint|p1a: Wentworth","|","|","|switch|p1a: Fat Punkin|Gourgeist-Super, F, shiny|373/373","|-damage|p1a: Fat Punkin|327/373|[from] Stealth Rock","|turn|14","|","|switch|p2a: HotHead|Infernape, M|214/293","|move|p1a: Fat Punkin|Will-O-Wisp|p2a: HotHead","|-immune|p2a: HotHead|[msg]","|","|-heal|p1a: Fat Punkin|350/373|[from] item: Leftovers","|turn|15","|","|move|p2a: HotHead|Shadow Claw|p1a: Fat Punkin","|-supereffective|p1a: Fat Punkin","|-damage|p1a: Fat Punkin|162/373","|move|p1a: Fat Punkin|Leech Seed|p2a: HotHead","|-start|p2a: HotHead|move: Leech Seed","|","|-heal|p1a: Fat Punkin|185/373|[from] item: Leftovers","|-damage|p2a: HotHead|178/293|[from] Leech Seed|[of] p1a: Fat Punkin","|-heal|p1a: Fat Punkin|221/373|[silent]","|turn|16","|","|move|p1a: Fat Punkin|Protect|p1a: Fat Punkin","|-singleturn|p1a: Fat Punkin|Protect","|move|p2a: HotHead|Shadow Claw|p1a: Fat Punkin","|-activate|p1a: Fat Punkin|Protect","|","|-heal|p1a: Fat Punkin|244/373|[from] item: Leftovers","|-damage|p2a: HotHead|142/293|[from] Leech Seed|[of] p1a: Fat Punkin","|-heal|p1a: Fat Punkin|280/373|[silent]","|turn|17","|","|move|p2a: HotHead|Shadow Claw|p1a: Fat Punkin","|-supereffective|p1a: Fat Punkin","|-damage|p1a: Fat Punkin|110/373","|move|p1a: Fat Punkin|Phantom Force|p2a: HotHead|[still]","|-prepare|p1a: Fat Punkin|Phantom Force|p2a: HotHead","|","|-heal|p1a: Fat Punkin|133/373|[from] item: Leftovers","|-damage|p2a: HotHead|106/293|[from] Leech Seed|[of] p1a: Fat Punkin","|-heal|p1a: Fat Punkin|169/373|[silent]","|turn|18","|","|switch|p2a: Kobi|Cobalion|386/386","|move|p1a: Fat Punkin|Phantom Force|p2a: Kobi|[from]lockedmove","|-crit|p2a: Kobi","|-damage|p2a: Kobi|269/386","|","|-heal|p2a: Kobi|293/386|[from] item: Leftovers","|-heal|p1a: Fat Punkin|192/373|[from] item: Leftovers","|turn|19","|","|move|p2a: Kobi|Volt Switch|p1a: Fat Punkin","|-resisted|p1a: Fat Punkin","|-damage|p1a: Fat Punkin|168/373","|","|switch|p2a: HotHead|Infernape, M|106/293","|move|p1a: Fat Punkin|Will-O-Wisp|p2a: HotHead","|-immune|p2a: HotHead|[msg]","|","|-heal|p1a: Fat Punkin|191/373|[from] item: Leftovers","|turn|20","|","|move|p1a: Fat Punkin|Protect|p1a: Fat Punkin","|-singleturn|p1a: Fat Punkin|Protect","|move|p2a: HotHead|Flare Blitz|p1a: Fat Punkin","|-activate|p1a: Fat Punkin|Protect","|","|-heal|p1a: Fat Punkin|214/373|[from] item: Leftovers","|turn|21","|","|move|p2a: HotHead|Flare Blitz|p1a: Fat Punkin","|-supereffective|p1a: Fat Punkin","|-damage|p1a: Fat Punkin|0 fnt","|-damage|p2a: HotHead|35/293|[from] recoil|[of] p1a: Fat Punkin","|faint|p1a: Fat Punkin","|","|","|switch|p1a: Kimono|Froslass, F|281/281","|-damage|p1a: Kimono|211/281|[from] Stealth Rock","|turn|22","|","|switch|p1a: Chandelure|Chandelure, F|262/262","|-damage|p1a: Chandelure|197/262|[from] Stealth Rock","|switch|p2a: Kobi|Cobalion|293/386","|","|-heal|p2a: Kobi|317/386|[from] item: Leftovers","|turn|23","|","|move|p1a: Chandelure|Flamethrower|p2a: Kobi","|-supereffective|p2a: Kobi","|-damage|p2a: Kobi|0 fnt","|faint|p2a: Kobi","|","|","|switch|p2a: Mr.NiceFro|Keldeo|110/323","|turn|24","|","|move|p2a: Mr.NiceFro|Hydro Pump|p1a: Chandelure","|-supereffective|p1a: Chandelure","|-damage|p1a: Chandelure|0 fnt","|faint|p1a: Chandelure","|","|","|switch|p1a: Kimono|Froslass, F|211/281","|-damage|p1a: Kimono|141/281|[from] Stealth Rock","|turn|25","|","|move|p2a: Mr.NiceFro|Hydro Pump|p1a: Kimono","|-crit|p1a: Kimono","|-damage|p1a: Kimono|0 fnt","|faint|p1a: Kimono","|","|player|p1","|","|win|Silver-loatist"],"p1rating":{"entryid":"7539269","serverid":"eos","formatid":"monotype","userid":"silverloatist","username":"Silver-loatist","w":2,"l":"2","t":"0","gxe":46.9,"r":1434.5085947786,"rd":111.76241880223,"sigma":"0","rptime":1439370000,"rpr":1475.7514838133,"rprd":106.81725778824,"rpsigma":"0","acre":1063.0354185339,"lacre":1063.0354185339,"oldacre":"1019.4305332332"},"p2rating":{"entryid":"5846197","serverid":"eos","formatid":"monotype","userid":"crystlsabo","username":"Crystl Sabo","w":"65","l":62,"t":"0","gxe":51.1,"r":"1529.7163795416","rd":"39.002460683243","sigma":"0","rptime":"1439370000","rpr":1508.5493344022,"rprd":37.607070371552,"rpsigma":"0","acre":1055.0791761969,"lacre":1055.0791761969,"oldacre":"1081.1494063928"},"endType":"forfeit"}