{"seed":[26947,36425,17922,15470],"turns":38,"p1":"Carnie Marx","p2":"SWL Dawnmidst","p1team":[{"name":"Abomasnow","species":"Abomasnow","item":"focussash","ability":"Snow Warning","moves":["blizzard","gigadrain","iceshard","shadowball"],"nature":"Mild","evs":{"hp":248,"atk":8,"def":0,"spa":252,"spd":0,"spe":0},"ivs":{"hp":31,"atk":31,"def":31,"spa":31,"spd":31,"spe":31}},{"name":"Froslass","species":"Froslass","item":"focussash","ability":"Cursed Body","moves":["destinybond","icebeam","taunt","shadowball"],"nature":"Timid","evs":{"hp":0,"atk":0,"def":0,"spa":252,"spd":4,"spe":252},"ivs":{"hp":31,"atk":31,"def":31,"spa":31,"spd":31,"spe":31}},{"name":"Ice Age","species":"mamoswine","item":"choicescarf","ability":"Thick Fat","moves":["superpower","earthquake","iciclecrash","stoneedge"],"nature":"Jolly","evs":{"hp":0,"atk":252,"def":0,"spa":0,"spd":4,"spe":252},"gender":"M","shiny":true,"ivs":{"hp":31,"atk":31,"def":31,"spa":31,"spd":31,"spe":31}},{"name":"The Titanic","species":"avalugg","item":"rockyhelmet","ability":"Sturdy","moves":["rapidspin","toxic","recover","avalanche"],"nature":"Bold","evs":{"hp":248,"atk":0,"def":252,"spa":0,"spd":8,"spe":0},"gender":"M","shiny":true,"ivs":{"hp":31,"atk":31,"def":31,"spa":31,"spd":31,"spe":31}},{"name":"Kyurem","species":"Kyurem","item":"choicespecs","ability":"Pressure","moves":["dragonpulse","icebeam","shadowball","earthpower"],"nature":"Modest","evs":{"hp":248,"atk":0,"def":0,"spa":252,"spd":8,"spe":0},"ivs":{"hp":31,"atk":31,"def":31,"spa":31,"spd":31,"spe":31}},{"name":"King Kold","species":"rotomfrost","item":"leftovers","ability":"Levitate","moves":["discharge","willowisp","painsplit","charge"],"nature":"Calm","evs":{"hp":248,"atk":0,"def":0,"spa":252,"spd":8,"spe":0},"shiny":true,"ivs":{"hp":31,"atk":31,"def":31,"spa":31,"spd":31,"spe":31}}],"p2team":[{"name":"Skarmory","species":"Skarmory","item":"rockyhelmet","ability":"Sturdy","moves":["defog","bravebird","roost","whirlwind"],"nature":"Impish","evs":{"hp":252,"atk":4,"def":252,"spa":0,"spd":0,"spe":0},"ivs":{"hp":31,"atk":31,"def":31,"spa":31,"spd":31,"spe":31}},{"name":"Gliscor","species":"Gliscor","item":"toxicorb","ability":"Poison Heal","moves":["stealthrock","earthquake","roost","knockoff"],"nature":"Careful","evs":{"hp":252,"atk":4,"def":0,"spa":0,"spd":252,"spe":0},"ivs":{"hp":31,"atk":31,"def":31,"spa":31,"spd":31,"spe":31}},{"name":"Articuno","species":"Articuno","item":"leftovers","ability":"Pressure","moves":["freezedry","toxic","roost","healbell"],"nature":"Calm","evs":{"hp":248,"atk":0,"def":0,"spa":8,"spd":252,"spe":0},"ivs":{"hp":31,"atk":31,"def":31,"spa":31,"spd":31,"spe":31}},{"name":"Gyarados","species":"Gyarados","item":"gyaradosite","ability":"Intimidate","moves":["dragondance","waterfall","crunch","substitute"],"nature":"Adamant","evs":{"hp":0,"atk":252,"def":0,"spa":0,"spd":4,"spe":252},"ivs":{"hp":31,"atk":31,"def":31,"spa":31,"spd":31,"spe":31}},{"name":"Landorus","species":"Landorus","item":"lifeorb","ability":"Sheer Force","moves":["earthpower","rockslide","grassknot","focusblast"],"nature":"Naive","evs":{"hp":0,"atk":4,"def":0,"spa":252,"spd":0,"spe":252},"ivs":{"hp":31,"atk":31,"def":31,"spa":31,"spd":31,"spe":31}},{"name":"Staraptor","species":"Staraptor","item":"choicescarf","ability":"Reckless","moves":["bravebird","doubleedge","closecombat","uturn"],"nature":"Jolly","evs":{"hp":0,"atk":252,"def":0,"spa":0,"spd":4,"spe":252},"ivs":{"hp":31,"atk":31,"def":31,"spa":31,"spd":31,"spe":31}}],"log":["|player|p1|Carnie Marx|238","|player|p2|SWL Dawnmidst|dawnmidst.png","|gametype|singles","|gen|6","|tier|Monotype","|rated","|rule|Baton Pass Clause: Limit one Baton Passer, can't pass Spe and other stats simultaneously","|rule|Swagger Clause: Swagger is banned","|rule|Same Type Clause: Pokémon in a team must share a type","|clearpoke","|poke|p1|Abomasnow, M","|poke|p1|Froslass, F","|poke|p1|Mamoswine, M, shiny","|poke|p1|Avalugg, M, shiny","|poke|p1|Kyurem","|poke|p1|Rotom-Frost, shiny","|poke|p2|Skarmory, F","|poke|p2|Gliscor, F","|poke|p2|Articuno","|poke|p2|Gyarados, F","|poke|p2|Landorus, M","|poke|p2|Staraptor, F","|rule|Sleep Clause Mod: Limit one foe put to sleep","|rule|Species Clause: Limit one of each Pokémon","|rule|OHKO Clause: OHKO moves are banned","|rule|Moody Clause: Moody is banned","|rule|Evasion Moves Clause: Evasion moves are banned","|rule|Endless Battle Clause: Forcing endless battles is banned","|rule|HP Percentage Mod: HP is shown in percentages","|teampreview","|","|start","|switch|p1a: Abomasnow|Abomasnow, M|383/383","|switch|p2a: Landorus|Landorus, M|319/319","|-weather|Hail","|turn|1","|","|move|p2a: Landorus|Focus Blast|p1a: Abomasnow","|-supereffective|p1a: Abomasnow","|-enditem|p1a: Abomasnow|Focus Sash","|-damage|p1a: Abomasnow|1/383","|move|p1a: Abomasnow|Blizzard|p2a: Landorus","|-supereffective|p2a: Landorus","|-damage|p2a: Landorus|0 fnt","|faint|p2a: Landorus","|","|-weather|Hail|[upkeep]","|","|switch|p2a: Staraptor|Staraptor, F|311/311","|turn|2","|","|switch|p1a: The Titanic|Avalugg, M, shiny|393/393","|move|p2a: Staraptor|U-turn|p1a: The Titanic","|-damage|p1a: The Titanic|354/393","|-damage|p2a: Staraptor|260/311|[from] item: Rocky Helmet|[of] p1a: The Titanic","|","|switch|p2a: Articuno|Articuno|383/383","|-ability|p2a: Articuno|Pressure","|","|-weather|Hail|[upkeep]","|turn|3","|","|switch|p1a: King Kold|Rotom-Frost, shiny|303/303","|move|p2a: Articuno|Toxic|p1a: King Kold","|-status|p1a: King Kold|tox","|","|-weather|Hail|[upkeep]","|-damage|p1a: King Kold|285/303 tox|[from] psn","|turn|4","|","|move|p1a: King Kold|Will-O-Wisp|p2a: Articuno","|-status|p2a: Articuno|brn","|move|p2a: Articuno|Roost|p2a: Articuno","|-fail|p2a: Articuno","|","|-weather|Hail|[upkeep]","|-heal|p1a: King Kold|303/303 tox|[from] item: Leftovers","|-damage|p1a: King Kold|267/303 tox|[from] psn","|-damage|p2a: Articuno|336/383 brn|[from] brn","|turn|5","|","|switch|p2a: Gliscor|Gliscor, F|354/354","|move|p1a: King Kold|Pain Split|p2a: Gliscor","|-sethp|p2a: Gliscor|310/354|p1a: King Kold|303/303 tox|[from] move: Pain Split","|","|-weather|none","|-damage|p1a: King Kold|249/303 tox|[from] psn","|-status|p2a: Gliscor|tox|[from] item: Toxic Orb","|turn|6","|","|switch|p1a: The Titanic|Avalugg, M, shiny|354/393","|move|p2a: Gliscor|Stealth Rock|p1a: The Titanic","|-sidestart|p1: Carnie Marx|move: Stealth Rock","|","|-heal|p2a: Gliscor|354/354 tox|[from] ability: Poison Heal","|turn|7","|","|switch|p2a: Gyarados|Gyarados, F|331/331","|-ability|p2a: Gyarados|Intimidate","|-unboost|p1a: The Titanic|atk|1","|move|p1a: The Titanic|Avalanche|p2a: Gyarados","|-damage|p2a: Gyarados|268/331","|","|turn|8","|","|detailschange|p2a: Gyarados|Gyarados-Mega, F","|-mega|p2a: Gyarados|Gyarados|Gyaradosite","|-ability|p2a: Gyarados|Mold Breaker","|move|p2a: Gyarados|Dragon Dance|p2a: Gyarados","|-boost|p2a: Gyarados|atk|1","|-boost|p2a: Gyarados|spe|1","|move|p1a: The Titanic|Rapid Spin|p2a: Gyarados","|-damage|p2a: Gyarados|257/331","|-sideend|p1: Carnie Marx|Stealth Rock|[from] move: Rapid Spin|[of] p1a: The Titanic","|","|turn|9","|","|switch|p1a: Abomasnow|Abomasnow, M|1/383","|-weather|Hail","|move|p2a: Gyarados|Dragon Dance|p2a: Gyarados","|-boost|p2a: Gyarados|atk|1","|-boost|p2a: Gyarados|spe|1","|","|-weather|Hail|[upkeep]","|-damage|p2a: Gyarados|237/331|[from] hail","|turn|10","|","|move|p2a: Gyarados|Waterfall|p1a: Abomasnow","|-resisted|p1a: Abomasnow","|-damage|p1a: Abomasnow|0 fnt","|faint|p1a: Abomasnow","|","|-weather|Hail|[upkeep]","|-damage|p2a: Gyarados|217/331|[from] hail","|","|switch|p1a: Froslass|Froslass, F|281/281","|turn|11","|","|move|p2a: Gyarados|Substitute|p2a: Gyarados","|-start|p2a: Gyarados|Substitute","|-damage|p2a: Gyarados|135/331","|move|p1a: Froslass|Destiny Bond|p1a: Froslass","|-singlemove|p1a: Froslass|Destiny Bond","|","|-weather|Hail|[upkeep]","|-damage|p2a: Gyarados|115/331|[from] hail","|turn|12","|","|switch|p1a: The Titanic|Avalugg, M, shiny|354/393","|move|p2a: Gyarados|Crunch|p1a: The Titanic","|-damage|p1a: The Titanic|179/393","|-damage|p2a: Gyarados|60/331|[from] item: Rocky Helmet|[of] p1a: The Titanic","|","|-weather|Hail|[upkeep]","|-damage|p2a: Gyarados|40/331|[from] hail","|turn|13","|","|move|p2a: Gyarados|Dragon Dance|p2a: Gyarados","|-boost|p2a: Gyarados|atk|1","|-boost|p2a: Gyarados|spe|1","|move|p1a: The Titanic|Recover|p1a: The Titanic","|-heal|p1a: The Titanic|376/393","|","|-weather|none","|turn|14","|","|move|p2a: Gyarados|Dragon Dance|p2a: Gyarados","|-boost|p2a: Gyarados|atk|1","|-boost|p2a: Gyarados|spe|1","|move|p1a: The Titanic|Rapid Spin|p2a: Gyarados","|-activate|p2a: Gyarados|Substitute|[damage]","|","|turn|15","|","|move|p2a: Gyarados|Dragon Dance|p2a: Gyarados","|-boost|p2a: Gyarados|atk|1","|-boost|p2a: Gyarados|spe|1","|move|p1a: The Titanic|Recover|p1a: The Titanic","|-heal|p1a: The Titanic|393/393","|","|turn|16","|","|move|p2a: Gyarados|Waterfall|p1a: The Titanic","|-damage|p1a: The Titanic|93/393","|-damage|p2a: Gyarados|0 fnt|[from] item: Rocky Helmet|[of] p1a: The Titanic","|faint|p2a: Gyarados","|move|p1a: The Titanic|Avalanche|p2: Gyarados|[notarget]","|-notarget","|","|","|switch|p2a: Staraptor|Staraptor, F|260/311","|turn|17","|","|switch|p1a: Froslass|Froslass, F|281/281","|move|p2a: Staraptor|Brave Bird|p1a: Froslass","|-enditem|p1a: Froslass|Focus Sash","|-damage|p1a: Froslass|1/281","|-start|p2a: Staraptor|Disable|Brave Bird","|-damage|p2a: Staraptor|168/311|[from] recoil|[of] p1a: Froslass","|","|turn|18","|","|-activate|p2a: Staraptor|move: Struggle","|move|p2a: Staraptor|Struggle|p1a: Froslass","|-crit|p1a: Froslass","|-damage|p1a: Froslass|0 fnt","|-damage|p2a: Staraptor|91/311|[from] recoil","|faint|p1a: Froslass","|","|","|switch|p1a: The Titanic|Avalugg, M, shiny|93/393","|turn|19","|","|switch|p2a: Articuno|Articuno|336/383 brn","|-ability|p2a: Articuno|Pressure","|move|p1a: The Titanic|Recover|p1a: The Titanic","|-heal|p1a: The Titanic|290/393","|","|-heal|p2a: Articuno|359/383 brn|[from] item: Leftovers","|-damage|p2a: Articuno|312/383 brn|[from] brn","|turn|20","|","|switch|p1a: King Kold|Rotom-Frost, shiny|249/303 tox","|move|p2a: Articuno|Heal Bell|p2a: Articuno","|-cureteam|p2a: Articuno|[from] move: HealBell","|","|-heal|p1a: King Kold|267/303 tox|[from] item: Leftovers","|-heal|p2a: Articuno|335/383|[from] item: Leftovers","|-damage|p1a: King Kold|249/303 tox|[from] psn","|turn|21","|","|switch|p1a: The Titanic|Avalugg, M, shiny|290/393","|move|p2a: Articuno|Freeze-Dry|p1a: The Titanic","|-resisted|p1a: The Titanic","|-damage|p1a: The Titanic|213/393","|","|-heal|p2a: Articuno|358/383|[from] item: Leftovers","|turn|22","|","|move|p2a: Articuno|Toxic|p1a: The Titanic","|-status|p1a: The Titanic|tox","|move|p1a: The Titanic|Recover|p1a: The Titanic","|-heal|p1a: The Titanic|393/393 tox","|","|-heal|p2a: Articuno|381/383|[from] item: Leftovers","|-damage|p1a: The Titanic|369/393 tox|[from] psn","|turn|23","|","|switch|p1a: Kyurem|Kyurem|453/453","|-ability|p1a: Kyurem|Pressure","|move|p2a: Articuno|Freeze-Dry|p1a: Kyurem","|-damage|p1a: Kyurem|371/453","|","|-heal|p2a: Articuno|383/383|[from] item: Leftovers","|turn|24","|","|move|p1a: Kyurem|Dragon Pulse|p2a: Articuno","|-damage|p2a: Articuno|235/383","|move|p2a: Articuno|Toxic|p1a: Kyurem|[miss]","|-miss|p2a: Articuno|p1a: Kyurem","|","|-heal|p2a: Articuno|258/383|[from] item: Leftovers","|turn|25","|","|switch|p1a: King Kold|Rotom-Frost, shiny|249/303 tox","|move|p2a: Articuno|Roost|p2a: Articuno","|-heal|p2a: Articuno|383/383","|","|-heal|p1a: King Kold|267/303 tox|[from] item: Leftovers","|-damage|p1a: King Kold|249/303 tox|[from] psn","|turn|26","|","|move|p1a: King Kold|Discharge|p2a: Articuno","|-supereffective|p2a: Articuno","|-damage|p2a: Articuno|243/383","|move|p2a: Articuno|Heal Bell|p2a: Articuno","|-cureteam|p2a: Articuno|[from] move: HealBell","|","|-heal|p1a: King Kold|267/303 tox|[from] item: Leftovers","|-heal|p2a: Articuno|266/383|[from] item: Leftovers","|-damage|p1a: King Kold|231/303 tox|[from] psn","|turn|27","|","|switch|p1a: Ice Age|Mamoswine, M, shiny|361/361","|switch|p2a: Skarmory|Skarmory, F|334/334","|","|turn|28","|","|switch|p1a: King Kold|Rotom-Frost, shiny|231/303 tox","|move|p2a: Skarmory|Whirlwind|p1a: King Kold","|drag|p1a: Ice Age|Mamoswine, M, shiny|361/361","|","|turn|29","|","|switch|p1a: Kyurem|Kyurem|371/453","|-ability|p1a: Kyurem|Pressure","|move|p2a: Skarmory|Brave Bird|p1a: Kyurem","|-damage|p1a: Kyurem|242/453","|-damage|p2a: Skarmory|291/334|[from] recoil|[of] p1a: Kyurem","|","|turn|30","|","|move|p1a: Kyurem|Ice Beam|p2a: Skarmory","|-damage|p2a: Skarmory|0 fnt","|faint|p2a: Skarmory","|","|","|switch|p2a: Articuno|Articuno|266/383","|-ability|p2a: Articuno|Pressure","|turn|31","|","|switch|p1a: The Titanic|Avalugg, M, shiny|369/393 tox","|move|p2a: Articuno|Toxic|p1a: The Titanic","|-fail|p1a: The Titanic|tox","|","|-heal|p2a: Articuno|289/383|[from] item: Leftovers","|-damage|p1a: The Titanic|345/393 tox|[from] psn","|turn|32","|","|switch|p2a: Gliscor|Gliscor, F|354/354","|switch|p1a: Ice Age|Mamoswine, M, shiny|361/361","|","|-status|p2a: Gliscor|tox|[from] item: Toxic Orb","|turn|33","|","|move|p1a: Ice Age|Icicle Crash|p2a: Gliscor","|-supereffective|p2a: Gliscor","|-damage|p2a: Gliscor|0 fnt","|faint|p2a: Gliscor","|","|","|switch|p2a: Staraptor|Staraptor, F|91/311","|turn|34","|","|switch|p1a: The Titanic|Avalugg, M, shiny|345/393 tox","|move|p2a: Staraptor|Close Combat|p1a: The Titanic","|-supereffective|p1a: The Titanic","|-damage|p1a: The Titanic|209/393 tox","|-damage|p2a: Staraptor|40/311|[from] item: Rocky Helmet|[of] p1a: The Titanic","|-unboost|p2a: Staraptor|def|1","|-unboost|p2a: Staraptor|spd|1","|","|-damage|p1a: The Titanic|185/393 tox|[from] psn","|turn|35","|","|switch|p2a: Articuno|Articuno|289/383","|-ability|p2a: Articuno|Pressure","|move|p1a: The Titanic|Recover|p1a: The Titanic","|-heal|p1a: The Titanic|382/393 tox","|","|-heal|p2a: Articuno|312/383|[from] item: Leftovers","|-damage|p1a: The Titanic|334/393 tox|[from] psn","|turn|36","|","|switch|p1a: Ice Age|Mamoswine, M, shiny|361/361","|move|p2a: Articuno|Freeze-Dry|p1a: Ice Age","|-damage|p1a: Ice Age|300/361","|","|-heal|p2a: Articuno|335/383|[from] item: Leftovers","|turn|37","|","|move|p1a: Ice Age|Stone Edge|p2a: Articuno","|-supereffective|p2a: Articuno","|-damage|p2a: Articuno|0 fnt","|faint|p2a: Articuno","|","|","|switch|p2a: Staraptor|Staraptor, F|40/311","|turn|38","|","|switch|p1a: The Titanic|Avalugg, M, shiny|334/393 tox","|move|p2a: Staraptor|Close Combat|p1a: The Titanic","|-supereffective|p1a: The Titanic","|-damage|p1a: The Titanic|212/393 tox","|-damage|p2a: Staraptor|0 fnt|[from] item: Rocky Helmet|[of] p1a: The Titanic","|faint|p2a: Staraptor","|","|win|Carnie Marx"],"p1rating":{"entryid":"5821777","serverid":"eos","formatid":"monotype","userid":"carniemarx","username":"Carnie Marx","w":73,"l":"104","t":"0","gxe":40.4,"r":"1421.6392266578","rd":"32.114064217705","sigma":"0","rptime":"1439370000","rpr":1426.5004432282,"rprd":31.776349960085,"rpsigma":"0","acre":1092.893459156,"lacre":1092.893459156,"oldacre":"1063.2894234505"},"p2rating":{"entryid":"7591237","serverid":"eos","formatid":"monotype","userid":"swldawnmidst","username":"SWL Dawnmidst","w":"1","l":1,"t":"0","gxe":49.5,"r":"1500","rd":"130","sigma":"0","rptime":"1439370000","rpr":1495.7559710311,"rprd":115.91802737871,"rpsigma":"0","acre":1035.5873714117,"lacre":1035.5873714117,"oldacre":"1053.0073882122"},"endType":"normal"}