{"seed":[22830,51007,4284,45770],"turns":100,"p1":"Intern Olbezerkolo","p2":"Etrayu","p1team":[{"name":"Dat Head doe'","species":"manectric","item":"manectite","ability":"Static","moves":["hiddenpowerice","voltswitch","overheat","thunderbolt"],"nature":"Mild","evs":{"hp":0,"atk":4,"def":0,"spa":252,"spd":0,"spe":252},"ivs":{"hp":31,"atk":30,"def":30,"spa":31,"spd":31,"spe":31}},{"name":"Stache'","species":"thundurus","item":"sitrusberry","ability":"Prankster","moves":["taunt","confide","grassknot","thunderbolt"],"nature":"Timid","evs":{"hp":0,"atk":0,"def":0,"spa":252,"spd":4,"spe":252},"ivs":{"hp":31,"atk":30,"def":30,"spa":31,"spd":31,"spe":31}},{"name":"Dem Lips'","species":"eelektross","item":"choiceband","ability":"Levitate","moves":["aquatail","wildcharge","drainpunch","firepunch"],"nature":"Adamant","evs":{"hp":248,"atk":252,"def":0,"spa":0,"spd":8,"spe":0},"ivs":{"hp":31,"atk":31,"def":31,"spa":31,"spd":31,"spe":31}},{"name":"Bae","species":"electivire","item":"choiceband","ability":"Vital Spirit","moves":["wildcharge","earthquake","crosschop","icepunch"],"nature":"Jolly","evs":{"hp":0,"atk":252,"def":0,"spa":0,"spd":4,"spe":252},"ivs":{"hp":31,"atk":31,"def":31,"spa":31,"spd":31,"spe":31}},{"name":"Thor's Hairbrush","species":"zapdos","item":"leftovers","ability":"Pressure","moves":["tailwind","roost","heatwave","raindance"],"nature":"Calm","evs":{"hp":252,"atk":0,"def":212,"spa":4,"spd":40,"spe":0},"ivs":{"hp":31,"atk":31,"def":31,"spa":31,"spd":31,"spe":31}},{"name":"Raikou","species":"Raikou","item":"focussash","ability":"Pressure","moves":["calmmind","extrasensory","thunderbolt","aurasphere"],"nature":"Rash","evs":{"hp":4,"atk":0,"def":0,"spa":252,"spd":0,"spe":252},"shiny":true,"ivs":{"hp":31,"atk":31,"def":31,"spa":31,"spd":31,"spe":31}}],"p2team":[{"name":"Tek","species":"shedinja","item":"focussash","ability":"Wonder Guard","moves":["swordsdance","suckerpunch","protect","willowisp"],"nature":"Jolly","evs":{"hp":0,"atk":252,"def":4,"spa":0,"spd":0,"spe":252},"shiny":true,"ivs":{"hp":31,"atk":31,"def":31,"spa":31,"spd":31,"spe":31}},{"name":"Koume","species":"chandelure","item":"choicescarf","ability":"Flash Fire","moves":["energyball","shadowball","fireblast","memento"],"nature":"Timid","evs":{"hp":0,"atk":0,"def":0,"spa":252,"spd":4,"spe":252},"gender":"F","ivs":{"hp":31,"atk":31,"def":31,"spa":31,"spd":31,"spe":31}},{"name":"Nina","species":"aegislash","item":"weaknesspolicy","ability":"Stance Change","moves":["shadowball","shadowsneak","sacredsword","kingsshield"],"nature":"Sassy","evs":{"hp":252,"atk":0,"def":4,"spa":0,"spd":252,"spe":0},"gender":"F","ivs":{"hp":31,"atk":31,"def":31,"spa":31,"spd":31,"spe":31}},{"name":"Oru","species":"jellicent","item":"leftovers","ability":"Water Absorb","moves":["scald","trickroom","recover","toxic"],"nature":"Bold","evs":{"hp":252,"atk":0,"def":252,"spa":0,"spd":0,"spe":4},"gender":"F","ivs":{"hp":31,"atk":31,"def":31,"spa":31,"spd":31,"spe":0},"shiny":true},{"name":"Sen","species":"sableye","item":"sablenite","ability":"Prankster","moves":["knockoff","toxic","recover","willowisp"],"nature":"Careful","evs":{"hp":252,"atk":0,"def":112,"spa":0,"spd":144,"spe":0},"gender":"M","ivs":{"hp":31,"atk":31,"def":31,"spa":31,"spd":31,"spe":31}},{"name":"Ith","species":"gengar","item":"lifeorb","ability":"Levitate","moves":["sludgewave","dazzlinggleam","focusblast","shadowball"],"nature":"Timid","evs":{"hp":0,"atk":0,"def":0,"spa":252,"spd":4,"spe":252},"gender":"M","shiny":true,"ivs":{"hp":31,"atk":31,"def":31,"spa":31,"spd":31,"spe":31}}],"log":["|player|p1|Intern Olbezerkolo|136","|player|p2|Etrayu|etrayu.png","|gametype|singles","|gen|6","|tier|Monotype","|rated","|rule|Baton Pass Clause: Limit one Baton Passer, can't pass Spe and other stats simultaneously","|rule|Swagger Clause: Swagger is banned","|rule|Same Type Clause: Pokémon in a team must share a type","|clearpoke","|poke|p1|Manectric, F","|poke|p1|Thundurus, M","|poke|p1|Eelektross, F","|poke|p1|Electivire, M","|poke|p1|Zapdos","|poke|p1|Raikou, shiny","|poke|p2|Shedinja, shiny","|poke|p2|Chandelure, F","|poke|p2|Aegislash, F","|poke|p2|Jellicent, F, shiny","|poke|p2|Sableye, M","|poke|p2|Gengar, M, shiny","|rule|Sleep Clause Mod: Limit one foe put to sleep","|rule|Species Clause: Limit one of each Pokémon","|rule|OHKO Clause: OHKO moves are banned","|rule|Moody Clause: Moody is banned","|rule|Evasion Moves Clause: Evasion moves are banned","|rule|Endless Battle Clause: Forcing endless battles is banned","|rule|HP Percentage Mod: HP is shown in percentages","|teampreview","|","|start","|switch|p1a: Dat Head doe'|Manectric, F|281/281","|switch|p2a: Sen|Sableye, M|304/304","|turn|1","|","|detailschange|p1a: Dat Head doe'|Manectric-Mega, F","|-mega|p1a: Dat Head doe'|Manectric|Manectite","|-ability|p1a: Dat Head doe'|Intimidate","|-unboost|p2a: Sen|atk|1","|detailschange|p2a: Sen|Sableye-Mega, M","|-mega|p2a: Sen|Sableye|Sablenite","|move|p2a: Sen|Toxic|p1a: Dat Head doe'","|-status|p1a: Dat Head doe'|tox","|move|p1a: Dat Head doe'|Thunderbolt|p2a: Sen","|-damage|p2a: Sen|165/304","|","|-damage|p1a: Dat Head doe'|264/281 tox|[from] psn","|turn|2","|","|switch|p2a: Tek|Shedinja, shiny|1/1","|move|p1a: Dat Head doe'|Thunderbolt|p2a: Tek","|-activate|p2a: Tek|ability: Wonder Guard","|","|-damage|p1a: Dat Head doe'|230/281 tox|[from] psn","|turn|3","|","|move|p1a: Dat Head doe'|Overheat|p2a: Tek","|-supereffective|p2a: Tek","|-enditem|p2a: Tek|Focus Sash","|-damage|p2a: Tek|1/1","|-unboost|p1a: Dat Head doe'|spa|2","|move|p2a: Tek|Swords Dance|p2a: Tek","|-boost|p2a: Tek|atk|2","|","|-damage|p1a: Dat Head doe'|179/281 tox|[from] psn","|turn|4","|","|move|p2a: Tek|Protect|p2a: Tek","|-singleturn|p2a: Tek|Protect","|move|p1a: Dat Head doe'|Volt Switch|p2a: Tek","|-activate|p2a: Tek|Protect","|","|-damage|p1a: Dat Head doe'|111/281 tox|[from] psn","|turn|5","|","|switch|p1a: Thor's Hairbrush|Zapdos|384/384","|-ability|p1a: Thor's Hairbrush|Pressure","|move|p2a: Tek|Sucker Punch|p1a: Thor's Hairbrush","|-fail|p2a: Tek","|","|turn|6","|","|move|p2a: Tek|Protect|p2a: Tek","|-singleturn|p2a: Tek|Protect","|move|p1a: Thor's Hairbrush|Tailwind|p1a: Thor's Hairbrush","|-sidestart|p1: Intern Olbezerkolo|move: Tailwind","|","|turn|7","|","|switch|p2a: Oru|Jellicent, F, shiny|404/404","|move|p1a: Thor's Hairbrush|Heat Wave|p2a: Oru","|-resisted|p2a: Oru","|-damage|p2a: Oru|364/404","|","|-heal|p2a: Oru|389/404|[from] item: Leftovers","|turn|8","|","|switch|p1a: Raikou|Raikou, shiny|322/322","|-ability|p1a: Raikou|Pressure","|switch|p2a: Tek|Shedinja, shiny|1/1","|","|turn|9","|","|switch|p1a: Thor's Hairbrush|Zapdos|384/384","|-ability|p1a: Thor's Hairbrush|Pressure","|move|p2a: Tek|Will-O-Wisp|p1a: Thor's Hairbrush","|-status|p1a: Thor's Hairbrush|brn","|","|-damage|p1a: Thor's Hairbrush|336/384 brn|[from] brn","|-sideend|p1: Intern Olbezerkolo|move: Tailwind","|turn|10","|","|move|p2a: Tek|Protect|p2a: Tek","|-singleturn|p2a: Tek|Protect","|move|p1a: Thor's Hairbrush|Heat Wave|p2a: Tek","|-activate|p2a: Tek|Protect","|","|-heal|p1a: Thor's Hairbrush|360/384 brn|[from] item: Leftovers","|-damage|p1a: Thor's Hairbrush|312/384 brn|[from] brn","|turn|11","|","|switch|p1a: Dem Lips'|Eelektross, F|373/373","|switch|p2a: Koume|Chandelure, F|261/261","|","|turn|12","|","|switch|p2a: Ith|Gengar, M, shiny|261/261","|move|p1a: Dem Lips'|Wild Charge|p2a: Ith","|-damage|p2a: Ith|0 fnt","|-damage|p1a: Dem Lips'|308/373|[from] recoil|[of] p2a: Ith","|faint|p2a: Ith","|","|","|switch|p2a: Sen|Sableye-Mega, M|165/304","|turn|13","|","|switch|p2a: Tek|Shedinja, shiny|1/1","|move|p1a: Dem Lips'|Wild Charge|p2a: Tek","|-activate|p2a: Tek|ability: Wonder Guard","|","|turn|14","|","|switch|p1a: Thor's Hairbrush|Zapdos|312/384 brn","|-ability|p1a: Thor's Hairbrush|Pressure","|move|p2a: Tek|Will-O-Wisp|p1a: Thor's Hairbrush","|-fail|p1a: Thor's Hairbrush|brn","|","|-heal|p1a: Thor's Hairbrush|336/384 brn|[from] item: Leftovers","|-damage|p1a: Thor's Hairbrush|288/384 brn|[from] brn","|turn|15","|","|move|p2a: Tek|Protect|p2a: Tek","|-singleturn|p2a: Tek|Protect","|move|p1a: Thor's Hairbrush|Tailwind|p1a: Thor's Hairbrush","|-sidestart|p1: Intern Olbezerkolo|move: Tailwind","|","|-heal|p1a: Thor's Hairbrush|312/384 brn|[from] item: Leftovers","|-damage|p1a: Thor's Hairbrush|264/384 brn|[from] brn","|turn|16","|","|switch|p2a: Koume|Chandelure, F|261/261","|move|p1a: Thor's Hairbrush|Heat Wave|p2a: Koume","|-start|p2a: Koume|ability: Flash Fire","|","|-heal|p1a: Thor's Hairbrush|288/384 brn|[from] item: Leftovers","|-damage|p1a: Thor's Hairbrush|240/384 brn|[from] brn","|turn|17","|","|switch|p1a: Stache'|Thundurus, M|299/299","|move|p2a: Koume|Fire Blast|p1a: Stache'","|-damage|p1a: Stache'|0 fnt","|faint|p1a: Stache'","|","|","|switch|p1a: Dat Head doe'|Manectric-Mega, F|111/281 tox","|-ability|p1a: Dat Head doe'|Intimidate","|-unboost|p2a: Koume|atk|1","|turn|18","|","|-end|p2a: Koume|ability: Flash Fire|[silent]","|switch|p2a: Tek|Shedinja, shiny|1/1","|move|p1a: Dat Head doe'|Thunderbolt|p2a: Tek","|-activate|p2a: Tek|ability: Wonder Guard","|","|-damage|p1a: Dat Head doe'|94/281 tox|[from] psn","|-sideend|p1: Intern Olbezerkolo|move: Tailwind","|turn|19","|","|switch|p1a: Dem Lips'|Eelektross, F|308/373","|move|p2a: Tek|Will-O-Wisp|p1a: Dem Lips'|[miss]","|-miss|p2a: Tek|p1a: Dem Lips'","|","|turn|20","|","|move|p2a: Tek|Protect|p2a: Tek","|-singleturn|p2a: Tek|Protect","|move|p1a: Dem Lips'|Fire Punch|p2a: Tek","|-activate|p2a: Tek|Protect","|","|turn|21","|","|switch|p2a: Koume|Chandelure, F|261/261","|switch|p1a: Raikou|Raikou, shiny|322/322","|-ability|p1a: Raikou|Pressure","|","|turn|22","|","|switch|p2a: Tek|Shedinja, shiny|1/1","|move|p1a: Raikou|Thunderbolt|p2a: Tek","|-activate|p2a: Tek|ability: Wonder Guard","|","|turn|23","|","|switch|p1a: Thor's Hairbrush|Zapdos|240/384 brn","|-ability|p1a: Thor's Hairbrush|Pressure","|move|p2a: Tek|Will-O-Wisp|p1a: Thor's Hairbrush","|-fail|p1a: Thor's Hairbrush|brn","|","|-heal|p1a: Thor's Hairbrush|264/384 brn|[from] item: Leftovers","|-damage|p1a: Thor's Hairbrush|216/384 brn|[from] brn","|turn|24","|","|switch|p1a: Dem Lips'|Eelektross, F|308/373","|move|p2a: Tek|Protect|p2a: Tek","|-fail|p2a: Tek","|","|turn|25","|","|switch|p2a: Sen|Sableye-Mega, M|165/304","|move|p1a: Dem Lips'|Aqua Tail|p2a: Sen","|-damage|p2a: Sen|47/304","|","|turn|26","|","|switch|p2a: Oru|Jellicent, F, shiny|389/404","|move|p1a: Dem Lips'|Aqua Tail|p2a: Oru","|-heal|p2a: Oru|404/404|[from] ability: Water Absorb|[of] p1a: Dem Lips'","|","|turn|27","|","|switch|p1a: Bae|Electivire, M|291/291","|move|p2a: Oru|Trick Room|p2a: Oru","|-fieldstart|move: Trick Room|[of] p2a: Oru","|","|turn|28","|","|switch|p2a: Tek|Shedinja, shiny|1/1","|move|p1a: Bae|Wild Charge|p2a: Tek","|-activate|p2a: Tek|ability: Wonder Guard","|","|turn|29","|","|switch|p1a: Dem Lips'|Eelektross, F|308/373","|move|p2a: Tek|Swords Dance|p2a: Tek","|-boost|p2a: Tek|atk|2","|","|turn|30","|","|move|p2a: Tek|Protect|p2a: Tek","|-singleturn|p2a: Tek|Protect","|move|p1a: Dem Lips'|Fire Punch|p2a: Tek","|-activate|p2a: Tek|Protect","|","|turn|31","|","|switch|p1a: Bae|Electivire, M|291/291","|switch|p2a: Koume|Chandelure, F|261/261","|","|-fieldend|move: Trick Room","|turn|32","|","|switch|p2a: Tek|Shedinja, shiny|1/1","|move|p1a: Bae|Earthquake|p2a: Tek","|-activate|p2a: Tek|ability: Wonder Guard","|","|turn|33","|","|switch|p1a: Dem Lips'|Eelektross, F|308/373","|move|p2a: Tek|Will-O-Wisp|p1a: Dem Lips'","|-status|p1a: Dem Lips'|brn","|","|-damage|p1a: Dem Lips'|262/373 brn|[from] brn","|turn|34","|","|switch|p2a: Koume|Chandelure, F|261/261","|move|p1a: Dem Lips'|Aqua Tail|p2a: Koume","|-crit|p2a: Koume","|-supereffective|p2a: Koume","|-damage|p2a: Koume|0 fnt","|faint|p2a: Koume","|","|-damage|p1a: Dem Lips'|216/373 brn|[from] brn","|","|switch|p2a: Tek|Shedinja, shiny|1/1","|turn|35","|","|switch|p1a: Dat Head doe'|Manectric-Mega, F|94/281 tox","|-ability|p1a: Dat Head doe'|Intimidate","|-unboost|p2a: Tek|atk|1","|move|p2a: Tek|Protect|p2a: Tek","|-fail|p2a: Tek","|","|-damage|p1a: Dat Head doe'|77/281 tox|[from] psn","|turn|36","|","|move|p2a: Tek|Sucker Punch|p1a: Dat Head doe'","|-damage|p1a: Dat Head doe'|10/281 tox","|move|p1a: Dat Head doe'|Volt Switch|p2a: Tek","|-activate|p2a: Tek|ability: Wonder Guard","|","|-damage|p1a: Dat Head doe'|0 fnt|[from] psn","|faint|p1a: Dat Head doe'","|","|switch|p1a: Dem Lips'|Eelektross, F|216/373 brn","|turn|37","|","|move|p2a: Tek|Protect|p2a: Tek","|-singleturn|p2a: Tek|Protect","|move|p1a: Dem Lips'|Fire Punch|p2a: Tek","|-activate|p2a: Tek|Protect","|","|-damage|p1a: Dem Lips'|170/373 brn|[from] brn","|turn|38","|","|switch|p2a: Oru|Jellicent, F, shiny|404/404","|move|p1a: Dem Lips'|Fire Punch|p2a: Oru","|-crit|p2a: Oru","|-resisted|p2a: Oru","|-damage|p2a: Oru|361/404","|","|-heal|p2a: Oru|386/404|[from] item: Leftovers","|-damage|p1a: Dem Lips'|124/373 brn|[from] brn","|turn|39","|","|switch|p1a: Bae|Electivire, M|291/291","|move|p2a: Oru|Trick Room|p2a: Oru","|-fieldstart|move: Trick Room|[of] p2a: Oru","|","|-heal|p2a: Oru|404/404|[from] item: Leftovers","|turn|40","|","|switch|p2a: Tek|Shedinja, shiny|1/1","|move|p1a: Bae|Wild Charge|p2a: Tek","|-activate|p2a: Tek|ability: Wonder Guard","|","|turn|41","|","|switch|p1a: Raikou|Raikou, shiny|322/322","|-ability|p1a: Raikou|Pressure","|move|p2a: Tek|Will-O-Wisp|p1a: Raikou","|-status|p1a: Raikou|brn","|","|-damage|p1a: Raikou|282/322 brn|[from] brn","|turn|42","|","|move|p2a: Tek|Protect|p2a: Tek","|-singleturn|p2a: Tek|Protect","|move|p1a: Raikou|Calm Mind|p1a: Raikou","|-boost|p1a: Raikou|spa|1","|-boost|p1a: Raikou|spd|1","|","|-damage|p1a: Raikou|242/322 brn|[from] brn","|turn|43","|","|switch|p2a: Nina|Aegislash, F|324/324","|move|p1a: Raikou|Thunderbolt|p2a: Nina","|-damage|p2a: Nina|200/324","|","|-damage|p1a: Raikou|202/322 brn|[from] brn","|-fieldend|move: Trick Room","|turn|44","|","|move|p1a: Raikou|Thunderbolt|p2a: Nina","|-damage|p2a: Nina|77/324","|-formechange|p2a: Nina|Aegislash-Blade","|move|p2a: Nina|Shadow Ball|p1a: Raikou","|-damage|p1a: Raikou|94/322 brn","|-unboost|p1a: Raikou|spd|1","|","|-damage|p1a: Raikou|54/322 brn|[from] brn","|turn|45","|","|move|p2a: Nina|Shadow Sneak|p1a: Raikou","|-crit|p1a: Raikou","|-damage|p1a: Raikou|0 fnt","|faint|p1a: Raikou","|","|","|switch|p1a: Thor's Hairbrush|Zapdos|216/384 brn","|-ability|p1a: Thor's Hairbrush|Pressure","|turn|46","|","|-formechange|p2a: Nina|Aegislash","|move|p2a: Nina|King's Shield|p2a: Nina","|-singleturn|p2a: Nina|Protect","|move|p1a: Thor's Hairbrush|Heat Wave|p2a: Nina","|-activate|p2a: Nina|Protect","|","|-heal|p1a: Thor's Hairbrush|240/384 brn|[from] item: Leftovers","|-damage|p1a: Thor's Hairbrush|192/384 brn|[from] brn","|turn|47","|","|switch|p2a: Oru|Jellicent, F, shiny|404/404","|move|p1a: Thor's Hairbrush|Heat Wave|p2a: Oru","|-resisted|p2a: Oru","|-damage|p2a: Oru|361/404","|","|-heal|p1a: Thor's Hairbrush|216/384 brn|[from] item: Leftovers","|-heal|p2a: Oru|386/404|[from] item: Leftovers","|-damage|p1a: Thor's Hairbrush|168/384 brn|[from] brn","|turn|48","|","|move|p1a: Thor's Hairbrush|Roost|p1a: Thor's Hairbrush","|-heal|p1a: Thor's Hairbrush|360/384 brn","|move|p2a: Oru|Trick Room|p2a: Oru","|-fieldstart|move: Trick Room|[of] p2a: Oru","|","|-heal|p2a: Oru|404/404|[from] item: Leftovers","|-heal|p1a: Thor's Hairbrush|384/384 brn|[from] item: Leftovers","|-damage|p1a: Thor's Hairbrush|336/384 brn|[from] brn","|turn|49","|","|switch|p1a: Bae|Electivire, M|291/291","|move|p2a: Oru|Scald|p1a: Bae","|-damage|p1a: Bae|194/291","|","|turn|50","|","|switch|p2a: Tek|Shedinja, shiny|1/1","|move|p1a: Bae|Wild Charge|p2a: Tek","|-activate|p2a: Tek|ability: Wonder Guard","|","|turn|51","|","|switch|p1a: Thor's Hairbrush|Zapdos|336/384 brn","|-ability|p1a: Thor's Hairbrush|Pressure","|move|p2a: Tek|Will-O-Wisp|p1a: Thor's Hairbrush","|-fail|p1a: Thor's Hairbrush|brn","|","|-heal|p1a: Thor's Hairbrush|360/384 brn|[from] item: Leftovers","|-damage|p1a: Thor's Hairbrush|312/384 brn|[from] brn","|turn|52","|","|switch|p1a: Bae|Electivire, M|194/291","|move|p2a: Tek|Protect|p2a: Tek","|-fail|p2a: Tek","|","|-fieldend|move: Trick Room","|turn|53","|","|switch|p1a: Thor's Hairbrush|Zapdos|312/384 brn","|-ability|p1a: Thor's Hairbrush|Pressure","|move|p2a: Tek|Will-O-Wisp|p1a: Thor's Hairbrush","|-fail|p1a: Thor's Hairbrush|brn","|","|-heal|p1a: Thor's Hairbrush|336/384 brn|[from] item: Leftovers","|-damage|p1a: Thor's Hairbrush|288/384 brn|[from] brn","|turn|54","|","|switch|p2a: Oru|Jellicent, F, shiny|404/404","|move|p1a: Thor's Hairbrush|Tailwind|p1a: Thor's Hairbrush","|-sidestart|p1: Intern Olbezerkolo|move: Tailwind","|","|-heal|p1a: Thor's Hairbrush|312/384 brn|[from] item: Leftovers","|-damage|p1a: Thor's Hairbrush|264/384 brn|[from] brn","|turn|55","|","|move|p1a: Thor's Hairbrush|Roost|p1a: Thor's Hairbrush","|-heal|p1a: Thor's Hairbrush|384/384 brn","|move|p2a: Oru|Trick Room|p2a: Oru","|-fieldstart|move: Trick Room|[of] p2a: Oru","|","|-damage|p1a: Thor's Hairbrush|336/384 brn|[from] brn","|turn|56","|","|switch|p1a: Dem Lips'|Eelektross, F|124/373 brn","|move|p2a: Oru|Toxic|p1a: Dem Lips'","|-fail|p1a: Dem Lips'","|","|-damage|p1a: Dem Lips'|78/373 brn|[from] brn","|turn|57","|","|move|p2a: Oru|Scald|p1a: Dem Lips'","|-damage|p1a: Dem Lips'|0 fnt","|faint|p1a: Dem Lips'","|","|-sideend|p1: Intern Olbezerkolo|move: Tailwind","|","|switch|p1a: Bae|Electivire, M|194/291","|turn|58","|","|switch|p2a: Tek|Shedinja, shiny|1/1","|move|p1a: Bae|Wild Charge|p2a: Tek","|-activate|p2a: Tek|ability: Wonder Guard","|","|turn|59","|","|switch|p1a: Thor's Hairbrush|Zapdos|336/384 brn","|-ability|p1a: Thor's Hairbrush|Pressure","|move|p2a: Tek|Swords Dance|p2a: Tek","|-boost|p2a: Tek|atk|2","|","|-heal|p1a: Thor's Hairbrush|360/384 brn|[from] item: Leftovers","|-damage|p1a: Thor's Hairbrush|312/384 brn|[from] brn","|-fieldend|move: Trick Room","|turn|60","|","|move|p2a: Tek|Protect|p2a: Tek","|-singleturn|p2a: Tek|Protect","|move|p1a: Thor's Hairbrush|Heat Wave|p2a: Tek","|-activate|p2a: Tek|Protect","|","|-heal|p1a: Thor's Hairbrush|336/384 brn|[from] item: Leftovers","|-damage|p1a: Thor's Hairbrush|288/384 brn|[from] brn","|turn|61","|","|move|p2a: Tek|Sucker Punch|p1a: Thor's Hairbrush","|-damage|p1a: Thor's Hairbrush|156/384 brn","|move|p1a: Thor's Hairbrush|Heat Wave|p2a: Tek","|-supereffective|p2a: Tek","|-damage|p2a: Tek|0 fnt","|faint|p2a: Tek","|","|-heal|p1a: Thor's Hairbrush|180/384 brn|[from] item: Leftovers","|-damage|p1a: Thor's Hairbrush|132/384 brn|[from] brn","|","|switch|p2a: Oru|Jellicent, F, shiny|404/404","|turn|62","|","|move|p1a: Thor's Hairbrush|Roost|p1a: Thor's Hairbrush","|-heal|p1a: Thor's Hairbrush|324/384 brn","|move|p2a: Oru|Trick Room|p2a: Oru","|-fieldstart|move: Trick Room|[of] p2a: Oru","|","|-heal|p1a: Thor's Hairbrush|348/384 brn|[from] item: Leftovers","|-damage|p1a: Thor's Hairbrush|300/384 brn|[from] brn","|turn|63","|","|move|p2a: Oru|Scald|p1a: Thor's Hairbrush","|-damage|p1a: Thor's Hairbrush|222/384 brn","|move|p1a: Thor's Hairbrush|Tailwind|p1a: Thor's Hairbrush","|-sidestart|p1: Intern Olbezerkolo|move: Tailwind","|","|-heal|p1a: Thor's Hairbrush|246/384 brn|[from] item: Leftovers","|-damage|p1a: Thor's Hairbrush|198/384 brn|[from] brn","|turn|64","|","|move|p2a: Oru|Toxic|p1a: Thor's Hairbrush","|-fail|p1a: Thor's Hairbrush","|move|p1a: Thor's Hairbrush|Roost|p1a: Thor's Hairbrush","|-heal|p1a: Thor's Hairbrush|384/384 brn","|","|-damage|p1a: Thor's Hairbrush|336/384 brn|[from] brn","|turn|65","|","|switch|p1a: Bae|Electivire, M|194/291","|move|p2a: Oru|Scald|p1a: Bae","|-damage|p1a: Bae|95/291","|","|turn|66","|","|move|p2a: Oru|Scald|p1a: Bae","|-damage|p1a: Bae|2/291","|move|p1a: Bae|Wild Charge|p2a: Oru","|-supereffective|p2a: Oru","|-damage|p2a: Oru|0 fnt","|-damage|p1a: Bae|0 fnt|[from] recoil|[of] p2a: Oru","|faint|p2a: Oru","|faint|p1a: Bae","|","|-sideend|p1: Intern Olbezerkolo|move: Tailwind","|-fieldend|move: Trick Room","|","|switch|p2a: Sen|Sableye-Mega, M|47/304","|switch|p1a: Thor's Hairbrush|Zapdos|336/384 brn","|-ability|p1a: Thor's Hairbrush|Pressure","|turn|67","|","|move|p1a: Thor's Hairbrush|Heat Wave|p2a: Sen","|-miss|p1a: Thor's Hairbrush|p2a: Sen","|move|p2a: Sen|Recover|p2a: Sen","|-heal|p2a: Sen|199/304","|","|-heal|p1a: Thor's Hairbrush|360/384 brn|[from] item: Leftovers","|-damage|p1a: Thor's Hairbrush|312/384 brn|[from] brn","|turn|68","|","|move|p1a: Thor's Hairbrush|Heat Wave|p2a: Sen","|-damage|p2a: Sen|133/304","|move|p2a: Sen|Recover|p2a: Sen","|-heal|p2a: Sen|285/304","|","|-heal|p1a: Thor's Hairbrush|336/384 brn|[from] item: Leftovers","|-damage|p1a: Thor's Hairbrush|288/384 brn|[from] brn","|turn|69","|","|move|p1a: Thor's Hairbrush|Heat Wave|p2a: Sen","|-damage|p2a: Sen|225/304","|move|p2a: Sen|Knock Off|p1a: Thor's Hairbrush","|-damage|p1a: Thor's Hairbrush|201/384 brn","|-enditem|p1a: Thor's Hairbrush|Leftovers|[from] move: Knock Off|[of] p2a: Sen","|","|-damage|p1a: Thor's Hairbrush|153/384 brn|[from] brn","|turn|70","|","|move|p1a: Thor's Hairbrush|Roost|p1a: Thor's Hairbrush","|-heal|p1a: Thor's Hairbrush|345/384 brn","|move|p2a: Sen|Knock Off|p1a: Thor's Hairbrush","|-damage|p1a: Thor's Hairbrush|285/384 brn","|","|-damage|p1a: Thor's Hairbrush|237/384 brn|[from] brn","|turn|71","|","|move|p1a: Thor's Hairbrush|Heat Wave|p2a: Sen","|-damage|p2a: Sen|160/304","|move|p2a: Sen|Knock Off|p1a: Thor's Hairbrush","|-damage|p1a: Thor's Hairbrush|176/384 brn","|","|-damage|p1a: Thor's Hairbrush|128/384 brn|[from] brn","|turn|72","|","|move|p1a: Thor's Hairbrush|Roost|p1a: Thor's Hairbrush","|-heal|p1a: Thor's Hairbrush|320/384 brn","|move|p2a: Sen|Recover|p2a: Sen","|-heal|p2a: Sen|304/304","|","|-damage|p1a: Thor's Hairbrush|272/384 brn|[from] brn","|turn|73","|","|move|p1a: Thor's Hairbrush|Tailwind|p1a: Thor's Hairbrush","|-sidestart|p1: Intern Olbezerkolo|move: Tailwind","|move|p2a: Sen|Knock Off|p1a: Thor's Hairbrush","|-damage|p1a: Thor's Hairbrush|212/384 brn","|","|-damage|p1a: Thor's Hairbrush|164/384 brn|[from] brn","|turn|74","|","|move|p1a: Thor's Hairbrush|Roost|p1a: Thor's Hairbrush","|-heal|p1a: Thor's Hairbrush|356/384 brn","|move|p2a: Sen|Knock Off|p1a: Thor's Hairbrush","|-damage|p1a: Thor's Hairbrush|290/384 brn","|","|-damage|p1a: Thor's Hairbrush|242/384 brn|[from] brn","|turn|75","|","|move|p1a: Thor's Hairbrush|Heat Wave|p2a: Sen","|-damage|p2a: Sen|238/304","|move|p2a: Sen|Knock Off|p1a: Thor's Hairbrush","|-crit|p1a: Thor's Hairbrush","|-damage|p1a: Thor's Hairbrush|155/384 brn","|","|-damage|p1a: Thor's Hairbrush|107/384 brn|[from] brn","|turn|76","|","|move|p1a: Thor's Hairbrush|Roost|p1a: Thor's Hairbrush","|-heal|p1a: Thor's Hairbrush|299/384 brn","|move|p2a: Sen|Knock Off|p1a: Thor's Hairbrush","|-crit|p1a: Thor's Hairbrush","|-damage|p1a: Thor's Hairbrush|209/384 brn","|","|-damage|p1a: Thor's Hairbrush|161/384 brn|[from] brn","|-sideend|p1: Intern Olbezerkolo|move: Tailwind","|turn|77","|","|move|p1a: Thor's Hairbrush|Roost|p1a: Thor's Hairbrush","|-heal|p1a: Thor's Hairbrush|353/384 brn","|move|p2a: Sen|Knock Off|p1a: Thor's Hairbrush","|-damage|p1a: Thor's Hairbrush|287/384 brn","|","|-damage|p1a: Thor's Hairbrush|239/384 brn|[from] brn","|turn|78","|","|move|p1a: Thor's Hairbrush|Heat Wave|p2a: Sen","|-damage|p2a: Sen|177/304","|move|p2a: Sen|Recover|p2a: Sen","|-heal|p2a: Sen|304/304","|","|-damage|p1a: Thor's Hairbrush|191/384 brn|[from] brn","|turn|79","|","|move|p1a: Thor's Hairbrush|Heat Wave|p2a: Sen","|-miss|p1a: Thor's Hairbrush|p2a: Sen","|move|p2a: Sen|Knock Off|p1a: Thor's Hairbrush","|-damage|p1a: Thor's Hairbrush|130/384 brn","|","|-damage|p1a: Thor's Hairbrush|82/384 brn|[from] brn","|turn|80","|","|move|p1a: Thor's Hairbrush|Roost|p1a: Thor's Hairbrush","|-heal|p1a: Thor's Hairbrush|274/384 brn","|move|p2a: Sen|Knock Off|p1a: Thor's Hairbrush","|-damage|p1a: Thor's Hairbrush|214/384 brn","|","|-damage|p1a: Thor's Hairbrush|166/384 brn|[from] brn","|turn|81","|","|move|p1a: Thor's Hairbrush|Roost|p1a: Thor's Hairbrush","|-heal|p1a: Thor's Hairbrush|358/384 brn","|move|p2a: Sen|Knock Off|p1a: Thor's Hairbrush","|-damage|p1a: Thor's Hairbrush|300/384 brn","|","|-damage|p1a: Thor's Hairbrush|252/384 brn|[from] brn","|turn|82","|","|move|p1a: Thor's Hairbrush|Heat Wave|p2a: Sen","|-damage|p2a: Sen|235/304","|move|p2a: Sen|Toxic|p1a: Thor's Hairbrush|[miss]","|-miss|p2a: Sen|p1a: Thor's Hairbrush","|","|-damage|p1a: Thor's Hairbrush|204/384 brn|[from] brn","|turn|83","|","|move|p1a: Thor's Hairbrush|Rain Dance|p1a: Thor's Hairbrush","|-weather|RainDance","|move|p2a: Sen|Toxic|p1a: Thor's Hairbrush","|-fail|p1a: Thor's Hairbrush","|","|-weather|RainDance|[upkeep]","|-damage|p1a: Thor's Hairbrush|156/384 brn|[from] brn","|turn|84","|","|move|p1a: Thor's Hairbrush|Roost|p1a: Thor's Hairbrush","|-heal|p1a: Thor's Hairbrush|348/384 brn","|move|p2a: Sen|Knock Off|p1a: Thor's Hairbrush","|-damage|p1a: Thor's Hairbrush|282/384 brn","|","|-weather|RainDance|[upkeep]","|-damage|p1a: Thor's Hairbrush|234/384 brn|[from] brn","|turn|85","|","|move|p1a: Thor's Hairbrush|Rain Dance|p1a: Thor's Hairbrush","|-fail|p1a: Thor's Hairbrush","|move|p2a: Sen|Knock Off|p1a: Thor's Hairbrush","|-damage|p1a: Thor's Hairbrush|170/384 brn","|","|-weather|RainDance|[upkeep]","|-damage|p1a: Thor's Hairbrush|122/384 brn|[from] brn","|turn|86","|","|move|p1a: Thor's Hairbrush|Roost|p1a: Thor's Hairbrush","|-heal|p1a: Thor's Hairbrush|314/384 brn","|move|p2a: Sen|Knock Off|p1a: Thor's Hairbrush","|-damage|p1a: Thor's Hairbrush|254/384 brn","|","|-weather|RainDance|[upkeep]","|-damage|p1a: Thor's Hairbrush|206/384 brn|[from] brn","|turn|87","|","|move|p1a: Thor's Hairbrush|Tailwind|p1a: Thor's Hairbrush","|-sidestart|p1: Intern Olbezerkolo|move: Tailwind","|move|p2a: Sen|Knock Off|p1a: Thor's Hairbrush","|-damage|p1a: Thor's Hairbrush|143/384 brn","|","|-weather|none","|-damage|p1a: Thor's Hairbrush|95/384 brn|[from] brn","|turn|88","|","|move|p1a: Thor's Hairbrush|Roost|p1a: Thor's Hairbrush","|-heal|p1a: Thor's Hairbrush|287/384 brn","|move|p2a: Sen|Knock Off|p1a: Thor's Hairbrush","|-damage|p1a: Thor's Hairbrush|223/384 brn","|","|-damage|p1a: Thor's Hairbrush|175/384 brn|[from] brn","|turn|89","|","|move|p1a: Thor's Hairbrush|Heat Wave|p2a: Sen","|-damage|p2a: Sen|170/304","|move|p2a: Sen|Recover|p2a: Sen","|-heal|p2a: Sen|304/304","|","|-damage|p1a: Thor's Hairbrush|127/384 brn|[from] brn","|turn|90","|","|move|p1a: Thor's Hairbrush|Roost|p1a: Thor's Hairbrush","|-heal|p1a: Thor's Hairbrush|319/384 brn","|move|p2a: Sen|Toxic|p1a: Thor's Hairbrush","|-fail|p1a: Thor's Hairbrush","|","|-damage|p1a: Thor's Hairbrush|271/384 brn|[from] brn","|-sideend|p1: Intern Olbezerkolo|move: Tailwind","|turn|91","|","|move|p1a: Thor's Hairbrush|Rain Dance|p1a: Thor's Hairbrush","|-weather|RainDance","|move|p2a: Sen|Toxic|p1a: Thor's Hairbrush|[miss]","|-miss|p2a: Sen|p1a: Thor's Hairbrush","|","|-weather|RainDance|[upkeep]","|-damage|p1a: Thor's Hairbrush|223/384 brn|[from] brn","|turn|92","|","|move|p1a: Thor's Hairbrush|Tailwind|p1a: Thor's Hairbrush","|-sidestart|p1: Intern Olbezerkolo|move: Tailwind","|move|p2a: Sen|Will-O-Wisp|p1a: Thor's Hairbrush","|-fail|p1a: Thor's Hairbrush|brn","|","|-weather|RainDance|[upkeep]","|-damage|p1a: Thor's Hairbrush|175/384 brn|[from] brn","|turn|93","|","|move|p1a: Thor's Hairbrush|Roost|p1a: Thor's Hairbrush","|-heal|p1a: Thor's Hairbrush|367/384 brn","|move|p2a: Sen|Toxic|p1a: Thor's Hairbrush","|-fail|p1a: Thor's Hairbrush","|","|-weather|RainDance|[upkeep]","|-damage|p1a: Thor's Hairbrush|319/384 brn|[from] brn","|turn|94","|","|move|p1a: Thor's Hairbrush|Rain Dance|p1a: Thor's Hairbrush","|-fail|p1a: Thor's Hairbrush","|move|p2a: Sen|Toxic|p1a: Thor's Hairbrush","|-fail|p1a: Thor's Hairbrush","|","|-weather|RainDance|[upkeep]","|-damage|p1a: Thor's Hairbrush|271/384 brn|[from] brn","|turn|95","|","|move|p1a: Thor's Hairbrush|Rain Dance|p1a: Thor's Hairbrush","|-fail|p1a: Thor's Hairbrush","|move|p2a: Sen|Toxic|p1a: Thor's Hairbrush","|-fail|p1a: Thor's Hairbrush","|","|-weather|none","|-damage|p1a: Thor's Hairbrush|223/384 brn|[from] brn","|-sideend|p1: Intern Olbezerkolo|move: Tailwind","|turn|96","|","|move|p1a: Thor's Hairbrush|Tailwind|p1a: Thor's Hairbrush","|-sidestart|p1: Intern Olbezerkolo|move: Tailwind","|move|p2a: Sen|Toxic|p1a: Thor's Hairbrush","|-fail|p1a: Thor's Hairbrush","|","|-damage|p1a: Thor's Hairbrush|175/384 brn|[from] brn","|turn|97","|","|move|p1a: Thor's Hairbrush|Rain Dance|p1a: Thor's Hairbrush","|-weather|RainDance","|move|p2a: Sen|Will-O-Wisp|p1a: Thor's Hairbrush","|-fail|p1a: Thor's Hairbrush|brn","|","|-weather|RainDance|[upkeep]","|-damage|p1a: Thor's Hairbrush|127/384 brn|[from] brn","|turn|98","|","|move|p1a: Thor's Hairbrush|Rain Dance|p1a: Thor's Hairbrush","|-fail|p1a: Thor's Hairbrush","|move|p2a: Sen|Will-O-Wisp|p1a: Thor's Hairbrush","|-fail|p1a: Thor's Hairbrush|brn","|","|-weather|RainDance|[upkeep]","|-damage|p1a: Thor's Hairbrush|79/384 brn|[from] brn","|turn|99","|","|move|p1a: Thor's Hairbrush|Tailwind|p1a: Thor's Hairbrush","|-fail|p1a: Thor's Hairbrush","|move|p2a: Sen|Recover|p2a: Sen","|-fail|p2a: Sen","|","|-weather|RainDance|[upkeep]","|-damage|p1a: Thor's Hairbrush|31/384 brn|[from] brn","|-sideend|p1: Intern Olbezerkolo|move: Tailwind","|turn|100","|","|move|p1a: Thor's Hairbrush|Tailwind|p1a: Thor's Hairbrush","|-sidestart|p1: Intern Olbezerkolo|move: Tailwind","|move|p2a: Sen|Recover|p2a: Sen","|-fail|p2a: Sen","|","|-weather|RainDance|[upkeep]","|-damage|p1a: Thor's Hairbrush|0 fnt|[from] brn","|faint|p1a: Thor's Hairbrush","|","|win|Etrayu"],"p1rating":{"entryid":"7487892","serverid":"eos","formatid":"monotype","userid":"internolbezerkolo","username":"InternOlbezerkolo","w":"5","l":8,"t":"0","gxe":44,"r":"1448.3804134","rd":"84.410833129246","sigma":"0","rptime":"1439283600","rpr":1453.0825833825,"rprd":80.286087547735,"rpsigma":"0","acre":1053.8498403174,"lacre":1053.8498403174,"oldacre":"1068.987928779"},"p2rating":{"entryid":"6733042","serverid":"eos","formatid":"monotype","userid":"etrayu","username":"Etrayu","w":66,"l":"59","t":"1","gxe":53.4,"r":"1518.1954294789","rd":"38.856874974974","sigma":"0","rptime":"1439283600","rpr":1525.9819171877,"rprd":36.494635123881,"rpsigma":"0","acre":1178.5710470215,"lacre":1178.5710470215,"oldacre":"1159.9722318814"},"endType":"normal"}