{"seed":[6607,30556,50446,44437],"turns":26,"p1":"V JZB","p2":"GTX♅Bzumzum","p1team":[{"name":"Chansey","species":"Chansey","item":"eviolite","ability":"Natural Cure","moves":["healbell","softboiled","stealthrock","seismictoss"],"nature":"Bold","evs":{"hp":252,"atk":0,"def":252,"spa":0,"spd":4,"spe":0},"ivs":{"hp":31,"atk":31,"def":31,"spa":31,"spd":31,"spe":31}},{"name":"Puppy","species":"furfrou","item":"leftovers","ability":"Fur Coat","moves":["thunderwave","toxic","uturn","roar"],"nature":"Impish","evs":{"hp":220,"atk":0,"def":252,"spa":0,"spd":0,"spe":36},"ivs":{"hp":31,"atk":31,"def":31,"spa":31,"spd":31,"spe":31}},{"name":"Pidgeot","species":"Pidgeot","item":"pidgeotite","ability":"Big Pecks","moves":["hurricane","heatwave","protect","defog"],"nature":"Timid","evs":{"hp":4,"atk":0,"def":0,"spa":252,"spd":0,"spe":252},"ivs":{"hp":31,"atk":31,"def":31,"spa":31,"spd":31,"spe":31}},{"name":"Bibarel","species":"Bibarel","item":"leftovers","ability":"Simple","moves":["amnesia","protect","chargebeam","scald"],"nature":"Bold","evs":{"hp":252,"atk":0,"def":252,"spa":0,"spd":4,"spe":0},"ivs":{"hp":31,"atk":31,"def":31,"spa":31,"spd":31,"spe":31}},{"name":"Cyber","species":"porygon2","item":"eviolite","ability":"Trace","moves":["psyshock","discharge","icebeam","recover"],"nature":"Bold","evs":{"hp":56,"atk":0,"def":200,"spa":108,"spd":144,"spe":0},"ivs":{"hp":31,"atk":31,"def":31,"spa":31,"spd":31,"spe":31}},{"name":"Dunsparce","species":"Dunsparce","item":"leftovers","ability":"Serene Grace","moves":["glare","coil","bite","roost"],"nature":"Careful","evs":{"hp":240,"atk":0,"def":16,"spa":0,"spd":252,"spe":0},"ivs":{"hp":31,"atk":31,"def":31,"spa":31,"spd":31,"spe":31}}],"p2team":[{"name":"Elec","species":"manectric","item":"manectite","ability":"Lightning Rod","moves":["thunderbolt","hiddenpowergrass","voltswitch","overheat"],"nature":"Timid","evs":{"hp":0,"atk":0,"def":0,"spa":252,"spd":4,"spe":252},"gender":"M","ivs":{"hp":31,"atk":30,"def":31,"spa":30,"spd":31,"spe":31}},{"name":"Water-Safe","species":"rotomwash","item":"chestoberry","ability":"Levitate","moves":["hydropump","hiddenpowerice","willowisp","rest"],"nature":"Bold","evs":{"hp":236,"atk":0,"def":96,"spa":16,"spd":160,"spe":0},"ivs":{"hp":31,"atk":30,"def":30,"spa":31,"spd":31,"spe":31},"shiny":true},{"name":"MY ZONE!!!","species":"magnezone","item":"choicespecs","ability":"Sturdy","moves":["hiddenpowerice","flashcannon","triattack","signalbeam"],"nature":"Modest","evs":{"hp":248,"atk":0,"def":0,"spa":252,"spd":8,"spe":0},"ivs":{"hp":31,"atk":30,"def":30,"spa":31,"spd":31,"spe":31},"shiny":true},{"name":"Thundernor","species":"eelektross","item":"leftovers","ability":"Levitate","moves":["coil","drainpunch","knockoff","uturn"],"nature":"Adamant","evs":{"hp":252,"atk":252,"def":0,"spa":0,"spd":0,"spe":4},"gender":"M","shiny":true,"ivs":{"hp":31,"atk":31,"def":31,"spa":31,"spd":31,"spe":31}},{"name":"Zapz","species":"zapdos","item":"leftovers","ability":"Pressure","moves":["heatwave","roost","extrasensory","defog"],"nature":"Modest","evs":{"hp":252,"atk":0,"def":0,"spa":252,"spd":4,"spe":0},"shiny":true,"ivs":{"hp":31,"atk":31,"def":31,"spa":31,"spd":31,"spe":31}},{"name":"Thundurus","species":"Thundurus","item":"safetygoggles","ability":"Prankster","moves":["torment","healblock","uturn","raindance"],"nature":"Impish","evs":{"hp":252,"atk":0,"def":124,"spa":0,"spd":124,"spe":8},"shiny":true,"ivs":{"hp":31,"atk":31,"def":31,"spa":31,"spd":31,"spe":31}}],"log":["|player|p1|V JZB|154","|player|p2|GTX♅Bzumzum|225","|gametype|singles","|gen|6","|tier|Monotype","|rated","|rule|Baton Pass Clause: Limit one Baton Passer, can't pass Spe and other stats simultaneously","|rule|Swagger Clause: Swagger is banned","|rule|Same Type Clause: Pokémon in a team must share a type","|clearpoke","|poke|p1|Chansey, F","|poke|p1|Furfrou, M","|poke|p1|Pidgeot, F","|poke|p1|Bibarel, F","|poke|p1|Porygon2","|poke|p1|Dunsparce, M","|poke|p2|Manectric, M","|poke|p2|Rotom-Wash, shiny","|poke|p2|Magnezone, shiny","|poke|p2|Eelektross, M, shiny","|poke|p2|Zapdos, shiny","|poke|p2|Thundurus, M, shiny","|rule|Sleep Clause Mod: Limit one foe put to sleep","|rule|Species Clause: Limit one of each Pokémon","|rule|OHKO Clause: OHKO moves are banned","|rule|Moody Clause: Moody is banned","|rule|Evasion Moves Clause: Evasion moves are banned","|rule|Endless Battle Clause: Forcing endless battles is banned","|rule|HP Percentage Mod: HP is shown in percentages","|teampreview","|","|start","|switch|p1a: Dunsparce|Dunsparce, M|401/401","|switch|p2a: Thundurus|Thundurus, M, shiny|362/362","|turn|1","|","|move|p2a: Thundurus|Torment|p1a: Dunsparce","|-start|p1a: Dunsparce|Torment","|move|p1a: Dunsparce|Coil|p1a: Dunsparce","|-boost|p1a: Dunsparce|atk|1","|-boost|p1a: Dunsparce|def|1","|-boost|p1a: Dunsparce|accuracy|1","|","|turn|2","|","|move|p2a: Thundurus|Heal Block|p1a: Dunsparce","|-start|p1a: Dunsparce|move: Heal Block","|move|p1a: Dunsparce|Bite|p2a: Thundurus","|-damage|p2a: Thundurus|307/362","|","|turn|3","|","|move|p2a: Thundurus|U-turn|p1a: Dunsparce","|-damage|p1a: Dunsparce|347/401","|","|switch|p2a: Thundernor|Eelektross, M, shiny|374/374","|move|p1a: Dunsparce|Coil|p1a: Dunsparce","|-boost|p1a: Dunsparce|atk|1","|-boost|p1a: Dunsparce|def|1","|-boost|p1a: Dunsparce|accuracy|1","|","|turn|4","|","|move|p2a: Thundernor|Coil|p2a: Thundernor","|-boost|p2a: Thundernor|atk|1","|-boost|p2a: Thundernor|def|1","|-boost|p2a: Thundernor|accuracy|1","|move|p1a: Dunsparce|Bite|p2a: Thundernor","|-damage|p2a: Thundernor|319/374","|","|-heal|p2a: Thundernor|342/374|[from] item: Leftovers","|turn|5","|","|switch|p1a: Puppy|Furfrou, M|346/346","|move|p2a: Thundernor|Coil|p2a: Thundernor","|-boost|p2a: Thundernor|atk|1","|-boost|p2a: Thundernor|def|1","|-boost|p2a: Thundernor|accuracy|1","|","|-heal|p2a: Thundernor|365/374|[from] item: Leftovers","|turn|6","|","|move|p2a: Thundernor|Knock Off|p1a: Puppy","|-damage|p1a: Puppy|231/346","|-enditem|p1a: Puppy|Leftovers|[from] move: Knock Off|[of] p2a: Thundernor","|move|p1a: Puppy|Roar|p2a: Thundernor","|drag|p2a: Zapz|Zapdos, shiny|384/384","|-ability|p2a: Zapz|Pressure","|","|turn|7","|","|move|p1a: Puppy|Toxic|p2a: Zapz","|-status|p2a: Zapz|tox","|move|p2a: Zapz|Extrasensory|p1a: Puppy","|-damage|p1a: Puppy|125/346","|","|-damage|p2a: Zapz|360/384 tox|[from] psn","|turn|8","|","|move|p1a: Puppy|U-turn|p2a: Zapz","|-resisted|p2a: Zapz","|-damage|p2a: Zapz|336/384 tox","|","|switch|p1a: Chansey|Chansey, F|704/704","|move|p2a: Zapz|Extrasensory|p1a: Chansey","|-damage|p1a: Chansey|638/704","|","|-heal|p2a: Zapz|360/384 tox|[from] item: Leftovers","|-damage|p2a: Zapz|312/384 tox|[from] psn","|turn|9","|","|move|p2a: Zapz|Heat Wave|p1a: Chansey","|-damage|p1a: Chansey|559/704","|move|p1a: Chansey|Stealth Rock|p2a: Zapz","|-sidestart|p2: GTX♅Bzumzum|move: Stealth Rock","|","|-heal|p2a: Zapz|336/384 tox|[from] item: Leftovers","|-damage|p2a: Zapz|264/384 tox|[from] psn","|turn|10","|","|switch|p1a: Bibarel|Bibarel, F|362/362","|move|p2a: Zapz|Defog|p1a: Bibarel","|-unboost|p1a: Bibarel|evasion|2","|-sideend|p2: GTX♅Bzumzum|Stealth Rock|[from] move: Defog|[of] p2a: Zapz","|","|-heal|p2a: Zapz|288/384 tox|[from] item: Leftovers","|-damage|p2a: Zapz|192/384 tox|[from] psn","|turn|11","|","|switch|p2a: Water-Safe|Rotom-Wash, shiny|300/300","|move|p1a: Bibarel|Amnesia|p1a: Bibarel","|-boost|p1a: Bibarel|spd|4","|","|turn|12","|","|move|p1a: Bibarel|Protect|p1a: Bibarel","|-singleturn|p1a: Bibarel|Protect","|move|p2a: Water-Safe|Will-O-Wisp|p1a: Bibarel","|-activate|p1a: Bibarel|Protect","|","|turn|13","|","|switch|p1a: Pidgeot|Pidgeot, F|308/308","|move|p2a: Water-Safe|Will-O-Wisp|p1a: Pidgeot","|-status|p1a: Pidgeot|brn","|","|-damage|p1a: Pidgeot|270/308 brn|[from] brn","|turn|14","|","|switch|p1a: Puppy|Furfrou, M|125/346","|move|p2a: Water-Safe|Hidden Power|p1a: Puppy","|-damage|p1a: Puppy|73/346","|","|turn|15","|","|move|p1a: Puppy|Toxic|p2a: Water-Safe","|-status|p2a: Water-Safe|tox","|move|p2a: Water-Safe|Hydro Pump|p1a: Puppy","|-damage|p1a: Puppy|0 fnt","|faint|p1a: Puppy","|","|-damage|p2a: Water-Safe|282/300 tox|[from] psn","|","|switch|p1a: Chansey|Chansey, F|559/704","|turn|16","|","|switch|p2a: Thundurus|Thundurus, M, shiny|307/362","|move|p1a: Chansey|Stealth Rock|p2a: Thundurus","|-sidestart|p2: GTX♅Bzumzum|move: Stealth Rock","|","|turn|17","|","|move|p2a: Thundurus|Heal Block|p1a: Chansey","|-start|p1a: Chansey|move: Heal Block","|move|p1a: Chansey|Seismic Toss|p2a: Thundurus","|-damage|p2a: Thundurus|207/362","|","|turn|18","|","|switch|p1a: Cyber|Porygon2|325/325","|-ability|p1a: Cyber|Prankster|[from] ability: Trace|[of] p2a: Thundurus","|move|p2a: Thundurus|U-turn|p1a: Cyber","|-damage|p1a: Cyber|294/325","|","|switch|p2a: Elec|Manectric, M|281/281","|-damage|p2a: Elec|246/281|[from] Stealth Rock","|","|turn|19","|","|detailschange|p2a: Elec|Manectric-Mega, M","|-mega|p2a: Elec|Manectric|Manectite","|-ability|p2a: Elec|Intimidate","|-unboost|p1a: Cyber|atk|1","|move|p2a: Elec|Volt Switch|p1a: Cyber","|-damage|p1a: Cyber|215/325","|","|switch|p2a: Zapz|Zapdos, shiny|192/384 tox","|-damage|p2a: Zapz|96/384 tox|[from] Stealth Rock","|-ability|p2a: Zapz|Pressure","|move|p1a: Cyber|Psyshock|p2a: Zapz","|-damage|p2a: Zapz|9/384 tox","|","|-heal|p2a: Zapz|33/384 tox|[from] item: Leftovers","|-damage|p2a: Zapz|9/384 tox|[from] psn","|turn|20","|","|move|p1a: Cyber|Recover|p1a: Cyber","|-heal|p1a: Cyber|325/325","|move|p2a: Zapz|Roost|p2a: Zapz","|-heal|p2a: Zapz|201/384 tox","|","|-heal|p2a: Zapz|225/384 tox|[from] item: Leftovers","|-damage|p2a: Zapz|177/384 tox|[from] psn","|turn|21","|","|switch|p1a: Bibarel|Bibarel, F|362/362","|move|p2a: Zapz|Defog|p1a: Bibarel","|-unboost|p1a: Bibarel|evasion|2","|-sideend|p2: GTX♅Bzumzum|Stealth Rock|[from] move: Defog|[of] p2a: Zapz","|","|-heal|p2a: Zapz|201/384 tox|[from] item: Leftovers","|-damage|p2a: Zapz|129/384 tox|[from] psn","|turn|22","|","|move|p2a: Zapz|Roost|p2a: Zapz","|-heal|p2a: Zapz|321/384 tox","|move|p1a: Bibarel|Amnesia|p1a: Bibarel","|-boost|p1a: Bibarel|spd|4","|","|-heal|p2a: Zapz|345/384 tox|[from] item: Leftovers","|-damage|p2a: Zapz|249/384 tox|[from] psn","|turn|23","|","|switch|p2a: Thundernor|Eelektross, M, shiny|365/374","|move|p1a: Bibarel|Charge Beam|p2a: Thundernor","|-resisted|p2a: Thundernor","|-damage|p2a: Thundernor|350/374","|","|-heal|p2a: Thundernor|373/374|[from] item: Leftovers","|turn|24","|","|move|p1a: Bibarel|Scald|p2a: Thundernor","|-damage|p2a: Thundernor|301/374","|move|p2a: Thundernor|Coil|p2a: Thundernor","|-boost|p2a: Thundernor|atk|1","|-boost|p2a: Thundernor|def|1","|-boost|p2a: Thundernor|accuracy|1","|","|-heal|p2a: Thundernor|324/374|[from] item: Leftovers","|turn|25","|","|move|p1a: Bibarel|Scald|p2a: Thundernor","|-damage|p2a: Thundernor|248/374","|move|p2a: Thundernor|Coil|p2a: Thundernor","|-boost|p2a: Thundernor|atk|1","|-boost|p2a: Thundernor|def|1","|-boost|p2a: Thundernor|accuracy|1","|","|-heal|p2a: Thundernor|271/374|[from] item: Leftovers","|turn|26","|","|move|p1a: Bibarel|Scald|p2a: Thundernor","|-damage|p2a: Thundernor|202/374","|move|p2a: Thundernor|Drain Punch|p1a: Bibarel","|-crit|p1a: Bibarel","|-supereffective|p1a: Bibarel","|-damage|p1a: Bibarel|0 fnt","|-heal|p2a: Thundernor|374/374|[from] drain|[of] p1a: Bibarel","|faint|p1a: Bibarel","|","|","|win|GTX♅Bzumzum"],"p1rating":{"entryid":"7547388","serverid":"eos","formatid":"monotype","userid":"vjzb","username":"V JZB - ⓕⓞⓡⓐⓢⓔⓒ","w":"2","l":2,"t":"0","gxe":47.2,"r":"1460.3313483387","rd":"122.22701797113","sigma":"0","rptime":"1439370000","rpr":1478.0599803969,"rprd":107.24661115329,"rpsigma":"0","acre":1051.1246723017,"lacre":1051.1246723017,"oldacre":"1070.1028089042"},"p2rating":{"entryid":"6857825","serverid":"eos","formatid":"monotype","userid":"gtxbzumzum","username":"GTX♅Bzumzum","w":33,"l":"112","t":"0","gxe":23.3,"r":"1260.5936387129","rd":"34.080063403311","sigma":"0","rptime":"1439370000","rpr":1275.3465851607,"rprd":33.775532820157,"rpsigma":"0","acre":1119.8420206447,"lacre":1119.8420206447,"oldacre":"1096.1861371713"},"endType":"forfeit"}