{"seed":[29443,43630,13759,34276],"turns":28,"p1":"Lazulite Leavanny","p2":"Inferno Sasuke","p1team":[{"name":"Porygon-Z","species":"Porygon-Z","item":"choicespecs","ability":"Adaptability","moves":["triattack","shadowball","discharge","icebeam"],"nature":"Modest","evs":{"hp":0,"atk":0,"def":4,"spa":252,"spd":0,"spe":252},"ivs":{"hp":31,"atk":31,"def":31,"spa":31,"spd":31,"spe":31}},{"name":"Ditto","species":"Ditto","item":"choicescarf","ability":"Imposter","moves":["transform"],"nature":"","evs":{"hp":0,"atk":0,"def":0,"spa":0,"spd":0,"spe":0},"ivs":{"hp":31,"atk":31,"def":31,"spa":31,"spd":31,"spe":31}},{"name":"Snorlax","species":"Snorlax","item":"leftovers","ability":"Immunity","moves":["rest","sleeptalk","bodyslam","curse"],"nature":"Careful","evs":{"hp":252,"atk":4,"def":0,"spa":0,"spd":252,"spe":0},"ivs":{"hp":31,"atk":31,"def":31,"spa":31,"spd":31,"spe":31}},{"name":"Lopunny","species":"Lopunny","item":"lopunnite","ability":"Cute Charm","moves":["fakeout","return","highjumpkick","thunderpunch"],"nature":"Jolly","evs":{"hp":0,"atk":252,"def":0,"spa":0,"spd":4,"spe":252},"ivs":{"hp":31,"atk":31,"def":31,"spa":31,"spd":31,"spe":31}},{"name":"Chansey","species":"Chansey","item":"eviolite","ability":"Serene Grace","moves":["toxic","seismictoss","psychic","softboiled"],"nature":"Bold","evs":{"hp":248,"atk":0,"def":252,"spa":8,"spd":0,"spe":0},"ivs":{"hp":31,"atk":31,"def":31,"spa":31,"spd":31,"spe":31}},{"name":"Ambipom","species":"Ambipom","item":"lifeorb","ability":"Technician","moves":["fakeout","lastresort","doublehit"],"nature":"","evs":{"hp":4,"atk":252,"def":0,"spa":0,"spd":0,"spe":252},"ivs":{"hp":31,"atk":31,"def":31,"spa":31,"spd":31,"spe":31}}],"p2team":[{"name":"Whimsicott","species":"Whimsicott","item":"lifeorb","ability":"Prankster","moves":["gigadrain","stunspore","naturepower","moonblast"],"nature":"Timid","evs":{"hp":0,"atk":0,"def":0,"spa":252,"spd":4,"spe":252},"ivs":{"hp":31,"atk":0,"def":31,"spa":31,"spd":31,"spe":31},"shiny":true},{"name":"Breloom","species":"Breloom","item":"focussash","ability":"Technician","moves":["machpunch","bulletseed","rocktomb","spore"],"nature":"Jolly","evs":{"hp":0,"atk":252,"def":0,"spa":0,"spd":4,"spe":252},"shiny":true,"ivs":{"hp":31,"atk":31,"def":31,"spa":31,"spd":31,"spe":31}},{"name":"Ferrothorn","species":"Ferrothorn","item":"rockyhelmet","ability":"Iron Barbs","moves":["gyroball","stealthrock","spikes","leechseed"],"nature":"Relaxed","evs":{"hp":248,"atk":0,"def":252,"spa":0,"spd":8,"spe":0},"ivs":{"hp":31,"atk":31,"def":31,"spa":31,"spd":31,"spe":0},"shiny":true},{"name":"Venusaur","species":"Venusaur","item":"venusaurite","ability":"Chlorophyll","moves":["sludgebomb","gigadrain","hiddenpowerfire","synthesis"],"nature":"Modest","evs":{"hp":232,"atk":0,"def":0,"spa":252,"spd":0,"spe":24},"ivs":{"hp":31,"atk":0,"def":31,"spa":30,"spd":31,"spe":30},"shiny":true},{"name":"Cradily","species":"Cradily","item":"leftovers","ability":"Suction Cups","moves":["earthquake","rockslide","recover","curse"],"nature":"Careful","evs":{"hp":248,"atk":0,"def":8,"spa":0,"spd":252,"spe":0},"shiny":true,"ivs":{"hp":31,"atk":31,"def":31,"spa":31,"spd":31,"spe":31}},{"name":"Celebi","species":"Celebi","item":"choicescarf","ability":"Natural Cure","moves":["psychic","earthpower","energyball","dazzlinggleam"],"nature":"Timid","evs":{"hp":0,"atk":0,"def":0,"spa":252,"spd":4,"spe":252},"ivs":{"hp":31,"atk":0,"def":31,"spa":31,"spd":31,"spe":31}}],"log":["|player|p1|Lazulite Leavanny|102","|player|p2|Inferno Sasuke|281","|gametype|singles","|gen|6","|tier|Monotype","|rated","|rule|Baton Pass Clause: Limit one Baton Passer, can't pass Spe and other stats simultaneously","|rule|Swagger Clause: Swagger is banned","|rule|Same Type Clause: Pokémon in a team must share a type","|clearpoke","|poke|p1|Porygon-Z","|poke|p1|Ditto","|poke|p1|Snorlax, M","|poke|p1|Lopunny, M","|poke|p1|Chansey, F","|poke|p1|Ambipom, M","|poke|p2|Whimsicott, F, shiny","|poke|p2|Breloom, F, shiny","|poke|p2|Ferrothorn, F, shiny","|poke|p2|Venusaur, F, shiny","|poke|p2|Cradily, F, shiny","|poke|p2|Celebi","|rule|Sleep Clause Mod: Limit one foe put to sleep","|rule|Species Clause: Limit one of each Pokémon","|rule|OHKO Clause: OHKO moves are banned","|rule|Moody Clause: Moody is banned","|rule|Evasion Moves Clause: Evasion moves are banned","|rule|Endless Battle Clause: Forcing endless battles is banned","|rule|HP Percentage Mod: HP is shown in percentages","|teampreview","|","|start","|switch|p1a: Porygon-Z|Porygon-Z|311/311","|switch|p2a: Cradily|Cradily, F, shiny|375/375","|turn|1","|","|move|p1a: Porygon-Z|Tri Attack|p2a: Cradily","|-resisted|p2a: Cradily","|-damage|p2a: Cradily|273/375","|-status|p2a: Cradily|frz","|-curestatus|p2a: Cradily|frz","|move|p2a: Cradily|Curse|p2a: Cradily","|-unboost|p2a: Cradily|spe|1","|-boost|p2a: Cradily|atk|1","|-boost|p2a: Cradily|def|1","|","|-heal|p2a: Cradily|296/375|[from] item: Leftovers","|turn|2","|","|move|p1a: Porygon-Z|Tri Attack|p2a: Cradily","|-resisted|p2a: Cradily","|-damage|p2a: Cradily|192/375","|-status|p2a: Cradily|brn","|move|p2a: Cradily|Curse|p2a: Cradily","|-unboost|p2a: Cradily|spe|1","|-boost|p2a: Cradily|atk|1","|-boost|p2a: Cradily|def|1","|","|-heal|p2a: Cradily|215/375 brn|[from] item: Leftovers","|-damage|p2a: Cradily|169/375 brn|[from] brn","|turn|3","|","|move|p1a: Porygon-Z|Tri Attack|p2a: Cradily","|-resisted|p2a: Cradily","|-damage|p2a: Cradily|58/375 brn","|move|p2a: Cradily|Recover|p2a: Cradily","|-heal|p2a: Cradily|246/375 brn","|","|-heal|p2a: Cradily|269/375 brn|[from] item: Leftovers","|-damage|p2a: Cradily|223/375 brn|[from] brn","|turn|4","|","|move|p1a: Porygon-Z|Tri Attack|p2a: Cradily","|-resisted|p2a: Cradily","|-damage|p2a: Cradily|115/375 brn","|move|p2a: Cradily|Recover|p2a: Cradily","|-heal|p2a: Cradily|303/375 brn","|","|-heal|p2a: Cradily|326/375 brn|[from] item: Leftovers","|-damage|p2a: Cradily|280/375 brn|[from] brn","|turn|5","|","|move|p1a: Porygon-Z|Tri Attack|p2a: Cradily","|-resisted|p2a: Cradily","|-damage|p2a: Cradily|169/375 brn","|move|p2a: Cradily|Rock Slide|p1a: Porygon-Z","|-crit|p1a: Porygon-Z","|-damage|p1a: Porygon-Z|173/311","|","|-heal|p2a: Cradily|192/375 brn|[from] item: Leftovers","|-damage|p2a: Cradily|146/375 brn|[from] brn","|turn|6","|","|switch|p2a: Venusaur|Venusaur, F, shiny|359/359","|move|p1a: Porygon-Z|Tri Attack|p2a: Venusaur","|-damage|p2a: Venusaur|23/359","|","|turn|7","|","|detailschange|p2a: Venusaur|Venusaur-Mega, F, shiny","|-mega|p2a: Venusaur|Venusaur|Venusaurite","|move|p1a: Porygon-Z|Tri Attack|p2a: Venusaur","|-damage|p2a: Venusaur|0 fnt","|faint|p2a: Venusaur","|","|","|switch|p2a: Celebi|Celebi|341/341","|turn|8","|","|move|p2a: Celebi|Earth Power|p1a: Porygon-Z","|-crit|p1a: Porygon-Z","|-damage|p1a: Porygon-Z|10/311","|move|p1a: Porygon-Z|Tri Attack|p2a: Celebi","|-damage|p2a: Celebi|39/341","|","|turn|9","|","|move|p2a: Celebi|Earth Power|p1a: Porygon-Z","|-damage|p1a: Porygon-Z|0 fnt","|faint|p1a: Porygon-Z","|","|","|switch|p1a: Ambipom|Ambipom, M|292/292","|turn|10","|","|switch|p2a: Whimsicott|Whimsicott, F, shiny|261/261","|move|p1a: Ambipom|Fake Out|p2a: Whimsicott","|-damage|p2a: Whimsicott|128/261","|-damage|p1a: Ambipom|263/292|[from] item: Life Orb","|","|turn|11","|","|move|p2a: Whimsicott|Moonblast|p1a: Ambipom","|-damage|p1a: Ambipom|29/292","|-unboost|p1a: Ambipom|spa|1","|-damage|p2a: Whimsicott|102/261|[from] item: Life Orb","|move|p1a: Ambipom|Double Hit|p2a: Whimsicott|[miss]","|-miss|p1a: Ambipom|p2a: Whimsicott","|","|turn|12","|","|move|p2a: Whimsicott|Moonblast|p1a: Ambipom","|-damage|p1a: Ambipom|0 fnt","|-damage|p2a: Whimsicott|76/261|[from] item: Life Orb","|faint|p1a: Ambipom","|","|","|switch|p1a: Lopunny|Lopunny, M|271/271","|turn|13","|","|detailschange|p1a: Lopunny|Lopunny-Mega, M","|-mega|p1a: Lopunny|Lopunny|Lopunnite","|move|p1a: Lopunny|Fake Out|p2a: Whimsicott","|-damage|p2a: Whimsicott|0 fnt","|faint|p2a: Whimsicott","|","|","|switch|p2a: Breloom|Breloom, F, shiny|261/261","|turn|14","|","|move|p1a: Lopunny|Return|p2a: Breloom","|-damage|p2a: Breloom|23/261","|move|p2a: Breloom|Spore|p1a: Lopunny","|-status|p1a: Lopunny|slp","|","|turn|15","|","|move|p2a: Breloom|Mach Punch|p1a: Lopunny","|-supereffective|p1a: Lopunny","|-damage|p1a: Lopunny|61/271 slp","|cant|p1a: Lopunny|slp","|","|turn|16","|","|move|p2a: Breloom|Mach Punch|p1a: Lopunny","|-supereffective|p1a: Lopunny","|-damage|p1a: Lopunny|0 fnt","|faint|p1a: Lopunny","|","|","|switch|p1a: Ditto|Ditto|237/237","|-transform|p1a: Ditto|p2a: Breloom","|turn|17","|","|move|p1a: Ditto|Mach Punch|p2a: Breloom","|-damage|p2a: Breloom|0 fnt","|faint|p2a: Breloom","|","|","|switch|p2a: Ferrothorn|Ferrothorn, F, shiny|351/351","|turn|18","|","|move|p1a: Ditto|Mach Punch|p2a: Ferrothorn","|-supereffective|p2a: Ferrothorn","|-damage|p2a: Ferrothorn|229/351","|-damage|p1a: Ditto|208/237|[from] ability: Iron Barbs|[of] p2a: Ferrothorn","|-damage|p1a: Ditto|169/237|[from] item: Rocky Helmet|[of] p2a: Ferrothorn","|move|p2a: Ferrothorn|Gyro Ball|p1a: Ditto","|-damage|p1a: Ditto|0 fnt","|faint|p1a: Ditto","|","|","|switch|p1a: Chansey|Chansey, F|703/703","|turn|19","|","|move|p1a: Chansey|Seismic Toss|p2a: Ferrothorn","|-damage|p2a: Ferrothorn|129/351","|-damage|p1a: Chansey|616/703|[from] ability: Iron Barbs|[of] p2a: Ferrothorn","|-damage|p1a: Chansey|499/703|[from] item: Rocky Helmet|[of] p2a: Ferrothorn","|move|p2a: Ferrothorn|Gyro Ball|p1a: Chansey","|-damage|p1a: Chansey|366/703","|","|turn|20","|","|move|p1a: Chansey|Seismic Toss|p2a: Ferrothorn","|-damage|p2a: Ferrothorn|29/351","|-damage|p1a: Chansey|279/703|[from] ability: Iron Barbs|[of] p2a: Ferrothorn","|-damage|p1a: Chansey|162/703|[from] item: Rocky Helmet|[of] p2a: Ferrothorn","|move|p2a: Ferrothorn|Leech Seed|p1a: Chansey","|-start|p1a: Chansey|move: Leech Seed","|","|-damage|p1a: Chansey|75/703|[from] Leech Seed|[of] p2a: Ferrothorn","|-heal|p2a: Ferrothorn|116/351|[silent]","|turn|21","|","|move|p1a: Chansey|Seismic Toss|p2a: Ferrothorn","|-damage|p2a: Ferrothorn|16/351","|-damage|p1a: Chansey|0 fnt|[from] ability: Iron Barbs|[of] p2a: Ferrothorn","|faint|p1a: Chansey","|move|p2a: Ferrothorn|Gyro Ball|p1: Chansey|[notarget]","|-notarget","|","|","|switch|p1a: Snorlax|Snorlax, M|524/524","|turn|22","|","|move|p1a: Snorlax|Body Slam|p2a: Ferrothorn","|-resisted|p2a: Ferrothorn","|-damage|p2a: Ferrothorn|0 fnt","|-damage|p1a: Snorlax|459/524|[from] ability: Iron Barbs|[of] p2a: Ferrothorn","|-damage|p1a: Snorlax|372/524|[from] item: Rocky Helmet|[of] p2a: Ferrothorn","|faint|p2a: Ferrothorn","|","|-heal|p1a: Snorlax|404/524|[from] item: Leftovers","|","|switch|p2a: Celebi|Celebi|39/341","|turn|23","|","|move|p2a: Celebi|Earth Power|p1a: Snorlax","|-damage|p1a: Snorlax|348/524","|move|p1a: Snorlax|Curse|p1a: Snorlax","|-unboost|p1a: Snorlax|spe|1","|-boost|p1a: Snorlax|atk|1","|-boost|p1a: Snorlax|def|1","|","|-heal|p1a: Snorlax|380/524|[from] item: Leftovers","|turn|24","|","|switch|p2a: Cradily|Cradily, F, shiny|146/375 brn","|move|p1a: Snorlax|Curse|p1a: Snorlax","|-unboost|p1a: Snorlax|spe|1","|-boost|p1a: Snorlax|atk|1","|-boost|p1a: Snorlax|def|1","|","|-heal|p2a: Cradily|169/375 brn|[from] item: Leftovers","|-heal|p1a: Snorlax|412/524|[from] item: Leftovers","|-damage|p2a: Cradily|123/375 brn|[from] brn","|turn|25","|","|move|p2a: Cradily|Recover|p2a: Cradily","|-heal|p2a: Cradily|311/375 brn","|move|p1a: Snorlax|Curse|p1a: Snorlax","|-unboost|p1a: Snorlax|spe|1","|-boost|p1a: Snorlax|atk|1","|-boost|p1a: Snorlax|def|1","|","|-heal|p2a: Cradily|334/375 brn|[from] item: Leftovers","|-heal|p1a: Snorlax|444/524|[from] item: Leftovers","|-damage|p2a: Cradily|288/375 brn|[from] brn","|turn|26","|","|move|p2a: Cradily|Curse|p2a: Cradily","|-unboost|p2a: Cradily|spe|1","|-boost|p2a: Cradily|atk|1","|-boost|p2a: Cradily|def|1","|move|p1a: Snorlax|Curse|p1a: Snorlax","|-unboost|p1a: Snorlax|spe|1","|-boost|p1a: Snorlax|atk|1","|-boost|p1a: Snorlax|def|1","|","|-heal|p2a: Cradily|311/375 brn|[from] item: Leftovers","|-heal|p1a: Snorlax|476/524|[from] item: Leftovers","|-damage|p2a: Cradily|265/375 brn|[from] brn","|turn|27","|","|move|p2a: Cradily|Rock Slide|p1a: Snorlax","|-damage|p1a: Snorlax|452/524","|move|p1a: Snorlax|Curse|p1a: Snorlax","|-unboost|p1a: Snorlax|spe|1","|-boost|p1a: Snorlax|atk|1","|-boost|p1a: Snorlax|def|1","|","|-heal|p2a: Cradily|288/375 brn|[from] item: Leftovers","|-heal|p1a: Snorlax|484/524|[from] item: Leftovers","|-damage|p2a: Cradily|242/375 brn|[from] brn","|turn|28","|","|win|Lazulite Leavanny"],"p1rating":{"entryid":"7549999","serverid":"eos","formatid":"monotype","userid":"lazuliteleavanny","username":"Lazulite Leavanny","w":13,"l":"4","t":"0","gxe":67.2,"r":"1555.262798558","rd":"92.650464186322","sigma":"0","rptime":"1439370000","rpr":1638.3098678551,"rprd":74.696011214839,"rpsigma":"0","acre":1238.7217001269,"lacre":1238.7217001269,"oldacre":"1224.9920411576"},"p2rating":{"entryid":"7291991","serverid":"eos","formatid":"monotype","userid":"infernosasuke","username":"Inferno Sasuke","w":"21","l":70,"t":"0","gxe":25.3,"r":1296.9132740552,"rd":41.086230594704,"sigma":"0","rptime":1439370000,"rpr":1295.1227813457,"rprd":40.922094051429,"rpsigma":"0","acre":1046.1108741762,"lacre":1046.1108741762,"oldacre":"1056.235285517"},"endType":"forfeit"}