{"seed":[2167,21775,26123,52962],"turns":36,"p1":"Guard Wanderer","p2":"Shining Yin","p1team":[{"name":"Weezing","species":"Weezing","item":"sitrusberry","ability":"Levitate","moves":["toxicspikes","willowisp","thief","memento"],"nature":"Careful","evs":{"hp":248,"atk":8,"def":0,"spa":0,"spd":252,"spe":0},"ivs":{"hp":31,"atk":31,"def":31,"spa":31,"spd":31,"spe":31}},{"name":"Dragalge","species":"Dragalge","item":"assaultvest","ability":"Adaptability","moves":["dracometeor","sludgewave","surf","dragontail"],"nature":"Modest","evs":{"hp":248,"atk":0,"def":0,"spa":252,"spd":8,"spe":0},"ivs":{"hp":31,"atk":31,"def":31,"spa":31,"spd":31,"spe":31}},{"name":"Skuntank","species":"Skuntank","item":"","ability":"Stench","moves":["snatch","thief","suckerpunch","poisonjab"],"nature":"Adamant","evs":{"hp":248,"atk":252,"def":0,"spa":0,"spd":8,"spe":0},"ivs":{"hp":31,"atk":31,"def":31,"spa":31,"spd":31,"spe":31}},{"name":"Venomoth","species":"Venomoth","item":"blacksludge","ability":"Tinted Lens","moves":["venoshock","protect","quiverdance","bugbuzz"],"nature":"Calm","evs":{"hp":240,"atk":0,"def":0,"spa":0,"spd":16,"spe":252},"ivs":{"hp":31,"atk":31,"def":31,"spa":31,"spd":31,"spe":31}},{"name":"Crobat","species":"Crobat","item":"whiteherb","ability":"Infiltrator","moves":["curse","acrobatics","roost","snatch"],"nature":"Jolly","evs":{"hp":248,"atk":8,"def":0,"spa":0,"spd":0,"spe":252},"ivs":{"hp":31,"atk":31,"def":31,"spa":31,"spd":31,"spe":31}},{"name":"Toxicroak","species":"Toxicroak","item":"bigroot","ability":"Poison Touch","moves":["suckerpunch","bulkup","thunderpunch","drainpunch"],"nature":"Adamant","evs":{"hp":248,"atk":252,"def":0,"spa":0,"spd":8,"spe":0},"ivs":{"hp":31,"atk":31,"def":31,"spa":31,"spd":31,"spe":31}}],"p2team":[{"name":"Aegislash","species":"Aegislash","item":"weaknesspolicy","ability":"Stance Change","moves":["kingsshield","swordsdance","shadowsneak","ironhead"],"nature":"Adamant","evs":{"hp":248,"atk":252,"def":0,"spa":0,"spd":8,"spe":0},"ivs":{"hp":31,"atk":31,"def":31,"spa":31,"spd":31,"spe":31}},{"name":"Sableye","species":"Sableye","item":"sablenite","ability":"Prankster","moves":["willowisp","recover","calmmind","snarl"],"nature":"Calm","evs":{"hp":252,"atk":0,"def":160,"spa":0,"spd":96,"spe":0},"ivs":{"hp":31,"atk":0,"def":31,"spa":31,"spd":31,"spe":31}},{"name":"Golurk","species":"Golurk","item":"focussash","ability":"No Guard","moves":["stealthrock","stoneedge","dynamicpunch","earthquake"],"nature":"Adamant","evs":{"hp":0,"atk":252,"def":0,"spa":0,"spd":4,"spe":252},"ivs":{"hp":31,"atk":31,"def":31,"spa":31,"spd":31,"spe":31}},{"name":"Jellicent","species":"Jellicent","item":"leftovers","ability":"Cursed Body","moves":["acidarmor","toxic","recover","scald"],"nature":"Calm","evs":{"hp":252,"atk":0,"def":4,"spa":0,"spd":252,"spe":0},"gender":"M","ivs":{"hp":31,"atk":0,"def":31,"spa":31,"spd":31,"spe":31}},{"name":"Chandelure","species":"Chandelure","item":"choicescarf","ability":"Flash Fire","moves":["flamethrower","shadowball","energyball","trick"],"nature":"Timid","evs":{"hp":0,"atk":0,"def":4,"spa":252,"spd":0,"spe":252},"ivs":{"hp":31,"atk":30,"def":30,"spa":31,"spd":31,"spe":31}},{"name":"Gengar","species":"Gengar","item":"focussash","ability":"Levitate","moves":["destinybond","shadowball","icywind","sludgewave"],"nature":"Timid","evs":{"hp":0,"atk":0,"def":0,"spa":252,"spd":4,"spe":252},"ivs":{"hp":31,"atk":0,"def":31,"spa":31,"spd":31,"spe":31}}],"log":["|player|p1|Guard Wanderer|235","|player|p2|Shining Yin|206","|gametype|singles","|gen|6","|tier|Monotype","|rated","|rule|Baton Pass Clause: Limit one Baton Passer, can't pass Spe and other stats simultaneously","|rule|Swagger Clause: Swagger is banned","|rule|Same Type Clause: Pokémon in a team must share a type","|clearpoke","|poke|p1|Weezing, M","|poke|p1|Dragalge, F","|poke|p1|Skuntank, M","|poke|p1|Venomoth, F","|poke|p1|Crobat, F","|poke|p1|Toxicroak, M","|poke|p2|Aegislash, F","|poke|p2|Sableye, M","|poke|p2|Golurk","|poke|p2|Jellicent, M","|poke|p2|Chandelure, F","|poke|p2|Gengar, M","|rule|Sleep Clause Mod: Limit one foe put to sleep","|rule|Species Clause: Limit one of each Pokémon","|rule|OHKO Clause: OHKO moves are banned","|rule|Moody Clause: Moody is banned","|rule|Evasion Moves Clause: Evasion moves are banned","|rule|Endless Battle Clause: Forcing endless battles is banned","|rule|HP Percentage Mod: HP is shown in percentages","|teampreview","|","|start","|switch|p1a: Dragalge|Dragalge, F|333/333","|switch|p2a: Sableye|Sableye, M|304/304","|turn|1","|","|switch|p2a: Aegislash|Aegislash, F|323/323","|move|p1a: Dragalge|Draco Meteor|p2a: Aegislash|[miss]","|-miss|p1a: Dragalge|p2a: Aegislash","|","|turn|2","|","|move|p2a: Aegislash|Swords Dance|p2a: Aegislash","|-boost|p2a: Aegislash|atk|2","|move|p1a: Dragalge|Dragon Tail|p2a: Aegislash","|-resisted|p2a: Aegislash","|-damage|p2a: Aegislash|297/323","|drag|p2a: Golurk|Golurk|319/319","|","|turn|3","|","|switch|p1a: Weezing|Weezing, M|333/333","|move|p2a: Golurk|Dynamic Punch|p1a: Weezing","|-resisted|p1a: Weezing","|-damage|p1a: Weezing|279/333","|-start|p1a: Weezing|confusion","|","|turn|4","|","|switch|p2a: Sableye|Sableye, M|304/304","|-activate|p1a: Weezing|confusion","|move|p1a: Weezing|Toxic Spikes|p2a: Sableye","|-sidestart|p2: Shining Yin|move: Toxic Spikes","|","|turn|5","|","|switch|p1a: Dragalge|Dragalge, F|333/333","|detailschange|p2a: Sableye|Sableye-Mega, M","|-mega|p2a: Sableye|Sableye|Sablenite","|move|p2a: Sableye|Will-O-Wisp|p1a: Dragalge","|-status|p1a: Dragalge|brn","|","|-damage|p1a: Dragalge|292/333 brn|[from] brn","|turn|6","|","|switch|p2a: Aegislash|Aegislash, F|297/323","|move|p1a: Dragalge|Draco Meteor|p2a: Aegislash","|-resisted|p2a: Aegislash","|-damage|p2a: Aegislash|197/323","|-unboost|p1a: Dragalge|spa|2","|","|-damage|p1a: Dragalge|251/333 brn|[from] brn","|turn|7","|","|-formechange|p2a: Aegislash|Aegislash-Blade","|move|p2a: Aegislash|Iron Head|p1a: Dragalge","|-damage|p1a: Dragalge|58/333 brn","|move|p1a: Dragalge|Dragon Tail|p2a: Aegislash","|-resisted|p2a: Aegislash","|-damage|p2a: Aegislash|167/323","|drag|p2a: Jellicent|Jellicent, M|404/404","|-status|p2a: Jellicent|psn","|","|-damage|p2a: Jellicent|354/404 psn|[from] psn","|-damage|p1a: Dragalge|17/333 brn|[from] brn","|turn|8","|","|move|p2a: Jellicent|Scald|p1a: Dragalge","|-resisted|p1a: Dragalge","|-damage|p1a: Dragalge|0 fnt","|faint|p1a: Dragalge","|","|-heal|p2a: Jellicent|379/404 psn|[from] item: Leftovers","|-damage|p2a: Jellicent|329/404 psn|[from] psn","|","|switch|p1a: Venomoth|Venomoth, F|341/341","|turn|9","|","|switch|p2a: Sableye|Sableye-Mega, M|304/304","|-status|p2a: Sableye|psn","|move|p1a: Venomoth|Quiver Dance|p1a: Venomoth","|-boost|p1a: Venomoth|spa|1","|-boost|p1a: Venomoth|spd|1","|-boost|p1a: Venomoth|spe|1","|","|-damage|p2a: Sableye|266/304 psn|[from] psn","|turn|10","|","|move|p1a: Venomoth|Quiver Dance|p1a: Venomoth","|-boost|p1a: Venomoth|spa|1","|-boost|p1a: Venomoth|spd|1","|-boost|p1a: Venomoth|spe|1","|move|p2a: Sableye|Snarl|p1a: Venomoth","|-damage|p1a: Venomoth|307/341","|-unboost|p1a: Venomoth|spa|1","|","|-heal|p1a: Venomoth|328/341|[from] item: Black Sludge","|-damage|p2a: Sableye|228/304 psn|[from] psn","|turn|11","|","|move|p1a: Venomoth|Quiver Dance|p1a: Venomoth","|-boost|p1a: Venomoth|spa|1","|-boost|p1a: Venomoth|spd|1","|-boost|p1a: Venomoth|spe|1","|move|p2a: Sableye|Calm Mind|p2a: Sableye","|-boost|p2a: Sableye|spa|1","|-boost|p2a: Sableye|spd|1","|","|-heal|p1a: Venomoth|341/341|[from] item: Black Sludge","|-damage|p2a: Sableye|190/304 psn|[from] psn","|turn|12","|","|move|p1a: Venomoth|Venoshock|p2a: Sableye","|-resisted|p2a: Sableye","|-damage|p2a: Sableye|58/304 psn","|move|p2a: Sableye|Recover|p2a: Sableye","|-heal|p2a: Sableye|210/304 psn","|","|-damage|p2a: Sableye|172/304 psn|[from] psn","|turn|13","|","|move|p1a: Venomoth|Bug Buzz|p2a: Sableye","|-damage|p2a: Sableye|84/304 psn","|move|p2a: Sableye|Will-O-Wisp|p1a: Venomoth","|-status|p1a: Venomoth|brn","|","|-damage|p1a: Venomoth|299/341 brn|[from] brn","|-damage|p2a: Sableye|46/304 psn|[from] psn","|turn|14","|","|move|p1a: Venomoth|Quiver Dance|p1a: Venomoth","|-boost|p1a: Venomoth|spa|1","|-boost|p1a: Venomoth|spd|1","|-boost|p1a: Venomoth|spe|1","|move|p2a: Sableye|Recover|p2a: Sableye","|-heal|p2a: Sableye|198/304 psn","|","|-heal|p1a: Venomoth|320/341 brn|[from] item: Black Sludge","|-damage|p1a: Venomoth|278/341 brn|[from] brn","|-damage|p2a: Sableye|160/304 psn|[from] psn","|turn|15","|","|move|p1a: Venomoth|Venoshock|p2a: Sableye","|-resisted|p2a: Sableye","|-damage|p2a: Sableye|0 fnt","|faint|p2a: Sableye","|","|-heal|p1a: Venomoth|299/341 brn|[from] item: Black Sludge","|-damage|p1a: Venomoth|257/341 brn|[from] brn","|","|switch|p2a: Golurk|Golurk|319/319","|-status|p2a: Golurk|psn","|turn|16","|","|move|p1a: Venomoth|Venoshock|p2a: Golurk","|-resisted|p2a: Golurk","|-damage|p2a: Golurk|99/319 psn","|move|p2a: Golurk|Stone Edge|p1a: Venomoth","|-supereffective|p1a: Venomoth","|-damage|p1a: Venomoth|0 fnt","|faint|p1a: Venomoth","|","|-damage|p2a: Golurk|60/319 psn|[from] psn","|","|switch|p1a: Weezing|Weezing, M|279/333","|turn|17","|","|move|p2a: Golurk|Dynamic Punch|p1a: Weezing","|-resisted|p1a: Weezing","|-damage|p1a: Weezing|225/333","|-start|p1a: Weezing|confusion","|-activate|p1a: Weezing|confusion","|move|p1a: Weezing|Thief|p2a: Golurk","|-supereffective|p2a: Golurk","|-damage|p2a: Golurk|0 fnt","|faint|p2a: Golurk","|","|","|switch|p2a: Chandelure|Chandelure, F|261/261","|-status|p2a: Chandelure|psn","|turn|18","|","|move|p2a: Chandelure|Flamethrower|p1a: Weezing","|-damage|p1a: Weezing|59/333","|-enditem|p1a: Weezing|Sitrus Berry|[eat]","|-heal|p1a: Weezing|142/333|[from] item: Sitrus Berry","|-activate|p1a: Weezing|confusion","|-damage|p1a: Weezing|116/333|[from] confusion","|","|-damage|p2a: Chandelure|229/261 psn|[from] psn","|turn|19","|","|move|p2a: Chandelure|Flamethrower|p1a: Weezing","|-damage|p1a: Weezing|0 fnt","|faint|p1a: Weezing","|","|-damage|p2a: Chandelure|197/261 psn|[from] psn","|","|switch|p1a: Skuntank|Skuntank, M|409/409","|turn|20","|","|move|p1a: Skuntank|Sucker Punch|p2a: Chandelure","|-supereffective|p2a: Chandelure","|-damage|p2a: Chandelure|0 fnt","|faint|p2a: Chandelure","|","|","|switch|p2a: Gengar|Gengar, M|261/261","|turn|21","|","|move|p2a: Gengar|Icy Wind|p1a: Skuntank","|-damage|p1a: Skuntank|319/409","|-unboost|p1a: Skuntank|spe|1","|move|p1a: Skuntank|Thief|p2a: Gengar","|-supereffective|p2a: Gengar","|-enditem|p2a: Gengar|Focus Sash","|-damage|p2a: Gengar|1/261","|","|turn|22","|","|switch|p1a: Toxicroak|Toxicroak, M|369/369","|move|p2a: Gengar|Destiny Bond|p2a: Gengar","|-singlemove|p2a: Gengar|Destiny Bond","|","|turn|23","|","|move|p2a: Gengar|Shadow Ball|p1a: Toxicroak","|-damage|p1a: Toxicroak|161/369","|move|p1a: Toxicroak|Bulk Up|p1a: Toxicroak","|-boost|p1a: Toxicroak|atk|1","|-boost|p1a: Toxicroak|def|1","|","|turn|24","|","|move|p1a: Toxicroak|Sucker Punch|p2a: Gengar","|-fail|p1a: Toxicroak","|move|p2a: Gengar|Destiny Bond|p2a: Gengar","|-singlemove|p2a: Gengar|Destiny Bond","|","|turn|25","|","|move|p1a: Toxicroak|Sucker Punch|p2a: Gengar","|-supereffective|p2a: Gengar","|-damage|p2a: Gengar|0 fnt","|faint|p2a: Gengar","|-activate|p2a: Gengar|Destiny Bond","|faint|p1a: Toxicroak","|","|","|switch|p1a: Crobat|Crobat, F|373/373","|switch|p2a: Aegislash|Aegislash, F|167/323","|turn|26","|","|move|p1a: Crobat|Snatch|p1a: Crobat","|-singleturn|p1a: Crobat|Snatch","|move|p2a: Aegislash|Swords Dance|p2a: Aegislash","|-activate|p1a: Crobat|Snatch|[of] p2a: Aegislash","|move|p1a: Crobat|Swords Dance|p1a: Crobat|[from]Snatch","|-boost|p1a: Crobat|atk|2","|","|turn|27","|","|move|p2a: Aegislash|King's Shield|p2a: Aegislash","|-singleturn|p2a: Aegislash|Protect","|move|p1a: Crobat|Curse|p1a: Crobat","|-unboost|p1a: Crobat|spe|1","|-boost|p1a: Crobat|atk|1","|-boost|p1a: Crobat|def|1","|-enditem|p1a: Crobat|White Herb","|-restoreboost|p1a: Crobat|[silent]","|","|turn|28","|","|move|p1a: Crobat|Acrobatics|p2a: Aegislash","|-resisted|p2a: Aegislash","|-damage|p2a: Aegislash|71/323","|-formechange|p2a: Aegislash|Aegislash-Blade","|move|p2a: Aegislash|Iron Head|p1a: Crobat","|-damage|p1a: Crobat|229/373","|","|turn|29","|","|move|p1a: Crobat|Snatch|p1a: Crobat","|-singleturn|p1a: Crobat|Snatch","|-formechange|p2a: Aegislash|Aegislash","|move|p2a: Aegislash|King's Shield|p2a: Aegislash","|-fail|p2a: Aegislash","|","|turn|30","|","|move|p2a: Aegislash|King's Shield|p2a: Aegislash","|-singleturn|p2a: Aegislash|Protect","|move|p1a: Crobat|Acrobatics|p2a: Aegislash","|-activate|p2a: Aegislash|Protect","|-unboost|p1a: Crobat|atk|2","|","|turn|31","|","|move|p1a: Crobat|Acrobatics|p2a: Aegislash","|-resisted|p2a: Aegislash","|-damage|p2a: Aegislash|11/323","|-formechange|p2a: Aegislash|Aegislash-Blade","|move|p2a: Aegislash|Iron Head|p1a: Crobat","|-damage|p1a: Crobat|81/373","|","|turn|32","|","|move|p2a: Aegislash|Shadow Sneak|p1a: Crobat","|-damage|p1a: Crobat|3/373","|move|p1a: Crobat|Roost|p1a: Crobat","|-heal|p1a: Crobat|190/373","|","|turn|33","|","|-formechange|p2a: Aegislash|Aegislash","|move|p2a: Aegislash|King's Shield|p2a: Aegislash","|-singleturn|p2a: Aegislash|Protect","|move|p1a: Crobat|Roost|p1a: Crobat","|-heal|p1a: Crobat|373/373","|","|turn|34","|","|move|p2a: Aegislash|King's Shield|p2a: Aegislash","|-fail|p2a: Aegislash","|move|p1a: Crobat|Acrobatics|p2a: Aegislash","|-resisted|p2a: Aegislash","|-damage|p2a: Aegislash|0 fnt","|faint|p2a: Aegislash","|","|","|switch|p2a: Jellicent|Jellicent, M|329/404 psn","|turn|35","|","|move|p1a: Crobat|Acrobatics|p2a: Jellicent","|-damage|p2a: Jellicent|109/404 psn","|move|p2a: Jellicent|Acid Armor|p2a: Jellicent","|-boost|p2a: Jellicent|def|2","|","|-heal|p2a: Jellicent|134/404 psn|[from] item: Leftovers","|-damage|p2a: Jellicent|84/404 psn|[from] psn","|turn|36","|","|move|p1a: Crobat|Acrobatics|p2a: Jellicent","|-damage|p2a: Jellicent|0 fnt","|faint|p2a: Jellicent","|","|win|Guard Wanderer"],"p1rating":{"entryid":"6731189","serverid":"eos","formatid":"monotype","userid":"guardwanderer","username":"Guard Wanderer","w":114,"l":"140","t":"0","gxe":44.9,"r":"1458.7749056961","rd":"25.315145155093","sigma":"0","rptime":"1439370000","rpr":1461.6488113287,"rprd":25.14409981496,"rpsigma":"0","acre":1199.6597321809,"lacre":1199.6597321809,"oldacre":"1159.8496947634"},"p2rating":{"entryid":"7208708","serverid":"eos","formatid":"monotype","userid":"shiningyin","username":"Shining Yin","w":"47","l":18,"t":"0","gxe":70,"r":"1640.1665450475","rd":"48.692794765811","sigma":"0","rptime":"1439370000","rpr":1660.6054092437,"rprd":45.865236100482,"rpsigma":"0","acre":1364.7296634283,"lacre":1364.7296634283,"oldacre":"1396.5776933623"},"endType":"normal"}