{"seed":[45225,57428,32021,30337],"turns":23,"p1":"ABANDON SHIP SON!","p2":"GTX♅Bzumzum","p1team":[{"name":"Scrafty","species":"Scrafty","item":"lumberry","ability":"Moxie","moves":["drainpunch","icepunch","dragondance","knockoff"],"nature":"Adamant","evs":{"hp":0,"atk":252,"def":0,"spa":0,"spd":4,"spe":252},"ivs":{"hp":31,"atk":31,"def":31,"spa":31,"spd":31,"spe":31}},{"name":"Infernape","species":"Infernape","item":"choiceband","ability":"Blaze","moves":["uturn","flareblitz","closecombat","machpunch"],"nature":"Jolly","evs":{"hp":0,"atk":0,"def":0,"spa":252,"spd":4,"spe":252},"ivs":{"hp":31,"atk":31,"def":31,"spa":31,"spd":31,"spe":31}},{"name":"Hawlucha","species":"Hawlucha","item":"powerherb","ability":"Unburden","moves":["substitute","acrobatics","skyattack","drainpunch"],"nature":"Jolly","evs":{"hp":0,"atk":252,"def":0,"spa":0,"spd":4,"spe":252},"ivs":{"hp":31,"atk":31,"def":31,"spa":31,"spd":31,"spe":31}},{"name":"Breloom","species":"Breloom","item":"focussash","ability":"Technician","moves":["bulletseed","spore","machpunch","thunderpunch"],"nature":"Jolly","evs":{"hp":0,"atk":252,"def":0,"spa":0,"spd":4,"spe":252},"ivs":{"hp":31,"atk":31,"def":31,"spa":31,"spd":31,"spe":31}},{"name":"Toxicroak","species":"Toxicroak","item":"lifeorb","ability":"Poison Touch","moves":["fakeout","suckerpunch","rockslide","poisonjab"],"nature":"Jolly","evs":{"hp":4,"atk":252,"def":0,"spa":0,"spd":0,"spe":252},"ivs":{"hp":31,"atk":31,"def":31,"spa":31,"spd":31,"spe":31}},{"name":"Gallade","species":"Gallade","item":"galladite","ability":"Steadfast","moves":["shadowsneak","swordsdance","psychocut","drainpunch"],"nature":"Adamant","evs":{"hp":0,"atk":252,"def":0,"spa":0,"spd":4,"spe":252},"ivs":{"hp":31,"atk":31,"def":31,"spa":31,"spd":31,"spe":31}}],"p2team":[{"name":"Elec","species":"manectric","item":"manectite","ability":"Lightning Rod","moves":["thunderbolt","hiddenpowergrass","voltswitch","overheat"],"nature":"Timid","evs":{"hp":0,"atk":0,"def":0,"spa":252,"spd":4,"spe":252},"gender":"M","ivs":{"hp":31,"atk":30,"def":31,"spa":30,"spd":31,"spe":31}},{"name":"Water-Safe","species":"rotomwash","item":"chestoberry","ability":"Levitate","moves":["hydropump","hiddenpowerice","willowisp","rest"],"nature":"Calm","evs":{"hp":248,"atk":0,"def":0,"spa":8,"spd":252,"spe":0},"ivs":{"hp":31,"atk":30,"def":30,"spa":31,"spd":31,"spe":31},"shiny":true},{"name":"MY ZONE!!!","species":"magnezone","item":"choicespecs","ability":"Sturdy","moves":["hiddenpowerice","flashcannon","triattack","signalbeam"],"nature":"Modest","evs":{"hp":248,"atk":0,"def":0,"spa":252,"spd":8,"spe":0},"ivs":{"hp":31,"atk":30,"def":30,"spa":31,"spd":31,"spe":31},"shiny":true},{"name":"Lightning","species":"raichu","item":"choicescarf","ability":"Static","moves":["focusblast","voltswitch","grassknot","surf"],"nature":"Modest","evs":{"hp":4,"atk":0,"def":0,"spa":252,"spd":0,"spe":252},"gender":"M","shiny":true,"ivs":{"hp":31,"atk":31,"def":31,"spa":31,"spd":31,"spe":31}},{"name":"Zapz","species":"zapdos","item":"leftovers","ability":"Pressure","moves":["heatwave","roost","extrasensory","defog"],"nature":"Modest","evs":{"hp":252,"atk":0,"def":0,"spa":252,"spd":4,"spe":0},"shiny":true,"ivs":{"hp":31,"atk":31,"def":31,"spa":31,"spd":31,"spe":31}},{"name":"Plugg-in Failure","species":"electivire","item":"choicescarf","ability":"Vital Spirit","moves":["crosschop","earthquake","icepunch","rockslide"],"nature":"Adamant","evs":{"hp":0,"atk":252,"def":0,"spa":0,"spd":4,"spe":252},"gender":"M","shiny":true,"ivs":{"hp":31,"atk":31,"def":31,"spa":31,"spd":31,"spe":31}}],"log":["|player|p1|ABANDON SHIP SON!|12","|player|p2|GTX♅Bzumzum|225","|gametype|singles","|gen|6","|tier|Monotype","|rated","|rule|Baton Pass Clause: Limit one Baton Passer, can't pass Spe and other stats simultaneously","|rule|Swagger Clause: Swagger is banned","|rule|Same Type Clause: Pokémon in a team must share a type","|clearpoke","|poke|p1|Scrafty, F","|poke|p1|Infernape, F","|poke|p1|Hawlucha, M","|poke|p1|Breloom, F","|poke|p1|Toxicroak, M","|poke|p1|Gallade, M","|poke|p2|Manectric, M","|poke|p2|Rotom-Wash, shiny","|poke|p2|Magnezone, shiny","|poke|p2|Raichu, M, shiny","|poke|p2|Zapdos, shiny","|poke|p2|Electivire, M, shiny","|rule|Sleep Clause Mod: Limit one foe put to sleep","|rule|Species Clause: Limit one of each Pokémon","|rule|OHKO Clause: OHKO moves are banned","|rule|Moody Clause: Moody is banned","|rule|Evasion Moves Clause: Evasion moves are banned","|rule|Endless Battle Clause: Forcing endless battles is banned","|rule|HP Percentage Mod: HP is shown in percentages","|teampreview","|","|start","|switch|p1a: Infernape|Infernape, F|293/293","|switch|p2a: Plugg-in Failure|Electivire, M, shiny|291/291","|turn|1","|","|switch|p2a: Zapz|Zapdos, shiny|384/384","|-ability|p2a: Zapz|Pressure","|move|p1a: Infernape|Flare Blitz|p2a: Zapz","|-damage|p2a: Zapz|141/384","|-damage|p1a: Infernape|213/293|[from] recoil|[of] p2a: Zapz","|","|-heal|p2a: Zapz|165/384|[from] item: Leftovers","|turn|2","|","|switch|p2a: Water-Safe|Rotom-Wash, shiny|303/303","|move|p1a: Infernape|Flare Blitz|p2a: Water-Safe","|-resisted|p2a: Water-Safe","|-damage|p2a: Water-Safe|206/303","|-damage|p1a: Infernape|181/293|[from] recoil|[of] p2a: Water-Safe","|","|turn|3","|","|switch|p1a: Hawlucha|Hawlucha, M|297/297","|move|p2a: Water-Safe|Will-O-Wisp|p1a: Hawlucha","|-status|p1a: Hawlucha|brn","|","|-damage|p1a: Hawlucha|260/297 brn|[from] brn","|turn|4","|","|move|p1a: Hawlucha|Sky Attack|p2a: Water-Safe|[still]","|-prepare|p1a: Hawlucha|Sky Attack|p2a: Water-Safe","|-enditem|p1a: Hawlucha|Power Herb","|-anim|p1a: Hawlucha|Sky Attack|p2a: Water-Safe","|-resisted|p2a: Water-Safe","|-damage|p2a: Water-Safe|161/303","|move|p2a: Water-Safe|Hidden Power|p1a: Hawlucha","|-supereffective|p1a: Hawlucha","|-damage|p1a: Hawlucha|110/297 brn","|","|-damage|p1a: Hawlucha|73/297 brn|[from] brn","|turn|5","|","|move|p1a: Hawlucha|Drain Punch|p2a: Water-Safe","|-damage|p2a: Water-Safe|113/303","|-heal|p1a: Hawlucha|97/297 brn|[from] drain|[of] p2a: Water-Safe","|move|p2a: Water-Safe|Hidden Power|p1a: Hawlucha","|-supereffective|p1a: Hawlucha","|-damage|p1a: Hawlucha|0 fnt","|faint|p1a: Hawlucha","|","|","|switch|p1a: Breloom|Breloom, F|261/261","|turn|6","|","|switch|p2a: Plugg-in Failure|Electivire, M, shiny|291/291","|move|p1a: Breloom|Bullet Seed|p2a: Plugg-in Failure","|-damage|p2a: Plugg-in Failure|195/291","|-damage|p2a: Plugg-in Failure|104/291","|-hitcount|p2a: Plugg-in Failure|2","|","|turn|7","|","|move|p1a: Breloom|Mach Punch|p2a: Plugg-in Failure","|-damage|p2a: Plugg-in Failure|0 fnt","|faint|p2a: Plugg-in Failure","|","|","|switch|p2a: Elec|Manectric, M|281/281","|turn|8","|","|detailschange|p2a: Elec|Manectric-Mega, M","|-mega|p2a: Elec|Manectric|Manectite","|-ability|p2a: Elec|Intimidate","|-unboost|p1a: Breloom|atk|1","|move|p2a: Elec|Thunderbolt|p1a: Breloom","|-resisted|p1a: Breloom","|-damage|p1a: Breloom|132/261","|move|p1a: Breloom|Spore|p2a: Elec","|-status|p2a: Elec|slp","|","|turn|9","|","|switch|p2a: Zapz|Zapdos, shiny|165/384","|-ability|p2a: Zapz|Pressure","|move|p1a: Breloom|Bullet Seed|p2a: Zapz","|-resisted|p2a: Zapz","|-damage|p2a: Zapz|141/384","|-resisted|p2a: Zapz","|-damage|p2a: Zapz|116/384","|-resisted|p2a: Zapz","|-damage|p2a: Zapz|90/384","|-hitcount|p2a: Zapz|3","|","|-heal|p2a: Zapz|114/384|[from] item: Leftovers","|turn|10","|","|move|p1a: Breloom|Thunder Punch|p2a: Zapz","|-damage|p2a: Zapz|47/384","|move|p2a: Zapz|Roost|p2a: Zapz","|-heal|p2a: Zapz|239/384","|","|-heal|p2a: Zapz|263/384|[from] item: Leftovers","|turn|11","|","|switch|p1a: Infernape|Infernape, F|181/293","|switch|p2a: Elec|Manectric-Mega, M|281/281 slp","|-ability|p2a: Elec|Intimidate","|-unboost|p1a: Infernape|atk|1","|","|turn|12","|","|switch|p2a: Water-Safe|Rotom-Wash, shiny|113/303","|move|p1a: Infernape|U-turn|p2a: Water-Safe","|-damage|p2a: Water-Safe|62/303","|","|switch|p1a: Breloom|Breloom, F|132/261","|","|turn|13","|","|move|p1a: Breloom|Bullet Seed|p2a: Water-Safe","|-supereffective|p2a: Water-Safe","|-damage|p2a: Water-Safe|0 fnt","|-hitcount|p2a: Water-Safe|1","|faint|p2a: Water-Safe","|","|","|switch|p2a: Elec|Manectric-Mega, M|281/281 slp","|-ability|p2a: Elec|Intimidate","|-unboost|p1a: Breloom|atk|1","|turn|14","|","|cant|p2a: Elec|slp","|move|p1a: Breloom|Bullet Seed|p2a: Elec","|-damage|p2a: Elec|232/281 slp","|-damage|p2a: Elec|178/281 slp","|-damage|p2a: Elec|126/281 slp","|-damage|p2a: Elec|77/281 slp","|-hitcount|p2a: Elec|4","|","|turn|15","|","|cant|p2a: Elec|slp","|move|p1a: Breloom|Bullet Seed|p2a: Elec","|-damage|p2a: Elec|26/281 slp","|-damage|p2a: Elec|0 fnt","|-hitcount|p2a: Elec|2","|faint|p2a: Elec","|","|","|switch|p2a: Lightning|Raichu, M, shiny|262/262","|turn|16","|","|switch|p1a: Infernape|Infernape, F|181/293","|move|p2a: Lightning|Volt Switch|p1a: Infernape","|-damage|p1a: Infernape|40/293","|","|switch|p2a: Zapz|Zapdos, shiny|263/384","|-ability|p2a: Zapz|Pressure","|","|-heal|p2a: Zapz|287/384|[from] item: Leftovers","|turn|17","|","|move|p1a: Infernape|U-turn|p2a: Zapz","|-resisted|p2a: Zapz","|-damage|p2a: Zapz|239/384","|","|switch|p1a: Breloom|Breloom, F|132/261","|move|p2a: Zapz|Extrasensory|p1a: Breloom","|-supereffective|p1a: Breloom","|-damage|p1a: Breloom|0 fnt","|faint|p1a: Breloom","|","|-heal|p2a: Zapz|263/384|[from] item: Leftovers","|","|switch|p1a: Infernape|Infernape, F|40/293","|turn|18","|","|move|p1a: Infernape|Flare Blitz|p2a: Zapz","|-crit|p2a: Zapz","|-damage|p2a: Zapz|0 fnt","|-damage|p1a: Infernape|0 fnt|[from] recoil|[of] p2a: Zapz","|faint|p2a: Zapz","|faint|p1a: Infernape","|","|","|switch|p2a: Lightning|Raichu, M, shiny|262/262","|switch|p1a: Toxicroak|Toxicroak, M|308/308","|turn|19","|","|move|p1a: Toxicroak|Fake Out|p2a: Lightning","|-damage|p2a: Lightning|170/262","|-damage|p1a: Toxicroak|278/308|[from] item: Life Orb","|cant|p2a: Lightning|flinch","|","|turn|20","|","|move|p1a: Toxicroak|Sucker Punch|p2a: Lightning","|-damage|p2a: Lightning|0 fnt","|-status|p1a: Toxicroak|par","|-damage|p1a: Toxicroak|248/308 par|[from] item: Life Orb","|faint|p2a: Lightning","|","|","|switch|p2a: MY ZONE!!!|Magnezone, shiny|343/343","|turn|21","|","|switch|p1a: Scrafty|Scrafty, F|271/271","|move|p2a: MY ZONE!!!|Signal Beam|p1a: Scrafty","|-damage|p1a: Scrafty|130/271","|-start|p1a: Scrafty|confusion","|-enditem|p1a: Scrafty|Lum Berry|[eat]","|-end|p1a: Scrafty|confusion","|","|turn|22","|","|move|p1a: Scrafty|Drain Punch|p2a: MY ZONE!!!","|-supereffective|p2a: MY ZONE!!!","|-damage|p2a: MY ZONE!!!|121/343","|-heal|p1a: Scrafty|241/271|[from] drain|[of] p2a: MY ZONE!!!","|move|p2a: MY ZONE!!!|Signal Beam|p1a: Scrafty","|-damage|p1a: Scrafty|115/271","|","|turn|23","|","|move|p1a: Scrafty|Drain Punch|p2a: MY ZONE!!!","|-supereffective|p2a: MY ZONE!!!","|-damage|p2a: MY ZONE!!!|0 fnt","|-heal|p1a: Scrafty|176/271|[from] drain|[of] p2a: MY ZONE!!!","|faint|p2a: MY ZONE!!!","|-boost|p1a: Scrafty|atk|1|[from] ability: Moxie","|","|win|ABANDON SHIP SON!"],"p1rating":{"entryid":7594485,"formatid":"monotype","userid":"abandonshipson","username":"ABANDON SHIP SON!","r":1500,"rd":130,"sigma":0,"rpr":1517.9867279525,"rprd":124.55029016876,"rpsigma":0,"rptime":1439370000,"w":1,"l":0,"t":0,"gxe":52.2,"acre":1044.758128679,"lacre":1044.758128679,"oldacre":1000},"p2rating":{"entryid":"6857825","serverid":"eos","formatid":"monotype","userid":"gtxbzumzum","username":"GTX♅Bzumzum","w":"33","l":117,"t":"0","gxe":22.6,"r":"1260.5936387129","rd":"34.080063403311","sigma":"0","rptime":"1439370000","rpr":1267.6214023403,"rprd":33.285971242801,"rpsigma":"0","acre":1023.3659409071,"lacre":1023.3659409071,"oldacre":"1041.5251837719"},"endType":"normal"}