{"seed":[13878,44282,61399,45489],"turns":22,"p1":"WitchOfCaldia","p2":"V Photon","p1team":[{"name":"Froslass","species":"Froslass","item":"focussash","ability":"Cursed Body","moves":["icepunch","shadowball","destinybond","icebeam"],"nature":"Timid","evs":{"hp":0,"atk":0,"def":4,"spa":252,"spd":0,"spe":252},"ivs":{"hp":31,"atk":31,"def":31,"spa":31,"spd":31,"spe":31}},{"name":"Weavile","species":"Weavile","item":"lifeorb","ability":"Pressure","moves":["blizzard","knockoff","nightslash","shadowball"],"nature":"Jolly","evs":{"hp":0,"atk":252,"def":0,"spa":0,"spd":4,"spe":252},"ivs":{"hp":31,"atk":31,"def":31,"spa":31,"spd":31,"spe":31}},{"name":"Lapras","species":"Lapras","item":"assaultvest","ability":"Water Absorb","moves":["hydropump","freezedry","thunderbolt","iceshard"],"nature":"Mild","evs":{"hp":248,"atk":8,"def":0,"spa":252,"spd":0,"spe":0},"gender":"F","shiny":true,"ivs":{"hp":31,"atk":31,"def":31,"spa":31,"spd":31,"spe":31}},{"name":"Cloyster","species":"Cloyster","item":"focussash","ability":"Skill Link","moves":["shellsmash","iciclespear","rockblast","razorshell"],"nature":"Adamant","evs":{"hp":0,"atk":252,"def":0,"spa":0,"spd":4,"spe":252},"ivs":{"hp":31,"atk":31,"def":31,"spa":31,"spd":31,"spe":31}},{"name":"Abomasnow","species":"Abomasnow","item":"abomasite","ability":"Soundproof","moves":["blizzard","woodhammer","iceshard","earthquake"],"nature":"Mild","evs":{"hp":8,"atk":68,"def":0,"spa":252,"spd":0,"spe":180},"ivs":{"hp":31,"atk":31,"def":31,"spa":31,"spd":31,"spe":31}},{"name":"Mamoswine","species":"Mamoswine","item":"lifeorb","ability":"Thick Fat","moves":["iceshard","earthquake","iciclecrash","freezedry"],"nature":"Naive","evs":{"hp":0,"atk":244,"def":0,"spa":12,"spd":0,"spe":252},"ivs":{"hp":31,"atk":31,"def":31,"spa":31,"spd":31,"spe":31}}],"p2team":[{"name":"Ferrothorn","species":"Ferrothorn","item":"leftovers","ability":"Iron Barbs","moves":["stealthrock","toxic","gyroball","leechseed"],"nature":"Relaxed","evs":{"hp":252,"atk":4,"def":252,"spa":0,"spd":0,"spe":0},"ivs":{"hp":31,"atk":31,"def":31,"spa":31,"spd":31,"spe":0}},{"name":"Cradily","species":"Cradily","item":"leftovers","ability":"Storm Drain","moves":["stealthrock","recover","rockslide","toxic"],"nature":"Careful","evs":{"hp":252,"atk":4,"def":0,"spa":0,"spd":252,"spe":0},"ivs":{"hp":31,"atk":31,"def":31,"spa":31,"spd":31,"spe":31}},{"name":"Ludicolo","species":"Ludicolo","item":"choicespecs","ability":"Swift Swim","moves":["surf","energyball","icebeam","focusblast"],"nature":"Modest","evs":{"hp":0,"atk":0,"def":0,"spa":252,"spd":4,"spe":252},"ivs":{"hp":31,"atk":31,"def":31,"spa":31,"spd":31,"spe":31}},{"name":"Roserade","species":"Roserade","item":"choicescarf","ability":"Technician","moves":["sludgebomb","shadowball","energyball","hiddenpowerice"],"nature":"Timid","evs":{"hp":0,"atk":0,"def":0,"spa":252,"spd":4,"spe":252},"ivs":{"hp":31,"atk":30,"def":30,"spa":31,"spd":31,"spe":31}},{"name":"Sceptile","species":"Sceptile","item":"choiceband","ability":"Overgrow","moves":["leafblade","drainpunch","outrage","rockslide"],"nature":"Jolly","evs":{"hp":0,"atk":252,"def":0,"spa":0,"spd":4,"spe":252},"ivs":{"hp":31,"atk":31,"def":31,"spa":31,"spd":31,"spe":31}},{"name":"Venusaur","species":"Venusaur","item":"venusaurite","ability":"Overgrow","moves":["curse","petalblizzard","earthquake","synthesis"],"nature":"Adamant","evs":{"hp":248,"atk":252,"def":0,"spa":0,"spd":8,"spe":0},"ivs":{"hp":31,"atk":31,"def":31,"spa":31,"spd":31,"spe":31}}],"log":["|player|p1|WitchOfCaldia|260","|player|p2|V Photon|66","|gametype|singles","|gen|6","|tier|Monotype","|rated","|rule|Baton Pass Clause: Limit one Baton Passer, can't pass Spe and other stats simultaneously","|rule|Swagger Clause: Swagger is banned","|rule|Same Type Clause: Pokémon in a team must share a type","|clearpoke","|poke|p1|Froslass, F","|poke|p1|Weavile, F","|poke|p1|Lapras, F, shiny","|poke|p1|Cloyster, F","|poke|p1|Abomasnow, F","|poke|p1|Mamoswine, F","|poke|p2|Ferrothorn, M","|poke|p2|Cradily, M","|poke|p2|Ludicolo, F","|poke|p2|Roserade, F","|poke|p2|Sceptile, M","|poke|p2|Venusaur, F","|rule|Sleep Clause Mod: Limit one foe put to sleep","|rule|Species Clause: Limit one of each Pokémon","|rule|OHKO Clause: OHKO moves are banned","|rule|Moody Clause: Moody is banned","|rule|Evasion Moves Clause: Evasion moves are banned","|rule|Endless Battle Clause: Forcing endless battles is banned","|rule|HP Percentage Mod: HP is shown in percentages","|teampreview","|","|start","|switch|p1a: Cloyster|Cloyster, F|241/241","|switch|p2a: Ferrothorn|Ferrothorn, M|352/352","|turn|1","|","|move|p1a: Cloyster|Shell Smash|p1a: Cloyster","|-unboost|p1a: Cloyster|def|1","|-unboost|p1a: Cloyster|spd|1","|-boost|p1a: Cloyster|atk|2","|-boost|p1a: Cloyster|spa|2","|-boost|p1a: Cloyster|spe|2","|move|p2a: Ferrothorn|Leech Seed|p1a: Cloyster","|-start|p1a: Cloyster|move: Leech Seed","|","|-damage|p1a: Cloyster|211/241|[from] Leech Seed|[of] p2a: Ferrothorn","|turn|2","|","|move|p1a: Cloyster|Rock Blast|p2a: Ferrothorn","|-resisted|p2a: Ferrothorn","|-damage|p2a: Ferrothorn|336/352","|-resisted|p2a: Ferrothorn","|-damage|p2a: Ferrothorn|319/352","|-resisted|p2a: Ferrothorn","|-damage|p2a: Ferrothorn|302/352","|-resisted|p2a: Ferrothorn","|-damage|p2a: Ferrothorn|285/352","|-crit|p2a: Ferrothorn","|-resisted|p2a: Ferrothorn","|-damage|p2a: Ferrothorn|262/352","|-hitcount|p2a: Ferrothorn|5","|move|p2a: Ferrothorn|Gyro Ball|p1a: Cloyster","|-damage|p1a: Cloyster|61/241","|","|-heal|p2a: Ferrothorn|284/352|[from] item: Leftovers","|-damage|p1a: Cloyster|31/241|[from] Leech Seed|[of] p2a: Ferrothorn","|-heal|p2a: Ferrothorn|314/352|[silent]","|turn|3","|","|move|p1a: Cloyster|Icicle Spear|p2a: Ferrothorn","|-damage|p2a: Ferrothorn|269/352","|-damage|p2a: Ferrothorn|217/352","|-damage|p2a: Ferrothorn|172/352","|-damage|p2a: Ferrothorn|123/352","|-damage|p2a: Ferrothorn|72/352","|-hitcount|p2a: Ferrothorn|5","|move|p2a: Ferrothorn|Stealth Rock|p1a: Cloyster","|-sidestart|p1: WitchOfCaldia|move: Stealth Rock","|","|-heal|p2a: Ferrothorn|94/352|[from] item: Leftovers","|-damage|p1a: Cloyster|1/241|[from] Leech Seed|[of] p2a: Ferrothorn","|-heal|p2a: Ferrothorn|124/352|[silent]","|turn|4","|","|move|p1a: Cloyster|Icicle Spear|p2a: Ferrothorn","|-damage|p2a: Ferrothorn|78/352","|-damage|p2a: Ferrothorn|29/352","|-damage|p2a: Ferrothorn|0 fnt","|-hitcount|p2a: Ferrothorn|3","|faint|p2a: Ferrothorn","|","|","|switch|p2a: Venusaur|Venusaur, F|363/363","|turn|5","|","|detailschange|p2a: Venusaur|Venusaur-Mega, F","|-mega|p2a: Venusaur|Venusaur|Venusaurite","|move|p1a: Cloyster|Icicle Spear|p2a: Venusaur","|-supereffective|p2a: Venusaur","|-damage|p2a: Venusaur|295/363","|-supereffective|p2a: Venusaur","|-damage|p2a: Venusaur|223/363","|-supereffective|p2a: Venusaur","|-damage|p2a: Venusaur|155/363","|-supereffective|p2a: Venusaur","|-damage|p2a: Venusaur|87/363","|-supereffective|p2a: Venusaur","|-damage|p2a: Venusaur|15/363","|-hitcount|p2a: Venusaur|5","|move|p2a: Venusaur|Synthesis|p2a: Venusaur","|-heal|p2a: Venusaur|196/363","|","|-damage|p1a: Cloyster|0 fnt|[from] Leech Seed|[of] p2a: Venusaur","|-heal|p2a: Venusaur|197/363|[silent]","|faint|p1a: Cloyster","|","|switch|p1a: Weavile|Weavile, F|281/281","|-damage|p1a: Weavile|211/281|[from] Stealth Rock","|-ability|p1a: Weavile|Pressure","|turn|6","|","|move|p1a: Weavile|Knock Off|p2a: Venusaur","|-damage|p2a: Venusaur|80/363","|-damage|p1a: Weavile|183/281|[from] item: Life Orb","|move|p2a: Venusaur|Synthesis|p2a: Venusaur","|-heal|p2a: Venusaur|261/363","|","|turn|7","|","|move|p1a: Weavile|Knock Off|p2a: Venusaur","|-damage|p2a: Venusaur|143/363","|-damage|p1a: Weavile|155/281|[from] item: Life Orb","|move|p2a: Venusaur|Synthesis|p2a: Venusaur","|-heal|p2a: Venusaur|324/363","|","|turn|8","|","|move|p1a: Weavile|Night Slash|p2a: Venusaur","|-damage|p2a: Venusaur|191/363","|-damage|p1a: Weavile|127/281|[from] item: Life Orb","|move|p2a: Venusaur|Curse|p2a: Venusaur","|-unboost|p2a: Venusaur|spe|1","|-boost|p2a: Venusaur|atk|1","|-boost|p2a: Venusaur|def|1","|","|turn|9","|","|move|p1a: Weavile|Blizzard|p2a: Venusaur","|-supereffective|p2a: Venusaur","|-damage|p2a: Venusaur|121/363","|-damage|p1a: Weavile|99/281|[from] item: Life Orb","|move|p2a: Venusaur|Synthesis|p2a: Venusaur","|-heal|p2a: Venusaur|302/363","|","|turn|10","|","|move|p1a: Weavile|Knock Off|p2a: Venusaur","|-damage|p2a: Venusaur|223/363","|-damage|p1a: Weavile|71/281|[from] item: Life Orb","|move|p2a: Venusaur|Curse|p2a: Venusaur","|-unboost|p2a: Venusaur|spe|1","|-boost|p2a: Venusaur|atk|1","|-boost|p2a: Venusaur|def|1","|","|turn|11","|","|move|p1a: Weavile|Knock Off|p2a: Venusaur","|-damage|p2a: Venusaur|161/363","|-damage|p1a: Weavile|43/281|[from] item: Life Orb","|move|p2a: Venusaur|Synthesis|p2a: Venusaur","|-heal|p2a: Venusaur|342/363","|","|turn|12","|","|move|p1a: Weavile|Knock Off|p2a: Venusaur","|-damage|p2a: Venusaur|280/363","|-damage|p1a: Weavile|15/281|[from] item: Life Orb","|move|p2a: Venusaur|Petal Blizzard|p1a: Weavile","|-damage|p1a: Weavile|0 fnt","|faint|p1a: Weavile","|","|","|switch|p1a: Lapras|Lapras, F, shiny|463/463","|-damage|p1a: Lapras|348/463|[from] Stealth Rock","|turn|13","|","|move|p1a: Lapras|Freeze-Dry|p2a: Venusaur","|-supereffective|p2a: Venusaur","|-damage|p2a: Venusaur|188/363","|move|p2a: Venusaur|Petal Blizzard|p1a: Lapras","|-supereffective|p1a: Lapras","|-damage|p1a: Lapras|0 fnt","|faint|p1a: Lapras","|","|","|switch|p1a: Froslass|Froslass, F|281/281","|-damage|p1a: Froslass|211/281|[from] Stealth Rock","|turn|14","|","|move|p1a: Froslass|Ice Beam|p2a: Venusaur","|-supereffective|p2a: Venusaur","|-damage|p2a: Venusaur|80/363","|move|p2a: Venusaur|Synthesis|p2a: Venusaur","|-heal|p2a: Venusaur|261/363","|","|turn|15","|","|move|p1a: Froslass|Ice Beam|p2a: Venusaur","|-supereffective|p2a: Venusaur","|-damage|p2a: Venusaur|165/363","|move|p2a: Venusaur|Petal Blizzard|p1a: Froslass","|-damage|p1a: Froslass|0 fnt","|-start|p2a: Venusaur|Disable|Petal Blizzard","|faint|p1a: Froslass","|","|","|switch|p1a: Abomasnow|Abomasnow, F|323/323","|-damage|p1a: Abomasnow|243/323|[from] Stealth Rock","|turn|16","|","|detailschange|p1a: Abomasnow|Abomasnow-Mega, F","|-mega|p1a: Abomasnow|Abomasnow|Abomasite","|-weather|Hail","|move|p1a: Abomasnow|Earthquake|p2a: Venusaur","|-damage|p2a: Venusaur|123/363","|move|p2a: Venusaur|Synthesis|p2a: Venusaur","|-heal|p2a: Venusaur|214/363","|","|-weather|Hail|[upkeep]","|-damage|p2a: Venusaur|192/363|[from] hail","|turn|17","|","|move|p1a: Abomasnow|Blizzard|p2a: Venusaur","|-supereffective|p2a: Venusaur","|-damage|p2a: Venusaur|10/363","|move|p2a: Venusaur|Synthesis|p2a: Venusaur","|-heal|p2a: Venusaur|101/363","|","|-weather|Hail|[upkeep]","|-damage|p2a: Venusaur|79/363|[from] hail","|turn|18","|","|move|p1a: Abomasnow|Blizzard|p2a: Venusaur","|-supereffective|p2a: Venusaur","|-damage|p2a: Venusaur|0 fnt","|faint|p2a: Venusaur","|","|-weather|Hail|[upkeep]","|","|switch|p2a: Roserade|Roserade, F|261/261","|turn|19","|","|move|p2a: Roserade|Sludge Bomb|p1a: Abomasnow","|-supereffective|p1a: Abomasnow","|-damage|p1a: Abomasnow|0 fnt","|faint|p1a: Abomasnow","|","|-weather|Hail|[upkeep]","|-damage|p2a: Roserade|245/261|[from] hail","|","|switch|p1a: Mamoswine|Mamoswine, F|361/361","|-damage|p1a: Mamoswine|316/361|[from] Stealth Rock","|turn|20","|","|move|p2a: Roserade|Sludge Bomb|p1a: Mamoswine","|-resisted|p1a: Mamoswine","|-damage|p1a: Mamoswine|193/361","|move|p1a: Mamoswine|Icicle Crash|p2a: Roserade","|-supereffective|p2a: Roserade","|-damage|p2a: Roserade|0 fnt","|-damage|p1a: Mamoswine|157/361|[from] item: Life Orb","|faint|p2a: Roserade","|","|-weather|none","|","|switch|p2a: Ludicolo|Ludicolo, F|301/301","|turn|21","|","|move|p1a: Mamoswine|Freeze-Dry|p2a: Ludicolo","|-supereffective|p2a: Ludicolo","|-damage|p2a: Ludicolo|0 fnt","|-damage|p1a: Mamoswine|121/361|[from] item: Life Orb","|faint|p2a: Ludicolo","|","|","|switch|p2a: Sceptile|Sceptile, M|281/281","|turn|22","|","|move|p2a: Sceptile|Leaf Blade|p1a: Mamoswine","|-crit|p1a: Mamoswine","|-supereffective|p1a: Mamoswine","|-damage|p1a: Mamoswine|0 fnt","|faint|p1a: Mamoswine","|","|win|V Photon"],"p1rating":{"entryid":"7188337","serverid":"eos","formatid":"monotype","userid":"witchofcaldia","username":"WitchofCaldia","w":"35","l":63,"t":"0","gxe":36.8,"r":"1395.162940524","rd":"40.324409519714","sigma":"0","rptime":"1439370000","rpr":1397.6561803573,"rprd":39.273694047568,"rpsigma":"0","acre":1054.9792567477,"lacre":1054.9792567477,"oldacre":"1076.6298146132"},"p2rating":{"entryid":"7561969","serverid":"eos","formatid":"monotype","userid":"vphoton","username":"V Photon","w":3,"l":"2","t":"0","gxe":53.9,"r":"1544.0518122414","rd":"110.60442705577","sigma":"0","rptime":"1439370000","rpr":1530.6426880397,"rprd":101.67337540642,"rpsigma":"0","acre":1103.2005335832,"lacre":1103.2005335832,"oldacre":"1074.1068091571"},"endType":"normal"}