{"seed":[44369,20932,34711,22531],"turns":21,"p1":"Crystl Sabo","p2":"Gen3rox","p1team":[{"name":"Cradily","species":"Cradily","item":"leftovers","ability":"Storm Drain","moves":["stockpile","recover","toxic","gigadrain"],"nature":"Calm","evs":{"hp":236,"atk":0,"def":0,"spa":40,"spd":232,"spe":0},"shiny":true,"ivs":{"hp":31,"atk":31,"def":31,"spa":31,"spd":31,"spe":31}},{"name":"Rhydon","species":"Rhydon","item":"eviolite","ability":"Rock Head","moves":["swordsdance","avalanche","stoneedge","firepunch"],"nature":"Relaxed","evs":{"hp":248,"atk":0,"def":8,"spa":0,"spd":252,"spe":0},"ivs":{"hp":31,"atk":31,"def":31,"spa":31,"spd":31,"spe":1},"shiny":true},{"name":"Tyranitar","species":"Tyranitar","item":"choicescarf","ability":"Sand Stream","moves":["stoneedge","icebeam","fireblast","earthquake"],"nature":"Naive","evs":{"hp":0,"atk":0,"def":0,"spa":252,"spd":0,"spe":252},"ivs":{"hp":31,"atk":30,"def":31,"spa":30,"spd":31,"spe":31},"shiny":true},{"name":"Aerodactyl","species":"Aerodactyl","item":"aerodactylite","ability":"Pressure","moves":["stoneedge","earthquake","aerialace","taunt"],"nature":"Jolly","evs":{"hp":0,"atk":252,"def":0,"spa":0,"spd":4,"spe":252},"ivs":{"hp":31,"atk":31,"def":31,"spa":31,"spd":31,"spe":31}},{"name":"Terrakion","species":"Terrakion","item":"choicescarf","ability":"Justified","moves":["earthquake","closecombat","stoneedge","poisonjab"],"nature":"Jolly","evs":{"hp":0,"atk":252,"def":0,"spa":0,"spd":4,"spe":252},"shiny":true,"ivs":{"hp":31,"atk":31,"def":31,"spa":31,"spd":31,"spe":31}},{"name":"Omastar","species":"Omastar","item":"focussash","ability":"Weak Armor","moves":["shellsmash","hydropump","icebeam","hiddenpowergrass"],"nature":"Rash","evs":{"hp":0,"atk":4,"def":0,"spa":252,"spd":0,"spe":252},"ivs":{"hp":31,"atk":30,"def":31,"spa":30,"spd":31,"spe":31}}],"p2team":[{"name":"Galavant","species":"galvantula","item":"focussash","ability":"Compound Eyes","moves":["stickyweb","thunder","bugbuzz","gigadrain"],"nature":"Timid","evs":{"hp":0,"atk":0,"def":0,"spa":252,"spd":4,"spe":252},"ivs":{"hp":31,"atk":31,"def":31,"spa":31,"spd":31,"spe":31}},{"name":"Don't Run With Me","species":"scizor","item":"choiceband","ability":"Technician","moves":["aerialace","bulletpunch","bugbite","pursuit"],"nature":"Adamant","evs":{"hp":248,"atk":252,"def":0,"spa":0,"spd":8,"spe":0},"ivs":{"hp":31,"atk":31,"def":31,"spa":31,"spd":31,"spe":31}},{"name":"Richard","species":"genesect","item":"choicescarf","ability":"Download","moves":["bugbuzz","flamethrower","icebeam","flashcannon"],"nature":"Timid","evs":{"hp":0,"atk":0,"def":0,"spa":252,"spd":4,"spe":252},"ivs":{"hp":31,"atk":31,"def":31,"spa":31,"spd":31,"spe":31}},{"name":"Sonny","species":"volcarona","item":"focussash","ability":"Flame Body","moves":["quiverdance","bugbuzz","fierydance","roost"],"nature":"Bold","evs":{"hp":248,"atk":0,"def":208,"spa":0,"spd":0,"spe":52},"ivs":{"hp":31,"atk":31,"def":31,"spa":31,"spd":31,"spe":31}},{"name":"Ventress","species":"forretress","item":"redcard","ability":"Sturdy","moves":["stealthrock","toxicspikes","rapidspin","voltswitch"],"nature":"Bold","evs":{"hp":248,"atk":0,"def":252,"spa":0,"spd":8,"spe":0},"ivs":{"hp":31,"atk":31,"def":31,"spa":31,"spd":31,"spe":31}},{"name":"Pinsir","species":"Pinsir","item":"pinsirite","ability":"Mold Breaker","moves":["swordsdance","earthquake","return","quickattack"],"nature":"Adamant","evs":{"hp":248,"atk":252,"def":0,"spa":0,"spd":0,"spe":8},"ivs":{"hp":31,"atk":31,"def":31,"spa":31,"spd":31,"spe":31}}],"log":["|player|p1|Crystl Sabo|crystlsabo.png","|player|p2|Gen3rox|290","|gametype|singles","|gen|6","|tier|Monotype","|rated","|rule|Baton Pass Clause: Limit one Baton Passer, can't pass Spe and other stats simultaneously","|rule|Swagger Clause: Swagger is banned","|rule|Same Type Clause: Pokémon in a team must share a type","|clearpoke","|poke|p1|Cradily, M, shiny","|poke|p1|Rhydon, F, shiny","|poke|p1|Tyranitar, F, shiny","|poke|p1|Aerodactyl, F","|poke|p1|Terrakion, shiny","|poke|p1|Omastar, M","|poke|p2|Galvantula, M","|poke|p2|Scizor, M","|poke|p2|Genesect-*","|poke|p2|Volcarona, F","|poke|p2|Forretress, F","|poke|p2|Pinsir, M","|rule|Sleep Clause Mod: Limit one foe put to sleep","|rule|Species Clause: Limit one of each Pokémon","|rule|OHKO Clause: OHKO moves are banned","|rule|Moody Clause: Moody is banned","|rule|Evasion Moves Clause: Evasion moves are banned","|rule|Endless Battle Clause: Forcing endless battles is banned","|rule|HP Percentage Mod: HP is shown in percentages","|teampreview","|","|start","|switch|p1a: Aerodactyl|Aerodactyl, F|301/301","|switch|p2a: Galavant|Galvantula, M|281/281","|-ability|p1a: Aerodactyl|Pressure","|turn|1","|","|detailschange|p1a: Aerodactyl|Aerodactyl-Mega, F","|-mega|p1a: Aerodactyl|Aerodactyl|Aerodactylite","|move|p1a: Aerodactyl|Taunt|p2a: Galavant","|-start|p2a: Galavant|move: Taunt","|move|p2a: Galavant|Thunder|p1a: Aerodactyl","|-supereffective|p1a: Aerodactyl","|-damage|p1a: Aerodactyl|0 fnt","|faint|p1a: Aerodactyl","|","|","|switch|p1a: Tyranitar|Tyranitar, F, shiny|341/341","|-weather|Sandstorm","|turn|2","|","|switch|p2a: Ventress|Forretress, F|353/353","|move|p1a: Tyranitar|Fire Blast|p2a: Ventress","|-supereffective|p2a: Ventress","|-ability|p2a: Ventress|Sturdy","|-damage|p2a: Ventress|1/353","|-enditem|p2a: Ventress|Red Card|[of] p1a: Tyranitar","|drag|p1a: Omastar|Omastar, M|281/281","|","|-weather|Sandstorm|[upkeep]","|turn|3","|","|move|p1a: Omastar|Shell Smash|p1a: Omastar","|-unboost|p1a: Omastar|def|1","|-unboost|p1a: Omastar|spd|1","|-boost|p1a: Omastar|atk|2","|-boost|p1a: Omastar|spa|2","|-boost|p1a: Omastar|spe|2","|move|p2a: Ventress|Stealth Rock|p1a: Omastar","|-sidestart|p1: Crystl Sabo|move: Stealth Rock","|","|-weather|Sandstorm|[upkeep]","|turn|4","|","|move|p1a: Omastar|Hidden Power|p2a: Ventress","|-crit|p2a: Ventress","|-resisted|p2a: Ventress","|-damage|p2a: Ventress|0 fnt","|faint|p2a: Ventress","|","|-weather|Sandstorm|[upkeep]","|","|switch|p2a: Galavant|Galvantula, M|281/281","|turn|5","|","|move|p1a: Omastar|Hydro Pump|p2a: Galavant","|-enditem|p2a: Galavant|Focus Sash","|-damage|p2a: Galavant|1/281","|move|p2a: Galavant|Giga Drain|p1a: Omastar","|-supereffective|p1a: Omastar","|-enditem|p1a: Omastar|Focus Sash","|-damage|p1a: Omastar|1/281","|-heal|p2a: Galavant|141/281|[from] drain|[of] p1a: Omastar","|","|-weather|Sandstorm|[upkeep]","|-damage|p2a: Galavant|124/281|[from] sandstorm","|turn|6","|","|move|p1a: Omastar|Ice Beam|p2a: Galavant","|-damage|p2a: Galavant|0 fnt","|faint|p2a: Galavant","|","|-weather|none","|","|switch|p2a: Pinsir|Pinsir, M|333/333","|-ability|p2a: Pinsir|Mold Breaker","|turn|7","|","|switch|p1a: Rhydon|Rhydon, F, shiny|413/413","|-damage|p1a: Rhydon|388/413|[from] Stealth Rock","|detailschange|p2a: Pinsir|Pinsir-Mega, M","|-mega|p2a: Pinsir|Pinsir|Pinsirite","|move|p2a: Pinsir|Quick Attack|p1a: Rhydon","|-resisted|p1a: Rhydon","|-damage|p1a: Rhydon|358/413","|","|turn|8","|","|switch|p2a: Don't Run With Me|Scizor, M|343/343","|move|p1a: Rhydon|Stone Edge|p2a: Don't Run With Me","|-damage|p2a: Don't Run With Me|196/343","|","|turn|9","|","|move|p2a: Don't Run With Me|Bullet Punch|p1a: Rhydon","|-supereffective|p1a: Rhydon","|-damage|p1a: Rhydon|182/413","|move|p1a: Rhydon|Fire Punch|p2a: Don't Run With Me","|-supereffective|p2a: Don't Run With Me","|-damage|p2a: Don't Run With Me|0 fnt","|faint|p2a: Don't Run With Me","|","|","|switch|p2a: Richard|Genesect|283/283","|-boost|p2a: Richard|spa|1|[from] ability: Download","|turn|10","|","|switch|p1a: Omastar|Omastar, M|1/281","|-damage|p1a: Omastar|0 fnt|[from] Stealth Rock","|faint|p1a: Omastar","|move|p2a: Richard|Flash Cannon|p1: Omastar|[notarget]","|-notarget","|","|","|switch|p1a: Tyranitar|Tyranitar, F, shiny|341/341","|-damage|p1a: Tyranitar|299/341|[from] Stealth Rock","|-weather|Sandstorm","|turn|11","|","|switch|p2a: Sonny|Volcarona, F|373/373","|move|p1a: Tyranitar|Fire Blast|p2a: Sonny","|-damage|p2a: Sonny|270/373","|","|-weather|Sandstorm|[upkeep]","|-damage|p2a: Sonny|247/373|[from] sandstorm","|turn|12","|","|switch|p1a: Terrakion|Terrakion, shiny|323/323","|-damage|p1a: Terrakion|303/323|[from] Stealth Rock","|move|p2a: Sonny|Quiver Dance|p2a: Sonny","|-boost|p2a: Sonny|spa|1","|-boost|p2a: Sonny|spd|1","|-boost|p2a: Sonny|spe|1","|","|-weather|Sandstorm|[upkeep]","|-damage|p2a: Sonny|224/373|[from] sandstorm","|turn|13","|","|move|p1a: Terrakion|Stone Edge|p2a: Sonny","|-crit|p2a: Sonny","|-supereffective|p2a: Sonny","|-damage|p2a: Sonny|0 fnt","|faint|p2a: Sonny","|","|-weather|Sandstorm|[upkeep]","|","|switch|p2a: Richard|Genesect|283/283","|-boost|p2a: Richard|atk|1|[from] ability: Download","|turn|14","|","|switch|p1a: Rhydon|Rhydon, F, shiny|182/413","|-damage|p1a: Rhydon|157/413|[from] Stealth Rock","|move|p2a: Richard|Flash Cannon|p1a: Rhydon","|-supereffective|p1a: Rhydon","|-damage|p1a: Rhydon|19/413","|","|-weather|Sandstorm|[upkeep]","|turn|15","|","|move|p2a: Richard|Flash Cannon|p1a: Rhydon","|-supereffective|p1a: Rhydon","|-damage|p1a: Rhydon|0 fnt","|faint|p1a: Rhydon","|","|-weather|none","|","|switch|p1a: Tyranitar|Tyranitar, F, shiny|299/341","|-damage|p1a: Tyranitar|257/341|[from] Stealth Rock","|-weather|Sandstorm","|turn|16","|","|switch|p2a: Pinsir|Pinsir-Mega, M|333/333","|move|p1a: Tyranitar|Fire Blast|p2a: Pinsir","|-supereffective|p2a: Pinsir","|-damage|p2a: Pinsir|107/333","|","|-weather|Sandstorm|[upkeep]","|-damage|p2a: Pinsir|87/333|[from] sandstorm","|turn|17","|","|move|p1a: Tyranitar|Fire Blast|p2a: Pinsir","|-supereffective|p2a: Pinsir","|-damage|p2a: Pinsir|0 fnt","|faint|p2a: Pinsir","|","|-weather|Sandstorm|[upkeep]","|","|switch|p2a: Richard|Genesect|283/283","|-boost|p2a: Richard|spa|1|[from] ability: Download","|turn|18","|","|move|p2a: Richard|Flash Cannon|p1a: Tyranitar","|-supereffective|p1a: Tyranitar","|-damage|p1a: Tyranitar|0 fnt","|faint|p1a: Tyranitar","|","|-weather|Sandstorm|[upkeep]","|","|switch|p1a: Terrakion|Terrakion, shiny|303/323","|-damage|p1a: Terrakion|283/323|[from] Stealth Rock","|turn|19","|","|move|p1a: Terrakion|Stone Edge|p2a: Richard","|-damage|p2a: Richard|91/283","|move|p2a: Richard|Flash Cannon|p1a: Terrakion","|-supereffective|p1a: Terrakion","|-damage|p1a: Terrakion|0 fnt","|faint|p1a: Terrakion","|","|-weather|Sandstorm|[upkeep]","|","|switch|p1a: Cradily|Cradily, M, shiny|372/372","|-damage|p1a: Cradily|326/372|[from] Stealth Rock","|turn|20","|","|move|p2a: Richard|Flash Cannon|p1a: Cradily","|-supereffective|p1a: Cradily","|-damage|p1a: Cradily|140/372","|move|p1a: Cradily|Stockpile|p1a: Cradily","|-start|p1a: Cradily|stockpile1","|-boost|p1a: Cradily|def|1","|-boost|p1a: Cradily|spd|1","|","|-weather|none","|-heal|p1a: Cradily|163/372|[from] item: Leftovers","|turn|21","|","|move|p2a: Richard|Flash Cannon|p1a: Cradily","|-supereffective|p1a: Cradily","|-damage|p1a: Cradily|0 fnt","|faint|p1a: Cradily","|","|win|Gen3rox"],"p1rating":{"entryid":"5846197","serverid":"eos","formatid":"monotype","userid":"crystlsabo","username":"Crystl Sabo","w":"64","l":57,"t":"0","gxe":53.4,"r":"1529.7163795416","rd":"39.002460683243","sigma":"0","rptime":"1439370000","rpr":1525.7043375262,"rprd":38.791151663649,"rpsigma":"0","acre":1120.6518593671,"lacre":1120.6518593671,"oldacre":"1150.2713243222"},"p2rating":{"entryid":"7512529","serverid":"eos","formatid":"monotype","userid":"gen3rox","username":"Gen3rox","w":3,"l":"0","t":"0","gxe":61.7,"r":"1531.6119709451","rd":"123.45971095415","sigma":"0","rptime":"1439370000","rpr":1594.2738156968,"rprd":110.7307380267,"rpsigma":"0","acre":1117.5538346451,"lacre":1117.5538346451,"oldacre":"1085.326673147"},"endType":"normal"}