{"seed":[11350,56854,19634,43870],"turns":26,"p1":"Kre8noyz","p2":"RV Sev","p1team":[{"name":"Swampert","species":"Swampert","item":"focussash","ability":"Damp","moves":["earthquake","brickbreak","icepunch","counter"],"nature":"Impish","evs":{"hp":8,"atk":252,"def":0,"spa":0,"spd":0,"spe":248},"happiness":0,"ivs":{"hp":31,"atk":31,"def":31,"spa":31,"spd":31,"spe":31}},{"name":"Starmie","species":"Starmie","item":"leftovers","ability":"Natural Cure","moves":["rapidspin","signalbeam","psychic","reflecttype"],"nature":"Timid","evs":{"hp":0,"atk":0,"def":4,"spa":188,"spd":64,"spe":252},"ivs":{"hp":31,"atk":31,"def":31,"spa":31,"spd":31,"spe":31}},{"name":"Keldeo-Resolute","species":"Keldeo-Resolute","item":"leftovers","ability":"Justified","moves":["surf","secretsword","hiddenpowerflying","calmmind"],"nature":"Timid","evs":{"hp":0,"atk":4,"def":0,"spa":252,"spd":0,"spe":252},"ivs":{"hp":30,"atk":30,"def":30,"spa":30,"spd":30,"spe":31}},{"name":"Politoed","species":"Politoed","item":"leftovers","ability":"Drizzle","moves":["endeavor","hypnosis","perishsong","scald"],"nature":"","evs":{"hp":0,"atk":0,"def":252,"spa":0,"spd":252,"spe":4},"ivs":{"hp":31,"atk":31,"def":31,"spa":31,"spd":31,"spe":31}},{"name":"Lapras","species":"Lapras","item":"leftovers","ability":"Hydration","moves":["raindance","confuseray","freezedry","surf"],"nature":"Timid","evs":{"hp":0,"atk":0,"def":4,"spa":252,"spd":0,"spe":252},"ivs":{"hp":31,"atk":31,"def":31,"spa":31,"spd":31,"spe":31}},{"name":"Kingdra","species":"Kingdra","item":"lifeorb","ability":"Swift Swim","moves":["clearsmog","dragonpulse","scald","raindance"],"nature":"","evs":{"hp":4,"atk":0,"def":0,"spa":252,"spd":0,"spe":252},"ivs":{"hp":31,"atk":31,"def":31,"spa":31,"spd":31,"spe":31}}],"p2team":[{"name":"Shania Twain","species":"altaria","item":"altarianite","ability":"Cloud Nine","moves":["dragondance","roost","frustration","healbell"],"nature":"Impish","evs":{"hp":248,"atk":0,"def":136,"spa":0,"spd":96,"spe":28},"gender":"F","happiness":0,"ivs":{"hp":31,"atk":31,"def":31,"spa":31,"spd":31,"spe":31}},{"name":"Selena","species":"latias","item":"leftovers","ability":"Levitate","moves":["defog","tailwind","healingwish","energyball"],"nature":"Timid","evs":{"hp":248,"atk":0,"def":4,"spa":0,"spd":0,"spe":252},"ivs":{"hp":31,"atk":0,"def":31,"spa":31,"spd":31,"spe":31}},{"name":"Kanye West","species":"kyuremblack","item":"lifeorb","ability":"Teravolt","moves":["icebeam","fusionbolt","earthpower","roost"],"nature":"Hasty","evs":{"hp":0,"atk":24,"def":0,"spa":252,"spd":0,"spe":232},"ivs":{"hp":31,"atk":31,"def":31,"spa":31,"spd":31,"spe":31}},{"name":"Charlie Puth","species":"dragonite","item":"choiceband","ability":"Multiscale","moves":["extremespeed","outrage","superpower","earthquake"],"nature":"Adamant","evs":{"hp":56,"atk":252,"def":4,"spa":0,"spd":0,"spe":196},"gender":"M","ivs":{"hp":31,"atk":31,"def":31,"spa":31,"spd":31,"spe":31}},{"name":"Dr.Dre","species":"garchomp","item":"rockyhelmet","ability":"Rough Skin","moves":["stealthrock","earthquake","stoneedge","fireblast"],"nature":"Relaxed","evs":{"hp":248,"atk":0,"def":244,"spa":0,"spd":0,"spe":16},"gender":"M","ivs":{"hp":31,"atk":31,"def":31,"spa":31,"spd":31,"spe":31}},{"name":"Bruno Mars","species":"latios","item":"choicescarf","ability":"Levitate","moves":["hiddenpowerfire","icebeam","energyball","dracometeor"],"nature":"Timid","evs":{"hp":0,"atk":0,"def":4,"spa":252,"spd":0,"spe":252},"ivs":{"hp":31,"atk":0,"def":31,"spa":30,"spd":31,"spe":30}}],"log":["|player|p1|Kre8noyz|163","|player|p2|RV Sev|148","|gametype|singles","|gen|6","|tier|Monotype","|rated","|rule|Baton Pass Clause: Limit one Baton Passer, can't pass Spe and other stats simultaneously","|rule|Swagger Clause: Swagger is banned","|rule|Same Type Clause: Pokémon in a team must share a type","|clearpoke","|poke|p1|Swampert, M","|poke|p1|Starmie","|poke|p1|Keldeo-Resolute","|poke|p1|Politoed, F","|poke|p1|Lapras, M","|poke|p1|Kingdra, F","|poke|p2|Altaria, F","|poke|p2|Latias, F","|poke|p2|Kyurem-Black","|poke|p2|Dragonite, M","|poke|p2|Garchomp, M","|poke|p2|Latios, M","|rule|Sleep Clause Mod: Limit one foe put to sleep","|rule|Species Clause: Limit one of each Pokémon","|rule|OHKO Clause: OHKO moves are banned","|rule|Moody Clause: Moody is banned","|rule|Evasion Moves Clause: Evasion moves are banned","|rule|Endless Battle Clause: Forcing endless battles is banned","|rule|HP Percentage Mod: HP is shown in percentages","|teampreview","|","|start","|switch|p1a: Politoed|Politoed, F|321/321","|switch|p2a: Shania Twain|Altaria, F|353/353","|-ability|p2a: Shania Twain|Cloud Nine","|-weather|RainDance","|turn|1","|","|detailschange|p2a: Shania Twain|Altaria-Mega, F","|-mega|p2a: Shania Twain|Altaria|Altarianite","|move|p2a: Shania Twain|Dragon Dance|p2a: Shania Twain","|-boost|p2a: Shania Twain|atk|1","|-boost|p2a: Shania Twain|spe|1","|move|p1a: Politoed|Hypnosis|p2a: Shania Twain|[miss]","|-miss|p1a: Politoed|p2a: Shania Twain","|","|-weather|RainDance|[upkeep]","|turn|2","|","|move|p2a: Shania Twain|Frustration|p1a: Politoed","|-damage|p1a: Politoed|98/321","|move|p1a: Politoed|Hypnosis|p2a: Shania Twain","|-status|p2a: Shania Twain|slp","|","|-weather|RainDance|[upkeep]","|-heal|p1a: Politoed|118/321|[from] item: Leftovers","|turn|3","|","|cant|p2a: Shania Twain|slp","|move|p1a: Politoed|Endeavor|p2a: Shania Twain","|-damage|p2a: Shania Twain|118/353 slp","|","|-weather|RainDance|[upkeep]","|-heal|p1a: Politoed|138/321|[from] item: Leftovers","|turn|4","|","|switch|p1a: Lapras|Lapras, M|401/401","|cant|p2a: Shania Twain|slp","|","|-weather|RainDance|[upkeep]","|turn|5","|","|switch|p2a: Kanye West|Kyurem-Black|391/391","|-ability|p2a: Kanye West|Teravolt","|move|p1a: Lapras|Freeze-Dry|p2a: Kanye West","|-damage|p2a: Kanye West|283/391","|","|-weather|none","|turn|6","|","|move|p2a: Kanye West|Earth Power|p1a: Lapras","|-damage|p1a: Lapras|257/401","|-damage|p2a: Kanye West|244/391|[from] item: Life Orb","|move|p1a: Lapras|Confuse Ray|p2a: Kanye West","|-start|p2a: Kanye West|confusion","|","|-heal|p1a: Lapras|282/401|[from] item: Leftovers","|turn|7","|","|switch|p1a: Starmie|Starmie|261/261","|-activate|p2a: Kanye West|confusion","|-damage|p2a: Kanye West|165/391|[from] confusion","|","|turn|8","|","|switch|p2a: Selena|Latias, F|363/363","|move|p1a: Starmie|Psychic|p2a: Selena","|-resisted|p2a: Selena","|-damage|p2a: Selena|310/363","|-unboost|p2a: Selena|spd|1","|","|-heal|p2a: Selena|332/363|[from] item: Leftovers","|turn|9","|","|move|p1a: Starmie|Signal Beam|p2a: Selena","|-supereffective|p2a: Selena","|-damage|p2a: Selena|152/363","|move|p2a: Selena|Tailwind|p2a: Selena","|-sidestart|p2: RV Sev|move: Tailwind","|","|-heal|p2a: Selena|174/363|[from] item: Leftovers","|turn|10","|","|move|p2a: Selena|Healing Wish|p2a: Selena","|faint|p2a: Selena","|move|p1a: Starmie|Signal Beam|p2: Selena|[notarget]","|-notarget","|","|","|switch|p2a: Shania Twain|Altaria-Mega, F|118/353 slp","|-heal|p2a: Shania Twain|353/353|[from] move: Healing Wish","|turn|11","|","|move|p2a: Shania Twain|Dragon Dance|p2a: Shania Twain","|-boost|p2a: Shania Twain|atk|1","|-boost|p2a: Shania Twain|spe|1","|move|p1a: Starmie|Psychic|p2a: Shania Twain","|-damage|p2a: Shania Twain|238/353","|","|turn|12","|","|move|p2a: Shania Twain|Dragon Dance|p2a: Shania Twain","|-boost|p2a: Shania Twain|atk|1","|-boost|p2a: Shania Twain|spe|1","|move|p1a: Starmie|Psychic|p2a: Shania Twain","|-damage|p2a: Shania Twain|123/353","|","|-sideend|p2: RV Sev|move: Tailwind","|turn|13","|","|move|p2a: Shania Twain|Roost|p2a: Shania Twain","|-heal|p2a: Shania Twain|300/353","|move|p1a: Starmie|Psychic|p2a: Shania Twain","|-damage|p2a: Shania Twain|179/353","|","|turn|14","|","|move|p2a: Shania Twain|Frustration|p1a: Starmie","|-damage|p1a: Starmie|0 fnt","|faint|p1a: Starmie","|","|","|switch|p1a: Swampert|Swampert, M|343/343","|turn|15","|","|move|p2a: Shania Twain|Frustration|p1a: Swampert","|-damage|p1a: Swampert|1/343","|move|p1a: Swampert|Counter|p2a: Shania Twain","|-damage|p2a: Shania Twain|0 fnt","|faint|p2a: Shania Twain","|","|","|switch|p2a: Kanye West|Kyurem-Black|165/391","|-ability|p2a: Kanye West|Teravolt","|turn|16","|","|move|p2a: Kanye West|Roost|p2a: Kanye West","|-heal|p2a: Kanye West|361/391","|move|p1a: Swampert|Brick Break|p2a: Kanye West","|-supereffective|p2a: Kanye West","|-damage|p2a: Kanye West|197/391","|","|turn|17","|","|switch|p1a: Politoed|Politoed, F|138/321","|-weather|RainDance","|move|p2a: Kanye West|Ice Beam|p1a: Politoed","|-resisted|p1a: Politoed","|-damage|p1a: Politoed|60/321","|-damage|p2a: Kanye West|158/391|[from] item: Life Orb","|","|-weather|RainDance|[upkeep]","|-heal|p1a: Politoed|80/321|[from] item: Leftovers","|turn|18","|","|move|p2a: Kanye West|Earth Power|p1a: Politoed","|-damage|p1a: Politoed|0 fnt","|-damage|p2a: Kanye West|119/391|[from] item: Life Orb","|faint|p1a: Politoed","|","|-weather|RainDance|[upkeep]","|","|switch|p1a: Kingdra|Kingdra, F|292/292","|turn|19","|","|move|p1a: Kingdra|Dragon Pulse|p2a: Kanye West","|-crit|p2a: Kanye West","|-supereffective|p2a: Kanye West","|-damage|p2a: Kanye West|0 fnt","|-damage|p1a: Kingdra|263/292|[from] item: Life Orb","|faint|p2a: Kanye West","|","|-weather|RainDance|[upkeep]","|","|switch|p2a: Charlie Puth|Dragonite, M|337/337","|turn|20","|","|move|p2a: Charlie Puth|Extreme Speed|p1a: Kingdra","|-damage|p1a: Kingdra|101/292","|move|p1a: Kingdra|Scald|p2a: Charlie Puth","|-resisted|p2a: Charlie Puth","|-damage|p2a: Charlie Puth|285/337","|-damage|p1a: Kingdra|72/292|[from] item: Life Orb","|","|-weather|RainDance|[upkeep]","|turn|21","|","|switch|p1a: Swampert|Swampert, M|1/343","|move|p2a: Charlie Puth|Extreme Speed|p1a: Swampert","|-damage|p1a: Swampert|0 fnt","|faint|p1a: Swampert","|","|-weather|none","|","|switch|p1a: Keldeo-Resolute|Keldeo-Resolute|322/322","|turn|22","|","|move|p2a: Charlie Puth|Extreme Speed|p1a: Keldeo-Resolute","|-damage|p1a: Keldeo-Resolute|140/322","|move|p1a: Keldeo-Resolute|Calm Mind|p1a: Keldeo-Resolute","|-boost|p1a: Keldeo-Resolute|spa|1","|-boost|p1a: Keldeo-Resolute|spd|1","|","|-heal|p1a: Keldeo-Resolute|160/322|[from] item: Leftovers","|turn|23","|","|move|p2a: Charlie Puth|Extreme Speed|p1a: Keldeo-Resolute","|-damage|p1a: Keldeo-Resolute|0 fnt","|faint|p1a: Keldeo-Resolute","|","|","|switch|p1a: Lapras|Lapras, M|282/401","|turn|24","|","|move|p2a: Charlie Puth|Extreme Speed|p1a: Lapras","|-damage|p1a: Lapras|93/401","|move|p1a: Lapras|Freeze-Dry|p2a: Charlie Puth","|-supereffective|p2a: Charlie Puth","|-damage|p2a: Charlie Puth|0 fnt","|faint|p2a: Charlie Puth","|","|-heal|p1a: Lapras|118/401|[from] item: Leftovers","|","|switch|p2a: Bruno Mars|Latios, M|301/301","|turn|25","|","|move|p2a: Bruno Mars|Energy Ball|p1a: Lapras","|-supereffective|p1a: Lapras","|-damage|p1a: Lapras|0 fnt","|faint|p1a: Lapras","|","|","|switch|p1a: Kingdra|Kingdra, F|72/292","|turn|26","|","|move|p2a: Bruno Mars|Energy Ball|p1a: Kingdra","|-damage|p1a: Kingdra|0 fnt","|faint|p1a: Kingdra","|","|win|RV Sev"],"p1rating":{"entryid":"6510480","serverid":"eos","formatid":"monotype","userid":"kre8noyz","username":"Kre8noyz","w":"44","l":60,"t":"0","gxe":43.1,"r":1450.6753167543,"rd":39.188045084654,"sigma":"0","rptime":1439370000,"rpr":1447.1600572465,"rprd":38.980319014268,"rpsigma":"0","acre":1080.1656172682,"lacre":1080.1656172682,"oldacre":"1113.0230461134"},"p2rating":{"entryid":"7576321","serverid":"eos","formatid":"monotype","userid":"rvsev","username":"RV Sev","w":1,"l":"1","t":"0","gxe":48.7,"r":"1500","rd":"130","sigma":"0","rptime":"1439370000","rpr":1489.7521558406,"rprd":115.94385104479,"rpsigma":"0","acre":1052.5718861523,"lacre":1052.5718861523,"oldacre":"1000"},"endType":"normal"}