{"seed":[16216,38917,3726,4145],"turns":22,"p1":"Void Who","p2":"GTX♅Bzumzum","p1team":[{"name":"Coke Sniffer","species":"landorus","item":"lifeorb","ability":"Sheer Force","moves":["sludgewave","earthpower","gravity","psychic"],"nature":"Timid","evs":{"hp":0,"atk":0,"def":0,"spa":252,"spd":4,"spe":252},"ivs":{"hp":31,"atk":31,"def":31,"spa":31,"spd":31,"spe":31}},{"name":"Bertha","species":"hippowdon","item":"leftovers","ability":"Sand Stream","moves":["toxic","stealthrock","earthquake","slackoff"],"nature":"Impish","evs":{"hp":252,"atk":4,"def":252,"spa":0,"spd":0,"spe":0},"gender":"F","ivs":{"hp":31,"atk":31,"def":31,"spa":31,"spd":31,"spe":31}},{"name":"Excadrill","species":"Excadrill","item":"choiceband","ability":"Sand Rush","moves":["earthquake","rockslide","rapidspin","ironhead"],"nature":"","evs":{"hp":0,"atk":0,"def":0,"spa":0,"spd":0,"spe":0},"ivs":{"hp":31,"atk":31,"def":31,"spa":31,"spd":31,"spe":31}},{"name":"Garchomp","species":"Garchomp","item":"rockyhelmet","ability":"Rough Skin","moves":["stealthrock","dragontail","flamethrower","earthquake"],"nature":"Sassy","evs":{"hp":252,"atk":0,"def":252,"spa":4,"spd":0,"spe":0},"ivs":{"hp":31,"atk":31,"def":31,"spa":31,"spd":31,"spe":31}},{"name":"Mamoswine","species":"Mamoswine","item":"focussash","ability":"Thick Fat","moves":["earthquake","iceshard","endeavor","superpower"],"nature":"","evs":{"hp":0,"atk":0,"def":0,"spa":0,"spd":0,"spe":0},"ivs":{"hp":31,"atk":31,"def":31,"spa":31,"spd":31,"spe":31}},{"name":"Seismitoad","species":"Seismitoad","item":"leftovers","ability":"Water Absorb","moves":["earthpower","scald","grassknot","protect"],"nature":"Bold","evs":{"hp":252,"atk":0,"def":252,"spa":4,"spd":0,"spe":0},"ivs":{"hp":31,"atk":31,"def":31,"spa":31,"spd":31,"spe":31}}],"p2team":[{"name":"Elec","species":"manectric","item":"manectite","ability":"Lightning Rod","moves":["thunderbolt","hiddenpowergrass","voltswitch","overheat"],"nature":"Timid","evs":{"hp":0,"atk":0,"def":0,"spa":252,"spd":4,"spe":252},"gender":"M","ivs":{"hp":31,"atk":30,"def":31,"spa":30,"spd":31,"spe":31}},{"name":"Water-Safe","species":"rotomwash","item":"chestoberry","ability":"Levitate","moves":["hydropump","hiddenpowerice","willowisp","rest"],"nature":"Calm","evs":{"hp":248,"atk":0,"def":0,"spa":8,"spd":252,"spe":0},"ivs":{"hp":31,"atk":30,"def":30,"spa":31,"spd":31,"spe":31},"shiny":true},{"name":"MY ZONE!!!","species":"magnezone","item":"choicespecs","ability":"Sturdy","moves":["hiddenpowerice","flashcannon","triattack","signalbeam"],"nature":"Modest","evs":{"hp":248,"atk":0,"def":0,"spa":252,"spd":8,"spe":0},"ivs":{"hp":31,"atk":30,"def":30,"spa":31,"spd":31,"spe":31},"shiny":true},{"name":"Lightning","species":"raichu","item":"choicescarf","ability":"Static","moves":["focusblast","voltswitch","grassknot","surf"],"nature":"Modest","evs":{"hp":4,"atk":0,"def":0,"spa":252,"spd":0,"spe":252},"gender":"M","shiny":true,"ivs":{"hp":31,"atk":31,"def":31,"spa":31,"spd":31,"spe":31}},{"name":"Zapz","species":"zapdos","item":"leftovers","ability":"Pressure","moves":["heatwave","roost","extrasensory","defog"],"nature":"Modest","evs":{"hp":252,"atk":0,"def":0,"spa":252,"spd":4,"spe":0},"shiny":true,"ivs":{"hp":31,"atk":31,"def":31,"spa":31,"spd":31,"spe":31}},{"name":"Plugg-in Failure","species":"electivire","item":"choicescarf","ability":"Vital Spirit","moves":["crosschop","earthquake","icepunch","rockslide"],"nature":"Adamant","evs":{"hp":0,"atk":252,"def":0,"spa":0,"spd":4,"spe":252},"gender":"M","shiny":true,"ivs":{"hp":31,"atk":31,"def":31,"spa":31,"spd":31,"spe":31}}],"log":["|player|p1|Void Who|voidwho.gif","|player|p2|GTX♅Bzumzum|225","|gametype|singles","|gen|6","|tier|Monotype","|rated","|rule|Baton Pass Clause: Limit one Baton Passer, can't pass Spe and other stats simultaneously","|rule|Swagger Clause: Swagger is banned","|rule|Same Type Clause: Pokémon in a team must share a type","|clearpoke","|poke|p1|Landorus, M","|poke|p1|Hippowdon, F","|poke|p1|Excadrill, F","|poke|p1|Garchomp, M","|poke|p1|Mamoswine, M","|poke|p1|Seismitoad, F","|poke|p2|Manectric, M","|poke|p2|Rotom-Wash, shiny","|poke|p2|Magnezone, shiny","|poke|p2|Raichu, M, shiny","|poke|p2|Zapdos, shiny","|poke|p2|Electivire, M, shiny","|rule|Sleep Clause Mod: Limit one foe put to sleep","|rule|Species Clause: Limit one of each Pokémon","|rule|OHKO Clause: OHKO moves are banned","|rule|Moody Clause: Moody is banned","|rule|Evasion Moves Clause: Evasion moves are banned","|rule|Endless Battle Clause: Forcing endless battles is banned","|rule|HP Percentage Mod: HP is shown in percentages","|teampreview","|","|start","|switch|p1a: Mamoswine|Mamoswine, M|361/361","|switch|p2a: Plugg-in Failure|Electivire, M, shiny|291/291","|turn|1","|","|move|p2a: Plugg-in Failure|Cross Chop|p1a: Mamoswine|[miss]","|-miss|p2a: Plugg-in Failure|p1a: Mamoswine","|move|p1a: Mamoswine|Earthquake|p2a: Plugg-in Failure","|-supereffective|p2a: Plugg-in Failure","|-damage|p2a: Plugg-in Failure|0 fnt","|faint|p2a: Plugg-in Failure","|","|","|switch|p2a: Water-Safe|Rotom-Wash, shiny|303/303","|turn|2","|","|switch|p1a: Seismitoad|Seismitoad, F|414/414","|move|p2a: Water-Safe|Hydro Pump|p1a: Seismitoad","|-immune|p1a: Seismitoad|[msg]","|","|turn|3","|","|move|p2a: Water-Safe|Will-O-Wisp|p1a: Seismitoad","|-status|p1a: Seismitoad|brn","|move|p1a: Seismitoad|Scald|p2a: Water-Safe","|-resisted|p2a: Water-Safe","|-damage|p2a: Water-Safe|276/303","|","|-damage|p1a: Seismitoad|363/414 brn|[from] brn","|turn|4","|","|switch|p2a: Zapz|Zapdos, shiny|384/384","|-ability|p2a: Zapz|Pressure","|move|p1a: Seismitoad|Scald|p2a: Zapz","|-damage|p2a: Zapz|291/384","|","|-heal|p2a: Zapz|315/384|[from] item: Leftovers","|-heal|p1a: Seismitoad|388/414 brn|[from] item: Leftovers","|-damage|p1a: Seismitoad|337/414 brn|[from] brn","|turn|5","|","|move|p2a: Zapz|Heat Wave|p1a: Seismitoad","|-resisted|p1a: Seismitoad","|-damage|p1a: Seismitoad|264/414 brn","|move|p1a: Seismitoad|Scald|p2a: Zapz","|-damage|p2a: Zapz|225/384","|","|-heal|p2a: Zapz|249/384|[from] item: Leftovers","|-heal|p1a: Seismitoad|289/414 brn|[from] item: Leftovers","|-damage|p1a: Seismitoad|238/414 brn|[from] brn","|turn|6","|","|switch|p2a: Water-Safe|Rotom-Wash, shiny|276/303","|move|p1a: Seismitoad|Scald|p2a: Water-Safe","|-resisted|p2a: Water-Safe","|-damage|p2a: Water-Safe|250/303","|","|-heal|p1a: Seismitoad|263/414 brn|[from] item: Leftovers","|-damage|p1a: Seismitoad|212/414 brn|[from] brn","|turn|7","|","|move|p2a: Water-Safe|Hidden Power|p1a: Seismitoad","|-damage|p1a: Seismitoad|151/414 brn","|move|p1a: Seismitoad|Scald|p2a: Water-Safe","|-resisted|p2a: Water-Safe","|-damage|p2a: Water-Safe|223/303","|","|-heal|p1a: Seismitoad|176/414 brn|[from] item: Leftovers","|-damage|p1a: Seismitoad|125/414 brn|[from] brn","|turn|8","|","|move|p2a: Water-Safe|Hidden Power|p1a: Seismitoad","|-damage|p1a: Seismitoad|65/414 brn","|move|p1a: Seismitoad|Scald|p2a: Water-Safe","|-resisted|p2a: Water-Safe","|-damage|p2a: Water-Safe|193/303","|","|-heal|p1a: Seismitoad|90/414 brn|[from] item: Leftovers","|-damage|p1a: Seismitoad|39/414 brn|[from] brn","|turn|9","|","|move|p2a: Water-Safe|Hidden Power|p1a: Seismitoad","|-damage|p1a: Seismitoad|0 fnt","|faint|p1a: Seismitoad","|","|","|switch|p1a: Coke Sniffer|Landorus, M|319/319","|turn|10","|","|move|p1a: Coke Sniffer|Gravity|p1a: Coke Sniffer","|-fieldstart|move: Gravity","|move|p2a: Water-Safe|Hidden Power|p1a: Coke Sniffer","|-supereffective|p1a: Coke Sniffer","|-damage|p1a: Coke Sniffer|75/319","|","|turn|11","|","|move|p1a: Coke Sniffer|Earth Power|p2a: Water-Safe","|-supereffective|p2a: Water-Safe","|-damage|p2a: Water-Safe|0 fnt","|faint|p2a: Water-Safe","|","|","|switch|p2a: Lightning|Raichu, M, shiny|262/262","|turn|12","|","|move|p2a: Lightning|Surf|p1a: Coke Sniffer","|-supereffective|p1a: Coke Sniffer","|-damage|p1a: Coke Sniffer|0 fnt","|faint|p1a: Coke Sniffer","|","|","|switch|p1a: Bertha|Hippowdon, F|420/420","|-weather|Sandstorm","|turn|13","|","|move|p2a: Lightning|Surf|p1a: Bertha","|-supereffective|p1a: Bertha","|-damage|p1a: Bertha|190/420","|move|p1a: Bertha|Stealth Rock|p2a: Lightning","|-sidestart|p2: GTX♅Bzumzum|move: Stealth Rock","|","|-weather|Sandstorm|[upkeep]","|-damage|p2a: Lightning|246/262|[from] sandstorm","|-heal|p1a: Bertha|216/420|[from] item: Leftovers","|turn|14","|","|move|p2a: Lightning|Surf|p1a: Bertha","|-crit|p1a: Bertha","|-supereffective|p1a: Bertha","|-damage|p1a: Bertha|0 fnt","|faint|p1a: Bertha","|","|-weather|Sandstorm|[upkeep]","|-damage|p2a: Lightning|230/262|[from] sandstorm","|-fieldend|move: Gravity","|","|switch|p1a: Mamoswine|Mamoswine, M|361/361","|turn|15","|","|switch|p2a: Zapz|Zapdos, shiny|249/384","|-damage|p2a: Zapz|153/384|[from] Stealth Rock","|-ability|p2a: Zapz|Pressure","|move|p1a: Mamoswine|Earthquake|p2a: Zapz","|-immune|p2a: Zapz|[msg]","|","|-weather|Sandstorm|[upkeep]","|-damage|p2a: Zapz|129/384|[from] sandstorm","|-heal|p2a: Zapz|153/384|[from] item: Leftovers","|turn|16","|","|move|p1a: Mamoswine|Ice Shard|p2a: Zapz","|-supereffective|p2a: Zapz","|-damage|p2a: Zapz|13/384","|move|p2a: Zapz|Defog|p1a: Mamoswine","|-unboost|p1a: Mamoswine|evasion|1","|-sideend|p2: GTX♅Bzumzum|Stealth Rock|[from] move: Defog|[of] p2a: Zapz","|","|-weather|Sandstorm|[upkeep]","|-damage|p2a: Zapz|0 fnt|[from] sandstorm","|faint|p2a: Zapz","|","|switch|p2a: Elec|Manectric, M|281/281","|turn|17","|","|detailschange|p2a: Elec|Manectric-Mega, M","|-mega|p2a: Elec|Manectric|Manectite","|-ability|p2a: Elec|Intimidate","|-unboost|p1a: Mamoswine|atk|1","|move|p2a: Elec|Overheat|p1a: Mamoswine","|-supereffective|p1a: Mamoswine","|-damage|p1a: Mamoswine|105/361","|-unboost|p2a: Elec|spa|2","|move|p1a: Mamoswine|Earthquake|p2a: Elec","|-supereffective|p2a: Elec","|-damage|p2a: Elec|45/281","|","|-weather|none","|turn|18","|","|move|p1a: Mamoswine|Ice Shard|p2a: Elec","|-crit|p2a: Elec","|-damage|p2a: Elec|0 fnt","|faint|p2a: Elec","|","|","|switch|p2a: Lightning|Raichu, M, shiny|230/262","|turn|19","|","|move|p1a: Mamoswine|Ice Shard|p2a: Lightning","|-damage|p2a: Lightning|172/262","|move|p2a: Lightning|Focus Blast|p1a: Mamoswine","|-supereffective|p1a: Mamoswine","|-damage|p1a: Mamoswine|0 fnt","|faint|p1a: Mamoswine","|","|","|switch|p1a: Garchomp|Garchomp, M|420/420","|turn|20","|","|move|p2a: Lightning|Focus Blast|p1a: Garchomp|[miss]","|-miss|p2a: Lightning|p1a: Garchomp","|move|p1a: Garchomp|Earthquake|p2a: Lightning","|-supereffective|p2a: Lightning","|-damage|p2a: Lightning|0 fnt","|faint|p2a: Lightning","|","|","|switch|p2a: MY ZONE!!!|Magnezone, shiny|343/343","|turn|21","|","|move|p1a: Garchomp|Earthquake|p2a: MY ZONE!!!","|-supereffective|p2a: MY ZONE!!!","|-ability|p2a: MY ZONE!!!|Sturdy","|-damage|p2a: MY ZONE!!!|1/343","|move|p2a: MY ZONE!!!|Flash Cannon|p1a: Garchomp","|-damage|p1a: Garchomp|174/420","|","|turn|22","|","|move|p1a: Garchomp|Earthquake|p2a: MY ZONE!!!","|-supereffective|p2a: MY ZONE!!!","|-damage|p2a: MY ZONE!!!|0 fnt","|faint|p2a: MY ZONE!!!","|","|win|Void Who"],"p1rating":{"entryid":"6866008","serverid":"eos","formatid":"monotype","userid":"voidwho","username":"Void Who","w":40,"l":"23","t":"0","gxe":60.6,"r":"1584.1374030598","rd":"51.397151712228","sigma":"0","rptime":"1439370000","rpr":1582.0967521621,"rprd":50.023753563944,"rpsigma":"0","acre":1178.329034398,"lacre":1178.329034398,"oldacre":"1162.8597281931"},"p2rating":{"entryid":"6857825","serverid":"eos","formatid":"monotype","userid":"gtxbzumzum","username":"GTX♅Bzumzum","w":"33","l":118,"t":"0","gxe":22.5,"r":"1260.5936387129","rd":"34.080063403311","sigma":"0","rptime":"1439370000","rpr":1266.7313486526,"rprd":33.215708107489,"rpsigma":"0","acre":1015.0094890572,"lacre":1015.0094890572,"oldacre":"1023.3659409071"},"endType":"normal"}