{"seed":[55817,14966,7553,1326],"turns":20,"p1":"SL~Kingdra","p2":"Rain SageHerbs","p1team":[{"name":"Smegle","species":"smeargle","item":"focussash","ability":"Own Tempo","moves":["spore","stickyweb","stealthrock","transform"],"nature":"Timid","evs":{"hp":252,"atk":0,"def":4,"spa":0,"spd":0,"spe":252},"ivs":{"hp":31,"atk":31,"def":31,"spa":31,"spd":31,"spe":31}},{"name":"Slack King","species":"slaking","item":"choicescarf","ability":"Truant","moves":["retaliate","earthquake","firepunch","return"],"nature":"Adamant","evs":{"hp":4,"atk":252,"def":0,"spa":0,"spd":0,"spe":252},"ivs":{"hp":31,"atk":31,"def":31,"spa":31,"spd":31,"spe":31}},{"name":"Mel-B","species":"meloetta","item":"leftovers","ability":"Serene Grace","moves":["psychic","shadowball","hypervoice","calmmind"],"nature":"Calm","evs":{"hp":252,"atk":0,"def":0,"spa":4,"spd":252,"spe":0},"ivs":{"hp":31,"atk":31,"def":30,"spa":30,"spd":30,"spe":31}},{"name":"Demolition","species":"diggersby","item":"lifeorb","ability":"Huge Power","moves":["earthquake","quickattack","return","firepunch"],"nature":"Adamant","evs":{"hp":4,"atk":252,"def":0,"spa":0,"spd":0,"spe":252},"ivs":{"hp":31,"atk":31,"def":31,"spa":31,"spd":31,"spe":31}},{"name":"Cute Blob","species":"ditto","item":"choicescarf","ability":"Imposter","moves":["transform"],"nature":"Timid","evs":{"hp":252,"atk":0,"def":4,"spa":0,"spd":0,"spe":252},"ivs":{"hp":31,"atk":31,"def":31,"spa":31,"spd":31,"spe":31}},{"name":"Corey","species":"porygonz","item":"focussash","ability":"Adaptability","moves":["triattack","icebeam","hiddenpowerfire","nastyplot"],"nature":"Timid","evs":{"hp":4,"atk":0,"def":0,"spa":252,"spd":0,"spe":252},"ivs":{"hp":31,"atk":30,"def":31,"spa":30,"spd":31,"spe":30}}],"p2team":[{"name":"King Ludi","species":"ludicolo","item":"leftovers","ability":"Swift Swim","moves":["teeterdance","scald","icebeam","gigadrain"],"nature":"Modest","evs":{"hp":0,"atk":0,"def":0,"spa":252,"spd":4,"spe":252},"shiny":true,"ivs":{"hp":31,"atk":31,"def":31,"spa":31,"spd":31,"spe":31}},{"name":"SS2 Azu","species":"azumarill","item":"sitrusberry","ability":"Huge Power","moves":["aquajet","playrough","bellydrum","knockoff"],"nature":"Adamant","evs":{"hp":252,"atk":252,"def":0,"spa":0,"spd":4,"spe":0},"shiny":true,"ivs":{"hp":31,"atk":31,"def":31,"spa":31,"spd":31,"spe":31}},{"name":"SwampGun","species":"swampert","item":"swampertite","ability":"Damp","moves":["superpower","waterfall","earthquake","icepunch"],"nature":"Adamant","evs":{"hp":248,"atk":252,"def":0,"spa":0,"spd":8,"spe":0},"ivs":{"hp":31,"atk":31,"def":31,"spa":31,"spd":31,"spe":31}},{"name":"Milo","species":"milotic","item":"leftovers","ability":"Competitive","moves":["scald","icebeam","raindance","toxic"],"nature":"Bold","evs":{"hp":252,"atk":0,"def":252,"spa":4,"spd":0,"spe":0},"shiny":true,"ivs":{"hp":31,"atk":31,"def":31,"spa":31,"spd":31,"spe":31}},{"name":"Poliie","species":"politoed","item":"widelens","ability":"Drizzle","moves":["icebeam","surf","hypnosis","perishsong"],"nature":"Modest","evs":{"hp":248,"atk":0,"def":0,"spa":252,"spd":8,"spe":0},"shiny":true,"ivs":{"hp":31,"atk":31,"def":31,"spa":31,"spd":31,"spe":31}},{"name":"Slowbro","species":"Slowbro","item":"assaultvest","ability":"Regenerator","moves":["futuresight","flamethrower","scald","focusblast"],"nature":"Modest","evs":{"hp":248,"atk":0,"def":0,"spa":252,"spd":8,"spe":0},"ivs":{"hp":31,"atk":31,"def":31,"spa":31,"spd":31,"spe":31}}],"log":["|player|p1|SL~Kingdra|99","|player|p2|Rain SageHerbs|154","|gametype|singles","|gen|6","|tier|Monotype","|rated","|rule|Baton Pass Clause: Limit one Baton Passer, can't pass Spe and other stats simultaneously","|rule|Swagger Clause: Swagger is banned","|rule|Same Type Clause: Pokémon in a team must share a type","|clearpoke","|poke|p1|Smeargle, F","|poke|p1|Slaking, F","|poke|p1|Meloetta","|poke|p1|Diggersby, M","|poke|p1|Ditto","|poke|p1|Porygon-Z","|poke|p2|Ludicolo, M, shiny","|poke|p2|Azumarill, F, shiny","|poke|p2|Swampert, F","|poke|p2|Milotic, M, shiny","|poke|p2|Politoed, F, shiny","|poke|p2|Slowbro, F","|rule|Sleep Clause Mod: Limit one foe put to sleep","|rule|Species Clause: Limit one of each Pokémon","|rule|OHKO Clause: OHKO moves are banned","|rule|Moody Clause: Moody is banned","|rule|Evasion Moves Clause: Evasion moves are banned","|rule|Endless Battle Clause: Forcing endless battles is banned","|rule|HP Percentage Mod: HP is shown in percentages","|teampreview","|","|start","|switch|p1a: Smegle|Smeargle, F|314/314","|switch|p2a: Poliie|Politoed, F, shiny|383/383","|-weather|RainDance","|turn|1","|","|move|p1a: Smegle|Spore|p2a: Poliie","|-status|p2a: Poliie|slp","|cant|p2a: Poliie|slp","|","|-weather|RainDance|[upkeep]","|turn|2","|","|switch|p2a: SS2 Azu|Azumarill, F, shiny|404/404","|move|p1a: Smegle|Sticky Web|p2a: SS2 Azu","|-sidestart|p2: Rain SageHerbs|move: Sticky Web","|","|-weather|RainDance|[upkeep]","|turn|3","|","|move|p1a: Smegle|Stealth Rock|p2a: SS2 Azu","|-sidestart|p2: Rain SageHerbs|move: Stealth Rock","|move|p2a: SS2 Azu|Belly Drum|p2a: SS2 Azu","|-damage|p2a: SS2 Azu|202/404","|-setboost|p2a: SS2 Azu|atk|6|[from] move: Belly Drum","|-enditem|p2a: SS2 Azu|Sitrus Berry|[eat]","|-heal|p2a: SS2 Azu|303/404|[from] item: Sitrus Berry","|","|-weather|RainDance|[upkeep]","|turn|4","|","|move|p1a: Smegle|Transform|p2a: SS2 Azu","|-transform|p1a: Smegle|p2a: SS2 Azu","|move|p2a: SS2 Azu|Knock Off|p1a: Smegle","|-resisted|p1a: Smegle","|-enditem|p1a: Smegle|Focus Sash","|-damage|p1a: Smegle|1/314","|","|-weather|RainDance|[upkeep]","|turn|5","|","|move|p2a: SS2 Azu|Aqua Jet|p1a: Smegle","|-crit|p1a: Smegle","|-resisted|p1a: Smegle","|-damage|p1a: Smegle|0 fnt","|faint|p1a: Smegle","|","|-weather|none","|","|switch|p1a: Cute Blob|Ditto|300/300","|-transform|p1a: Cute Blob|p2a: SS2 Azu","|turn|6","|","|move|p1a: Cute Blob|Knock Off|p2a: SS2 Azu","|-resisted|p2a: SS2 Azu","|-damage|p2a: SS2 Azu|60/404","|move|p2a: SS2 Azu|Knock Off|p1a: Cute Blob","|-resisted|p1a: Cute Blob","|-damage|p1a: Cute Blob|0 fnt","|-enditem|p1a: Cute Blob|Choice Scarf|[from] move: Knock Off|[of] p2a: SS2 Azu","|faint|p1a: Cute Blob","|","|","|switch|p1a: Slack King|Slaking, F|442/442","|turn|7","|","|move|p2a: SS2 Azu|Aqua Jet|p1a: Slack King","|-damage|p1a: Slack King|79/442","|move|p1a: Slack King|Retaliate|p2a: SS2 Azu","|-damage|p2a: SS2 Azu|0 fnt","|faint|p2a: SS2 Azu","|","|","|switch|p2a: Milo|Milotic, M, shiny|394/394","|-activate|p2a: Milo|move: Sticky Web","|-unboost|p2a: Milo|spe|1","|-boost|p2a: Milo|spa|2|[from] ability: Competitive","|-damage|p2a: Milo|345/394|[from] Stealth Rock","|turn|8","|","|switch|p1a: Corey|Porygon-Z|312/312","|move|p2a: Milo|Scald|p1a: Corey","|-damage|p1a: Corey|69/312","|","|-heal|p2a: Milo|369/394|[from] item: Leftovers","|turn|9","|","|switch|p2a: Poliie|Politoed, F, shiny|383/383 slp","|-activate|p2a: Poliie|move: Sticky Web","|-unboost|p2a: Poliie|spe|1","|-damage|p2a: Poliie|336/383 slp|[from] Stealth Rock","|-weather|RainDance","|move|p1a: Corey|Tri Attack|p2a: Poliie","|-damage|p2a: Poliie|140/383 slp","|","|-weather|RainDance|[upkeep]","|turn|10","|","|move|p1a: Corey|Tri Attack|p2a: Poliie","|-damage|p2a: Poliie|0 fnt","|faint|p2a: Poliie","|","|-weather|RainDance|[upkeep]","|","|switch|p2a: Milo|Milotic, M, shiny|369/394","|-activate|p2a: Milo|move: Sticky Web","|-unboost|p2a: Milo|spe|1","|-boost|p2a: Milo|spa|2|[from] ability: Competitive","|-damage|p2a: Milo|320/394|[from] Stealth Rock","|turn|11","|","|move|p1a: Corey|Tri Attack|p2a: Milo","|-damage|p2a: Milo|164/394","|-status|p2a: Milo|brn","|move|p2a: Milo|Scald|p1a: Corey","|-damage|p1a: Corey|0 fnt","|faint|p1a: Corey","|","|-weather|RainDance|[upkeep]","|-heal|p2a: Milo|188/394 brn|[from] item: Leftovers","|-damage|p2a: Milo|139/394 brn|[from] brn","|","|switch|p1a: Slack King|Slaking, F|79/442","|turn|12","|","|move|p1a: Slack King|Retaliate|p2a: Milo","|-damage|p2a: Milo|0 fnt","|faint|p2a: Milo","|","|-weather|RainDance|[upkeep]","|","|switch|p2a: SwampGun|Swampert, F|403/403","|-damage|p2a: SwampGun|378/403|[from] Stealth Rock","|-activate|p2a: SwampGun|move: Sticky Web","|-unboost|p2a: SwampGun|spe|1","|turn|13","|","|switch|p1a: Demolition|Diggersby, M|312/312","|detailschange|p2a: SwampGun|Swampert-Mega, F","|-mega|p2a: SwampGun|Swampert|Swampertite","|move|p2a: SwampGun|Waterfall|p1a: Demolition","|-supereffective|p1a: Demolition","|-damage|p1a: Demolition|0 fnt","|faint|p1a: Demolition","|","|-weather|none","|","|switch|p1a: Slack King|Slaking, F|79/442","|turn|14","|","|switch|p2a: King Ludi|Ludicolo, M, shiny|301/301","|-activate|p2a: King Ludi|move: Sticky Web","|-unboost|p2a: King Ludi|spe|1","|-damage|p2a: King Ludi|264/301|[from] Stealth Rock","|move|p1a: Slack King|Retaliate|p2a: King Ludi","|-damage|p2a: King Ludi|0 fnt","|faint|p2a: King Ludi","|","|","|switch|p2a: SwampGun|Swampert-Mega, F|378/403","|-damage|p2a: SwampGun|353/403|[from] Stealth Rock","|-activate|p2a: SwampGun|move: Sticky Web","|-unboost|p2a: SwampGun|spe|1","|turn|15","|","|switch|p1a: Mel-B|Meloetta|404/404","|move|p2a: SwampGun|Earthquake|p1a: Mel-B","|-damage|p1a: Mel-B|119/404","|","|-heal|p1a: Mel-B|144/404|[from] item: Leftovers","|turn|16","|","|move|p1a: Mel-B|Psychic|p2a: SwampGun","|-damage|p2a: SwampGun|235/403","|-unboost|p2a: SwampGun|spd|1","|move|p2a: SwampGun|Earthquake|p1a: Mel-B","|-damage|p1a: Mel-B|0 fnt","|faint|p1a: Mel-B","|","|","|switch|p1a: Slack King|Slaking, F|79/442","|turn|17","|","|switch|p2a: Slowbro|Slowbro, F|393/393","|-activate|p2a: Slowbro|move: Sticky Web","|-unboost|p2a: Slowbro|spe|1","|-damage|p2a: Slowbro|344/393|[from] Stealth Rock","|move|p1a: Slack King|Retaliate|p2a: Slowbro","|-damage|p2a: Slowbro|25/393","|","|turn|18","|","|cant|p1a: Slack King|ability: Truant|Retaliate","|move|p2a: Slowbro|Future Sight|p1a: Slack King","|-start|p2a: Slowbro|move: Future Sight","|","|turn|19","|","|move|p1a: Slack King|Retaliate|p2a: Slowbro","|-damage|p2a: Slowbro|0 fnt","|faint|p2a: Slowbro","|","|","|switch|p2a: SwampGun|Swampert-Mega, F|235/403","|-damage|p2a: SwampGun|210/403|[from] Stealth Rock","|-activate|p2a: SwampGun|move: Sticky Web","|-unboost|p2a: SwampGun|spe|1","|turn|20","|","|cant|p1a: Slack King|ability: Truant|Retaliate","|move|p2a: SwampGun|Earthquake|p1a: Slack King","|-damage|p1a: Slack King|0 fnt","|faint|p1a: Slack King","|","|win|Rain SageHerbs"],"p1rating":{"entryid":"7548471","serverid":"eos","formatid":"monotype","userid":"slkingdra","username":"SL~Kingdra","w":"9","l":8,"t":"0","gxe":52.6,"r":"1563.5069421572","rd":"80.50868853356","sigma":"0","rptime":"1439370000","rpr":1519.9438968855,"rprd":74.101827816488,"rpsigma":"0","acre":1078.9228622238,"lacre":1078.9228622238,"oldacre":"1111.6940021743"},"p2rating":{"entryid":7585786,"formatid":"monotype","userid":"rainsageherbs","username":"Rain SageHerbs","r":1500,"rd":130,"sigma":0,"rpr":1549.1297107862,"rprd":122.43541131877,"rpsigma":0,"rptime":1439370000,"w":1,"l":0,"t":0,"gxe":56.1,"acre":1052.4338239209,"lacre":1052.4338239209,"oldacre":1000},"endType":"normal"}