{"seed":[10524,31584,27350,63356],"turns":25,"p1":"TIL4-Emil","p2":"Guard Darkrai","p1team":[{"name":"Scizor","species":"Scizor","item":"scizorite","ability":"Swarm","moves":["swordsdance","roost","bulletpunch","superpower"],"nature":"Careful","evs":{"hp":248,"atk":0,"def":28,"spa":0,"spd":232,"spe":0},"ivs":{"hp":31,"atk":31,"def":31,"spa":31,"spd":31,"spe":31}},{"name":"Galvantula","species":"Galvantula","item":"focussash","ability":"Compound Eyes","moves":["stickyweb","thunder","thunderwave","gigadrain"],"nature":"Timid","evs":{"hp":4,"atk":0,"def":0,"spa":252,"spd":0,"spe":252},"gender":"F","ivs":{"hp":31,"atk":30,"def":30,"spa":30,"spd":31,"spe":31},"shiny":true},{"name":"Armaldo","species":"Armaldo","item":"assaultvest","ability":"Battle Armor","moves":["rapidspin","earthquake","rockblast","aquajet"],"nature":"Adamant","evs":{"hp":24,"atk":252,"def":232,"spa":0,"spd":0,"spe":0},"ivs":{"hp":31,"atk":31,"def":31,"spa":31,"spd":31,"spe":31}},{"name":"Volca","species":"volcarona","item":"focussash","ability":"Flame Body","moves":["fierydance","hiddenpowerice","quiverdance","bugbuzz"],"nature":"Timid","evs":{"hp":4,"atk":0,"def":0,"spa":252,"spd":0,"spe":252},"gender":"F","ivs":{"hp":31,"atk":30,"def":30,"spa":31,"spd":31,"spe":31}},{"name":"Scolipede","species":"Scolipede","item":"focussash","ability":"Speed Boost","moves":["earthquake","rockslide","poisonjab","swordsdance"],"nature":"Adamant","evs":{"hp":4,"atk":252,"def":0,"spa":0,"spd":0,"spe":252},"ivs":{"hp":31,"atk":31,"def":31,"spa":31,"spd":31,"spe":31}},{"name":"Genesect","species":"Genesect","item":"focussash","ability":"Download","moves":["extremespeed","shiftgear","blazekick","ironhead"],"nature":"Hasty","evs":{"hp":232,"atk":252,"def":0,"spa":0,"spd":0,"spe":24},"shiny":true,"ivs":{"hp":31,"atk":31,"def":31,"spa":31,"spd":31,"spe":31}}],"p2team":[{"name":"Hitmonlee","species":"Hitmonlee","item":"normalgem","ability":"Unburden","moves":["fakeout","highjumpkick","poisonjab","stoneedge"],"nature":"Adamant","evs":{"hp":0,"atk":252,"def":0,"spa":0,"spd":4,"spe":252},"shiny":true,"ivs":{"hp":31,"atk":31,"def":31,"spa":31,"spd":31,"spe":31}},{"name":"Conkeldurr","species":"Conkeldurr","item":"brightpowder","ability":"Guts","moves":["icepunch","machpunch","drainpunch","bulkup"],"nature":"Adamant","evs":{"hp":248,"atk":252,"def":0,"spa":0,"spd":8,"spe":0},"shiny":true,"ivs":{"hp":31,"atk":31,"def":31,"spa":31,"spd":31,"spe":31}},{"name":"Gallade","species":"Gallade","item":"galladite","ability":"Justified","moves":["swordsdance","shadowsneak","drainpunch","psychocut"],"nature":"Adamant","evs":{"hp":248,"atk":252,"def":0,"spa":0,"spd":8,"spe":0},"shiny":true,"ivs":{"hp":31,"atk":31,"def":31,"spa":31,"spd":31,"spe":31}},{"name":"Breloom","species":"Breloom","item":"focussash","ability":"Technician","moves":["spore","machpunch","rocktomb","bulletseed"],"nature":"Jolly","evs":{"hp":0,"atk":252,"def":0,"spa":0,"spd":4,"spe":252},"shiny":true,"ivs":{"hp":31,"atk":31,"def":31,"spa":31,"spd":31,"spe":31}},{"name":"Terrakion","species":"Terrakion","item":"choicescarf","ability":"Justified","moves":["stoneedge","closecombat","ironhead","earthquake"],"nature":"Jolly","evs":{"hp":0,"atk":252,"def":0,"spa":0,"spd":4,"spe":252},"shiny":true,"ivs":{"hp":31,"atk":31,"def":31,"spa":31,"spd":31,"spe":31}},{"name":"Hawlucha","species":"Hawlucha","item":"powerherb","ability":"Unburden","moves":["skyattack","acrobatics","highjumpkick","swordsdance"],"nature":"Adamant","evs":{"hp":0,"atk":252,"def":0,"spa":0,"spd":4,"spe":252},"shiny":true,"ivs":{"hp":31,"atk":31,"def":31,"spa":31,"spd":31,"spe":31}}],"log":["|player|p1|TIL4-Emil|til4emil.gif","|player|p2|Guard Darkrai|guarddarkrai.png","|gametype|singles","|gen|6","|tier|Monotype","|rated","|rule|Baton Pass Clause: Limit one Baton Passer, can't pass Spe and other stats simultaneously","|rule|Swagger Clause: Swagger is banned","|rule|Same Type Clause: Pokémon in a team must share a type","|clearpoke","|poke|p1|Scizor, M","|poke|p1|Galvantula, F, shiny","|poke|p1|Armaldo, M","|poke|p1|Volcarona, F","|poke|p1|Scolipede, F","|poke|p1|Genesect-*, shiny","|poke|p2|Hitmonlee, M, shiny","|poke|p2|Conkeldurr, F, shiny","|poke|p2|Gallade, M, shiny","|poke|p2|Breloom, M, shiny","|poke|p2|Terrakion, shiny","|poke|p2|Hawlucha, M, shiny","|rule|Sleep Clause Mod: Limit one foe put to sleep","|rule|Species Clause: Limit one of each Pokémon","|rule|OHKO Clause: OHKO moves are banned","|rule|Moody Clause: Moody is banned","|rule|Evasion Moves Clause: Evasion moves are banned","|rule|Endless Battle Clause: Forcing endless battles is banned","|rule|HP Percentage Mod: HP is shown in percentages","|teampreview","|","|start","|switch|p1a: Galvantula|Galvantula, F, shiny|282/282","|switch|p2a: Breloom|Breloom, M, shiny|261/261","|turn|1","|","|move|p1a: Galvantula|Thunder Wave|p2a: Breloom","|-status|p2a: Breloom|par","|cant|p2a: Breloom|par","|","|turn|2","|","|move|p1a: Galvantula|Sticky Web|p2a: Breloom","|-sidestart|p2: Guard Darkrai|move: Sticky Web","|move|p2a: Breloom|Rock Tomb|p1a: Galvantula","|-supereffective|p1a: Galvantula","|-enditem|p1a: Galvantula|Focus Sash","|-damage|p1a: Galvantula|1/282","|-unboost|p1a: Galvantula|spe|1","|","|turn|3","|","|switch|p1a: Armaldo|Armaldo, M|297/297","|move|p2a: Breloom|Mach Punch|p1a: Armaldo","|-damage|p1a: Armaldo|212/297","|","|turn|4","|","|move|p1a: Armaldo|Rock Blast|p2a: Breloom","|-resisted|p2a: Breloom","|-damage|p2a: Breloom|232/261 par","|-resisted|p2a: Breloom","|-damage|p2a: Breloom|203/261 par","|-resisted|p2a: Breloom","|-damage|p2a: Breloom|176/261 par","|-hitcount|p2a: Breloom|3","|move|p2a: Breloom|Rock Tomb|p1a: Armaldo","|-supereffective|p1a: Armaldo","|-damage|p1a: Armaldo|40/297","|-unboost|p1a: Armaldo|spe|1","|","|turn|5","|","|move|p2a: Breloom|Mach Punch|p1a: Armaldo","|-damage|p1a: Armaldo|0 fnt","|faint|p1a: Armaldo","|","|","|switch|p1a: Genesect|Genesect, shiny|341/341","|-boost|p1a: Genesect|spa|1|[from] ability: Download","|turn|6","|","|move|p1a: Genesect|Shift Gear|p1a: Genesect","|-boost|p1a: Genesect|spe|2","|-boost|p1a: Genesect|atk|1","|move|p2a: Breloom|Rock Tomb|p1a: Genesect","|-damage|p1a: Genesect|219/341","|-unboost|p1a: Genesect|spe|1","|","|turn|7","|","|move|p1a: Genesect|Shift Gear|p1a: Genesect","|-boost|p1a: Genesect|spe|2","|-boost|p1a: Genesect|atk|1","|cant|p2a: Breloom|par","|","|turn|8","|","|move|p1a: Genesect|Blaze Kick|p2a: Breloom","|-supereffective|p2a: Breloom","|-damage|p2a: Breloom|0 fnt","|faint|p2a: Breloom","|","|","|switch|p2a: Conkeldurr|Conkeldurr, F, shiny|413/413","|-activate|p2a: Conkeldurr|move: Sticky Web","|-unboost|p2a: Conkeldurr|spe|1","|turn|9","|","|move|p1a: Genesect|Blaze Kick|p2a: Conkeldurr","|-damage|p2a: Conkeldurr|206/413","|move|p2a: Conkeldurr|Drain Punch|p1a: Genesect","|-damage|p1a: Genesect|26/341","|-heal|p2a: Conkeldurr|303/413|[from] drain|[of] p1a: Genesect","|","|turn|10","|","|move|p2a: Conkeldurr|Mach Punch|p1a: Genesect","|-damage|p1a: Genesect|0 fnt","|faint|p1a: Genesect","|","|","|switch|p1a: Scizor|Scizor, M|343/343","|turn|11","|","|detailschange|p1a: Scizor|Scizor-Mega, M","|-mega|p1a: Scizor|Scizor|Scizorite","|move|p1a: Scizor|Swords Dance|p1a: Scizor","|-boost|p1a: Scizor|atk|2","|move|p2a: Conkeldurr|Drain Punch|p1a: Scizor","|-damage|p1a: Scizor|232/343","|-heal|p2a: Conkeldurr|359/413|[from] drain|[of] p1a: Scizor","|","|turn|12","|","|move|p1a: Scizor|Swords Dance|p1a: Scizor","|-boost|p1a: Scizor|atk|2","|move|p2a: Conkeldurr|Drain Punch|p1a: Scizor","|-damage|p1a: Scizor|114/343","|-heal|p2a: Conkeldurr|413/413|[from] drain|[of] p1a: Scizor","|","|turn|13","|","|move|p1a: Scizor|Roost|p1a: Scizor","|-heal|p1a: Scizor|286/343","|move|p2a: Conkeldurr|Drain Punch|p1a: Scizor","|-damage|p1a: Scizor|177/343","|","|turn|14","|","|move|p1a: Scizor|Roost|p1a: Scizor","|-heal|p1a: Scizor|343/343","|move|p2a: Conkeldurr|Bulk Up|p2a: Conkeldurr","|-boost|p2a: Conkeldurr|atk|1","|-boost|p2a: Conkeldurr|def|1","|","|turn|15","|","|move|p1a: Scizor|Bullet Punch|p2a: Conkeldurr","|-damage|p2a: Conkeldurr|194/413","|move|p2a: Conkeldurr|Drain Punch|p1a: Scizor","|-damage|p1a: Scizor|183/343","|-heal|p2a: Conkeldurr|274/413|[from] drain|[of] p1a: Scizor","|","|turn|16","|","|move|p1a: Scizor|Superpower|p2a: Conkeldurr","|-damage|p2a: Conkeldurr|16/413","|-unboost|p1a: Scizor|atk|1","|-unboost|p1a: Scizor|def|1","|move|p2a: Conkeldurr|Drain Punch|p1a: Scizor","|-damage|p1a: Scizor|0 fnt","|-heal|p2a: Conkeldurr|108/413|[from] drain|[of] p1a: Scizor","|faint|p1a: Scizor","|","|","|switch|p1a: Volca|Volcarona, F|312/312","|turn|17","|","|move|p1a: Volca|Fiery Dance|p2a: Conkeldurr","|-damage|p2a: Conkeldurr|0 fnt","|faint|p2a: Conkeldurr","|","|","|switch|p2a: Hitmonlee|Hitmonlee, M, shiny|241/241","|-activate|p2a: Hitmonlee|move: Sticky Web","|-unboost|p2a: Hitmonlee|spe|1","|turn|18","|","|move|p1a: Volca|Quiver Dance|p1a: Volca","|-boost|p1a: Volca|spa|1","|-boost|p1a: Volca|spd|1","|-boost|p1a: Volca|spe|1","|move|p2a: Hitmonlee|Stone Edge|p1a: Volca","|-supereffective|p1a: Volca","|-enditem|p1a: Volca|Focus Sash","|-damage|p1a: Volca|1/312","|","|turn|19","|","|switch|p2a: Hawlucha|Hawlucha, M, shiny|297/297","|move|p1a: Volca|Fiery Dance|p2a: Hawlucha","|-damage|p2a: Hawlucha|0 fnt","|faint|p2a: Hawlucha","|","|","|switch|p2a: Hitmonlee|Hitmonlee, M, shiny|241/241","|-activate|p2a: Hitmonlee|move: Sticky Web","|-unboost|p2a: Hitmonlee|spe|1","|turn|20","|","|move|p2a: Hitmonlee|Fake Out|p1a: Volca","|-enditem|p2a: Hitmonlee|Normal Gem|[from] gem|[move] Fake Out","|-damage|p1a: Volca|0 fnt","|faint|p1a: Volca","|","|","|switch|p1a: Galvantula|Galvantula, F, shiny|1/282","|turn|21","|","|move|p2a: Hitmonlee|Poison Jab|p1a: Galvantula","|-damage|p1a: Galvantula|0 fnt","|faint|p1a: Galvantula","|","|","|switch|p1a: Scolipede|Scolipede, F|262/262","|turn|22","|","|move|p2a: Hitmonlee|Stone Edge|p1a: Scolipede","|-supereffective|p1a: Scolipede","|-enditem|p1a: Scolipede|Focus Sash","|-damage|p1a: Scolipede|1/262","|move|p1a: Scolipede|Swords Dance|p1a: Scolipede","|-boost|p1a: Scolipede|atk|2","|","|-boost|p1a: Scolipede|spe|1|[from] ability: Speed Boost","|turn|23","|","|switch|p2a: Terrakion|Terrakion, shiny|323/323","|-activate|p2a: Terrakion|move: Sticky Web","|-unboost|p2a: Terrakion|spe|1","|move|p1a: Scolipede|Poison Jab|p2a: Terrakion","|-resisted|p2a: Terrakion","|-damage|p2a: Terrakion|179/323","|","|-boost|p1a: Scolipede|spe|1|[from] ability: Speed Boost","|turn|24","|","|move|p1a: Scolipede|Earthquake|p2a: Terrakion","|-supereffective|p2a: Terrakion","|-damage|p2a: Terrakion|0 fnt","|faint|p2a: Terrakion","|","|-boost|p1a: Scolipede|spe|1|[from] ability: Speed Boost","|","|switch|p2a: Gallade|Gallade, M, shiny|339/339","|-activate|p2a: Gallade|move: Sticky Web","|-unboost|p2a: Gallade|spe|1","|turn|25","|","|detailschange|p2a: Gallade|Gallade-Mega, M, shiny","|-mega|p2a: Gallade|Gallade|Galladite","|move|p2a: Gallade|Shadow Sneak|p1a: Scolipede","|-damage|p1a: Scolipede|0 fnt","|faint|p1a: Scolipede","|","|win|Guard Darkrai"],"p1rating":{"entryid":"6932576","serverid":"eos","formatid":"monotype","userid":"til4emil","username":"TIL4-Emil","w":"32","l":23,"t":"0","gxe":57.7,"r":"1566.4715531445","rd":"53.0091714894","sigma":"0","rptime":"1439370000","rpr":1558.7946544714,"rprd":51.373019770958,"rpsigma":"0","acre":1168.8137969965,"lacre":1168.8137969965,"oldacre":"1201.9876947094"},"p2rating":{"entryid":"6034648","serverid":"eos","formatid":"monotype","userid":"guarddarkrai","username":"Guard Darkrai","w":93,"l":"104","t":"0","gxe":47.8,"r":"1477.6376009515","rd":"30.05857036541","sigma":"0","rptime":"1439370000","rpr":1483.3072870984,"rprd":29.861998887744,"rpsigma":"0","acre":1120.40865496,"lacre":1120.40865496,"oldacre":"1084.0625040931"},"endType":"normal"}