{"seed":[50907,7638,57224,29401],"turns":20,"p1":"Desolate Nightmare","p2":"WitchOfCaldia","p1team":[{"name":"Zeus","species":"thundurus","item":"lifeorb","ability":"Prankster","moves":["grassknot","thunderwave","knockoff","thunderbolt"],"nature":"Hasty","evs":{"hp":104,"atk":0,"def":0,"spa":152,"spd":0,"spe":252},"ivs":{"hp":31,"atk":30,"def":31,"spa":30,"spd":31,"spe":31},"shiny":true},{"name":"Washing Machine","species":"rotomwash","item":"leftovers","ability":"Levitate","moves":["painsplit","willowisp","hiddenpowergrass","hydropump"],"nature":"Bold","evs":{"hp":252,"atk":0,"def":252,"spa":4,"spd":0,"spe":0},"ivs":{"hp":31,"atk":30,"def":31,"spa":30,"spd":31,"spe":31}},{"name":"Trans-Ampharos","species":"ampharos","item":"ampharosite","ability":"Static","moves":["voltswitch","dragonpulse","rest","sleeptalk"],"nature":"Calm","evs":{"hp":248,"atk":0,"def":120,"spa":0,"spd":140,"spe":0},"ivs":{"hp":31,"atk":31,"def":31,"spa":31,"spd":31,"spe":31}},{"name":"Shoes in Spanish","species":"zapdos","item":"leftovers","ability":"Pressure","moves":["thunderbolt","heatwave","roost","toxic"],"nature":"Calm","evs":{"hp":252,"atk":0,"def":0,"spa":4,"spd":252,"spe":0},"shiny":true,"ivs":{"hp":31,"atk":31,"def":31,"spa":31,"spd":31,"spe":31}},{"name":"Static Popeye","species":"electivire","item":"expertbelt","ability":"Motor Drive","moves":["thunderbolt","crosschop","flamethrower","earthquake"],"nature":"Hasty","evs":{"hp":0,"atk":20,"def":0,"spa":232,"spd":4,"spe":252},"shiny":true,"ivs":{"hp":31,"atk":31,"def":31,"spa":31,"spd":31,"spe":31}},{"name":"Sputnik","species":"magnezone","item":"choicescarf","ability":"Magnet Pull","moves":["thunderbolt","voltswitch","flashcannon","hiddenpowerice"],"nature":"Timid","evs":{"hp":4,"atk":0,"def":0,"spa":252,"spd":0,"spe":252},"ivs":{"hp":31,"atk":30,"def":30,"spa":31,"spd":31,"spe":31}}],"p2team":[{"name":"Froslass","species":"Froslass","item":"focussash","ability":"Cursed Body","moves":["icepunch","shadowball","destinybond","icebeam"],"nature":"Timid","evs":{"hp":0,"atk":0,"def":4,"spa":252,"spd":0,"spe":252},"ivs":{"hp":31,"atk":31,"def":31,"spa":31,"spd":31,"spe":31}},{"name":"Weavile","species":"Weavile","item":"lifeorb","ability":"Pressure","moves":["blizzard","knockoff","nightslash","shadowball"],"nature":"Jolly","evs":{"hp":0,"atk":252,"def":0,"spa":0,"spd":4,"spe":252},"ivs":{"hp":31,"atk":31,"def":31,"spa":31,"spd":31,"spe":31}},{"name":"Lapras","species":"Lapras","item":"assaultvest","ability":"Water Absorb","moves":["hydropump","freezedry","thunderbolt","iceshard"],"nature":"Mild","evs":{"hp":248,"atk":8,"def":0,"spa":252,"spd":0,"spe":0},"gender":"F","shiny":true,"ivs":{"hp":31,"atk":31,"def":31,"spa":31,"spd":31,"spe":31}},{"name":"Cloyster","species":"Cloyster","item":"focussash","ability":"Skill Link","moves":["shellsmash","iciclespear","rockblast","razorshell"],"nature":"Adamant","evs":{"hp":0,"atk":252,"def":0,"spa":0,"spd":4,"spe":252},"ivs":{"hp":31,"atk":31,"def":31,"spa":31,"spd":31,"spe":31}},{"name":"Abomasnow","species":"Abomasnow","item":"abomasite","ability":"Soundproof","moves":["blizzard","woodhammer","iceshard","earthquake"],"nature":"Mild","evs":{"hp":8,"atk":68,"def":0,"spa":252,"spd":0,"spe":180},"ivs":{"hp":31,"atk":31,"def":31,"spa":31,"spd":31,"spe":31}},{"name":"Mamoswine","species":"Mamoswine","item":"lifeorb","ability":"Thick Fat","moves":["iceshard","earthquake","iciclecrash","freezedry"],"nature":"Naive","evs":{"hp":0,"atk":244,"def":0,"spa":12,"spd":0,"spe":252},"ivs":{"hp":31,"atk":31,"def":31,"spa":31,"spd":31,"spe":31}}],"log":["|player|p1|Desolate Nightmare|167","|player|p2|WitchOfCaldia|260","|gametype|singles","|gen|6","|tier|Monotype","|rated","|rule|Baton Pass Clause: Limit one Baton Passer, can't pass Spe and other stats simultaneously","|rule|Swagger Clause: Swagger is banned","|rule|Same Type Clause: Pokémon in a team must share a type","|clearpoke","|poke|p1|Thundurus, M, shiny","|poke|p1|Rotom-Wash","|poke|p1|Ampharos, F","|poke|p1|Zapdos, shiny","|poke|p1|Electivire, M, shiny","|poke|p1|Magnezone","|poke|p2|Froslass, F","|poke|p2|Weavile, M","|poke|p2|Lapras, F, shiny","|poke|p2|Cloyster, M","|poke|p2|Abomasnow, F","|poke|p2|Mamoswine, M","|rule|Sleep Clause Mod: Limit one foe put to sleep","|rule|Species Clause: Limit one of each Pokémon","|rule|OHKO Clause: OHKO moves are banned","|rule|Moody Clause: Moody is banned","|rule|Evasion Moves Clause: Evasion moves are banned","|rule|Endless Battle Clause: Forcing endless battles is banned","|rule|HP Percentage Mod: HP is shown in percentages","|teampreview","|","|start","|switch|p1a: Sputnik|Magnezone|282/282","|switch|p2a: Cloyster|Cloyster, M|241/241","|turn|1","|","|move|p1a: Sputnik|Volt Switch|p2a: Cloyster","|-supereffective|p2a: Cloyster","|-enditem|p2a: Cloyster|Focus Sash","|-damage|p2a: Cloyster|1/241","|","|switch|p1a: Washing Machine|Rotom-Wash|304/304","|move|p2a: Cloyster|Shell Smash|p2a: Cloyster","|-unboost|p2a: Cloyster|def|1","|-unboost|p2a: Cloyster|spd|1","|-boost|p2a: Cloyster|atk|2","|-boost|p2a: Cloyster|spa|2","|-boost|p2a: Cloyster|spe|2","|","|turn|2","|","|move|p2a: Cloyster|Icicle Spear|p1a: Washing Machine","|-resisted|p1a: Washing Machine","|-damage|p1a: Washing Machine|279/304","|-resisted|p1a: Washing Machine","|-damage|p1a: Washing Machine|250/304","|-crit|p1a: Washing Machine","|-resisted|p1a: Washing Machine","|-damage|p1a: Washing Machine|209/304","|-resisted|p1a: Washing Machine","|-damage|p1a: Washing Machine|183/304","|-resisted|p1a: Washing Machine","|-damage|p1a: Washing Machine|153/304","|-hitcount|p1a: Washing Machine|5","|move|p1a: Washing Machine|Hidden Power|p2a: Cloyster","|-supereffective|p2a: Cloyster","|-damage|p2a: Cloyster|0 fnt","|faint|p2a: Cloyster","|","|-heal|p1a: Washing Machine|172/304|[from] item: Leftovers","|","|switch|p2a: Lapras|Lapras, F, shiny|463/463","|turn|3","|","|move|p1a: Washing Machine|Will-O-Wisp|p2a: Lapras","|-status|p2a: Lapras|brn","|move|p2a: Lapras|Freeze-Dry|p1a: Washing Machine","|-supereffective|p1a: Washing Machine","|-damage|p1a: Washing Machine|0 fnt","|faint|p1a: Washing Machine","|","|-damage|p2a: Lapras|406/463 brn|[from] brn","|","|switch|p1a: Sputnik|Magnezone|282/282","|turn|4","|","|move|p1a: Sputnik|Thunderbolt|p2a: Lapras","|-supereffective|p2a: Lapras","|-damage|p2a: Lapras|194/463 brn","|move|p2a: Lapras|Freeze-Dry|p1a: Sputnik","|-resisted|p1a: Sputnik","|-damage|p1a: Sputnik|228/282","|","|-damage|p2a: Lapras|137/463 brn|[from] brn","|turn|5","|","|move|p1a: Sputnik|Thunderbolt|p2a: Lapras","|-supereffective|p2a: Lapras","|-damage|p2a: Lapras|0 fnt","|faint|p2a: Lapras","|","|","|switch|p2a: Weavile|Weavile, M|281/281","|-ability|p2a: Weavile|Pressure","|turn|6","|","|switch|p1a: Zeus|Thundurus, M, shiny|325/325","|move|p2a: Weavile|Knock Off|p1a: Zeus","|-damage|p1a: Zeus|13/325","|-enditem|p1a: Zeus|Life Orb|[from] move: Knock Off|[of] p2a: Weavile","|-damage|p2a: Weavile|253/281|[from] item: Life Orb","|","|turn|7","|","|move|p1a: Zeus|Thunder Wave|p2a: Weavile","|-status|p2a: Weavile|par","|move|p2a: Weavile|Knock Off|p1a: Zeus","|-damage|p1a: Zeus|0 fnt","|-damage|p2a: Weavile|225/281 par|[from] item: Life Orb","|faint|p1a: Zeus","|","|","|switch|p1a: Sputnik|Magnezone|228/282","|turn|8","|","|move|p1a: Sputnik|Flash Cannon|p2a: Weavile","|-supereffective|p2a: Weavile","|-damage|p2a: Weavile|0 fnt","|faint|p2a: Weavile","|","|","|switch|p2a: Froslass|Froslass, F|281/281","|turn|9","|","|switch|p1a: Trans-Ampharos|Ampharos, F|383/383","|move|p2a: Froslass|Ice Beam|p1a: Trans-Ampharos","|-damage|p1a: Trans-Ampharos|284/383","|-status|p1a: Trans-Ampharos|frz","|","|turn|10","|","|move|p2a: Froslass|Ice Beam|p1a: Trans-Ampharos","|-damage|p1a: Trans-Ampharos|190/383 frz","|cant|p1a: Trans-Ampharos|frz","|","|turn|11","|","|move|p2a: Froslass|Shadow Ball|p1a: Trans-Ampharos","|-damage|p1a: Trans-Ampharos|106/383 frz","|-curestatus|p1a: Trans-Ampharos|frz","|move|p1a: Trans-Ampharos|Rest|p1a: Trans-Ampharos","|-status|p1a: Trans-Ampharos|slp","|-heal|p1a: Trans-Ampharos|383/383 slp|[silent]","|-status|p1a: Trans-Ampharos|slp|[from] move: Rest","|","|turn|12","|","|move|p2a: Froslass|Ice Beam|p1a: Trans-Ampharos","|-damage|p1a: Trans-Ampharos|286/383 slp","|cant|p1a: Trans-Ampharos|slp","|move|p1a: Trans-Ampharos|Sleep Talk|p1a: Trans-Ampharos","|move|p1a: Trans-Ampharos|Dragon Pulse|p2a: Froslass|[from]Sleep Talk","|-damage|p2a: Froslass|186/281","|","|turn|13","|","|move|p2a: Froslass|Ice Beam|p1a: Trans-Ampharos","|-crit|p1a: Trans-Ampharos","|-damage|p1a: Trans-Ampharos|139/383 slp","|cant|p1a: Trans-Ampharos|slp","|move|p1a: Trans-Ampharos|Sleep Talk|p1a: Trans-Ampharos","|move|p1a: Trans-Ampharos|Rest|p1a: Trans-Ampharos|[from]Sleep Talk","|-fail|p1a: Trans-Ampharos","|","|turn|14","|","|move|p2a: Froslass|Ice Beam|p1a: Trans-Ampharos","|-damage|p1a: Trans-Ampharos|39/383 slp","|-curestatus|p1a: Trans-Ampharos|slp","|move|p1a: Trans-Ampharos|Rest|p1a: Trans-Ampharos","|-status|p1a: Trans-Ampharos|slp","|-heal|p1a: Trans-Ampharos|383/383 slp|[silent]","|-status|p1a: Trans-Ampharos|slp|[from] move: Rest","|","|turn|15","|","|move|p2a: Froslass|Ice Beam|p1a: Trans-Ampharos","|-damage|p1a: Trans-Ampharos|287/383 slp","|cant|p1a: Trans-Ampharos|slp","|move|p1a: Trans-Ampharos|Sleep Talk|p1a: Trans-Ampharos","|move|p1a: Trans-Ampharos|Dragon Pulse|p2a: Froslass|[from]Sleep Talk","|-damage|p2a: Froslass|82/281","|-start|p1a: Trans-Ampharos|Disable|Sleep Talk","|","|turn|16","|","|move|p2a: Froslass|Destiny Bond|p2a: Froslass","|-singlemove|p2a: Froslass|Destiny Bond","|cant|p1a: Trans-Ampharos|slp","|","|turn|17","|","|move|p2a: Froslass|Destiny Bond|p2a: Froslass","|-singlemove|p2a: Froslass|Destiny Bond","|-curestatus|p1a: Trans-Ampharos|slp","|move|p1a: Trans-Ampharos|Volt Switch|p2a: Froslass","|-damage|p2a: Froslass|0 fnt","|faint|p2a: Froslass","|-activate|p2a: Froslass|Destiny Bond","|faint|p1a: Trans-Ampharos","|","|","|switch|p1a: Sputnik|Magnezone|228/282","|switch|p2a: Abomasnow|Abomasnow, F|323/323","|turn|18","|","|detailschange|p2a: Abomasnow|Abomasnow-Mega, F","|-mega|p2a: Abomasnow|Abomasnow|Abomasite","|-weather|Hail","|move|p1a: Sputnik|Flash Cannon|p2a: Abomasnow","|-supereffective|p2a: Abomasnow","|-damage|p2a: Abomasnow|27/323","|-unboost|p2a: Abomasnow|spd|1","|move|p2a: Abomasnow|Blizzard|p1a: Sputnik","|-resisted|p1a: Sputnik","|-damage|p1a: Sputnik|104/282","|","|-weather|Hail|[upkeep]","|-damage|p1a: Sputnik|87/282|[from] hail","|turn|19","|","|move|p1a: Sputnik|Flash Cannon|p2a: Abomasnow","|-supereffective|p2a: Abomasnow","|-damage|p2a: Abomasnow|0 fnt","|faint|p2a: Abomasnow","|","|-weather|Hail|[upkeep]","|-damage|p1a: Sputnik|70/282|[from] hail","|","|switch|p2a: Mamoswine|Mamoswine, M|361/361","|turn|20","|","|move|p1a: Sputnik|Flash Cannon|p2a: Mamoswine","|-supereffective|p2a: Mamoswine","|-damage|p2a: Mamoswine|0 fnt","|faint|p2a: Mamoswine","|","|win|Desolate Nightmare"],"p1rating":{"entryid":"6455140","serverid":"eos","formatid":"monotype","userid":"desolatenightmare","username":"Desolate Nightmare","w":20,"l":"26","t":"0","gxe":42.9,"r":"1431.1440766025","rd":"59.970784680814","sigma":"0","rptime":"1439370000","rpr":1445.9251214935,"rprd":55.646298933162,"rpsigma":"0","acre":1143.4964915826,"lacre":1143.4964915826,"oldacre":"1120.2973227342"},"p2rating":{"entryid":"7188337","serverid":"eos","formatid":"monotype","userid":"witchofcaldia","username":"WitchofCaldia","w":"36","l":64,"t":"0","gxe":37.1,"r":"1395.162940524","rd":"40.324409519714","sigma":"0","rptime":"1439370000","rpr":1400.1599835118,"rprd":38.855233441236,"rpsigma":"0","acre":1072.6921986142,"lacre":1072.6921986142,"oldacre":"1095.2269879939"},"endType":"normal"}