{"seed":[63665,35443,40938,42052],"turns":31,"p1":"I ONLY USE CARNIE","p2":"Carnie Marx","p1team":[{"name":"Ferrothorn","species":"Ferrothorn","item":"leftovers","ability":"Iron Barbs","moves":["stealthrock","leechseed","thunderwave","gyroball"],"nature":"Relaxed","evs":{"hp":252,"atk":4,"def":252,"spa":0,"spd":0,"spe":0},"ivs":{"hp":31,"atk":31,"def":31,"spa":31,"spd":31,"spe":0}},{"name":"Heatran","species":"Heatran","item":"leftovers","ability":"Flash Fire","moves":["protect","fireblast","earthpower","flashcannon"],"nature":"Modest","evs":{"hp":252,"atk":0,"def":0,"spa":252,"spd":4,"spe":0},"ivs":{"hp":31,"atk":31,"def":31,"spa":31,"spd":31,"spe":31}},{"name":"Empoleon","species":"Empoleon","item":"leftovers","ability":"Torrent","moves":["scald","toxic","roar","stealthrock"],"nature":"Calm","evs":{"hp":248,"atk":0,"def":8,"spa":0,"spd":252,"spe":0},"ivs":{"hp":31,"atk":31,"def":31,"spa":31,"spd":31,"spe":31}},{"name":"Scizor","species":"Scizor","item":"scizorite","ability":"Technician","moves":["swordsdance","bulletpunch","bugbite","roost"],"nature":"Careful","evs":{"hp":248,"atk":0,"def":8,"spa":0,"spd":252,"spe":0},"ivs":{"hp":31,"atk":31,"def":31,"spa":31,"spd":31,"spe":31}},{"name":"Lucario","species":"Lucario","item":"lifeorb","ability":"Steadfast","moves":["nastyplot","aurasphere","darkpulse","flashcannon"],"nature":"Timid","evs":{"hp":0,"atk":0,"def":0,"spa":252,"spd":4,"spe":252},"shiny":true,"ivs":{"hp":31,"atk":31,"def":31,"spa":31,"spd":31,"spe":31}},{"name":"Bisharp","species":"Bisharp","item":"lifeorb","ability":"Defiant","moves":["swordsdance","suckerpunch","psychocut","ironhead"],"nature":"Jolly","evs":{"hp":0,"atk":252,"def":0,"spa":0,"spd":4,"spe":252},"ivs":{"hp":31,"atk":31,"def":31,"spa":31,"spd":31,"spe":31}}],"p2team":[{"name":"Sharpedo","species":"Sharpedo","item":"focussash","ability":"Speed Boost","moves":["crunch","waterfall","earthquake","destinybond"],"nature":"Adamant","evs":{"hp":0,"atk":252,"def":0,"spa":0,"spd":4,"spe":252},"ivs":{"hp":31,"atk":31,"def":31,"spa":31,"spd":31,"spe":31}},{"name":"Blastoise","species":"Blastoise","item":"blastoisinite","ability":"Torrent","moves":["darkpulse","dragonpulse","icebeam","waterspout"],"nature":"Modest","evs":{"hp":248,"atk":0,"def":0,"spa":252,"spd":8,"spe":0},"ivs":{"hp":31,"atk":31,"def":31,"spa":31,"spd":31,"spe":31}},{"name":"Ludicolo","species":"Ludicolo","item":"choicespecs","ability":"Swift Swim","moves":["gigadrain","icebeam","surf","energyball"],"nature":"Modest","evs":{"hp":0,"atk":0,"def":0,"spa":252,"spd":4,"spe":252},"ivs":{"hp":31,"atk":31,"def":31,"spa":31,"spd":31,"spe":31}},{"name":"Quagsire","species":"Quagsire","item":"leftovers","ability":"Unaware","moves":["protect","recover","waterfall","toxic"],"nature":"Impish","evs":{"hp":252,"atk":4,"def":252,"spa":0,"spd":0,"spe":0},"ivs":{"hp":31,"atk":31,"def":31,"spa":31,"spd":31,"spe":31}},{"name":"Rotom-Wash","species":"Rotom-Wash","item":"leftovers","ability":"Levitate","moves":["discharge","willowisp","charge","painsplit"],"nature":"Bold","evs":{"hp":252,"atk":0,"def":252,"spa":4,"spd":0,"spe":0},"ivs":{"hp":31,"atk":31,"def":31,"spa":31,"spd":31,"spe":31}},{"name":"Politoed","species":"Politoed","item":"leftovers","ability":"Drizzle","moves":["scald","icebeam","psychic","toxic"],"nature":"Calm","evs":{"hp":252,"atk":0,"def":4,"spa":0,"spd":252,"spe":0},"ivs":{"hp":31,"atk":31,"def":31,"spa":31,"spd":31,"spe":31}}],"log":["|player|p1|I ONLY USE CARNIE|146","|player|p2|Carnie Marx|238","|gametype|singles","|gen|6","|tier|Monotype","|rated","|rule|Baton Pass Clause: Limit one Baton Passer, can't pass Spe and other stats simultaneously","|rule|Swagger Clause: Swagger is banned","|rule|Same Type Clause: Pokémon in a team must share a type","|clearpoke","|poke|p1|Ferrothorn, M","|poke|p1|Heatran, F","|poke|p1|Empoleon, M","|poke|p1|Scizor, M","|poke|p1|Lucario, F, shiny","|poke|p1|Bisharp, M","|poke|p2|Sharpedo, M","|poke|p2|Blastoise, F","|poke|p2|Ludicolo, F","|poke|p2|Quagsire, F","|poke|p2|Rotom-Wash","|poke|p2|Politoed, F","|rule|Sleep Clause Mod: Limit one foe put to sleep","|rule|Species Clause: Limit one of each Pokémon","|rule|OHKO Clause: OHKO moves are banned","|rule|Moody Clause: Moody is banned","|rule|Evasion Moves Clause: Evasion moves are banned","|rule|Endless Battle Clause: Forcing endless battles is banned","|rule|HP Percentage Mod: HP is shown in percentages","|teampreview","|","|start","|switch|p1a: Ferrothorn|Ferrothorn, M|352/352","|switch|p2a: Rotom-Wash|Rotom-Wash|304/304","|turn|1","|","|move|p2a: Rotom-Wash|Will-O-Wisp|p1a: Ferrothorn","|-status|p1a: Ferrothorn|brn","|move|p1a: Ferrothorn|Stealth Rock|p2a: Rotom-Wash","|-sidestart|p2: Carnie Marx|move: Stealth Rock","|","|-damage|p1a: Ferrothorn|308/352 brn|[from] brn","|turn|2","|","|move|p2a: Rotom-Wash|Charge|p2a: Rotom-Wash","|-boost|p2a: Rotom-Wash|spd|1","|-activate|p2a: Rotom-Wash|move: Charge","|move|p1a: Ferrothorn|Leech Seed|p2a: Rotom-Wash","|-start|p2a: Rotom-Wash|move: Leech Seed","|","|-heal|p1a: Ferrothorn|330/352 brn|[from] item: Leftovers","|-damage|p2a: Rotom-Wash|266/304|[from] Leech Seed|[of] p1a: Ferrothorn","|-heal|p1a: Ferrothorn|352/352 brn|[silent]","|-damage|p1a: Ferrothorn|308/352 brn|[from] brn","|turn|3","|","|move|p2a: Rotom-Wash|Discharge|p1a: Ferrothorn","|-resisted|p1a: Ferrothorn","|-damage|p1a: Ferrothorn|220/352 brn","|move|p1a: Ferrothorn|Gyro Ball|p2a: Rotom-Wash","|-resisted|p2a: Rotom-Wash","|-damage|p2a: Rotom-Wash|255/304","|","|-heal|p2a: Rotom-Wash|274/304|[from] item: Leftovers","|-heal|p1a: Ferrothorn|242/352 brn|[from] item: Leftovers","|-damage|p2a: Rotom-Wash|236/304|[from] Leech Seed|[of] p1a: Ferrothorn","|-heal|p1a: Ferrothorn|280/352 brn|[silent]","|-damage|p1a: Ferrothorn|236/352 brn|[from] brn","|turn|4","|","|move|p2a: Rotom-Wash|Discharge|p1a: Ferrothorn","|-resisted|p1a: Ferrothorn","|-damage|p1a: Ferrothorn|192/352 brn","|move|p1a: Ferrothorn|Gyro Ball|p2a: Rotom-Wash","|-resisted|p2a: Rotom-Wash","|-damage|p2a: Rotom-Wash|224/304","|","|-heal|p2a: Rotom-Wash|243/304|[from] item: Leftovers","|-heal|p1a: Ferrothorn|214/352 brn|[from] item: Leftovers","|-damage|p2a: Rotom-Wash|205/304|[from] Leech Seed|[of] p1a: Ferrothorn","|-heal|p1a: Ferrothorn|252/352 brn|[silent]","|-damage|p1a: Ferrothorn|208/352 brn|[from] brn","|turn|5","|","|move|p2a: Rotom-Wash|Discharge|p1a: Ferrothorn","|-resisted|p1a: Ferrothorn","|-damage|p1a: Ferrothorn|169/352 brn","|move|p1a: Ferrothorn|Gyro Ball|p2a: Rotom-Wash","|-resisted|p2a: Rotom-Wash","|-damage|p2a: Rotom-Wash|193/304","|","|-heal|p2a: Rotom-Wash|212/304|[from] item: Leftovers","|-heal|p1a: Ferrothorn|191/352 brn|[from] item: Leftovers","|-damage|p2a: Rotom-Wash|174/304|[from] Leech Seed|[of] p1a: Ferrothorn","|-heal|p1a: Ferrothorn|229/352 brn|[silent]","|-damage|p1a: Ferrothorn|185/352 brn|[from] brn","|turn|6","|","|move|p2a: Rotom-Wash|Charge|p2a: Rotom-Wash","|-boost|p2a: Rotom-Wash|spd|1","|-activate|p2a: Rotom-Wash|move: Charge","|move|p1a: Ferrothorn|Gyro Ball|p2a: Rotom-Wash","|-resisted|p2a: Rotom-Wash","|-damage|p2a: Rotom-Wash|162/304","|","|-heal|p2a: Rotom-Wash|181/304|[from] item: Leftovers","|-heal|p1a: Ferrothorn|207/352 brn|[from] item: Leftovers","|-damage|p2a: Rotom-Wash|143/304|[from] Leech Seed|[of] p1a: Ferrothorn","|-heal|p1a: Ferrothorn|245/352 brn|[silent]","|-damage|p1a: Ferrothorn|201/352 brn|[from] brn","|turn|7","|","|move|p2a: Rotom-Wash|Discharge|p1a: Ferrothorn","|-resisted|p1a: Ferrothorn","|-damage|p1a: Ferrothorn|114/352 brn","|move|p1a: Ferrothorn|Gyro Ball|p2a: Rotom-Wash","|-resisted|p2a: Rotom-Wash","|-damage|p2a: Rotom-Wash|131/304","|","|-heal|p2a: Rotom-Wash|150/304|[from] item: Leftovers","|-heal|p1a: Ferrothorn|136/352 brn|[from] item: Leftovers","|-damage|p2a: Rotom-Wash|112/304|[from] Leech Seed|[of] p1a: Ferrothorn","|-heal|p1a: Ferrothorn|174/352 brn|[silent]","|-damage|p1a: Ferrothorn|130/352 brn|[from] brn","|turn|8","|","|move|p2a: Rotom-Wash|Discharge|p1a: Ferrothorn","|-resisted|p1a: Ferrothorn","|-damage|p1a: Ferrothorn|84/352 brn","|move|p1a: Ferrothorn|Gyro Ball|p2a: Rotom-Wash","|-resisted|p2a: Rotom-Wash","|-damage|p2a: Rotom-Wash|101/304","|","|-heal|p2a: Rotom-Wash|120/304|[from] item: Leftovers","|-heal|p1a: Ferrothorn|106/352 brn|[from] item: Leftovers","|-damage|p2a: Rotom-Wash|82/304|[from] Leech Seed|[of] p1a: Ferrothorn","|-heal|p1a: Ferrothorn|144/352 brn|[silent]","|-damage|p1a: Ferrothorn|100/352 brn|[from] brn","|turn|9","|","|move|p2a: Rotom-Wash|Charge|p2a: Rotom-Wash","|-boost|p2a: Rotom-Wash|spd|1","|-activate|p2a: Rotom-Wash|move: Charge","|move|p1a: Ferrothorn|Gyro Ball|p2a: Rotom-Wash","|-resisted|p2a: Rotom-Wash","|-damage|p2a: Rotom-Wash|70/304","|","|-heal|p2a: Rotom-Wash|89/304|[from] item: Leftovers","|-heal|p1a: Ferrothorn|122/352 brn|[from] item: Leftovers","|-damage|p2a: Rotom-Wash|51/304|[from] Leech Seed|[of] p1a: Ferrothorn","|-heal|p1a: Ferrothorn|160/352 brn|[silent]","|-damage|p1a: Ferrothorn|116/352 brn|[from] brn","|turn|10","|","|move|p2a: Rotom-Wash|Discharge|p1a: Ferrothorn","|-resisted|p1a: Ferrothorn","|-damage|p1a: Ferrothorn|30/352 brn","|move|p1a: Ferrothorn|Gyro Ball|p2a: Rotom-Wash","|-resisted|p2a: Rotom-Wash","|-damage|p2a: Rotom-Wash|39/304","|","|-heal|p2a: Rotom-Wash|58/304|[from] item: Leftovers","|-heal|p1a: Ferrothorn|52/352 brn|[from] item: Leftovers","|-damage|p2a: Rotom-Wash|20/304|[from] Leech Seed|[of] p1a: Ferrothorn","|-heal|p1a: Ferrothorn|90/352 brn|[silent]","|-damage|p1a: Ferrothorn|46/352 brn|[from] brn","|turn|11","|","|move|p2a: Rotom-Wash|Discharge|p1a: Ferrothorn","|-resisted|p1a: Ferrothorn","|-damage|p1a: Ferrothorn|6/352 brn","|move|p1a: Ferrothorn|Leech Seed|p2a: Rotom-Wash","|-fail|p2a: Rotom-Wash","|","|-heal|p2a: Rotom-Wash|39/304|[from] item: Leftovers","|-heal|p1a: Ferrothorn|28/352 brn|[from] item: Leftovers","|-damage|p2a: Rotom-Wash|1/304|[from] Leech Seed|[of] p1a: Ferrothorn","|-heal|p1a: Ferrothorn|66/352 brn|[silent]","|-damage|p1a: Ferrothorn|22/352 brn|[from] brn","|turn|12","|","|move|p2a: Rotom-Wash|Discharge|p1a: Ferrothorn","|-resisted|p1a: Ferrothorn","|-damage|p1a: Ferrothorn|0 fnt","|faint|p1a: Ferrothorn","|","|-heal|p2a: Rotom-Wash|20/304|[from] item: Leftovers","|","|switch|p1a: Scizor|Scizor, M|343/343","|turn|13","|","|detailschange|p1a: Scizor|Scizor-Mega, M","|-mega|p1a: Scizor|Scizor|Scizorite","|move|p1a: Scizor|Bullet Punch|p2a: Rotom-Wash","|-resisted|p2a: Rotom-Wash","|-damage|p2a: Rotom-Wash|3/304","|move|p2a: Rotom-Wash|Pain Split|p1a: Scizor","|-sethp|p1a: Scizor|173/343|p2a: Rotom-Wash|173/304|[from] move: Pain Split","|","|-heal|p2a: Rotom-Wash|192/304|[from] item: Leftovers","|-damage|p2a: Rotom-Wash|154/304|[from] Leech Seed|[of] p1a: Scizor","|-heal|p1a: Scizor|211/343|[silent]","|turn|14","|","|move|p2a: Rotom-Wash|Will-O-Wisp|p1a: Scizor","|-status|p1a: Scizor|brn","|move|p1a: Scizor|Swords Dance|p1a: Scizor","|-boost|p1a: Scizor|atk|2","|","|-heal|p2a: Rotom-Wash|173/304|[from] item: Leftovers","|-damage|p2a: Rotom-Wash|135/304|[from] Leech Seed|[of] p1a: Scizor","|-heal|p1a: Scizor|249/343 brn|[silent]","|-damage|p1a: Scizor|207/343 brn|[from] brn","|turn|15","|","|move|p2a: Rotom-Wash|Charge|p2a: Rotom-Wash","|-boost|p2a: Rotom-Wash|spd|1","|-activate|p2a: Rotom-Wash|move: Charge","|move|p1a: Scizor|Roost|p1a: Scizor","|-heal|p1a: Scizor|343/343 brn","|","|-heal|p2a: Rotom-Wash|154/304|[from] item: Leftovers","|-damage|p2a: Rotom-Wash|116/304|[from] Leech Seed|[of] p1a: Scizor","|-damage|p1a: Scizor|301/343 brn|[from] brn","|turn|16","|","|move|p2a: Rotom-Wash|Discharge|p1a: Scizor","|-damage|p1a: Scizor|156/343 brn","|move|p1a: Scizor|Swords Dance|p1a: Scizor","|-boost|p1a: Scizor|atk|2","|","|-heal|p2a: Rotom-Wash|135/304|[from] item: Leftovers","|-damage|p2a: Rotom-Wash|97/304|[from] Leech Seed|[of] p1a: Scizor","|-heal|p1a: Scizor|194/343 brn|[silent]","|-damage|p1a: Scizor|152/343 brn|[from] brn","|turn|17","|","|move|p2a: Rotom-Wash|Discharge|p1a: Scizor","|-damage|p1a: Scizor|74/343 brn","|move|p1a: Scizor|Roost|p1a: Scizor","|-heal|p1a: Scizor|246/343 brn","|","|-heal|p2a: Rotom-Wash|116/304|[from] item: Leftovers","|-damage|p2a: Rotom-Wash|78/304|[from] Leech Seed|[of] p1a: Scizor","|-heal|p1a: Scizor|284/343 brn|[silent]","|-damage|p1a: Scizor|242/343 brn|[from] brn","|turn|18","|","|move|p2a: Rotom-Wash|Pain Split|p1a: Scizor","|-sethp|p1a: Scizor|160/343 brn|p2a: Rotom-Wash|160/304|[from] move: Pain Split","|move|p1a: Scizor|Swords Dance|p1a: Scizor","|-boost|p1a: Scizor|atk|2","|","|-heal|p2a: Rotom-Wash|179/304|[from] item: Leftovers","|-damage|p2a: Rotom-Wash|141/304|[from] Leech Seed|[of] p1a: Scizor","|-heal|p1a: Scizor|198/343 brn|[silent]","|-damage|p1a: Scizor|156/343 brn|[from] brn","|turn|19","|","|move|p2a: Rotom-Wash|Charge|p2a: Rotom-Wash","|-boost|p2a: Rotom-Wash|spd|1","|-activate|p2a: Rotom-Wash|move: Charge","|move|p1a: Scizor|Roost|p1a: Scizor","|-heal|p1a: Scizor|328/343 brn","|","|-heal|p2a: Rotom-Wash|160/304|[from] item: Leftovers","|-damage|p2a: Rotom-Wash|122/304|[from] Leech Seed|[of] p1a: Scizor","|-heal|p1a: Scizor|343/343 brn|[silent]","|-damage|p1a: Scizor|301/343 brn|[from] brn","|turn|20","|","|move|p1a: Scizor|Bullet Punch|p2a: Rotom-Wash","|-resisted|p2a: Rotom-Wash","|-damage|p2a: Rotom-Wash|89/304","|move|p2a: Rotom-Wash|Discharge|p1a: Scizor","|-damage|p1a: Scizor|169/343 brn","|","|-heal|p2a: Rotom-Wash|108/304|[from] item: Leftovers","|-damage|p2a: Rotom-Wash|70/304|[from] Leech Seed|[of] p1a: Scizor","|-heal|p1a: Scizor|207/343 brn|[silent]","|-damage|p1a: Scizor|165/343 brn|[from] brn","|turn|21","|","|move|p2a: Rotom-Wash|Pain Split|p1a: Scizor","|-sethp|p1a: Scizor|117/343 brn|p2a: Rotom-Wash|117/304|[from] move: Pain Split","|move|p1a: Scizor|Roost|p1a: Scizor","|-heal|p1a: Scizor|289/343 brn","|","|-heal|p2a: Rotom-Wash|136/304|[from] item: Leftovers","|-damage|p2a: Rotom-Wash|98/304|[from] Leech Seed|[of] p1a: Scizor","|-heal|p1a: Scizor|327/343 brn|[silent]","|-damage|p1a: Scizor|285/343 brn|[from] brn","|turn|22","|","|move|p2a: Rotom-Wash|Pain Split|p1a: Scizor","|-sethp|p1a: Scizor|191/343 brn|p2a: Rotom-Wash|191/304|[from] move: Pain Split","|move|p1a: Scizor|Bug Bite|p2a: Rotom-Wash","|-damage|p2a: Rotom-Wash|2/304","|","|-heal|p2a: Rotom-Wash|21/304|[from] item: Leftovers","|-damage|p2a: Rotom-Wash|0 fnt|[from] Leech Seed|[of] p1a: Scizor","|-heal|p1a: Scizor|212/343 brn|[silent]","|-damage|p1a: Scizor|170/343 brn|[from] brn","|faint|p2a: Rotom-Wash","|","|switch|p2a: Blastoise|Blastoise, F|361/361","|-damage|p2a: Blastoise|316/361|[from] Stealth Rock","|turn|23","|","|detailschange|p2a: Blastoise|Blastoise-Mega, F","|-mega|p2a: Blastoise|Blastoise|Blastoisinite","|move|p2a: Blastoise|Dark Pulse|p1a: Scizor","|-damage|p1a: Scizor|55/343 brn","|move|p1a: Scizor|Bug Bite|p2a: Blastoise","|-damage|p2a: Blastoise|73/361","|","|-damage|p1a: Scizor|13/343 brn|[from] brn","|turn|24","|","|move|p1a: Scizor|Bullet Punch|p2a: Blastoise","|-resisted|p2a: Blastoise","|-damage|p2a: Blastoise|0 fnt","|faint|p2a: Blastoise","|","|-damage|p1a: Scizor|0 fnt|[from] brn","|faint|p1a: Scizor","|","|switch|p1a: Lucario|Lucario, F, shiny|281/281","|switch|p2a: Politoed|Politoed, F|384/384","|-damage|p2a: Politoed|336/384|[from] Stealth Rock","|-weather|RainDance","|turn|25","|","|move|p1a: Lucario|Nasty Plot|p1a: Lucario","|-boost|p1a: Lucario|spa|2","|move|p2a: Politoed|Scald|p1a: Lucario","|-damage|p1a: Lucario|122/281","|","|-weather|RainDance|[upkeep]","|-heal|p2a: Politoed|360/384|[from] item: Leftovers","|turn|26","|","|move|p1a: Lucario|Aura Sphere|p2a: Politoed","|-damage|p2a: Politoed|121/384","|-damage|p1a: Lucario|94/281|[from] item: Life Orb","|move|p2a: Politoed|Scald|p1a: Lucario","|-damage|p1a: Lucario|0 fnt","|faint|p1a: Lucario","|","|-weather|RainDance|[upkeep]","|-heal|p2a: Politoed|145/384|[from] item: Leftovers","|","|switch|p1a: Bisharp|Bisharp, M|271/271","|turn|27","|","|move|p1a: Bisharp|Sucker Punch|p2a: Politoed","|-damage|p2a: Politoed|0 fnt","|-damage|p1a: Bisharp|244/271|[from] item: Life Orb","|faint|p2a: Politoed","|","|-weather|RainDance|[upkeep]","|","|switch|p2a: Sharpedo|Sharpedo, M|281/281","|-damage|p2a: Sharpedo|246/281|[from] Stealth Rock","|turn|28","|","|switch|p1a: Empoleon|Empoleon, M|371/371","|move|p2a: Sharpedo|Earthquake|p1a: Empoleon","|-supereffective|p1a: Empoleon","|-damage|p1a: Empoleon|81/371","|","|-weather|RainDance|[upkeep]","|-heal|p1a: Empoleon|104/371|[from] item: Leftovers","|-boost|p2a: Sharpedo|spe|1|[from] ability: Speed Boost","|turn|29","|","|move|p2a: Sharpedo|Earthquake|p1a: Empoleon","|-supereffective|p1a: Empoleon","|-damage|p1a: Empoleon|0 fnt","|faint|p1a: Empoleon","|","|-weather|none","|-boost|p2a: Sharpedo|spe|1|[from] ability: Speed Boost","|","|switch|p1a: Bisharp|Bisharp, M|244/271","|turn|30","|","|move|p1a: Bisharp|Sucker Punch|p2a: Sharpedo","|-resisted|p2a: Sharpedo","|-damage|p2a: Sharpedo|56/281","|-damage|p1a: Bisharp|217/271|[from] item: Life Orb","|move|p2a: Sharpedo|Earthquake|p1a: Bisharp","|-supereffective|p1a: Bisharp","|-damage|p1a: Bisharp|0 fnt","|faint|p1a: Bisharp","|","|-boost|p2a: Sharpedo|spe|1|[from] ability: Speed Boost","|","|switch|p1a: Heatran|Heatran, F|386/386","|turn|31","|","|move|p2a: Sharpedo|Destiny Bond|p2a: Sharpedo","|-singlemove|p2a: Sharpedo|Destiny Bond","|move|p1a: Heatran|Flash Cannon|p2a: Sharpedo","|-resisted|p2a: Sharpedo","|-damage|p2a: Sharpedo|0 fnt","|faint|p2a: Sharpedo","|-activate|p2a: Sharpedo|Destiny Bond","|faint|p1a: Heatran","|","|win|Carnie Marx"],"p1rating":{"entryid":"7563861","serverid":"eos","formatid":"monotype","userid":"ionlyusecarnie","username":"I ONLY USE CARNIE","w":"2","l":7,"t":"0","gxe":34,"r":"1442.9033451217","rd":"97.408908493831","sigma":"0","rptime":"1439370000","rpr":1370.9603439141,"rprd":88.373672564202,"rpsigma":"0","acre":1017.0675438078,"lacre":1017.0675438078,"oldacre":"1027.5364770647"},"p2rating":{"entryid":"5821777","serverid":"eos","formatid":"monotype","userid":"carniemarx","username":"Carnie Marx","w":75,"l":"104","t":"0","gxe":41.1,"r":"1421.6392266578","rd":"32.114064217705","sigma":"0","rptime":"1439370000","rpr":1431.9417676655,"rprd":31.528371531926,"rpsigma":"0","acre":1138.1874195408,"lacre":1138.1874195408,"oldacre":"1119.6655089085"},"endType":"normal"}