{"seed":[32256,62483,58196,45793],"turns":21,"p1":"tahit","p2":"Intern olBezerkolo","p1team":[{"name":"Wailord","species":"Wailord","item":"leftovers","ability":"Water Veil","moves":["curse","heavyslam","aquaring","rest"],"nature":"Sassy","evs":{"hp":252,"atk":0,"def":4,"spa":0,"spd":252,"spe":0},"ivs":{"hp":31,"atk":31,"def":31,"spa":31,"spd":31,"spe":31}},{"name":"Gyarados","species":"Gyarados","item":"gyaradosite","ability":"Intimidate","moves":["substitute","dragondance","waterfall","bounce"],"nature":"Adamant","evs":{"hp":88,"atk":192,"def":4,"spa":0,"spd":0,"spe":224},"ivs":{"hp":31,"atk":31,"def":31,"spa":31,"spd":31,"spe":31}},{"name":"Azumarill","species":"Azumarill","item":"sitrusberry","ability":"Huge Power","moves":["aquajet","knockoff","playrough","bellydrum"],"nature":"Adamant","evs":{"hp":228,"atk":252,"def":0,"spa":0,"spd":0,"spe":28},"ivs":{"hp":31,"atk":31,"def":31,"spa":31,"spd":31,"spe":31}},{"name":"Empoleon","species":"Empoleon","item":"leftovers","ability":"Torrent","moves":["stealthrock","featherdance","scald","defog"],"nature":"Bold","evs":{"hp":252,"atk":0,"def":252,"spa":0,"spd":4,"spe":0},"ivs":{"hp":31,"atk":31,"def":31,"spa":31,"spd":31,"spe":31}},{"name":"Politoed","species":"Politoed","item":"leftovers","ability":"Drizzle","moves":["scald","icebeam","encore","protect"],"nature":"Bold","evs":{"hp":252,"atk":0,"def":252,"spa":4,"spd":0,"spe":0},"ivs":{"hp":31,"atk":31,"def":31,"spa":31,"spd":31,"spe":31}},{"name":"Carracosta","species":"Carracosta","item":"leftovers","ability":"Solid Rock","moves":["stealthrock","scald","rockslide","toxic"],"nature":"Relaxed","evs":{"hp":252,"atk":0,"def":252,"spa":0,"spd":4,"spe":0},"ivs":{"hp":31,"atk":31,"def":31,"spa":31,"spd":31,"spe":31}}],"p2team":[{"name":"Dat Head doe'","species":"manectric","item":"manectite","ability":"Static","moves":["hiddenpowerice","voltswitch","overheat","thunderbolt"],"nature":"Mild","evs":{"hp":0,"atk":4,"def":0,"spa":252,"spd":0,"spe":252},"ivs":{"hp":31,"atk":30,"def":30,"spa":31,"spd":31,"spe":31}},{"name":"Stache'","species":"thundurus","item":"sitrusberry","ability":"Prankster","moves":["taunt","confide","grassknot","thunderbolt"],"nature":"Timid","evs":{"hp":0,"atk":0,"def":0,"spa":252,"spd":4,"spe":252},"ivs":{"hp":31,"atk":30,"def":30,"spa":31,"spd":31,"spe":31}},{"name":"Dem Lips'","species":"eelektross","item":"assaultvest","ability":"Levitate","moves":["aquatail","wildcharge","drainpunch","firepunch"],"nature":"Adamant","evs":{"hp":248,"atk":252,"def":0,"spa":0,"spd":8,"spe":0},"ivs":{"hp":31,"atk":31,"def":31,"spa":31,"spd":31,"spe":31}},{"name":"Bae","species":"electivire","item":"choicescarf","ability":"Vital Spirit","moves":["wildcharge","earthquake","crosschop","icepunch"],"nature":"Jolly","evs":{"hp":0,"atk":252,"def":0,"spa":0,"spd":4,"spe":252},"shiny":true,"ivs":{"hp":31,"atk":31,"def":31,"spa":31,"spd":31,"spe":31}},{"name":"Thor's Hairbrush","species":"zapdos","item":"leftovers","ability":"Pressure","moves":["aircutter","roost","heatwave","thunderbolt"],"nature":"Calm","evs":{"hp":252,"atk":0,"def":212,"spa":4,"spd":40,"spe":0},"ivs":{"hp":31,"atk":31,"def":31,"spa":31,"spd":31,"spe":31}},{"name":"Zap Doge","species":"raikou","item":"focussash","ability":"Pressure","moves":["calmmind","extrasensory","thunder","aurasphere"],"nature":"Rash","evs":{"hp":4,"atk":0,"def":0,"spa":252,"spd":0,"spe":252},"shiny":true,"ivs":{"hp":31,"atk":31,"def":31,"spa":31,"spd":31,"spe":31}}],"log":["|player|p1|tahit|169","|player|p2|Intern olBezerkolo|136","|gametype|singles","|gen|6","|tier|Monotype","|rated","|rule|Baton Pass Clause: Limit one Baton Passer, can't pass Spe and other stats simultaneously","|rule|Swagger Clause: Swagger is banned","|rule|Same Type Clause: Pokémon in a team must share a type","|clearpoke","|poke|p1|Wailord, M","|poke|p1|Gyarados, F","|poke|p1|Azumarill, F","|poke|p1|Empoleon, M","|poke|p1|Politoed, M","|poke|p1|Carracosta, F","|poke|p2|Manectric, F","|poke|p2|Thundurus, M","|poke|p2|Eelektross, F","|poke|p2|Electivire, M, shiny","|poke|p2|Zapdos","|poke|p2|Raikou, shiny","|rule|Sleep Clause Mod: Limit one foe put to sleep","|rule|Species Clause: Limit one of each Pokémon","|rule|OHKO Clause: OHKO moves are banned","|rule|Moody Clause: Moody is banned","|rule|Evasion Moves Clause: Evasion moves are banned","|rule|Endless Battle Clause: Forcing endless battles is banned","|rule|HP Percentage Mod: HP is shown in percentages","|teampreview","|","|start","|switch|p1a: Empoleon|Empoleon, M|372/372","|switch|p2a: Bae|Electivire, M, shiny|291/291","|turn|1","|","|move|p2a: Bae|Wild Charge|p1a: Empoleon","|-supereffective|p1a: Empoleon","|-damage|p1a: Empoleon|108/372","|-damage|p2a: Bae|225/291|[from] recoil|[of] p1a: Empoleon","|move|p1a: Empoleon|Stealth Rock|p2a: Bae","|-sidestart|p2: Intern olBezerkolo|move: Stealth Rock","|","|-heal|p1a: Empoleon|131/372|[from] item: Leftovers","|turn|2","|","|move|p2a: Bae|Wild Charge|p1a: Empoleon","|-supereffective|p1a: Empoleon","|-damage|p1a: Empoleon|0 fnt","|-damage|p2a: Bae|192/291|[from] recoil|[of] p1a: Empoleon","|faint|p1a: Empoleon","|","|","|switch|p1a: Carracosta|Carracosta, F|352/352","|turn|3","|","|move|p2a: Bae|Wild Charge|p1a: Carracosta","|-supereffective|p1a: Carracosta","|-damage|p1a: Carracosta|202/352","|-damage|p2a: Bae|154/291|[from] recoil|[of] p1a: Carracosta","|move|p1a: Carracosta|Scald|p2a: Bae","|-damage|p2a: Bae|66/291","|","|-heal|p1a: Carracosta|224/352|[from] item: Leftovers","|turn|4","|","|switch|p2a: Stache'|Thundurus, M|299/299","|-damage|p2a: Stache'|225/299|[from] Stealth Rock","|move|p1a: Carracosta|Scald|p2a: Stache'","|-damage|p2a: Stache'|132/299","|-enditem|p2a: Stache'|Sitrus Berry|[eat]","|-heal|p2a: Stache'|206/299|[from] item: Sitrus Berry","|","|-heal|p1a: Carracosta|246/352|[from] item: Leftovers","|turn|5","|","|move|p2a: Stache'|Grass Knot|p1a: Carracosta","|-supereffective|p1a: Carracosta","|-damage|p1a: Carracosta|0 fnt","|faint|p1a: Carracosta","|","|","|switch|p1a: Politoed|Politoed, M|384/384","|-weather|RainDance","|turn|6","|","|move|p1a: Politoed|Protect|p1a: Politoed","|-singleturn|p1a: Politoed|Protect","|move|p2a: Stache'|Confide|p1a: Politoed","|-unboost|p1a: Politoed|spa|1","|","|-weather|RainDance|[upkeep]","|turn|7","|","|move|p2a: Stache'|Thunderbolt|p1a: Politoed","|-supereffective|p1a: Politoed","|-damage|p1a: Politoed|94/384","|move|p1a: Politoed|Scald|p2a: Stache'","|-damage|p2a: Stache'|97/299","|","|-weather|RainDance|[upkeep]","|-heal|p1a: Politoed|118/384|[from] item: Leftovers","|turn|8","|","|move|p1a: Politoed|Protect|p1a: Politoed","|-singleturn|p1a: Politoed|Protect","|move|p2a: Stache'|Thunderbolt|p1a: Politoed","|-activate|p1a: Politoed|Protect","|","|-weather|RainDance|[upkeep]","|-heal|p1a: Politoed|142/384|[from] item: Leftovers","|turn|9","|","|move|p2a: Stache'|Thunderbolt|p1a: Politoed","|-supereffective|p1a: Politoed","|-damage|p1a: Politoed|0 fnt","|faint|p1a: Politoed","|","|-weather|RainDance|[upkeep]","|","|switch|p1a: Wailord|Wailord, M|544/544","|turn|10","|","|move|p2a: Stache'|Thunderbolt|p1a: Wailord","|-crit|p1a: Wailord","|-supereffective|p1a: Wailord","|-damage|p1a: Wailord|44/544","|move|p1a: Wailord|Aqua Ring|p1a: Wailord","|-start|p1a: Wailord|Aqua Ring","|","|-weather|none","|-heal|p1a: Wailord|78/544|[from] item: Leftovers","|-heal|p1a: Wailord|112/544|[from] Aqua Ring","|turn|11","|","|move|p2a: Stache'|Grass Knot|p1a: Wailord","|-supereffective|p1a: Wailord","|-damage|p1a: Wailord|0 fnt","|faint|p1a: Wailord","|","|","|switch|p1a: Azumarill|Azumarill, F|398/398","|turn|12","|","|move|p2a: Stache'|Taunt|p1a: Azumarill","|-start|p1a: Azumarill|move: Taunt","|move|p1a: Azumarill|Aqua Jet|p2a: Stache'","|-damage|p2a: Stache'|0 fnt","|faint|p2a: Stache'","|","|","|switch|p2a: Zap Doge|Raikou, shiny|322/322","|-damage|p2a: Zap Doge|282/322|[from] Stealth Rock","|-ability|p2a: Zap Doge|Pressure","|turn|13","|","|move|p1a: Azumarill|Aqua Jet|p2a: Zap Doge","|-damage|p2a: Zap Doge|171/322","|move|p2a: Zap Doge|Thunder|p1a: Azumarill","|-supereffective|p1a: Azumarill","|-damage|p1a: Azumarill|0 fnt","|faint|p1a: Azumarill","|","|","|switch|p1a: Gyarados|Gyarados, F|353/353","|-ability|p1a: Gyarados|Intimidate","|-unboost|p2a: Zap Doge|atk|1","|turn|14","|","|detailschange|p1a: Gyarados|Gyarados-Mega, F","|-mega|p1a: Gyarados|Gyarados|Gyaradosite","|-ability|p1a: Gyarados|Mold Breaker","|move|p2a: Zap Doge|Thunder|p1a: Gyarados|[miss]","|-miss|p2a: Zap Doge|p1a: Gyarados","|move|p1a: Gyarados|Dragon Dance|p1a: Gyarados","|-boost|p1a: Gyarados|atk|1","|-boost|p1a: Gyarados|spe|1","|","|turn|15","|","|move|p1a: Gyarados|Substitute|p1a: Gyarados","|-start|p1a: Gyarados|Substitute","|-damage|p1a: Gyarados|265/353","|move|p2a: Zap Doge|Thunder|p1a: Gyarados|[miss]","|-miss|p2a: Zap Doge|p1a: Gyarados","|","|turn|16","|","|move|p1a: Gyarados|Dragon Dance|p1a: Gyarados","|-boost|p1a: Gyarados|atk|1","|-boost|p1a: Gyarados|spe|1","|move|p2a: Zap Doge|Thunder|p1a: Gyarados|[miss]","|-miss|p2a: Zap Doge|p1a: Gyarados","|","|turn|17","|","|move|p1a: Gyarados|Waterfall|p2a: Zap Doge","|-damage|p2a: Zap Doge|0 fnt","|faint|p2a: Zap Doge","|","|","|switch|p2a: Dat Head doe'|Manectric, F|281/281","|-damage|p2a: Dat Head doe'|246/281|[from] Stealth Rock","|turn|18","|","|detailschange|p2a: Dat Head doe'|Manectric-Mega, F","|-mega|p2a: Dat Head doe'|Manectric|Manectite","|-ability|p2a: Dat Head doe'|Intimidate","|-activate|p1a: Gyarados|Substitute|ability: Intimidate|[of] p2a: Dat Head doe'","|move|p1a: Gyarados|Waterfall|p2a: Dat Head doe'","|-crit|p2a: Dat Head doe'","|-damage|p2a: Dat Head doe'|0 fnt","|faint|p2a: Dat Head doe'","|","|","|switch|p2a: Bae|Electivire, M, shiny|66/291","|-damage|p2a: Bae|30/291|[from] Stealth Rock","|turn|19","|","|move|p1a: Gyarados|Waterfall|p2a: Bae","|-damage|p2a: Bae|0 fnt","|faint|p2a: Bae","|","|","|switch|p2a: Thor's Hairbrush|Zapdos|384/384","|-damage|p2a: Thor's Hairbrush|288/384|[from] Stealth Rock","|-ability|p2a: Thor's Hairbrush|Pressure","|turn|20","|","|move|p1a: Gyarados|Waterfall|p2a: Thor's Hairbrush","|-damage|p2a: Thor's Hairbrush|0 fnt","|faint|p2a: Thor's Hairbrush","|","|","|switch|p2a: Dem Lips'|Eelektross, F|373/373","|-damage|p2a: Dem Lips'|327/373|[from] Stealth Rock","|turn|21","|","|move|p1a: Gyarados|Waterfall|p2a: Dem Lips'","|-damage|p2a: Dem Lips'|0 fnt","|faint|p2a: Dem Lips'","|","|win|tahit"],"p1rating":{"entryid":"7556594","serverid":"eos","formatid":"monotype","userid":"tahit","username":"Tahit","w":3,"l":"3","t":"0","gxe":52.6,"r":1496.1924897583,"rd":102.38380627551,"sigma":"0","rptime":1439370000,"rpr":1520.0158326147,"rprd":98.501677958391,"rpsigma":"0","acre":1096.3544919788,"lacre":1096.3544919788,"oldacre":"1069.9458887113"},"p2rating":{"entryid":"7487892","serverid":"eos","formatid":"monotype","userid":"internolbezerkolo","username":"InternOlbezerkolo","w":"5","l":10,"t":"0","gxe":39.6,"r":"1453.0825833825","rd":"80.286087547735","sigma":"0","rptime":"1439370000","rpr":1418.7558463274,"rprd":76.80292554044,"rpsigma":"0","acre":1019.8942350946,"lacre":1019.8942350946,"oldacre":"1033.3163672309"},"endType":"normal"}