{"seed":[31290,38195,53095,20640],"turns":22,"p1":"I ONLY USE CARNIE","p2":"Guard Wanderer","p1team":[{"name":"Ferrothorn","species":"Ferrothorn","item":"leftovers","ability":"Iron Barbs","moves":["stealthrock","leechseed","thunderwave","gyroball"],"nature":"Relaxed","evs":{"hp":252,"atk":4,"def":252,"spa":0,"spd":0,"spe":0},"ivs":{"hp":31,"atk":31,"def":31,"spa":31,"spd":31,"spe":0}},{"name":"Heatran","species":"Heatran","item":"leftovers","ability":"Flash Fire","moves":["protect","fireblast","earthpower","flashcannon"],"nature":"Modest","evs":{"hp":252,"atk":0,"def":0,"spa":252,"spd":4,"spe":0},"ivs":{"hp":31,"atk":31,"def":31,"spa":31,"spd":31,"spe":31}},{"name":"Empoleon","species":"Empoleon","item":"leftovers","ability":"Torrent","moves":["scald","toxic","roar","stealthrock"],"nature":"Calm","evs":{"hp":248,"atk":0,"def":8,"spa":0,"spd":252,"spe":0},"ivs":{"hp":31,"atk":31,"def":31,"spa":31,"spd":31,"spe":31}},{"name":"Scizor","species":"Scizor","item":"scizorite","ability":"Technician","moves":["swordsdance","bulletpunch","bugbite","roost"],"nature":"Careful","evs":{"hp":248,"atk":0,"def":8,"spa":0,"spd":252,"spe":0},"ivs":{"hp":31,"atk":31,"def":31,"spa":31,"spd":31,"spe":31}},{"name":"Lucario","species":"Lucario","item":"lifeorb","ability":"Steadfast","moves":["nastyplot","aurasphere","darkpulse","flashcannon"],"nature":"Timid","evs":{"hp":0,"atk":0,"def":0,"spa":252,"spd":4,"spe":252},"shiny":true,"ivs":{"hp":31,"atk":31,"def":31,"spa":31,"spd":31,"spe":31}},{"name":"Bisharp","species":"Bisharp","item":"lifeorb","ability":"Defiant","moves":["swordsdance","suckerpunch","psychocut","ironhead"],"nature":"Jolly","evs":{"hp":0,"atk":252,"def":0,"spa":0,"spd":4,"spe":252},"ivs":{"hp":31,"atk":31,"def":31,"spa":31,"spd":31,"spe":31}}],"p2team":[{"name":"Weezing","species":"Weezing","item":"sitrusberry","ability":"Levitate","moves":["toxicspikes","willowisp","thief","memento"],"nature":"Careful","evs":{"hp":248,"atk":8,"def":0,"spa":0,"spd":252,"spe":0},"ivs":{"hp":31,"atk":31,"def":31,"spa":31,"spd":31,"spe":31}},{"name":"Skuntank","species":"Skuntank","item":"","ability":"Stench","moves":["snatch","thief","suckerpunch","poisonjab"],"nature":"Adamant","evs":{"hp":248,"atk":252,"def":0,"spa":0,"spd":8,"spe":0},"ivs":{"hp":31,"atk":31,"def":31,"spa":31,"spd":31,"spe":31}},{"name":"Venomoth","species":"Venomoth","item":"blacksludge","ability":"Tinted Lens","moves":["venoshock","substitute","quiverdance","bugbuzz"],"nature":"Timid","evs":{"hp":252,"atk":0,"def":0,"spa":4,"spd":0,"spe":252},"ivs":{"hp":31,"atk":31,"def":31,"spa":31,"spd":31,"spe":31}},{"name":"Crobat","species":"Crobat","item":"whiteherb","ability":"Infiltrator","moves":["curse","acrobatics","roost","snatch"],"nature":"Jolly","evs":{"hp":248,"atk":8,"def":0,"spa":0,"spd":0,"spe":252},"ivs":{"hp":31,"atk":31,"def":31,"spa":31,"spd":31,"spe":31}},{"name":"Toxicroak","species":"Toxicroak","item":"bigroot","ability":"Poison Touch","moves":["suckerpunch","bulkup","thunderpunch","drainpunch"],"nature":"Adamant","evs":{"hp":248,"atk":252,"def":0,"spa":0,"spd":8,"spe":0},"ivs":{"hp":31,"atk":31,"def":31,"spa":31,"spd":31,"spe":31}},{"name":"Tentacruel","species":"Tentacruel","item":"assaultvest","ability":"Liquid Ooze","moves":["scald","acidspray","gigadrain","hex"],"nature":"Timid","evs":{"hp":4,"atk":0,"def":0,"spa":252,"spd":0,"spe":252},"ivs":{"hp":31,"atk":31,"def":31,"spa":31,"spd":31,"spe":31}}],"log":["|player|p1|I ONLY USE CARNIE|146","|player|p2|Guard Wanderer|235","|gametype|singles","|gen|6","|tier|Monotype","|rated","|rule|Baton Pass Clause: Limit one Baton Passer, can't pass Spe and other stats simultaneously","|rule|Swagger Clause: Swagger is banned","|rule|Same Type Clause: Pokémon in a team must share a type","|clearpoke","|poke|p1|Ferrothorn, M","|poke|p1|Heatran, F","|poke|p1|Empoleon, M","|poke|p1|Scizor, M","|poke|p1|Lucario, F, shiny","|poke|p1|Bisharp, F","|poke|p2|Weezing, M","|poke|p2|Skuntank, M","|poke|p2|Venomoth, F","|poke|p2|Crobat, M","|poke|p2|Toxicroak, M","|poke|p2|Tentacruel, M","|rule|Sleep Clause Mod: Limit one foe put to sleep","|rule|Species Clause: Limit one of each Pokémon","|rule|OHKO Clause: OHKO moves are banned","|rule|Moody Clause: Moody is banned","|rule|Evasion Moves Clause: Evasion moves are banned","|rule|Endless Battle Clause: Forcing endless battles is banned","|rule|HP Percentage Mod: HP is shown in percentages","|teampreview","|","|start","|switch|p1a: Ferrothorn|Ferrothorn, M|352/352","|switch|p2a: Toxicroak|Toxicroak, M|369/369","|turn|1","|","|move|p2a: Toxicroak|Bulk Up|p2a: Toxicroak","|-boost|p2a: Toxicroak|atk|1","|-boost|p2a: Toxicroak|def|1","|move|p1a: Ferrothorn|Leech Seed|p2a: Toxicroak","|-start|p2a: Toxicroak|move: Leech Seed","|","|-damage|p2a: Toxicroak|323/369|[from] Leech Seed|[of] p1a: Ferrothorn","|turn|2","|","|move|p2a: Toxicroak|Bulk Up|p2a: Toxicroak","|-boost|p2a: Toxicroak|atk|1","|-boost|p2a: Toxicroak|def|1","|move|p1a: Ferrothorn|Thunder Wave|p2a: Toxicroak","|-status|p2a: Toxicroak|par","|","|-damage|p2a: Toxicroak|277/369 par|[from] Leech Seed|[of] p1a: Ferrothorn","|turn|3","|","|move|p2a: Toxicroak|Drain Punch|p1a: Ferrothorn","|-supereffective|p1a: Ferrothorn","|-damage|p1a: Ferrothorn|50/352","|-heal|p2a: Toxicroak|369/369 par|[from] drain|[of] p1a: Ferrothorn","|-damage|p2a: Toxicroak|323/369 par|[from] ability: Iron Barbs|[of] p1a: Ferrothorn","|move|p1a: Ferrothorn|Stealth Rock|p2a: Toxicroak","|-sidestart|p2: Guard Wanderer|move: Stealth Rock","|","|-heal|p1a: Ferrothorn|72/352|[from] item: Leftovers","|-damage|p2a: Toxicroak|277/369 par|[from] Leech Seed|[of] p1a: Ferrothorn","|-heal|p1a: Ferrothorn|118/352|[silent]","|turn|4","|","|switch|p1a: Scizor|Scizor, M|343/343","|move|p2a: Toxicroak|Drain Punch|p1a: Scizor","|-damage|p1a: Scizor|72/343","|-heal|p2a: Toxicroak|369/369 par|[from] drain|[of] p1a: Scizor","|","|-damage|p2a: Toxicroak|323/369 par|[from] Leech Seed|[of] p1a: Scizor","|-heal|p1a: Scizor|118/343|[silent]","|turn|5","|","|detailschange|p1a: Scizor|Scizor-Mega, M","|-mega|p1a: Scizor|Scizor|Scizorite","|move|p1a: Scizor|Bullet Punch|p2a: Toxicroak","|-damage|p2a: Toxicroak|256/369 par","|move|p2a: Toxicroak|Drain Punch|p1a: Scizor","|-damage|p1a: Scizor|0 fnt","|-heal|p2a: Toxicroak|333/369 par|[from] drain|[of] p1a: Scizor","|faint|p1a: Scizor","|","|","|switch|p1a: Bisharp|Bisharp, F|271/271","|turn|6","|","|move|p1a: Bisharp|Psycho Cut|p2a: Toxicroak","|-supereffective|p2a: Toxicroak","|-damage|p2a: Toxicroak|21/369 par","|-damage|p1a: Bisharp|244/271|[from] item: Life Orb","|move|p2a: Toxicroak|Drain Punch|p1a: Bisharp","|-crit|p1a: Bisharp","|-supereffective|p1a: Bisharp","|-damage|p1a: Bisharp|0 fnt","|-heal|p2a: Toxicroak|180/369 par|[from] drain|[of] p1a: Bisharp","|faint|p1a: Bisharp","|","|","|switch|p1a: Heatran|Heatran, F|386/386","|turn|7","|","|move|p1a: Heatran|Earth Power|p2a: Toxicroak","|-supereffective|p2a: Toxicroak","|-damage|p2a: Toxicroak|0 fnt","|faint|p2a: Toxicroak","|","|","|switch|p2a: Tentacruel|Tentacruel, M|302/302","|-damage|p2a: Tentacruel|265/302|[from] Stealth Rock","|turn|8","|","|move|p2a: Tentacruel|Scald|p1a: Heatran","|-supereffective|p1a: Heatran","|-damage|p1a: Heatran|204/386","|move|p1a: Heatran|Earth Power|p2a: Tentacruel","|-supereffective|p2a: Tentacruel","|-damage|p2a: Tentacruel|141/302","|","|-heal|p1a: Heatran|228/386|[from] item: Leftovers","|turn|9","|","|move|p2a: Tentacruel|Scald|p1a: Heatran","|-supereffective|p1a: Heatran","|-damage|p1a: Heatran|46/386","|move|p1a: Heatran|Earth Power|p2a: Tentacruel","|-supereffective|p2a: Tentacruel","|-damage|p2a: Tentacruel|0 fnt","|faint|p2a: Tentacruel","|","|-heal|p1a: Heatran|70/386|[from] item: Leftovers","|","|switch|p2a: Weezing|Weezing, M|333/333","|-damage|p2a: Weezing|292/333|[from] Stealth Rock","|turn|10","|","|move|p1a: Heatran|Fire Blast|p2a: Weezing","|-damage|p2a: Weezing|108/333","|-enditem|p2a: Weezing|Sitrus Berry|[eat]","|-heal|p2a: Weezing|191/333|[from] item: Sitrus Berry","|move|p2a: Weezing|Thief|p1a: Heatran","|-damage|p1a: Heatran|27/386","|-item|p2a: Weezing|Leftovers|[from] move: Thief|[of] p1a: Heatran","|","|-heal|p2a: Weezing|211/333|[from] item: Leftovers","|turn|11","|","|move|p1a: Heatran|Fire Blast|p2a: Weezing","|-damage|p2a: Weezing|27/333","|move|p2a: Weezing|Thief|p1a: Heatran","|-crit|p1a: Heatran","|-damage|p1a: Heatran|0 fnt","|faint|p1a: Heatran","|","|-heal|p2a: Weezing|47/333|[from] item: Leftovers","|","|switch|p1a: Empoleon|Empoleon, M|371/371","|turn|12","|","|move|p1a: Empoleon|Scald|p2a: Weezing","|-damage|p2a: Weezing|0 fnt","|faint|p2a: Weezing","|","|","|switch|p2a: Skuntank|Skuntank, M|409/409","|-damage|p2a: Skuntank|358/409|[from] Stealth Rock","|turn|13","|","|move|p2a: Skuntank|Thief|p1a: Empoleon","|-damage|p1a: Empoleon|272/371","|-item|p2a: Skuntank|Leftovers|[from] move: Thief|[of] p1a: Empoleon","|move|p1a: Empoleon|Scald|p2a: Skuntank","|-damage|p2a: Skuntank|196/409","|","|-heal|p2a: Skuntank|221/409|[from] item: Leftovers","|turn|14","|","|move|p2a: Skuntank|Sucker Punch|p1a: Empoleon","|-damage|p1a: Empoleon|122/371","|move|p1a: Empoleon|Scald|p2a: Skuntank","|-damage|p2a: Skuntank|10/409","|-status|p2a: Skuntank|brn","|","|-heal|p2a: Skuntank|35/409 brn|[from] item: Leftovers","|-damage|p2a: Skuntank|0 fnt|[from] brn","|faint|p2a: Skuntank","|","|switch|p2a: Venomoth|Venomoth, F|344/344","|-damage|p2a: Venomoth|258/344|[from] Stealth Rock","|turn|15","|","|move|p2a: Venomoth|Substitute|p2a: Venomoth","|-start|p2a: Venomoth|Substitute","|-damage|p2a: Venomoth|172/344","|move|p1a: Empoleon|Scald|p2a: Venomoth","|-end|p2a: Venomoth|Substitute","|","|-heal|p2a: Venomoth|193/344|[from] item: Black Sludge","|turn|16","|","|move|p2a: Venomoth|Quiver Dance|p2a: Venomoth","|-boost|p2a: Venomoth|spa|1","|-boost|p2a: Venomoth|spd|1","|-boost|p2a: Venomoth|spe|1","|move|p1a: Empoleon|Scald|p2a: Venomoth","|-damage|p2a: Venomoth|61/344","|","|-heal|p2a: Venomoth|82/344|[from] item: Black Sludge","|turn|17","|","|move|p2a: Venomoth|Bug Buzz|p1a: Empoleon","|-resisted|p1a: Empoleon","|-damage|p1a: Empoleon|20/371","|move|p1a: Empoleon|Scald|p2a: Venomoth","|-damage|p2a: Venomoth|0 fnt","|faint|p2a: Venomoth","|","|","|switch|p2a: Crobat|Crobat, M|373/373","|-damage|p2a: Crobat|280/373|[from] Stealth Rock","|turn|18","|","|move|p2a: Crobat|Curse|p2a: Crobat","|-unboost|p2a: Crobat|spe|1","|-boost|p2a: Crobat|atk|1","|-boost|p2a: Crobat|def|1","|-enditem|p2a: Crobat|White Herb","|-restoreboost|p2a: Crobat|[silent]","|move|p1a: Empoleon|Scald|p2a: Crobat","|-damage|p2a: Crobat|100/373","|-status|p2a: Crobat|brn","|","|-damage|p2a: Crobat|54/373 brn|[from] brn","|turn|19","|","|move|p2a: Crobat|Acrobatics|p1a: Empoleon","|-resisted|p1a: Empoleon","|-damage|p1a: Empoleon|0 fnt","|faint|p1a: Empoleon","|","|-damage|p2a: Crobat|8/373 brn|[from] brn","|","|switch|p1a: Ferrothorn|Ferrothorn, M|118/352","|turn|20","|","|move|p2a: Crobat|Roost|p2a: Crobat","|-heal|p2a: Crobat|195/373 brn","|move|p1a: Ferrothorn|Leech Seed|p2a: Crobat","|-start|p2a: Crobat|move: Leech Seed","|","|-heal|p1a: Ferrothorn|140/352|[from] item: Leftovers","|-damage|p2a: Crobat|149/373 brn|[from] Leech Seed|[of] p1a: Ferrothorn","|-heal|p1a: Ferrothorn|186/352|[silent]","|-damage|p2a: Crobat|103/373 brn|[from] brn","|turn|21","|","|move|p2a: Crobat|Roost|p2a: Crobat","|-heal|p2a: Crobat|290/373 brn","|move|p1a: Ferrothorn|Gyro Ball|p2a: Crobat","|-damage|p2a: Crobat|151/373 brn","|","|-heal|p1a: Ferrothorn|208/352|[from] item: Leftovers","|-damage|p2a: Crobat|105/373 brn|[from] Leech Seed|[of] p1a: Ferrothorn","|-heal|p1a: Ferrothorn|254/352|[silent]","|-damage|p2a: Crobat|59/373 brn|[from] brn","|turn|22","|","|move|p2a: Crobat|Acrobatics|p1a: Ferrothorn","|-damage|p1a: Ferrothorn|196/352","|-damage|p2a: Crobat|13/373 brn|[from] ability: Iron Barbs|[of] p1a: Ferrothorn","|move|p1a: Ferrothorn|Gyro Ball|p2a: Crobat","|-damage|p2a: Crobat|0 fnt","|faint|p2a: Crobat","|","|win|I ONLY USE CARNIE"],"p1rating":{"entryid":"7563861","serverid":"eos","formatid":"monotype","userid":"ionlyusecarnie","username":"I ONLY USE CARNIE","w":3,"l":"7","t":"0","gxe":37.1,"r":"1442.9033451217","rd":"97.408908493831","sigma":"0","rptime":"1439370000","rpr":1397.3112182666,"rprd":85.668526535957,"rpsigma":"0","acre":1070.9764287444,"lacre":1070.9764287444,"oldacre":"1017.0675438078"},"p2rating":{"entryid":"6731189","serverid":"eos","formatid":"monotype","userid":"guardwanderer","username":"Guard Wanderer","w":"115","l":142,"t":"0","gxe":44.7,"r":"1458.7749056961","rd":"25.315145155093","sigma":"0","rptime":"1439370000","rpr":1460.1034469967,"rprd":25,"rpsigma":"0","acre":1145.0882758212,"lacre":1145.0882758212,"oldacre":"1181.0852539083"},"endType":"normal"}