{"seed":[16632,39328,42941,9330],"turns":22,"p1":"Rain Hoot","p2":"Crystal Bronze","p1team":[{"name":"Aerodactyl","species":"Aerodactyl","item":"lifeorb","ability":"Pressure","moves":["aerialace","stoneedge","earthquake","taunt"],"nature":"Jolly","evs":{"hp":0,"atk":252,"def":0,"spa":0,"spd":4,"spe":252},"ivs":{"hp":31,"atk":31,"def":31,"spa":31,"spd":31,"spe":31}},{"name":"Diancie","species":"Diancie","item":"diancite","ability":"Clear Body","moves":["diamondstorm","moonblast","earthpower","protect"],"nature":"Hasty","evs":{"hp":0,"atk":4,"def":0,"spa":252,"spd":0,"spe":252},"ivs":{"hp":31,"atk":31,"def":31,"spa":31,"spd":31,"spe":31}},{"name":"Shuckle","species":"Shuckle","item":"leftovers","ability":"Sturdy","moves":["stickyweb","stealthrock","toxic","infestation"],"nature":"Calm","evs":{"hp":252,"atk":0,"def":0,"spa":4,"spd":252,"spe":0},"ivs":{"hp":31,"atk":31,"def":31,"spa":31,"spd":31,"spe":31}},{"name":"Golem","species":"Golem","item":"weaknesspolicy","ability":"Sturdy","moves":["earthquake","rockblast","suckerpunch","rockpolish"],"nature":"Adamant","evs":{"hp":0,"atk":252,"def":0,"spa":0,"spd":4,"spe":252},"ivs":{"hp":31,"atk":31,"def":31,"spa":31,"spd":31,"spe":31}},{"name":"Aurorus","species":"Aurorus","item":"assaultvest","ability":"Refrigerate","moves":["hypervoice","freezedry","darkpulse","mirrorcoat"],"nature":"Modest","evs":{"hp":248,"atk":0,"def":0,"spa":252,"spd":8,"spe":0},"ivs":{"hp":31,"atk":31,"def":31,"spa":31,"spd":31,"spe":31}},{"name":"Carracosta","species":"Carracosta","item":"leftovers","ability":"Solid Rock","moves":["curse","aquajet","rest","knockoff"],"nature":"Adamant","evs":{"hp":252,"atk":252,"def":0,"spa":0,"spd":4,"spe":0},"ivs":{"hp":31,"atk":31,"def":31,"spa":31,"spd":31,"spe":31}}],"p2team":[{"name":"Diancie","species":"Diancie","item":"babiriberry","ability":"Clear Body","moves":["moonblast","trickroom","wonderroom","stealthrock"],"nature":"","ivs":{"hp":31,"atk":31,"def":31,"spa":31,"spd":31,"spe":0},"evs":{"hp":0,"atk":0,"def":0,"spa":0,"spd":0,"spe":0}},{"name":"Cradily","species":"Cradily","item":"leftovers","ability":"Storm Drain","moves":["gigadrain","toxic","confuseray","recover"],"nature":"Bold","evs":{"hp":252,"atk":0,"def":252,"spa":0,"spd":0,"spe":0},"ivs":{"hp":31,"atk":31,"def":31,"spa":31,"spd":31,"spe":31}},{"name":"Omastar","species":"Omastar","item":"focussash","ability":"Weak Armor","moves":["earthpower","icebeam","hydropump","shellsmash"],"nature":"Modest","evs":{"hp":0,"atk":0,"def":0,"spa":252,"spd":4,"spe":252},"ivs":{"hp":31,"atk":31,"def":31,"spa":31,"spd":31,"spe":31}},{"name":"Aggron","species":"Aggron","item":"aggronite","ability":"Sturdy","moves":["ironhead","curse","metalburst","earthquake"],"nature":"Adamant","evs":{"hp":248,"atk":252,"def":0,"spa":0,"spd":8,"spe":0},"ivs":{"hp":31,"atk":31,"def":31,"spa":31,"spd":31,"spe":31}},{"name":"Terrakion","species":"Terrakion","item":"choicescarf","ability":"Justified","moves":["closecombat","earthquake","stoneedge","zenheadbutt"],"nature":"Adamant","evs":{"hp":0,"atk":252,"def":0,"spa":0,"spd":4,"spe":252},"ivs":{"hp":31,"atk":31,"def":31,"spa":31,"spd":31,"spe":31}},{"name":"Rhyperior","species":"Rhyperior","item":"weaknesspolicy","ability":"Solid Rock","moves":["earthquake","megahorn","stoneedge","crunch"],"nature":"Adamant","evs":{"hp":248,"atk":252,"def":0,"spa":0,"spd":8,"spe":0},"ivs":{"hp":31,"atk":31,"def":31,"spa":31,"spd":31,"spe":31}}],"log":["|player|p1|Rain Hoot|1","|player|p2|Crystal Bronze|274","|gametype|singles","|gen|6","|tier|Monotype","|rated","|rule|Baton Pass Clause: Limit one Baton Passer, can't pass Spe and other stats simultaneously","|rule|Swagger Clause: Swagger is banned","|rule|Same Type Clause: Pokémon in a team must share a type","|clearpoke","|poke|p1|Aerodactyl, F","|poke|p1|Diancie","|poke|p1|Shuckle, F","|poke|p1|Golem, M","|poke|p1|Aurorus, F","|poke|p1|Carracosta, F","|poke|p2|Diancie","|poke|p2|Cradily, M","|poke|p2|Omastar, M","|poke|p2|Aggron, F","|poke|p2|Terrakion","|poke|p2|Rhyperior, F","|rule|Sleep Clause Mod: Limit one foe put to sleep","|rule|Species Clause: Limit one of each Pokémon","|rule|OHKO Clause: OHKO moves are banned","|rule|Moody Clause: Moody is banned","|rule|Evasion Moves Clause: Evasion moves are banned","|rule|Endless Battle Clause: Forcing endless battles is banned","|rule|HP Percentage Mod: HP is shown in percentages","|teampreview","|","|start","|switch|p1a: Golem|Golem, M|301/301","|switch|p2a: Omastar|Omastar, M|281/281","|turn|1","|","|move|p2a: Omastar|Shell Smash|p2a: Omastar","|-unboost|p2a: Omastar|def|1","|-unboost|p2a: Omastar|spd|1","|-boost|p2a: Omastar|atk|2","|-boost|p2a: Omastar|spa|2","|-boost|p2a: Omastar|spe|2","|move|p1a: Golem|Rock Blast|p2a: Omastar","|-damage|p2a: Omastar|223/281","|-unboost|p2a: Omastar|def|1|[from] ability: Weak Armor","|-boost|p2a: Omastar|spe|1|[from] ability: Weak Armor","|-damage|p2a: Omastar|141/281","|-unboost|p2a: Omastar|def|1|[from] ability: Weak Armor","|-boost|p2a: Omastar|spe|1|[from] ability: Weak Armor","|-damage|p2a: Omastar|47/281","|-unboost|p2a: Omastar|def|1|[from] ability: Weak Armor","|-boost|p2a: Omastar|spe|1|[from] ability: Weak Armor","|-hitcount|p2a: Omastar|3","|","|turn|2","|","|move|p1a: Golem|Sucker Punch|p2a: Omastar","|-damage|p2a: Omastar|0 fnt","|faint|p2a: Omastar","|","|","|switch|p2a: Aggron|Aggron, F|343/343","|turn|3","|","|detailschange|p2a: Aggron|Aggron-Mega, F","|-mega|p2a: Aggron|Aggron|Aggronite","|move|p1a: Golem|Earthquake|p2a: Aggron","|-supereffective|p2a: Aggron","|-damage|p2a: Aggron|202/343","|move|p2a: Aggron|Curse|p2a: Aggron","|-unboost|p2a: Aggron|spe|1","|-boost|p2a: Aggron|atk|1","|-boost|p2a: Aggron|def|1","|","|turn|4","|","|move|p1a: Golem|Earthquake|p2a: Aggron","|-supereffective|p2a: Aggron","|-damage|p2a: Aggron|111/343","|move|p2a: Aggron|Iron Head|p1a: Golem","|-supereffective|p1a: Golem","|-ability|p1a: Golem|Sturdy","|-damage|p1a: Golem|1/301","|-enditem|p1a: Golem|Weakness Policy","|-boost|p1a: Golem|atk|2|[from] item: Weakness Policy","|-boost|p1a: Golem|spa|2|[from] item: Weakness Policy","|","|turn|5","|","|move|p1a: Golem|Earthquake|p2a: Aggron","|-supereffective|p2a: Aggron","|-damage|p2a: Aggron|0 fnt","|faint|p2a: Aggron","|","|","|switch|p2a: Terrakion|Terrakion|323/323","|turn|6","|","|move|p2a: Terrakion|Close Combat|p1a: Golem","|-supereffective|p1a: Golem","|-damage|p1a: Golem|0 fnt","|-unboost|p2a: Terrakion|def|1","|-unboost|p2a: Terrakion|spd|1","|faint|p1a: Golem","|","|","|switch|p1a: Carracosta|Carracosta, F|352/352","|turn|7","|","|move|p2a: Terrakion|Close Combat|p1a: Carracosta","|-supereffective|p1a: Carracosta","|-damage|p1a: Carracosta|60/352","|-unboost|p2a: Terrakion|def|1","|-unboost|p2a: Terrakion|spd|1","|move|p1a: Carracosta|Knock Off|p2a: Terrakion","|-resisted|p2a: Terrakion","|-damage|p2a: Terrakion|200/323","|-boost|p2a: Terrakion|atk|1|[from] ability: Justified","|-enditem|p2a: Terrakion|Choice Scarf|[from] move: Knock Off|[of] p1a: Carracosta","|","|-heal|p1a: Carracosta|82/352|[from] item: Leftovers","|turn|8","|","|move|p1a: Carracosta|Aqua Jet|p2a: Terrakion","|-supereffective|p2a: Terrakion","|-damage|p2a: Terrakion|0 fnt","|faint|p2a: Terrakion","|","|-heal|p1a: Carracosta|104/352|[from] item: Leftovers","|","|switch|p2a: Diancie|Diancie|241/241","|turn|9","|","|move|p2a: Diancie|Moonblast|p1a: Carracosta","|-damage|p1a: Carracosta|0 fnt","|faint|p1a: Carracosta","|","|","|switch|p1a: Aurorus|Aurorus, F|449/449","|turn|10","|","|move|p1a: Aurorus|Mirror Coat|p2a: Diancie","|-fail|p2a: Diancie","|move|p2a: Diancie|Trick Room|p2a: Diancie","|-fieldstart|move: Trick Room|[of] p2a: Diancie","|","|turn|11","|","|move|p2a: Diancie|Stealth Rock|p1a: Aurorus","|-sidestart|p1: Rain Hoot|move: Stealth Rock","|move|p1a: Aurorus|Mirror Coat|p2a: Diancie","|-fail|p2a: Diancie","|","|turn|12","|","|move|p2a: Diancie|Wonder Room|p2a: Diancie","|-fieldstart|move: WonderRoom|[of] p2a: Diancie","|move|p1a: Aurorus|Mirror Coat|p2a: Diancie","|-fail|p2a: Diancie","|","|turn|13","|","|switch|p2a: Rhyperior|Rhyperior, F|433/433","|move|p1a: Aurorus|Mirror Coat|p2a: Rhyperior","|-fail|p2a: Rhyperior","|","|turn|14","|","|move|p2a: Rhyperior|Stone Edge|p1a: Aurorus","|-supereffective|p1a: Aurorus","|-damage|p1a: Aurorus|149/449","|move|p1a: Aurorus|Hyper Voice|p2a: Rhyperior","|-supereffective|p2a: Rhyperior","|-damage|p2a: Rhyperior|225/433","|-enditem|p2a: Rhyperior|Weakness Policy","|-boost|p2a: Rhyperior|atk|2|[from] item: Weakness Policy","|-boost|p2a: Rhyperior|spa|2|[from] item: Weakness Policy","|","|-fieldend|move: Trick Room","|turn|15","|","|switch|p1a: Shuckle|Shuckle, F|244/244","|-damage|p1a: Shuckle|183/244|[from] Stealth Rock","|move|p2a: Rhyperior|Crunch|p1a: Shuckle","|-damage|p1a: Shuckle|98/244","|","|-heal|p1a: Shuckle|113/244|[from] item: Leftovers","|turn|16","|","|move|p2a: Rhyperior|Stone Edge|p1a: Shuckle","|-supereffective|p1a: Shuckle","|-damage|p1a: Shuckle|0 fnt","|faint|p1a: Shuckle","|","|-fieldend|move: Wonder Room","|","|switch|p1a: Aerodactyl|Aerodactyl, F|301/301","|-damage|p1a: Aerodactyl|226/301|[from] Stealth Rock","|-ability|p1a: Aerodactyl|Pressure","|turn|17","|","|move|p1a: Aerodactyl|Earthquake|p2a: Rhyperior","|-supereffective|p2a: Rhyperior","|-damage|p2a: Rhyperior|51/433","|-damage|p1a: Aerodactyl|196/301|[from] item: Life Orb","|move|p2a: Rhyperior|Crunch|p1a: Aerodactyl","|-damage|p1a: Aerodactyl|0 fnt","|faint|p1a: Aerodactyl","|","|","|switch|p1a: Aurorus|Aurorus, F|149/449","|-damage|p1a: Aurorus|37/449|[from] Stealth Rock","|turn|18","|","|switch|p2a: Diancie|Diancie|241/241","|move|p1a: Aurorus|Hyper Voice|p2a: Diancie","|-damage|p2a: Diancie|108/241","|","|turn|19","|","|move|p1a: Aurorus|Hyper Voice|p2a: Diancie","|-damage|p2a: Diancie|0 fnt","|faint|p2a: Diancie","|","|","|switch|p2a: Cradily|Cradily, M|376/376","|turn|20","|","|move|p1a: Aurorus|Hyper Voice|p2a: Cradily","|-supereffective|p2a: Cradily","|-damage|p2a: Cradily|32/376","|move|p2a: Cradily|Recover|p2a: Cradily","|-heal|p2a: Cradily|220/376","|","|-heal|p2a: Cradily|243/376|[from] item: Leftovers","|turn|21","|","|move|p1a: Aurorus|Hyper Voice|p2a: Cradily","|-supereffective|p2a: Cradily","|-damage|p2a: Cradily|0 fnt","|faint|p2a: Cradily","|","|","|switch|p2a: Rhyperior|Rhyperior, F|51/433","|turn|22","|","|move|p1a: Aurorus|Hyper Voice|p2a: Rhyperior","|-supereffective|p2a: Rhyperior","|-damage|p2a: Rhyperior|0 fnt","|faint|p2a: Rhyperior","|","|win|Rain Hoot"],"p1rating":{"entryid":"7558745","serverid":"eos","formatid":"monotype","userid":"rainhoot","username":"Rain Hoot","w":8,"l":"10","t":"0","gxe":47,"r":"1497.0566631562","rd":"77.92455428703","sigma":"0","rptime":"1439370000","rpr":1477.2575858708,"rprd":71.780529892525,"rpsigma":"0","acre":1079.1961142716,"lacre":1079.1961142716,"oldacre":"1036.6602163198"},"p2rating":{"entryid":"7501630","serverid":"eos","formatid":"monotype","userid":"crystalbronze","username":"Crystal Bronze","w":"8","l":6,"t":"0","gxe":51.8,"r":"1533.2151593231","rd":"81.381023524374","sigma":"0","rptime":"1439370000","rpr":1513.8389793531,"rprd":79.375200355638,"rpsigma":"0","acre":1088.2646413018,"lacre":1088.2646413018,"oldacre":"1119.08689135"},"endType":"normal"}