{"seed":[39253,60821,33589,44115],"turns":25,"p1":"nick152","p2":"IS Albtraum","p1team":[{"name":"Amoonguss","species":"Amoonguss","item":"chestoberry","ability":"Effect Spore","moves":["gigadrain","rest","sleeptalk","spore"],"nature":"","evs":{"hp":252,"atk":0,"def":4,"spa":0,"spd":252,"spe":0},"ivs":{"hp":31,"atk":31,"def":31,"spa":31,"spd":31,"spe":31}},{"name":"Venusaur","species":"Venusaur","item":"leftovers","ability":"Overgrow","moves":["leechseed","gigadrain","protect","earthquake"],"nature":"Gentle","evs":{"hp":248,"atk":8,"def":0,"spa":0,"spd":252,"spe":0},"ivs":{"hp":31,"atk":31,"def":31,"spa":31,"spd":31,"spe":31}},{"name":"Beedrill","species":"Beedrill","item":"beedrillite","ability":"Swarm","moves":["uturn","drillrun","knockoff","poisonjab"],"nature":"Jolly","evs":{"hp":0,"atk":252,"def":0,"spa":0,"spd":4,"spe":252},"ivs":{"hp":31,"atk":31,"def":31,"spa":31,"spd":31,"spe":31}},{"name":"Scolipede","species":"Scolipede","item":"focussash","ability":"Speed Boost","moves":["protect","swordsdance","poisonjab","megahorn"],"nature":"Adamant","evs":{"hp":0,"atk":252,"def":0,"spa":0,"spd":4,"spe":252},"ivs":{"hp":31,"atk":31,"def":31,"spa":31,"spd":31,"spe":31}},{"name":"Drapion","species":"Drapion","item":"","ability":"Battle Armor","moves":["crunch","toxicspikes","earthquake","honeclaws"],"nature":"Adamant","evs":{"hp":248,"atk":252,"def":0,"spa":0,"spd":8,"spe":0},"ivs":{"hp":31,"atk":31,"def":31,"spa":31,"spd":31,"spe":31}},{"name":"Crobat","species":"Crobat","item":"expertbelt","ability":"Infiltrator","moves":["bravebird","darkpulse","nastyplot","heatwave"],"nature":"Hasty","evs":{"hp":0,"atk":156,"def":0,"spa":100,"spd":0,"spe":252},"ivs":{"hp":31,"atk":31,"def":31,"spa":31,"spd":31,"spe":31}}],"p2team":[{"name":"BlastBurn","species":"charizard","item":"charizarditey","ability":"Solar Power","moves":["flamethrower","roost","solarbeam","focusblast"],"nature":"Timid","evs":{"hp":0,"atk":0,"def":0,"spa":252,"spd":4,"spe":252},"shiny":true,"ivs":{"hp":31,"atk":31,"def":31,"spa":31,"spd":31,"spe":31}},{"name":"Enten","species":"landorustherian","item":"choicescarf","ability":"Intimidate","moves":["earthquake","uturn","knockoff","stoneedge"],"nature":"Adamant","evs":{"hp":4,"atk":252,"def":0,"spa":0,"spd":0,"spe":252},"ivs":{"hp":31,"atk":31,"def":31,"spa":31,"spd":31,"spe":31}},{"name":"IronHawk","species":"skarmory","item":"rockyhelmet","ability":"Sturdy","moves":["stealthrock","roost","whirlwind","bravebird"],"nature":"Impish","evs":{"hp":248,"atk":0,"def":236,"spa":0,"spd":0,"spe":24},"ivs":{"hp":31,"atk":31,"def":31,"spa":31,"spd":31,"spe":31}},{"name":"Vulture","species":"mandibuzz","item":"leftovers","ability":"Overcoat","moves":["roost","foulplay","toxic","defog"],"nature":"Bold","evs":{"hp":252,"atk":0,"def":252,"spa":0,"spd":4,"spe":0},"ivs":{"hp":31,"atk":31,"def":31,"spa":31,"spd":31,"spe":31}},{"name":"Leviathan","species":"gyarados","item":"focussash","ability":"Moxie","moves":["dragondance","waterfall","icefang","earthquake"],"nature":"Adamant","evs":{"hp":0,"atk":252,"def":0,"spa":0,"spd":4,"spe":252},"ivs":{"hp":31,"atk":31,"def":31,"spa":31,"spd":31,"spe":31}},{"name":"Thundurus","species":"Thundurus","item":"lifeorb","ability":"Prankster","moves":["grassknot","hiddenpowerice","thunderbolt","thunderwave"],"nature":"Timid","evs":{"hp":0,"atk":0,"def":0,"spa":252,"spd":4,"spe":252},"ivs":{"hp":31,"atk":30,"def":30,"spa":31,"spd":31,"spe":31}}],"log":["|player|p1|nick152|nick152.gif","|player|p2|IS Albtraum|isalbtraum.png","|gametype|singles","|gen|6","|tier|Monotype","|rated","|rule|Baton Pass Clause: Limit one Baton Passer, can't pass Spe and other stats simultaneously","|rule|Swagger Clause: Swagger is banned","|rule|Same Type Clause: Pokémon in a team must share a type","|clearpoke","|poke|p1|Amoonguss, M","|poke|p1|Venusaur, F","|poke|p1|Beedrill, M","|poke|p1|Scolipede, F","|poke|p1|Drapion, F","|poke|p1|Crobat, M","|poke|p2|Charizard, F, shiny","|poke|p2|Landorus-Therian, M","|poke|p2|Skarmory, M","|poke|p2|Mandibuzz, F","|poke|p2|Gyarados, F","|poke|p2|Thundurus, M","|rule|Sleep Clause Mod: Limit one foe put to sleep","|rule|Species Clause: Limit one of each Pokémon","|rule|OHKO Clause: OHKO moves are banned","|rule|Moody Clause: Moody is banned","|rule|Evasion Moves Clause: Evasion moves are banned","|rule|Endless Battle Clause: Forcing endless battles is banned","|rule|HP Percentage Mod: HP is shown in percentages","|teampreview","|","|start","|switch|p1a: Scolipede|Scolipede, F|261/261","|switch|p2a: IronHawk|Skarmory, M|333/333","|turn|1","|","|move|p1a: Scolipede|Protect|p1a: Scolipede","|-singleturn|p1a: Scolipede|Protect","|move|p2a: IronHawk|Whirlwind|p1a: Scolipede","|drag|p1a: Beedrill|Beedrill, M|271/271","|","|turn|2","|","|detailschange|p1a: Beedrill|Beedrill-Mega, M","|-mega|p1a: Beedrill|Beedrill|Beedrillite","|move|p1a: Beedrill|Knock Off|p2a: IronHawk","|-damage|p2a: IronHawk|260/333","|-damage|p1a: Beedrill|226/271|[from] item: Rocky Helmet|[of] p2a: IronHawk","|-enditem|p2a: IronHawk|Rocky Helmet|[from] move: Knock Off|[of] p1a: Beedrill","|move|p2a: IronHawk|Stealth Rock|p1a: Beedrill","|-sidestart|p1: nick152|move: Stealth Rock","|","|turn|3","|","|move|p1a: Beedrill|U-turn|p2a: IronHawk","|-resisted|p2a: IronHawk","|-damage|p2a: IronHawk|234/333","|","|switch|p1a: Drapion|Drapion, F|343/343","|-damage|p1a: Drapion|301/343|[from] Stealth Rock","|move|p2a: IronHawk|Whirlwind|p1a: Drapion","|drag|p1a: Scolipede|Scolipede, F|261/261","|-damage|p1a: Scolipede|196/261|[from] Stealth Rock","|","|turn|4","|","|move|p1a: Scolipede|Megahorn|p2a: IronHawk","|-crit|p2a: IronHawk","|-resisted|p2a: IronHawk","|-damage|p2a: IronHawk|193/333","|move|p2a: IronHawk|Brave Bird|p1a: Scolipede","|-supereffective|p1a: Scolipede","|-damage|p1a: Scolipede|0 fnt","|-damage|p2a: IronHawk|128/333|[from] recoil|[of] p1a: Scolipede","|faint|p1a: Scolipede","|","|","|switch|p1a: Crobat|Crobat, M|311/311","|-damage|p1a: Crobat|234/311|[from] Stealth Rock","|turn|5","|","|move|p1a: Crobat|Heat Wave|p2a: IronHawk","|-supereffective|p2a: IronHawk","|-damage|p2a: IronHawk|0 fnt","|faint|p2a: IronHawk","|","|","|switch|p2a: BlastBurn|Charizard, F, shiny|297/297","|turn|6","|","|detailschange|p2a: BlastBurn|Charizard-Mega-Y, F, shiny","|-mega|p2a: BlastBurn|Charizard|Charizardite Y","|-weather|SunnyDay","|move|p1a: Crobat|Brave Bird|p2a: BlastBurn","|-damage|p2a: BlastBurn|110/297","|-damage|p1a: Crobat|172/311|[from] recoil|[of] p2a: BlastBurn","|move|p2a: BlastBurn|Flamethrower|p1a: Crobat","|-damage|p1a: Crobat|0 fnt","|faint|p1a: Crobat","|","|-weather|SunnyDay|[upkeep]","|","|switch|p1a: Beedrill|Beedrill-Mega, M|226/271","|-damage|p1a: Beedrill|159/271|[from] Stealth Rock","|turn|7","|","|switch|p2a: Enten|Landorus-Therian, M|320/320","|-ability|p2a: Enten|Intimidate","|-unboost|p1a: Beedrill|atk|1","|move|p1a: Beedrill|Knock Off|p2a: Enten","|-damage|p2a: Enten|231/320","|-enditem|p2a: Enten|Choice Scarf|[from] move: Knock Off|[of] p1a: Beedrill","|","|-weather|SunnyDay|[upkeep]","|turn|8","|","|move|p1a: Beedrill|U-turn|p2a: Enten","|-resisted|p2a: Enten","|-damage|p2a: Enten|162/320","|","|switch|p1a: Drapion|Drapion, F|301/343","|-damage|p1a: Drapion|259/343|[from] Stealth Rock","|move|p2a: Enten|Stone Edge|p1a: Drapion","|-damage|p1a: Drapion|139/343","|","|-weather|SunnyDay|[upkeep]","|turn|9","|","|move|p2a: Enten|Earthquake|p1a: Drapion","|-supereffective|p1a: Drapion","|-damage|p1a: Drapion|0 fnt","|faint|p1a: Drapion","|","|-weather|SunnyDay|[upkeep]","|","|switch|p1a: Beedrill|Beedrill-Mega, M|159/271","|-damage|p1a: Beedrill|92/271|[from] Stealth Rock","|turn|10","|","|move|p1a: Beedrill|U-turn|p2a: Enten","|-resisted|p2a: Enten","|-damage|p2a: Enten|61/320","|","|switch|p1a: Amoonguss|Amoonguss, M|432/432","|-damage|p1a: Amoonguss|378/432|[from] Stealth Rock","|move|p2a: Enten|Earthquake|p1a: Amoonguss","|-damage|p1a: Amoonguss|113/432","|","|-weather|none","|turn|11","|","|move|p2a: Enten|Earthquake|p1a: Amoonguss","|-damage|p1a: Amoonguss|0 fnt","|faint|p1a: Amoonguss","|","|","|switch|p1a: Beedrill|Beedrill-Mega, M|92/271","|-damage|p1a: Beedrill|25/271|[from] Stealth Rock","|turn|12","|","|switch|p2a: Vulture|Mandibuzz, F|424/424","|move|p1a: Beedrill|Knock Off|p2a: Vulture","|-resisted|p2a: Vulture","|-damage|p2a: Vulture|379/424","|-enditem|p2a: Vulture|Leftovers|[from] move: Knock Off|[of] p1a: Beedrill","|","|turn|13","|","|move|p1a: Beedrill|U-turn|p2a: Vulture","|-damage|p2a: Vulture|253/424","|","|switch|p1a: Venusaur|Venusaur, F|363/363","|-damage|p1a: Venusaur|318/363|[from] Stealth Rock","|move|p2a: Vulture|Roost|p2a: Vulture","|-heal|p2a: Vulture|424/424","|","|-heal|p1a: Venusaur|340/363|[from] item: Leftovers","|turn|14","|","|move|p1a: Venusaur|Leech Seed|p2a: Vulture","|-start|p2a: Vulture|move: Leech Seed","|move|p2a: Vulture|Foul Play|p1a: Venusaur","|-damage|p1a: Venusaur|225/363","|","|-heal|p1a: Venusaur|247/363|[from] item: Leftovers","|-damage|p2a: Vulture|371/424|[from] Leech Seed|[of] p1a: Venusaur","|-heal|p1a: Venusaur|300/363|[silent]","|turn|15","|","|move|p1a: Venusaur|Protect|p1a: Venusaur","|-singleturn|p1a: Venusaur|Protect","|move|p2a: Vulture|Foul Play|p1a: Venusaur","|-activate|p1a: Venusaur|Protect","|","|-heal|p1a: Venusaur|322/363|[from] item: Leftovers","|-damage|p2a: Vulture|318/424|[from] Leech Seed|[of] p1a: Venusaur","|-heal|p1a: Venusaur|363/363|[silent]","|turn|16","|","|move|p1a: Venusaur|Giga Drain|p2a: Vulture","|-resisted|p2a: Vulture","|-damage|p2a: Vulture|268/424","|move|p2a: Vulture|Foul Play|p1a: Venusaur","|-damage|p1a: Venusaur|246/363","|","|-heal|p1a: Venusaur|268/363|[from] item: Leftovers","|-damage|p2a: Vulture|215/424|[from] Leech Seed|[of] p1a: Venusaur","|-heal|p1a: Venusaur|321/363|[silent]","|turn|17","|","|switch|p2a: BlastBurn|Charizard-Mega-Y, F, shiny|110/297","|-weather|SunnyDay","|move|p1a: Venusaur|Giga Drain|p2a: BlastBurn","|-resisted|p2a: BlastBurn","|-damage|p2a: BlastBurn|91/297","|-heal|p1a: Venusaur|331/363|[from] drain|[of] p2a: BlastBurn","|","|-weather|SunnyDay|[upkeep]","|-heal|p1a: Venusaur|353/363|[from] item: Leftovers","|turn|18","|","|move|p1a: Venusaur|Protect|p1a: Venusaur","|-singleturn|p1a: Venusaur|Protect","|move|p2a: BlastBurn|Flamethrower|p1a: Venusaur","|-activate|p1a: Venusaur|Protect","|","|-weather|SunnyDay|[upkeep]","|-heal|p1a: Venusaur|363/363|[from] item: Leftovers","|turn|19","|","|move|p2a: BlastBurn|Roost|p2a: BlastBurn","|-heal|p2a: BlastBurn|240/297","|move|p1a: Venusaur|Giga Drain|p2a: BlastBurn","|-resisted|p2a: BlastBurn","|-damage|p2a: BlastBurn|204/297","|","|-weather|SunnyDay|[upkeep]","|turn|20","|","|move|p2a: BlastBurn|Roost|p2a: BlastBurn","|-heal|p2a: BlastBurn|297/297","|move|p1a: Venusaur|Leech Seed|p2a: BlastBurn","|-start|p2a: BlastBurn|move: Leech Seed","|","|-weather|SunnyDay|[upkeep]","|-damage|p2a: BlastBurn|260/297|[from] Leech Seed|[of] p1a: Venusaur","|turn|21","|","|switch|p2a: Thundurus|Thundurus, M|299/299","|move|p1a: Venusaur|Protect|p1a: Venusaur","|-fail|p1a: Venusaur","|","|-weather|none","|turn|22","|","|move|p2a: Thundurus|Thunder Wave|p1a: Venusaur","|-status|p1a: Venusaur|par","|move|p1a: Venusaur|Giga Drain|p2a: Thundurus","|-resisted|p2a: Thundurus","|-damage|p2a: Thundurus|251/299","|","|turn|23","|","|move|p2a: Thundurus|Hidden Power|p1a: Venusaur","|-supereffective|p1a: Venusaur","|-damage|p1a: Venusaur|241/363 par","|-damage|p2a: Thundurus|222/299|[from] item: Life Orb","|move|p1a: Venusaur|Leech Seed|p2a: Thundurus","|-start|p2a: Thundurus|move: Leech Seed","|","|-heal|p1a: Venusaur|263/363 par|[from] item: Leftovers","|-damage|p2a: Thundurus|185/299|[from] Leech Seed|[of] p1a: Venusaur","|-heal|p1a: Venusaur|300/363 par|[silent]","|turn|24","|","|switch|p2a: BlastBurn|Charizard-Mega-Y, F, shiny|260/297","|-weather|SunnyDay","|cant|p1a: Venusaur|par","|","|-weather|SunnyDay|[upkeep]","|-heal|p1a: Venusaur|322/363 par|[from] item: Leftovers","|turn|25","|","|move|p2a: BlastBurn|Flamethrower|p1a: Venusaur","|-supereffective|p1a: Venusaur","|-damage|p1a: Venusaur|0 fnt","|faint|p1a: Venusaur","|","|-weather|SunnyDay|[upkeep]","|","|switch|p1a: Beedrill|Beedrill-Mega, M|25/271","|-damage|p1a: Beedrill|0 fnt|[from] Stealth Rock","|faint|p1a: Beedrill","|","|win|IS Albtraum"],"p1rating":{"entryid":"7504207","serverid":"eos","formatid":"monotype","userid":"nick152","username":"nick152","w":"0","l":4,"t":"0","gxe":35.9,"r":1400.7324649166,"rd":112.1167584481,"sigma":"0","rptime":1439370000,"rpr":1386.0846536854,"rprd":108.6326599455,"rpsigma":"0","acre":1000,"lacre":1000,"oldacre":"1000"},"p2rating":{"entryid":"6709970","serverid":"eos","formatid":"monotype","userid":"isalbtraum","username":"IS Albtraum","w":8,"l":"0","t":"0","gxe":73.5,"r":"1624.6973484128","rd":"113.03767848791","sigma":"0","rptime":"1439370000","rpr":1699.7695284617,"rprd":96.960577017755,"rpsigma":"0","acre":1231.6731106436,"lacre":1231.6731106436,"oldacre":"1220.71484157"},"endType":"normal"}