{"seed":[61427,23074,55241,39754],"turns":29,"p1":"Desolate Nightmare","p2":"GTX♅Bzumzum","p1team":[{"name":"Zeus","species":"thundurus","item":"lifeorb","ability":"Prankster","moves":["grassknot","thunderwave","knockoff","thunderbolt"],"nature":"Hasty","evs":{"hp":104,"atk":0,"def":0,"spa":152,"spd":0,"spe":252},"ivs":{"hp":31,"atk":30,"def":31,"spa":30,"spd":31,"spe":31},"shiny":true},{"name":"Washing Machine","species":"rotomwash","item":"leftovers","ability":"Levitate","moves":["painsplit","willowisp","hiddenpowergrass","hydropump"],"nature":"Bold","evs":{"hp":252,"atk":0,"def":252,"spa":4,"spd":0,"spe":0},"ivs":{"hp":31,"atk":30,"def":31,"spa":30,"spd":31,"spe":31}},{"name":"Trans-Ampharos","species":"ampharos","item":"ampharosite","ability":"Static","moves":["voltswitch","dragonpulse","rest","sleeptalk"],"nature":"Calm","evs":{"hp":248,"atk":0,"def":120,"spa":0,"spd":140,"spe":0},"ivs":{"hp":31,"atk":31,"def":31,"spa":31,"spd":31,"spe":31}},{"name":"Shoes in Spanish","species":"zapdos","item":"leftovers","ability":"Pressure","moves":["thunderbolt","heatwave","roost","toxic"],"nature":"Calm","evs":{"hp":252,"atk":0,"def":0,"spa":4,"spd":252,"spe":0},"shiny":true,"ivs":{"hp":31,"atk":31,"def":31,"spa":31,"spd":31,"spe":31}},{"name":"Static Popeye","species":"electivire","item":"expertbelt","ability":"Motor Drive","moves":["thunderbolt","crosschop","flamethrower","earthquake"],"nature":"Hasty","evs":{"hp":0,"atk":20,"def":0,"spa":232,"spd":4,"spe":252},"shiny":true,"ivs":{"hp":31,"atk":31,"def":31,"spa":31,"spd":31,"spe":31}},{"name":"Sputnik","species":"magnezone","item":"choicescarf","ability":"Magnet Pull","moves":["thunderbolt","voltswitch","flashcannon","hiddenpowerice"],"nature":"Timid","evs":{"hp":4,"atk":0,"def":0,"spa":252,"spd":0,"spe":252},"ivs":{"hp":31,"atk":30,"def":30,"spa":31,"spd":31,"spe":31}}],"p2team":[{"name":"Elec","species":"manectric","item":"manectite","ability":"Lightning Rod","moves":["thunderbolt","hiddenpowergrass","voltswitch","overheat"],"nature":"Timid","evs":{"hp":0,"atk":0,"def":0,"spa":252,"spd":4,"spe":252},"gender":"M","ivs":{"hp":31,"atk":30,"def":31,"spa":30,"spd":31,"spe":31}},{"name":"Water-Safe","species":"rotomwash","item":"chestoberry","ability":"Levitate","moves":["hydropump","hiddenpowerice","willowisp","rest"],"nature":"Calm","evs":{"hp":248,"atk":0,"def":0,"spa":8,"spd":252,"spe":0},"ivs":{"hp":31,"atk":30,"def":30,"spa":31,"spd":31,"spe":31},"shiny":true},{"name":"MY ZONE!!!","species":"magnezone","item":"choicespecs","ability":"Sturdy","moves":["hiddenpowerice","flashcannon","triattack","signalbeam"],"nature":"Modest","evs":{"hp":248,"atk":0,"def":0,"spa":252,"spd":8,"spe":0},"ivs":{"hp":31,"atk":30,"def":30,"spa":31,"spd":31,"spe":31},"shiny":true},{"name":"Lightning","species":"raichu","item":"choicescarf","ability":"Static","moves":["focusblast","voltswitch","grassknot","surf"],"nature":"Modest","evs":{"hp":4,"atk":0,"def":0,"spa":252,"spd":0,"spe":252},"gender":"M","shiny":true,"ivs":{"hp":31,"atk":31,"def":31,"spa":31,"spd":31,"spe":31}},{"name":"Zapz","species":"zapdos","item":"leftovers","ability":"Pressure","moves":["heatwave","roost","extrasensory","defog"],"nature":"Modest","evs":{"hp":252,"atk":0,"def":0,"spa":252,"spd":4,"spe":0},"shiny":true,"ivs":{"hp":31,"atk":31,"def":31,"spa":31,"spd":31,"spe":31}},{"name":"Plugg-in Failure","species":"electivire","item":"choicescarf","ability":"Vital Spirit","moves":["crosschop","earthquake","icepunch","rockslide"],"nature":"Adamant","evs":{"hp":0,"atk":252,"def":0,"spa":0,"spd":4,"spe":252},"gender":"M","shiny":true,"ivs":{"hp":31,"atk":31,"def":31,"spa":31,"spd":31,"spe":31}}],"log":["|player|p1|Desolate Nightmare|167","|player|p2|GTX♅Bzumzum|225","|gametype|singles","|gen|6","|tier|Monotype","|rated","|rule|Baton Pass Clause: Limit one Baton Passer, can't pass Spe and other stats simultaneously","|rule|Swagger Clause: Swagger is banned","|rule|Same Type Clause: Pokémon in a team must share a type","|clearpoke","|poke|p1|Thundurus, M, shiny","|poke|p1|Rotom-Wash","|poke|p1|Ampharos, F","|poke|p1|Zapdos, shiny","|poke|p1|Electivire, F, shiny","|poke|p1|Magnezone","|poke|p2|Manectric, M","|poke|p2|Rotom-Wash, shiny","|poke|p2|Magnezone, shiny","|poke|p2|Raichu, M, shiny","|poke|p2|Zapdos, shiny","|poke|p2|Electivire, M, shiny","|rule|Sleep Clause Mod: Limit one foe put to sleep","|rule|Species Clause: Limit one of each Pokémon","|rule|OHKO Clause: OHKO moves are banned","|rule|Moody Clause: Moody is banned","|rule|Evasion Moves Clause: Evasion moves are banned","|rule|Endless Battle Clause: Forcing endless battles is banned","|rule|HP Percentage Mod: HP is shown in percentages","|teampreview","|","|start","|switch|p1a: Sputnik|Magnezone|282/282","|switch|p2a: Lightning|Raichu, M, shiny|262/262","|turn|1","|","|switch|p1a: Washing Machine|Rotom-Wash|304/304","|move|p2a: Lightning|Focus Blast|p1a: Washing Machine|[miss]","|-miss|p2a: Lightning|p1a: Washing Machine","|","|turn|2","|","|switch|p2a: Elec|Manectric, M|281/281","|move|p1a: Washing Machine|Will-O-Wisp|p2a: Elec","|-status|p2a: Elec|brn","|","|-damage|p2a: Elec|246/281 brn|[from] brn","|turn|3","|","|move|p2a: Elec|Hidden Power|p1a: Washing Machine","|-supereffective|p1a: Washing Machine","|-damage|p1a: Washing Machine|196/304","|move|p1a: Washing Machine|Hydro Pump|p2a: Elec","|-damage|p2a: Elec|35/281 brn","|","|-heal|p1a: Washing Machine|215/304|[from] item: Leftovers","|-damage|p2a: Elec|0 fnt|[from] brn","|faint|p2a: Elec","|","|switch|p2a: Lightning|Raichu, M, shiny|262/262","|turn|4","|","|move|p2a: Lightning|Volt Switch|p1a: Washing Machine","|-damage|p1a: Washing Machine|118/304","|","|switch|p2a: Water-Safe|Rotom-Wash, shiny|303/303","|move|p1a: Washing Machine|Will-O-Wisp|p2a: Water-Safe","|-status|p2a: Water-Safe|brn","|","|-heal|p1a: Washing Machine|137/304|[from] item: Leftovers","|-damage|p2a: Water-Safe|266/303 brn|[from] brn","|turn|5","|","|move|p2a: Water-Safe|Hidden Power|p1a: Washing Machine","|-resisted|p1a: Washing Machine","|-damage|p1a: Washing Machine|115/304","|move|p1a: Washing Machine|Hidden Power|p2a: Water-Safe","|-supereffective|p2a: Water-Safe","|-damage|p2a: Water-Safe|192/303 brn","|","|-heal|p1a: Washing Machine|134/304|[from] item: Leftovers","|-damage|p2a: Water-Safe|155/303 brn|[from] brn","|turn|6","|","|move|p2a: Water-Safe|Will-O-Wisp|p1a: Washing Machine|[miss]","|-miss|p2a: Water-Safe|p1a: Washing Machine","|move|p1a: Washing Machine|Hidden Power|p2a: Water-Safe","|-supereffective|p2a: Water-Safe","|-damage|p2a: Water-Safe|91/303 brn","|","|-heal|p1a: Washing Machine|153/304|[from] item: Leftovers","|-damage|p2a: Water-Safe|54/303 brn|[from] brn","|turn|7","|","|move|p2a: Water-Safe|Rest|p2a: Water-Safe","|-status|p2a: Water-Safe|slp","|-heal|p2a: Water-Safe|303/303 slp|[silent]","|-status|p2a: Water-Safe|slp|[from] move: Rest","|-enditem|p2a: Water-Safe|Chesto Berry|[eat]","|-curestatus|p2a: Water-Safe|slp","|move|p1a: Washing Machine|Hidden Power|p2a: Water-Safe","|-supereffective|p2a: Water-Safe","|-damage|p2a: Water-Safe|231/303","|","|-heal|p1a: Washing Machine|172/304|[from] item: Leftovers","|turn|8","|","|move|p1a: Washing Machine|Will-O-Wisp|p2a: Water-Safe","|-status|p2a: Water-Safe|brn","|move|p2a: Water-Safe|Will-O-Wisp|p1a: Washing Machine","|-status|p1a: Washing Machine|brn","|","|-heal|p1a: Washing Machine|191/304 brn|[from] item: Leftovers","|-damage|p1a: Washing Machine|153/304 brn|[from] brn","|-damage|p2a: Water-Safe|194/303 brn|[from] brn","|turn|9","|","|move|p1a: Washing Machine|Hidden Power|p2a: Water-Safe","|-crit|p2a: Water-Safe","|-supereffective|p2a: Water-Safe","|-damage|p2a: Water-Safe|86/303 brn","|move|p2a: Water-Safe|Hydro Pump|p1a: Washing Machine","|-resisted|p1a: Washing Machine","|-damage|p1a: Washing Machine|88/304 brn","|","|-heal|p1a: Washing Machine|107/304 brn|[from] item: Leftovers","|-damage|p2a: Water-Safe|49/303 brn|[from] brn","|-damage|p1a: Washing Machine|69/304 brn|[from] brn","|turn|10","|","|switch|p2a: Plugg-in Failure|Electivire, M, shiny|291/291","|move|p1a: Washing Machine|Hidden Power|p2a: Plugg-in Failure","|-damage|p2a: Plugg-in Failure|232/291","|","|-heal|p1a: Washing Machine|88/304 brn|[from] item: Leftovers","|-damage|p1a: Washing Machine|50/304 brn|[from] brn","|turn|11","|","|move|p2a: Plugg-in Failure|Ice Punch|p1a: Washing Machine","|-resisted|p1a: Washing Machine","|-damage|p1a: Washing Machine|20/304 brn","|move|p1a: Washing Machine|Will-O-Wisp|p2a: Plugg-in Failure","|-status|p2a: Plugg-in Failure|brn","|","|-heal|p1a: Washing Machine|39/304 brn|[from] item: Leftovers","|-damage|p2a: Plugg-in Failure|196/291 brn|[from] brn","|-damage|p1a: Washing Machine|1/304 brn|[from] brn","|turn|12","|","|move|p2a: Plugg-in Failure|Ice Punch|p1a: Washing Machine","|-resisted|p1a: Washing Machine","|-damage|p1a: Washing Machine|0 fnt","|faint|p1a: Washing Machine","|","|-damage|p2a: Plugg-in Failure|160/291 brn|[from] brn","|","|switch|p1a: Static Popeye|Electivire, F, shiny|291/291","|turn|13","|","|move|p2a: Plugg-in Failure|Ice Punch|p1a: Static Popeye","|-damage|p1a: Static Popeye|213/291","|move|p1a: Static Popeye|Cross Chop|p2a: Plugg-in Failure|[miss]","|-miss|p1a: Static Popeye|p2a: Plugg-in Failure","|","|-damage|p2a: Plugg-in Failure|124/291 brn|[from] brn","|turn|14","|","|switch|p1a: Sputnik|Magnezone|282/282","|move|p2a: Plugg-in Failure|Ice Punch|p1a: Sputnik","|-resisted|p1a: Sputnik","|-damage|p1a: Sputnik|260/282","|","|-damage|p2a: Plugg-in Failure|88/291 brn|[from] brn","|turn|15","|","|switch|p2a: Zapz|Zapdos, shiny|384/384","|-ability|p2a: Zapz|Pressure","|move|p1a: Sputnik|Flash Cannon|p2a: Zapz","|-resisted|p2a: Zapz","|-damage|p2a: Zapz|308/384","|-unboost|p2a: Zapz|spd|1","|","|-heal|p2a: Zapz|332/384|[from] item: Leftovers","|turn|16","|","|switch|p1a: Trans-Ampharos|Ampharos, F|383/383","|move|p2a: Zapz|Extrasensory|p1a: Trans-Ampharos","|-damage|p1a: Trans-Ampharos|303/383","|","|-heal|p2a: Zapz|356/384|[from] item: Leftovers","|turn|17","|","|switch|p2a: Water-Safe|Rotom-Wash, shiny|49/303 brn","|detailschange|p1a: Trans-Ampharos|Ampharos-Mega, F","|-mega|p1a: Trans-Ampharos|Ampharos|Ampharosite","|-ability|p1a: Trans-Ampharos|Mold Breaker","|move|p1a: Trans-Ampharos|Dragon Pulse|p2a: Water-Safe","|-damage|p2a: Water-Safe|0 fnt","|faint|p2a: Water-Safe","|","|","|switch|p2a: Plugg-in Failure|Electivire, M, shiny|88/291 brn","|turn|18","|","|switch|p1a: Sputnik|Magnezone|260/282","|move|p2a: Plugg-in Failure|Earthquake|p1a: Sputnik","|-supereffective|p1a: Sputnik","|-damage|p1a: Sputnik|22/282","|","|-damage|p2a: Plugg-in Failure|52/291 brn|[from] brn","|turn|19","|","|switch|p2a: Zapz|Zapdos, shiny|356/384","|-ability|p2a: Zapz|Pressure","|switch|p1a: Shoes in Spanish|Zapdos, shiny|384/384","|-ability|p1a: Shoes in Spanish|Pressure","|","|-heal|p2a: Zapz|380/384|[from] item: Leftovers","|turn|20","|","|move|p2a: Zapz|Extrasensory|p1a: Shoes in Spanish","|-damage|p1a: Shoes in Spanish|300/384","|move|p1a: Shoes in Spanish|Toxic|p2a: Zapz","|-status|p2a: Zapz|tox","|","|-heal|p2a: Zapz|384/384 tox|[from] item: Leftovers","|-heal|p1a: Shoes in Spanish|324/384|[from] item: Leftovers","|-damage|p2a: Zapz|360/384 tox|[from] psn","|turn|21","|","|switch|p1a: Sputnik|Magnezone|22/282","|move|p2a: Zapz|Heat Wave|p1a: Sputnik","|-supereffective|p1a: Sputnik","|-damage|p1a: Sputnik|0 fnt","|faint|p1a: Sputnik","|","|-heal|p2a: Zapz|384/384 tox|[from] item: Leftovers","|-damage|p2a: Zapz|336/384 tox|[from] psn","|","|switch|p1a: Zeus|Thundurus, M, shiny|325/325","|turn|22","|","|move|p1a: Zeus|Knock Off|p2a: Zapz","|-damage|p2a: Zapz|211/384 tox","|-enditem|p2a: Zapz|Leftovers|[from] move: Knock Off|[of] p1a: Zeus","|-damage|p1a: Zeus|293/325|[from] item: Life Orb","|move|p2a: Zapz|Heat Wave|p1a: Zeus","|-damage|p1a: Zeus|143/325","|","|-damage|p2a: Zapz|139/384 tox|[from] psn","|turn|23","|","|switch|p1a: Trans-Ampharos|Ampharos-Mega, F|303/383","|-ability|p1a: Trans-Ampharos|Mold Breaker","|move|p2a: Zapz|Roost|p2a: Zapz","|-heal|p2a: Zapz|331/384 tox","|","|-damage|p2a: Zapz|235/384 tox|[from] psn","|turn|24","|","|move|p2a: Zapz|Heat Wave|p1a: Trans-Ampharos","|-resisted|p1a: Trans-Ampharos","|-damage|p1a: Trans-Ampharos|259/383","|move|p1a: Trans-Ampharos|Dragon Pulse|p2a: Zapz","|-damage|p2a: Zapz|64/384 tox","|","|-damage|p2a: Zapz|0 fnt|[from] psn","|faint|p2a: Zapz","|","|switch|p2a: Plugg-in Failure|Electivire, M, shiny|52/291 brn","|turn|25","|","|switch|p1a: Zeus|Thundurus, M, shiny|143/325","|move|p2a: Plugg-in Failure|Ice Punch|p1a: Zeus","|-crit|p1a: Zeus","|-supereffective|p1a: Zeus","|-damage|p1a: Zeus|0 fnt","|faint|p1a: Zeus","|","|-damage|p2a: Plugg-in Failure|16/291 brn|[from] brn","|","|switch|p1a: Static Popeye|Electivire, F, shiny|213/291","|turn|26","|","|switch|p2a: Lightning|Raichu, M, shiny|262/262","|move|p1a: Static Popeye|Earthquake|p2a: Lightning","|-supereffective|p2a: Lightning","|-damage|p2a: Lightning|0 fnt","|faint|p2a: Lightning","|","|","|switch|p2a: MY ZONE!!!|Magnezone, shiny|343/343","|turn|27","|","|move|p1a: Static Popeye|Earthquake|p2a: MY ZONE!!!","|-supereffective|p2a: MY ZONE!!!","|-ability|p2a: MY ZONE!!!|Sturdy","|-damage|p2a: MY ZONE!!!|1/343","|move|p2a: MY ZONE!!!|Hidden Power|p1a: Static Popeye","|-damage|p1a: Static Popeye|73/291","|","|turn|28","|","|move|p1a: Static Popeye|Earthquake|p2a: MY ZONE!!!","|-supereffective|p2a: MY ZONE!!!","|-damage|p2a: MY ZONE!!!|0 fnt","|faint|p2a: MY ZONE!!!","|","|","|switch|p2a: Plugg-in Failure|Electivire, M, shiny|16/291 brn","|turn|29","|","|switch|p1a: Trans-Ampharos|Ampharos-Mega, F|259/383","|-ability|p1a: Trans-Ampharos|Mold Breaker","|move|p2a: Plugg-in Failure|Ice Punch|p1a: Trans-Ampharos","|-supereffective|p1a: Trans-Ampharos","|-damage|p1a: Trans-Ampharos|178/383","|","|-damage|p2a: Plugg-in Failure|0 fnt|[from] brn","|faint|p2a: Plugg-in Failure","|","|win|Desolate Nightmare"],"p1rating":{"entryid":"6455140","serverid":"eos","formatid":"monotype","userid":"desolatenightmare","username":"Desolate Nightmare","w":18,"l":"26","t":"0","gxe":40.8,"r":"1431.1440766025","rd":"59.970784680814","sigma":"0","rptime":"1439370000","rpr":1429.1007582895,"rprd":57.042810341183,"rpsigma":"0","acre":1097.9105242573,"lacre":1097.9105242573,"oldacre":"1066.8451463351"},"p2rating":{"entryid":"6857825","serverid":"eos","formatid":"monotype","userid":"gtxbzumzum","username":"GTX♅Bzumzum","w":"33","l":115,"t":"0","gxe":22.8,"r":"1260.5936387129","rd":"34.080063403311","sigma":"0","rptime":"1439370000","rpr":1269.8630959831,"rprd":33.446800383619,"rpsigma":"0","acre":1056.7849261873,"lacre":1056.7849261873,"oldacre":"1079.5104420254"},"endType":"normal"}