{"seed":[10082,13157,34624,3476],"turns":27,"p1":"WitchOfCaldia","p2":"SWL HB","p1team":[{"name":"Froslass","species":"Froslass","item":"focussash","ability":"Cursed Body","moves":["icepunch","shadowball","destinybond","icebeam"],"nature":"Timid","evs":{"hp":0,"atk":0,"def":4,"spa":252,"spd":0,"spe":252},"ivs":{"hp":31,"atk":31,"def":31,"spa":31,"spd":31,"spe":31}},{"name":"Weavile","species":"Weavile","item":"lifeorb","ability":"Pressure","moves":["blizzard","knockoff","nightslash","shadowball"],"nature":"Jolly","evs":{"hp":0,"atk":252,"def":0,"spa":0,"spd":4,"spe":252},"ivs":{"hp":31,"atk":31,"def":31,"spa":31,"spd":31,"spe":31}},{"name":"Lapras","species":"Lapras","item":"assaultvest","ability":"Water Absorb","moves":["hydropump","freezedry","thunderbolt","iceshard"],"nature":"Mild","evs":{"hp":248,"atk":8,"def":0,"spa":252,"spd":0,"spe":0},"gender":"F","shiny":true,"ivs":{"hp":31,"atk":31,"def":31,"spa":31,"spd":31,"spe":31}},{"name":"Cloyster","species":"Cloyster","item":"focussash","ability":"Skill Link","moves":["shellsmash","iciclespear","rockblast","razorshell"],"nature":"Adamant","evs":{"hp":0,"atk":252,"def":0,"spa":0,"spd":4,"spe":252},"ivs":{"hp":31,"atk":31,"def":31,"spa":31,"spd":31,"spe":31}},{"name":"Abomasnow","species":"Abomasnow","item":"abomasite","ability":"Soundproof","moves":["blizzard","woodhammer","iceshard","earthquake"],"nature":"Mild","evs":{"hp":8,"atk":68,"def":0,"spa":252,"spd":0,"spe":180},"ivs":{"hp":31,"atk":31,"def":31,"spa":31,"spd":31,"spe":31}},{"name":"Mamoswine","species":"Mamoswine","item":"lifeorb","ability":"Thick Fat","moves":["iceshard","earthquake","iciclecrash","freezedry"],"nature":"Naive","evs":{"hp":0,"atk":244,"def":0,"spa":12,"spd":0,"spe":252},"ivs":{"hp":31,"atk":31,"def":31,"spa":31,"spd":31,"spe":31}}],"p2team":[{"name":"Solrock","species":"Solrock","item":"leftovers","ability":"Levitate","moves":["morningsun","willowisp","zenheadbutt","lightscreen"],"nature":"","evs":{"hp":0,"atk":0,"def":0,"spa":0,"spd":0,"spe":0},"ivs":{"hp":31,"atk":31,"def":31,"spa":31,"spd":31,"spe":31}},{"name":"Aggron","species":"Aggron","item":"aggronite","ability":"Sturdy","moves":["heavyslam","rest","sleeptalk","dragontail"],"nature":"Impish","evs":{"hp":252,"atk":16,"def":0,"spa":0,"spd":240,"spe":0},"ivs":{"hp":31,"atk":31,"def":31,"spa":31,"spd":31,"spe":31}},{"name":"Cradily","species":"Cradily","item":"leftovers","ability":"Storm Drain","moves":["barrier","gigadrain","earthpower","recover"],"nature":"Calm","evs":{"hp":220,"atk":0,"def":0,"spa":4,"spd":252,"spe":32},"ivs":{"hp":31,"atk":31,"def":31,"spa":31,"spd":31,"spe":31}},{"name":"Magcargo","species":"Magcargo","item":"leftovers","ability":"Flame Body","moves":["stealthrock","willowisp","lavaplume","toxic"],"nature":"Bold","evs":{"hp":248,"atk":0,"def":252,"spa":0,"spd":8,"spe":0},"ivs":{"hp":31,"atk":31,"def":31,"spa":31,"spd":31,"spe":31}},{"name":"Crustle","species":"Crustle","item":"chestoberry","ability":"Sturdy","moves":["earthquake","knockoff","stoneedge","rest"],"nature":"Adamant","evs":{"hp":248,"atk":252,"def":0,"spa":0,"spd":8,"spe":0},"ivs":{"hp":31,"atk":31,"def":31,"spa":31,"spd":31,"spe":31}},{"name":"Carracosta","species":"Carracosta","item":"weaknesspolicy","ability":"Sturdy","moves":["shellsmash","hydropump","aquajet","stoneedge"],"nature":"Naive","evs":{"hp":0,"atk":252,"def":0,"spa":20,"spd":0,"spe":236},"ivs":{"hp":31,"atk":31,"def":31,"spa":31,"spd":31,"spe":31}}],"log":["|player|p1|WitchOfCaldia|260","|player|p2|SWL HB|swlhb.gif","|gametype|singles","|gen|6","|tier|Monotype","|rated","|rule|Baton Pass Clause: Limit one Baton Passer, can't pass Spe and other stats simultaneously","|rule|Swagger Clause: Swagger is banned","|rule|Same Type Clause: Pokémon in a team must share a type","|clearpoke","|poke|p1|Froslass, F","|poke|p1|Weavile, M","|poke|p1|Lapras, F, shiny","|poke|p1|Cloyster, F","|poke|p1|Abomasnow, F","|poke|p1|Mamoswine, F","|poke|p2|Solrock","|poke|p2|Aggron, F","|poke|p2|Cradily, M","|poke|p2|Magcargo, M","|poke|p2|Crustle, M","|poke|p2|Carracosta, F","|rule|Sleep Clause Mod: Limit one foe put to sleep","|rule|Species Clause: Limit one of each Pokémon","|rule|OHKO Clause: OHKO moves are banned","|rule|Moody Clause: Moody is banned","|rule|Evasion Moves Clause: Evasion moves are banned","|rule|Endless Battle Clause: Forcing endless battles is banned","|rule|HP Percentage Mod: HP is shown in percentages","|teampreview","|","|start","|switch|p1a: Cloyster|Cloyster, F|241/241","|switch|p2a: Magcargo|Magcargo, M|303/303","|turn|1","|","|move|p1a: Cloyster|Shell Smash|p1a: Cloyster","|-unboost|p1a: Cloyster|def|1","|-unboost|p1a: Cloyster|spd|1","|-boost|p1a: Cloyster|atk|2","|-boost|p1a: Cloyster|spa|2","|-boost|p1a: Cloyster|spe|2","|move|p2a: Magcargo|Will-O-Wisp|p1a: Cloyster|[miss]","|-miss|p2a: Magcargo|p1a: Cloyster","|","|turn|2","|","|move|p1a: Cloyster|Razor Shell|p2a: Magcargo","|-supereffective|p2a: Magcargo","|-damage|p2a: Magcargo|0 fnt","|faint|p2a: Magcargo","|","|","|switch|p2a: Carracosta|Carracosta, F|289/289","|turn|3","|","|move|p1a: Cloyster|Rock Blast|p2a: Carracosta","|-damage|p2a: Carracosta|245/289","|-damage|p2a: Carracosta|202/289","|-damage|p2a: Carracosta|157/289","|-damage|p2a: Carracosta|117/289","|-damage|p2a: Carracosta|74/289","|-hitcount|p2a: Carracosta|5","|move|p2a: Carracosta|Stone Edge|p1a: Cloyster","|-crit|p1a: Cloyster","|-supereffective|p1a: Cloyster","|-enditem|p1a: Cloyster|Focus Sash","|-damage|p1a: Cloyster|1/241","|","|turn|4","|","|move|p2a: Carracosta|Aqua Jet|p1a: Cloyster","|-resisted|p1a: Cloyster","|-damage|p1a: Cloyster|0 fnt","|faint|p1a: Cloyster","|","|","|switch|p1a: Weavile|Weavile, M|281/281","|-ability|p1a: Weavile|Pressure","|turn|5","|","|move|p2a: Carracosta|Aqua Jet|p1a: Weavile","|-damage|p1a: Weavile|188/281","|move|p1a: Weavile|Knock Off|p2a: Carracosta","|-damage|p2a: Carracosta|0 fnt","|-enditem|p2a: Carracosta|Weakness Policy|[from] move: Knock Off|[of] p1a: Weavile","|-damage|p1a: Weavile|160/281|[from] item: Life Orb","|faint|p2a: Carracosta","|","|","|switch|p2a: Aggron|Aggron, F|344/344","|turn|6","|","|detailschange|p2a: Aggron|Aggron-Mega, F","|-mega|p2a: Aggron|Aggron|Aggronite","|move|p1a: Weavile|Knock Off|p2a: Aggron","|-damage|p2a: Aggron|286/344","|-damage|p1a: Weavile|132/281|[from] item: Life Orb","|move|p2a: Aggron|Heavy Slam|p1a: Weavile","|-supereffective|p1a: Weavile","|-damage|p1a: Weavile|0 fnt","|faint|p1a: Weavile","|","|","|switch|p1a: Lapras|Lapras, F, shiny|463/463","|turn|7","|","|switch|p2a: Cradily|Cradily, M|368/368","|move|p1a: Lapras|Hydro Pump|p2a: Cradily","|-boost|p2a: Cradily|spa|1|[from] ability: Storm Drain","|","|turn|8","|","|move|p1a: Lapras|Freeze-Dry|p2a: Cradily","|-supereffective|p2a: Cradily","|-damage|p2a: Cradily|236/368","|move|p2a: Cradily|Barrier|p2a: Cradily","|-boost|p2a: Cradily|def|2","|","|-heal|p2a: Cradily|259/368|[from] item: Leftovers","|turn|9","|","|move|p1a: Lapras|Freeze-Dry|p2a: Cradily","|-supereffective|p2a: Cradily","|-damage|p2a: Cradily|119/368","|-status|p2a: Cradily|frz","|cant|p2a: Cradily|frz","|","|-heal|p2a: Cradily|142/368 frz|[from] item: Leftovers","|turn|10","|","|move|p1a: Lapras|Freeze-Dry|p2a: Cradily","|-supereffective|p2a: Cradily","|-damage|p2a: Cradily|2/368 frz","|cant|p2a: Cradily|frz","|","|-heal|p2a: Cradily|25/368 frz|[from] item: Leftovers","|turn|11","|","|move|p1a: Lapras|Ice Shard|p2a: Cradily","|-supereffective|p2a: Cradily","|-damage|p2a: Cradily|0 fnt","|faint|p2a: Cradily","|","|","|switch|p2a: Crustle|Crustle, M|343/343","|turn|12","|","|move|p1a: Lapras|Hydro Pump|p2a: Crustle","|-supereffective|p2a: Crustle","|-ability|p2a: Crustle|Sturdy","|-damage|p2a: Crustle|1/343","|move|p2a: Crustle|Stone Edge|p1a: Lapras","|-crit|p1a: Lapras","|-supereffective|p1a: Lapras","|-damage|p1a: Lapras|0 fnt","|faint|p1a: Lapras","|","|","|switch|p1a: Abomasnow|Abomasnow, F|323/323","|turn|13","|","|detailschange|p1a: Abomasnow|Abomasnow-Mega, F","|-mega|p1a: Abomasnow|Abomasnow|Abomasite","|-weather|Hail","|move|p1a: Abomasnow|Ice Shard|p2a: Crustle","|-damage|p2a: Crustle|0 fnt","|faint|p2a: Crustle","|","|-weather|Hail|[upkeep]","|","|switch|p2a: Aggron|Aggron-Mega, F|286/344","|turn|14","|","|move|p1a: Abomasnow|Earthquake|p2a: Aggron","|-supereffective|p2a: Aggron","|-damage|p2a: Aggron|222/344","|move|p2a: Aggron|Heavy Slam|p1a: Abomasnow","|-supereffective|p1a: Abomasnow","|-damage|p1a: Abomasnow|123/323","|","|-weather|Hail|[upkeep]","|-damage|p2a: Aggron|201/344|[from] hail","|turn|15","|","|move|p1a: Abomasnow|Blizzard|p2a: Aggron","|-resisted|p2a: Aggron","|-damage|p2a: Aggron|108/344","|move|p2a: Aggron|Heavy Slam|p1a: Abomasnow","|-supereffective|p1a: Abomasnow","|-damage|p1a: Abomasnow|0 fnt","|faint|p1a: Abomasnow","|","|-weather|Hail|[upkeep]","|-damage|p2a: Aggron|87/344|[from] hail","|","|switch|p1a: Mamoswine|Mamoswine, F|361/361","|turn|16","|","|switch|p2a: Solrock|Solrock|281/281","|move|p1a: Mamoswine|Icicle Crash|p2a: Solrock","|-damage|p2a: Solrock|67/281","|-damage|p1a: Mamoswine|325/361|[from] item: Life Orb","|","|-weather|Hail|[upkeep]","|-damage|p2a: Solrock|50/281|[from] hail","|-heal|p2a: Solrock|67/281|[from] item: Leftovers","|turn|17","|","|move|p1a: Mamoswine|Icicle Crash|p2a: Solrock","|-damage|p2a: Solrock|0 fnt","|-damage|p1a: Mamoswine|289/361|[from] item: Life Orb","|faint|p2a: Solrock","|","|-weather|none","|","|switch|p2a: Aggron|Aggron-Mega, F|87/344","|turn|18","|","|move|p1a: Mamoswine|Icicle Crash|p2a: Aggron","|-crit|p2a: Aggron","|-resisted|p2a: Aggron","|-damage|p2a: Aggron|19/344","|-damage|p1a: Mamoswine|253/361|[from] item: Life Orb","|move|p2a: Aggron|Rest|p2a: Aggron","|-status|p2a: Aggron|slp","|-heal|p2a: Aggron|344/344 slp|[silent]","|-status|p2a: Aggron|slp|[from] move: Rest","|","|turn|19","|","|move|p1a: Mamoswine|Earthquake|p2a: Aggron","|-supereffective|p2a: Aggron","|-damage|p2a: Aggron|202/344 slp","|-damage|p1a: Mamoswine|217/361|[from] item: Life Orb","|cant|p2a: Aggron|slp","|move|p2a: Aggron|Sleep Talk|p2a: Aggron","|move|p2a: Aggron|Dragon Tail|p1a: Mamoswine|[from]Sleep Talk","|-damage|p1a: Mamoswine|136/361","|drag|p1a: Froslass|Froslass, F|281/281","|","|turn|20","|","|move|p1a: Froslass|Ice Beam|p2a: Aggron","|-resisted|p2a: Aggron","|-damage|p2a: Aggron|151/344 slp","|cant|p2a: Aggron|slp","|move|p2a: Aggron|Sleep Talk|p2a: Aggron","|move|p2a: Aggron|Heavy Slam|p1a: Froslass|[from]Sleep Talk","|-supereffective|p1a: Froslass","|-enditem|p1a: Froslass|Focus Sash","|-damage|p1a: Froslass|1/281","|","|turn|21","|","|move|p1a: Froslass|Destiny Bond|p1a: Froslass","|-singlemove|p1a: Froslass|Destiny Bond","|-curestatus|p2a: Aggron|slp","|move|p2a: Aggron|Rest|p2a: Aggron","|-status|p2a: Aggron|slp","|-heal|p2a: Aggron|344/344 slp|[silent]","|-status|p2a: Aggron|slp|[from] move: Rest","|","|turn|22","|","|move|p1a: Froslass|Destiny Bond|p1a: Froslass","|-singlemove|p1a: Froslass|Destiny Bond","|cant|p2a: Aggron|slp","|move|p2a: Aggron|Sleep Talk|p2a: Aggron","|move|p2a: Aggron|Rest|p2a: Aggron|[from]Sleep Talk","|-fail|p2a: Aggron","|","|turn|23","|","|move|p1a: Froslass|Ice Beam|p2a: Aggron","|-resisted|p2a: Aggron","|-damage|p2a: Aggron|294/344 slp","|cant|p2a: Aggron|slp","|","|turn|24","|","|move|p1a: Froslass|Shadow Ball|p2a: Aggron","|-damage|p2a: Aggron|206/344 slp","|-unboost|p2a: Aggron|spd|1","|-curestatus|p2a: Aggron|slp","|move|p2a: Aggron|Rest|p2a: Aggron","|-status|p2a: Aggron|slp","|-heal|p2a: Aggron|344/344 slp|[silent]","|-status|p2a: Aggron|slp|[from] move: Rest","|","|turn|25","|","|move|p1a: Froslass|Shadow Ball|p2a: Aggron","|-damage|p2a: Aggron|194/344 slp","|cant|p2a: Aggron|slp","|move|p2a: Aggron|Sleep Talk|p2a: Aggron","|move|p2a: Aggron|Rest|p2a: Aggron|[from]Sleep Talk","|-fail|p2a: Aggron","|","|turn|26","|","|move|p1a: Froslass|Shadow Ball|p2a: Aggron","|-damage|p2a: Aggron|56/344 slp","|cant|p2a: Aggron|slp","|move|p2a: Aggron|Sleep Talk|p2a: Aggron","|move|p2a: Aggron|Rest|p2a: Aggron|[from]Sleep Talk","|-fail|p2a: Aggron","|","|turn|27","|","|move|p1a: Froslass|Shadow Ball|p2a: Aggron","|-damage|p2a: Aggron|0 fnt","|faint|p2a: Aggron","|","|win|WitchOfCaldia"],"p1rating":{"entryid":"7188337","serverid":"eos","formatid":"monotype","userid":"witchofcaldia","username":"WitchofCaldia","w":34,"l":"60","t":"0","gxe":37.1,"r":1395.162940524,"rd":40.324409519714,"sigma":"0","rptime":1439370000,"rpr":1399.7783618158,"rprd":40.068372490911,"rpsigma":"0","acre":1090.7314744332,"lacre":1090.7314744332,"oldacre":"1052.8605705375"},"p2rating":{"entryid":"6872578","serverid":"eos","formatid":"monotype","userid":"swlhb","username":"SWL HB","w":"9","l":16,"t":"0","gxe":37.8,"r":"1403.5393975782","rd":"70.526467285586","sigma":"0","rptime":"1439370000","rpr":1404.3317320572,"rprd":68.002229807688,"rpsigma":"0","acre":1086.871471038,"lacre":1086.871471038,"oldacre":"1116.3926934457"},"endType":"normal"}