{"seed":[48682,63631,3124,20738],"turns":34,"p1":"SWL HB","p2":"ZodiacDeadlyshotz","p1team":[{"name":"Solrock","species":"Solrock","item":"leftovers","ability":"Levitate","moves":["morningsun","willowisp","zenheadbutt","lightscreen"],"nature":"","evs":{"hp":0,"atk":0,"def":0,"spa":0,"spd":0,"spe":0},"ivs":{"hp":31,"atk":31,"def":31,"spa":31,"spd":31,"spe":31}},{"name":"Aggron","species":"Aggron","item":"aggronite","ability":"Sturdy","moves":["heavyslam","rest","sleeptalk","dragontail"],"nature":"Impish","evs":{"hp":252,"atk":16,"def":0,"spa":0,"spd":240,"spe":0},"ivs":{"hp":31,"atk":31,"def":31,"spa":31,"spd":31,"spe":31}},{"name":"Cradily","species":"Cradily","item":"leftovers","ability":"Storm Drain","moves":["barrier","gigadrain","earthpower","recover"],"nature":"Calm","evs":{"hp":220,"atk":0,"def":0,"spa":4,"spd":252,"spe":32},"ivs":{"hp":31,"atk":31,"def":31,"spa":31,"spd":31,"spe":31}},{"name":"Magcargo","species":"Magcargo","item":"leftovers","ability":"Flame Body","moves":["stealthrock","willowisp","lavaplume","toxic"],"nature":"Bold","evs":{"hp":248,"atk":0,"def":252,"spa":0,"spd":8,"spe":0},"ivs":{"hp":31,"atk":31,"def":31,"spa":31,"spd":31,"spe":31}},{"name":"Crustle","species":"Crustle","item":"chestoberry","ability":"Sturdy","moves":["earthquake","knockoff","stoneedge","rest"],"nature":"Adamant","evs":{"hp":248,"atk":252,"def":0,"spa":0,"spd":8,"spe":0},"ivs":{"hp":31,"atk":31,"def":31,"spa":31,"spd":31,"spe":31}},{"name":"Carracosta","species":"Carracosta","item":"weaknesspolicy","ability":"Sturdy","moves":["shellsmash","hydropump","aquajet","stoneedge"],"nature":"Naive","evs":{"hp":0,"atk":252,"def":0,"spa":20,"spd":0,"spe":236},"ivs":{"hp":31,"atk":31,"def":31,"spa":31,"spd":31,"spe":31}}],"p2team":[{"name":"Latios","species":"Latios","item":"latiosite","ability":"Levitate","moves":["dracometeor","psyshock","roost","surf"],"nature":"Modest","evs":{"hp":248,"atk":0,"def":0,"spa":252,"spd":8,"spe":0},"ivs":{"hp":31,"atk":31,"def":31,"spa":31,"spd":31,"spe":31}},{"name":"Zygarde","species":"Zygarde","item":"cheriberry","ability":"Aura Break","moves":["brickbreak","dracometeor","dragontail","extremespeed"],"nature":"Naughty","evs":{"hp":248,"atk":252,"def":0,"spa":8,"spd":0,"spe":0},"ivs":{"hp":31,"atk":31,"def":31,"spa":31,"spd":31,"spe":31}},{"name":"Altaria","species":"Altaria","item":"fistplate","ability":"Natural Cure","moves":["dracometeor","fireblast","bodyslam","substitute"],"nature":"Gentle","evs":{"hp":248,"atk":8,"def":0,"spa":0,"spd":252,"spe":0},"ivs":{"hp":31,"atk":31,"def":31,"spa":31,"spd":31,"spe":31}},{"name":"Garchomp","species":"Garchomp","item":"blackglasses","ability":"Rough Skin","moves":["crunch","poisonjab","shadowclaw","aquatail"],"nature":"Jolly","evs":{"hp":0,"atk":252,"def":0,"spa":0,"spd":4,"spe":252},"ivs":{"hp":31,"atk":31,"def":31,"spa":31,"spd":31,"spe":31}},{"name":"Haxorus","species":"Haxorus","item":"blackglasses","ability":"Unnerve","moves":["focusblast","dragonpulse","superpower","poisonjab"],"nature":"Naive","evs":{"hp":0,"atk":252,"def":0,"spa":36,"spd":0,"spe":220},"ivs":{"hp":31,"atk":31,"def":31,"spa":31,"spd":31,"spe":31}},{"name":"Kingdra","species":"Kingdra","item":"mysticwater","ability":"Damp","moves":["waterfall","dracometeor","blizzard","clearsmog"],"nature":"Mild","evs":{"hp":248,"atk":8,"def":0,"spa":252,"spd":0,"spe":0},"ivs":{"hp":31,"atk":31,"def":31,"spa":31,"spd":31,"spe":31}}],"log":["|player|p1|SWL HB|swlhb.gif","|player|p2|ZodiacDeadlyshotz|89","|gametype|singles","|gen|6","|tier|Monotype","|rated","|rule|Baton Pass Clause: Limit one Baton Passer, can't pass Spe and other stats simultaneously","|rule|Swagger Clause: Swagger is banned","|rule|Same Type Clause: Pokémon in a team must share a type","|clearpoke","|poke|p1|Solrock","|poke|p1|Aggron, M","|poke|p1|Cradily, F","|poke|p1|Magcargo, F","|poke|p1|Crustle, F","|poke|p1|Carracosta, M","|poke|p2|Latios, M","|poke|p2|Zygarde","|poke|p2|Altaria, M","|poke|p2|Garchomp, F","|poke|p2|Haxorus, F","|poke|p2|Kingdra, F","|rule|Sleep Clause Mod: Limit one foe put to sleep","|rule|Species Clause: Limit one of each Pokémon","|rule|OHKO Clause: OHKO moves are banned","|rule|Moody Clause: Moody is banned","|rule|Evasion Moves Clause: Evasion moves are banned","|rule|Endless Battle Clause: Forcing endless battles is banned","|rule|HP Percentage Mod: HP is shown in percentages","|teampreview","|","|start","|switch|p1a: Solrock|Solrock|281/281","|switch|p2a: Zygarde|Zygarde|419/419","|-ability|p2a: Zygarde|Aura Break","|turn|1","|","|move|p2a: Zygarde|Draco Meteor|p1a: Solrock|[miss]","|-miss|p2a: Zygarde|p1a: Solrock","|move|p1a: Solrock|Will-O-Wisp|p2a: Zygarde","|-status|p2a: Zygarde|brn","|","|-damage|p2a: Zygarde|367/419 brn|[from] brn","|turn|2","|","|move|p2a: Zygarde|Draco Meteor|p1a: Solrock","|-damage|p1a: Solrock|92/281","|-unboost|p2a: Zygarde|spa|2","|move|p1a: Solrock|Light Screen|p1a: Solrock","|-sidestart|p1: SWL HB|move: Light Screen","|","|-heal|p1a: Solrock|109/281|[from] item: Leftovers","|-damage|p2a: Zygarde|315/419 brn|[from] brn","|turn|3","|","|move|p2a: Zygarde|Brick Break|p1a: Solrock","|-sideend|p1: SWL HB|move: Light Screen","|-damage|p1a: Solrock|63/281","|move|p1a: Solrock|Morning Sun|p1a: Solrock","|-heal|p1a: Solrock|203/281","|","|-heal|p1a: Solrock|220/281|[from] item: Leftovers","|-damage|p2a: Zygarde|263/419 brn|[from] brn","|turn|4","|","|switch|p1a: Magcargo|Magcargo, F|303/303","|move|p2a: Zygarde|Draco Meteor|p1a: Magcargo","|-damage|p1a: Magcargo|231/303","|-unboost|p2a: Zygarde|spa|2","|","|-heal|p1a: Magcargo|249/303|[from] item: Leftovers","|-damage|p2a: Zygarde|211/419 brn|[from] brn","|turn|5","|","|move|p2a: Zygarde|Brick Break|p1a: Magcargo","|-supereffective|p1a: Magcargo","|-damage|p1a: Magcargo|198/303","|move|p1a: Magcargo|Stealth Rock|p2a: Zygarde","|-sidestart|p2: ZodiacDeadlyshotz|move: Stealth Rock","|","|-heal|p1a: Magcargo|216/303|[from] item: Leftovers","|-damage|p2a: Zygarde|159/419 brn|[from] brn","|turn|6","|","|move|p1a: Magcargo|Lava Plume|p2a: Zygarde","|-resisted|p2a: Zygarde","|-damage|p2a: Zygarde|110/419 brn","|move|p2a: Zygarde|Dragon Tail|p1a: Magcargo","|-damage|p1a: Magcargo|185/303","|drag|p1a: Crustle|Crustle, F|343/343","|","|-damage|p2a: Zygarde|58/419 brn|[from] brn","|turn|7","|","|move|p2a: Zygarde|Draco Meteor|p1a: Crustle","|-damage|p1a: Crustle|292/343","|-unboost|p2a: Zygarde|spa|2","|move|p1a: Crustle|Earthquake|p2a: Zygarde","|-damage|p2a: Zygarde|0 fnt","|faint|p2a: Zygarde","|","|","|switch|p2a: Kingdra|Kingdra, F|353/353","|-damage|p2a: Kingdra|309/353|[from] Stealth Rock","|turn|8","|","|switch|p1a: Cradily|Cradily, F|368/368","|move|p2a: Kingdra|Waterfall|p1a: Cradily","|-boost|p1a: Cradily|spa|1|[from] ability: Storm Drain","|","|turn|9","|","|move|p2a: Kingdra|Blizzard|p1a: Cradily","|-miss|p2a: Kingdra|p1a: Cradily","|move|p1a: Cradily|Barrier|p1a: Cradily","|-boost|p1a: Cradily|def|2","|","|turn|10","|","|move|p2a: Kingdra|Blizzard|p1a: Cradily","|-crit|p1a: Cradily","|-supereffective|p1a: Cradily","|-damage|p1a: Cradily|138/368","|-status|p1a: Cradily|frz","|cant|p1a: Cradily|frz","|","|-heal|p1a: Cradily|161/368 frz|[from] item: Leftovers","|turn|11","|","|move|p2a: Kingdra|Draco Meteor|p1a: Cradily","|-damage|p1a: Cradily|14/368 frz","|-unboost|p2a: Kingdra|spa|2","|cant|p1a: Cradily|frz","|","|-heal|p1a: Cradily|37/368 frz|[from] item: Leftovers","|turn|12","|","|move|p2a: Kingdra|Waterfall|p1a: Cradily","|-boost|p1a: Cradily|spa|1|[from] ability: Storm Drain","|cant|p1a: Cradily|frz","|","|-heal|p1a: Cradily|60/368 frz|[from] item: Leftovers","|turn|13","|","|move|p2a: Kingdra|Draco Meteor|p1a: Cradily","|-damage|p1a: Cradily|0 fnt","|-unboost|p2a: Kingdra|spa|2","|faint|p1a: Cradily","|","|","|switch|p1a: Carracosta|Carracosta, M|289/289","|turn|14","|","|move|p2a: Kingdra|Draco Meteor|p1a: Carracosta","|-damage|p1a: Carracosta|172/289","|-unboost|p2a: Kingdra|spa|2","|move|p1a: Carracosta|Shell Smash|p1a: Carracosta","|-unboost|p1a: Carracosta|def|1","|-unboost|p1a: Carracosta|spd|1","|-boost|p1a: Carracosta|atk|2","|-boost|p1a: Carracosta|spa|2","|-boost|p1a: Carracosta|spe|2","|","|turn|15","|","|move|p1a: Carracosta|Stone Edge|p2a: Kingdra","|-damage|p2a: Kingdra|0 fnt","|faint|p2a: Kingdra","|","|","|switch|p2a: Haxorus|Haxorus, F|293/293","|-damage|p2a: Haxorus|257/293|[from] Stealth Rock","|-ability|p2a: Haxorus|Unnerve|p1: SWL HB","|turn|16","|","|move|p1a: Carracosta|Hydro Pump|p2a: Haxorus|[miss]","|-miss|p1a: Carracosta|p2a: Haxorus","|move|p2a: Haxorus|Superpower|p1a: Carracosta","|-supereffective|p1a: Carracosta","|-damage|p1a: Carracosta|0 fnt","|-unboost|p2a: Haxorus|atk|1","|-unboost|p2a: Haxorus|def|1","|faint|p1a: Carracosta","|","|","|switch|p1a: Crustle|Crustle, F|292/343","|turn|17","|","|move|p2a: Haxorus|Poison Jab|p1a: Crustle","|-resisted|p1a: Crustle","|-damage|p1a: Crustle|262/343","|move|p1a: Crustle|Knock Off|p2a: Haxorus","|-damage|p2a: Haxorus|89/293","|-enditem|p2a: Haxorus|Black Glasses|[from] move: Knock Off|[of] p1a: Crustle","|","|turn|18","|","|move|p2a: Haxorus|Focus Blast|p1a: Crustle","|-crit|p1a: Crustle","|-damage|p1a: Crustle|134/343","|move|p1a: Crustle|Stone Edge|p2a: Haxorus|[miss]","|-miss|p1a: Crustle|p2a: Haxorus","|","|turn|19","|","|move|p2a: Haxorus|Superpower|p1a: Crustle","|-damage|p1a: Crustle|40/343","|-unboost|p2a: Haxorus|atk|1","|-unboost|p2a: Haxorus|def|1","|move|p1a: Crustle|Rest|p1a: Crustle","|-status|p1a: Crustle|slp","|-heal|p1a: Crustle|343/343 slp|[silent]","|-status|p1a: Crustle|slp|[from] move: Rest","|","|turn|20","|","|switch|p1a: Magcargo|Magcargo, F|185/303","|move|p2a: Haxorus|Superpower|p1a: Magcargo","|-supereffective|p1a: Magcargo","|-damage|p1a: Magcargo|85/303","|-unboost|p2a: Haxorus|atk|1","|-unboost|p2a: Haxorus|def|1","|","|-heal|p1a: Magcargo|103/303|[from] item: Leftovers","|turn|21","|","|move|p2a: Haxorus|Superpower|p1a: Magcargo","|-supereffective|p1a: Magcargo","|-damage|p1a: Magcargo|27/303","|-unboost|p2a: Haxorus|atk|1","|-unboost|p2a: Haxorus|def|1","|move|p1a: Magcargo|Lava Plume|p2a: Haxorus","|-resisted|p2a: Haxorus","|-damage|p2a: Haxorus|29/293","|-status|p2a: Haxorus|brn","|","|-heal|p1a: Magcargo|45/303|[from] item: Leftovers","|-damage|p2a: Haxorus|0 fnt|[from] brn","|faint|p2a: Haxorus","|","|switch|p2a: Garchomp|Garchomp, F|357/357","|-damage|p2a: Garchomp|335/357|[from] Stealth Rock","|turn|22","|","|move|p2a: Garchomp|Shadow Claw|p1a: Magcargo","|-damage|p1a: Magcargo|0 fnt","|faint|p1a: Magcargo","|","|","|switch|p1a: Aggron|Aggron, M|344/344","|turn|23","|","|detailschange|p1a: Aggron|Aggron-Mega, M","|-mega|p1a: Aggron|Aggron|Aggronite","|move|p2a: Garchomp|Poison Jab|p1a: Aggron","|-immune|p1a: Aggron|[msg]","|move|p1a: Aggron|Dragon Tail|p2a: Garchomp","|-crit|p2a: Garchomp","|-supereffective|p2a: Garchomp","|-damage|p2a: Garchomp|151/357","|-damage|p1a: Aggron|301/344|[from] ability: Rough Skin|[of] p2a: Garchomp","|drag|p2a: Altaria|Altaria, M|353/353","|-damage|p2a: Altaria|265/353|[from] Stealth Rock","|","|turn|24","|","|move|p2a: Altaria|Draco Meteor|p1a: Aggron","|-resisted|p1a: Aggron","|-damage|p1a: Aggron|249/344","|-unboost|p2a: Altaria|spa|2","|move|p1a: Aggron|Heavy Slam|p2a: Altaria","|-damage|p2a: Altaria|46/353","|","|turn|25","|","|move|p2a: Altaria|Body Slam|p1a: Aggron","|-resisted|p1a: Aggron","|-damage|p1a: Aggron|239/344","|-status|p1a: Aggron|par","|move|p1a: Aggron|Heavy Slam|p2a: Altaria","|-crit|p2a: Altaria","|-damage|p2a: Altaria|0 fnt","|faint|p2a: Altaria","|","|","|switch|p2a: Garchomp|Garchomp, F|151/357","|-damage|p2a: Garchomp|129/357|[from] Stealth Rock","|turn|26","|","|move|p2a: Garchomp|Aqua Tail|p1a: Aggron","|-damage|p1a: Aggron|195/344 par","|move|p1a: Aggron|Dragon Tail|p2a: Garchomp","|-supereffective|p2a: Garchomp","|-damage|p2a: Garchomp|0 fnt","|-damage|p1a: Aggron|152/344 par|[from] ability: Rough Skin|[of] p2a: Garchomp","|faint|p2a: Garchomp","|","|","|switch|p2a: Latios|Latios, M|363/363","|-damage|p2a: Latios|318/363|[from] Stealth Rock","|turn|27","|","|detailschange|p2a: Latios|Latios-Mega, M","|-mega|p2a: Latios|Latios|Latiosite","|move|p2a: Latios|Surf|p1a: Aggron","|-damage|p1a: Aggron|15/344 par","|move|p1a: Aggron|Rest|p1a: Aggron","|-status|p1a: Aggron|slp","|-heal|p1a: Aggron|344/344 slp|[silent]","|-status|p1a: Aggron|slp|[from] move: Rest","|","|turn|28","|","|move|p2a: Latios|Psyshock|p1a: Aggron","|-resisted|p1a: Aggron","|-damage|p1a: Aggron|305/344 slp","|cant|p1a: Aggron|slp","|move|p1a: Aggron|Sleep Talk|p1a: Aggron","|move|p1a: Aggron|Dragon Tail|p2a: Latios|[from]Sleep Talk","|-supereffective|p2a: Latios","|-damage|p2a: Latios|184/363","|","|turn|29","|","|move|p2a: Latios|Roost|p2a: Latios","|-heal|p2a: Latios|363/363","|cant|p1a: Aggron|slp","|move|p1a: Aggron|Sleep Talk|p1a: Aggron","|move|p1a: Aggron|Dragon Tail|p2a: Latios|[from]Sleep Talk","|-supereffective|p2a: Latios","|-damage|p2a: Latios|237/363","|","|turn|30","|","|move|p2a: Latios|Surf|p1a: Aggron","|-damage|p1a: Aggron|188/344 slp","|-curestatus|p1a: Aggron|slp","|move|p1a: Aggron|Heavy Slam|p2a: Latios","|-damage|p2a: Latios|39/363","|","|turn|31","|","|move|p2a: Latios|Roost|p2a: Latios","|-heal|p2a: Latios|221/363","|move|p1a: Aggron|Heavy Slam|p2a: Latios","|-damage|p2a: Latios|17/363","|","|turn|32","|","|move|p2a: Latios|Roost|p2a: Latios","|-heal|p2a: Latios|199/363","|move|p1a: Aggron|Heavy Slam|p2a: Latios","|-damage|p2a: Latios|22/363","|","|turn|33","|","|move|p2a: Latios|Roost|p2a: Latios","|-heal|p2a: Latios|204/363","|move|p1a: Aggron|Heavy Slam|p2a: Latios","|-damage|p2a: Latios|6/363","|","|turn|34","|","|move|p2a: Latios|Roost|p2a: Latios","|-heal|p2a: Latios|188/363","|move|p1a: Aggron|Heavy Slam|p2a: Latios","|-damage|p2a: Latios|0 fnt","|faint|p2a: Latios","|","|win|SWL HB"],"p1rating":{"entryid":"6872578","serverid":"eos","formatid":"monotype","userid":"swlhb","username":"SWL HB","w":9,"l":"15","t":"0","gxe":39.5,"r":1403.5393975782,"rd":70.526467285586,"sigma":"0","rptime":1439370000,"rpr":1418.1608218859,"rprd":69.318278821659,"rpsigma":"0","acre":1116.3926934457,"lacre":1116.3926934457,"oldacre":"1098.055292835"},"p2rating":{"entryid":"7429333","serverid":"eos","formatid":"monotype","userid":"zodiacdeadlyshotz","username":"ZodiacDeadlyshotz","w":"0","l":3,"t":"0","gxe":34.5,"r":1410.1238231332,"rd":116.67572409243,"sigma":"0","rptime":1439370000,"rpr":1373.3905095516,"rprd":110.90395386585,"rpsigma":"0","acre":1000,"lacre":1000,"oldacre":"1000"},"endType":"normal"}