{"seed":[32335,55123,48810,41075],"turns":40,"p1":"Zukushiku","p2":"apex mehadns","p1team":[{"name":"Drifblim","species":"Drifblim","item":"weaknesspolicy","ability":"Unburden","moves":["stockpile","substitute","batonpass","tailwind"],"nature":"Timid","evs":{"hp":248,"atk":0,"def":0,"spa":0,"spd":8,"spe":252},"ivs":{"hp":31,"atk":0,"def":31,"spa":31,"spd":31,"spe":31},"shiny":true},{"name":"Gengar","species":"Gengar","item":"lifeorb","ability":"Levitate","moves":["shadowball","focusblast","substitute","painsplit"],"nature":"Timid","evs":{"hp":0,"atk":0,"def":0,"spa":252,"spd":4,"spe":252},"ivs":{"hp":31,"atk":0,"def":31,"spa":31,"spd":31,"spe":31}},{"name":"Sableye","species":"Sableye","item":"sablenite","ability":"Prankster","moves":["knockoff","willowisp","recover","foulplay"],"nature":"Careful","evs":{"hp":252,"atk":0,"def":112,"spa":0,"spd":144,"spe":0},"ivs":{"hp":31,"atk":31,"def":31,"spa":31,"spd":31,"spe":31}},{"name":"Chandelure","species":"Chandelure","item":"choicescarf","ability":"Flash Fire","moves":["fireblast","shadowball","energyball","hiddenpowerice"],"nature":"Timid","evs":{"hp":0,"atk":0,"def":0,"spa":252,"spd":4,"spe":252},"ivs":{"hp":31,"atk":0,"def":30,"spa":31,"spd":31,"spe":31},"shiny":true},{"name":"Jellicent","species":"Jellicent","item":"leftovers","ability":"Water Absorb","moves":["taunt","toxic","scald","recover"],"nature":"Calm","evs":{"hp":248,"atk":0,"def":0,"spa":0,"spd":44,"spe":216},"ivs":{"hp":31,"atk":31,"def":31,"spa":31,"spd":31,"spe":31}},{"name":"Hoopa","species":"Hoopa","item":"lifeorb","ability":"Magician","moves":["substitute","psychic","shadowball","drainpunch"],"nature":"Naive","evs":{"hp":0,"atk":84,"def":0,"spa":172,"spd":0,"spe":252},"ivs":{"hp":31,"atk":31,"def":31,"spa":31,"spd":31,"spe":31}}],"p2team":[{"name":"POOP SHELL","species":"slowbro","item":"rockyhelmet","ability":"Regenerator","moves":["calmmind","fireblast","scald","protect"],"nature":"Bold","evs":{"hp":252,"atk":0,"def":252,"spa":4,"spd":0,"spe":0},"ivs":{"hp":31,"atk":0,"def":31,"spa":31,"spd":31,"spe":31},"shiny":true},{"name":"FIZZY POP","species":"azumarill","item":"sitrusberry","ability":"Sap Sipper","moves":["bellydrum","playrough","aquajet","icepunch"],"nature":"","evs":{"hp":252,"atk":252,"def":0,"spa":1,"spd":3,"spe":0},"shiny":true,"ivs":{"hp":31,"atk":31,"def":31,"spa":31,"spd":31,"spe":31}},{"name":"GREEN COAT","species":"keldeo","item":"leftovers","ability":"Justified","moves":["secretsword","scald","calmmind","substitute"],"nature":"Timid","evs":{"hp":252,"atk":1,"def":1,"spa":1,"spd":1,"spe":252},"ivs":{"hp":31,"atk":30,"def":30,"spa":31,"spd":31,"spe":31}},{"name":"REDDRAGON-Mega","species":"gyarados","item":"gyaradosite","ability":"Intimidate","moves":["dragondance","earthquake","waterfall","icefang"],"nature":"Adamant","evs":{"hp":252,"atk":252,"def":0,"spa":0,"spd":0,"spe":4},"shiny":true,"ivs":{"hp":31,"atk":31,"def":31,"spa":31,"spd":31,"spe":31}},{"name":"PURPLE LATURN","species":"lanturn","item":"leftovers","ability":"Volt Absorb","moves":["discharge","scald","rest","sleeptalk"],"nature":"Calm","evs":{"hp":252,"atk":0,"def":0,"spa":0,"spd":252,"spe":4},"gender":"M","shiny":true,"ivs":{"hp":31,"atk":31,"def":31,"spa":31,"spd":31,"spe":31}},{"name":"RED HERAT","species":"manaphy","item":"chestoberry","ability":"Hydration","moves":["dazzlinggleam","rest","tailglow","energyball"],"nature":"Modest","evs":{"hp":248,"atk":0,"def":0,"spa":252,"spd":8,"spe":0},"shiny":true,"ivs":{"hp":31,"atk":31,"def":31,"spa":31,"spd":31,"spe":31}}],"log":["|player|p1|Zukushiku|zukushiku.png","|player|p2|apex mehadns|151","|gametype|singles","|gen|6","|tier|Monotype","|rated","|rule|Baton Pass Clause: Limit one Baton Passer, can't pass Spe and other stats simultaneously","|rule|Swagger Clause: Swagger is banned","|rule|Same Type Clause: Pokémon in a team must share a type","|clearpoke","|poke|p1|Drifblim, F, shiny","|poke|p1|Gengar, M","|poke|p1|Sableye, M","|poke|p1|Chandelure, F, shiny","|poke|p1|Jellicent, F","|poke|p1|Hoopa","|poke|p2|Slowbro, M, shiny","|poke|p2|Azumarill, F, shiny","|poke|p2|Keldeo","|poke|p2|Gyarados, F, shiny","|poke|p2|Lanturn, M, shiny","|poke|p2|Manaphy, shiny","|rule|Sleep Clause Mod: Limit one foe put to sleep","|rule|Species Clause: Limit one of each Pokémon","|rule|OHKO Clause: OHKO moves are banned","|rule|Moody Clause: Moody is banned","|rule|Evasion Moves Clause: Evasion moves are banned","|rule|Endless Battle Clause: Forcing endless battles is banned","|rule|HP Percentage Mod: HP is shown in percentages","|teampreview","|","|start","|switch|p1a: Drifblim|Drifblim, F, shiny|503/503","|switch|p2a: RED HERAT|Manaphy, shiny|403/403","|turn|1","|","|move|p1a: Drifblim|Stockpile|p1a: Drifblim","|-start|p1a: Drifblim|stockpile1","|-boost|p1a: Drifblim|def|1","|-boost|p1a: Drifblim|spd|1","|move|p2a: RED HERAT|Tail Glow|p2a: RED HERAT","|-boost|p2a: RED HERAT|spa|3","|","|turn|2","|","|move|p1a: Drifblim|Stockpile|p1a: Drifblim","|-start|p1a: Drifblim|stockpile2","|-boost|p1a: Drifblim|def|1","|-boost|p1a: Drifblim|spd|1","|move|p2a: RED HERAT|Dazzling Gleam|p1a: Drifblim","|-damage|p1a: Drifblim|319/503","|","|turn|3","|","|move|p1a: Drifblim|Stockpile|p1a: Drifblim","|-start|p1a: Drifblim|stockpile3","|-boost|p1a: Drifblim|def|1","|-boost|p1a: Drifblim|spd|1","|move|p2a: RED HERAT|Tail Glow|p2a: RED HERAT","|-boost|p2a: RED HERAT|spa|3","|","|turn|4","|","|move|p1a: Drifblim|Baton Pass|p1a: Drifblim","|","|switch|p1a: Jellicent|Jellicent, F|403/403","|move|p2a: RED HERAT|Dazzling Gleam|p1a: Jellicent","|-damage|p1a: Jellicent|280/403","|","|-heal|p1a: Jellicent|305/403|[from] item: Leftovers","|turn|5","|","|move|p2a: RED HERAT|Energy Ball|p1a: Jellicent","|-supereffective|p1a: Jellicent","|-damage|p1a: Jellicent|61/403","|move|p1a: Jellicent|Recover|p1a: Jellicent","|-heal|p1a: Jellicent|263/403","|","|-heal|p1a: Jellicent|288/403|[from] item: Leftovers","|turn|6","|","|switch|p1a: Chandelure|Chandelure, F, shiny|261/261","|move|p2a: RED HERAT|Dazzling Gleam|p1a: Chandelure","|-resisted|p1a: Chandelure","|-damage|p1a: Chandelure|82/261","|","|turn|7","|","|move|p1a: Chandelure|Energy Ball|p2a: RED HERAT","|-supereffective|p2a: RED HERAT","|-damage|p2a: RED HERAT|183/403","|move|p2a: RED HERAT|Dazzling Gleam|p1a: Chandelure","|-resisted|p1a: Chandelure","|-damage|p1a: Chandelure|0 fnt","|faint|p1a: Chandelure","|","|","|switch|p1a: Gengar|Gengar, M|261/261","|turn|8","|","|move|p1a: Gengar|Shadow Ball|p2a: RED HERAT","|-damage|p2a: RED HERAT|4/403","|-damage|p1a: Gengar|235/261|[from] item: Life Orb","|move|p2a: RED HERAT|Dazzling Gleam|p1a: Gengar","|-resisted|p1a: Gengar","|-damage|p1a: Gengar|30/261","|","|turn|9","|","|move|p1a: Gengar|Shadow Ball|p2a: RED HERAT","|-damage|p2a: RED HERAT|0 fnt","|-damage|p1a: Gengar|4/261|[from] item: Life Orb","|faint|p2a: RED HERAT","|","|","|switch|p2a: FIZZY POP|Azumarill, F, shiny|404/404","|turn|10","|","|switch|p1a: Jellicent|Jellicent, F|288/403","|move|p2a: FIZZY POP|Play Rough|p1a: Jellicent","|-damage|p1a: Jellicent|165/403","|","|-heal|p1a: Jellicent|190/403|[from] item: Leftovers","|turn|11","|","|move|p1a: Jellicent|Taunt|p2a: FIZZY POP","|-start|p2a: FIZZY POP|move: Taunt","|cant|p2a: FIZZY POP|move: Taunt|Belly Drum","|","|-heal|p1a: Jellicent|215/403|[from] item: Leftovers","|turn|12","|","|move|p1a: Jellicent|Recover|p1a: Jellicent","|-heal|p1a: Jellicent|403/403","|move|p2a: FIZZY POP|Ice Punch|p1a: Jellicent","|-resisted|p1a: Jellicent","|-damage|p1a: Jellicent|367/403","|","|-heal|p1a: Jellicent|392/403|[from] item: Leftovers","|turn|13","|","|move|p1a: Jellicent|Scald|p2a: FIZZY POP","|-resisted|p2a: FIZZY POP","|-damage|p2a: FIZZY POP|355/404","|move|p2a: FIZZY POP|Play Rough|p1a: Jellicent|[miss]","|-miss|p2a: FIZZY POP|p1a: Jellicent","|","|-heal|p1a: Jellicent|403/403|[from] item: Leftovers","|-end|p2a: FIZZY POP|move: Taunt","|turn|14","|","|move|p2a: FIZZY POP|Aqua Jet|p1a: Jellicent","|-immune|p1a: Jellicent|[msg]","|move|p1a: Jellicent|Taunt|p2a: FIZZY POP","|-start|p2a: FIZZY POP|move: Taunt","|","|turn|15","|","|switch|p2a: POOP SHELL|Slowbro, M, shiny|394/394","|move|p1a: Jellicent|Toxic|p2a: POOP SHELL","|-status|p2a: POOP SHELL|tox","|","|-damage|p2a: POOP SHELL|370/394 tox|[from] psn","|turn|16","|","|switch|p1a: Hoopa|Hoopa|301/301","|move|p2a: POOP SHELL|Fire Blast|p1a: Hoopa","|-damage|p1a: Hoopa|224/301","|-status|p1a: Hoopa|brn","|","|-damage|p1a: Hoopa|187/301 brn|[from] brn","|-damage|p2a: POOP SHELL|322/394 tox|[from] psn","|turn|17","|","|move|p1a: Hoopa|Shadow Ball|p2a: POOP SHELL","|-supereffective|p2a: POOP SHELL","|-damage|p2a: POOP SHELL|0 fnt","|-damage|p1a: Hoopa|157/301 brn|[from] item: Life Orb","|faint|p2a: POOP SHELL","|","|-damage|p1a: Hoopa|120/301 brn|[from] brn","|","|switch|p2a: GREEN COAT|Keldeo|386/386","|turn|18","|","|move|p2a: GREEN COAT|Calm Mind|p2a: GREEN COAT","|-boost|p2a: GREEN COAT|spa|1","|-boost|p2a: GREEN COAT|spd|1","|move|p1a: Hoopa|Psychic|p2a: GREEN COAT","|-supereffective|p2a: GREEN COAT","|-damage|p2a: GREEN COAT|56/386","|-damage|p1a: Hoopa|90/301 brn|[from] item: Life Orb","|","|-heal|p2a: GREEN COAT|80/386|[from] item: Leftovers","|-damage|p1a: Hoopa|53/301 brn|[from] brn","|turn|19","|","|switch|p1a: Jellicent|Jellicent, F|403/403","|move|p2a: GREEN COAT|Scald|p1a: Jellicent","|-immune|p1a: Jellicent|[msg]","|","|-heal|p2a: GREEN COAT|104/386|[from] item: Leftovers","|turn|20","|","|move|p2a: GREEN COAT|Substitute|p2a: GREEN COAT","|-start|p2a: GREEN COAT|Substitute","|-damage|p2a: GREEN COAT|8/386","|move|p1a: Jellicent|Taunt|p2a: GREEN COAT","|-start|p2a: GREEN COAT|move: Taunt","|","|-heal|p2a: GREEN COAT|32/386|[from] item: Leftovers","|turn|21","|","|switch|p2a: REDDRAGON-Mega|Gyarados, F, shiny|394/394","|-ability|p2a: REDDRAGON-Mega|Intimidate","|-unboost|p1a: Jellicent|atk|1","|move|p1a: Jellicent|Scald|p2a: REDDRAGON-Mega","|-resisted|p2a: REDDRAGON-Mega","|-damage|p2a: REDDRAGON-Mega|354/394","|","|turn|22","|","|switch|p1a: Sableye|Sableye, M|304/304","|move|p2a: REDDRAGON-Mega|Dragon Dance|p2a: REDDRAGON-Mega","|-boost|p2a: REDDRAGON-Mega|atk|1","|-boost|p2a: REDDRAGON-Mega|spe|1","|","|turn|23","|","|detailschange|p2a: REDDRAGON-Mega|Gyarados-Mega, F, shiny","|-mega|p2a: REDDRAGON-Mega|Gyarados|Gyaradosite","|-ability|p2a: REDDRAGON-Mega|Mold Breaker","|move|p1a: Sableye|Will-O-Wisp|p2a: REDDRAGON-Mega","|-status|p2a: REDDRAGON-Mega|brn","|move|p2a: REDDRAGON-Mega|Ice Fang|p1a: Sableye","|-damage|p1a: Sableye|226/304","|","|-damage|p2a: REDDRAGON-Mega|305/394 brn|[from] brn","|turn|24","|","|move|p2a: REDDRAGON-Mega|Waterfall|p1a: Sableye","|-damage|p1a: Sableye|72/304","|move|p1a: Sableye|Foul Play|p2a: REDDRAGON-Mega","|-resisted|p2a: REDDRAGON-Mega","|-damage|p2a: REDDRAGON-Mega|151/394 brn","|","|-damage|p2a: REDDRAGON-Mega|102/394 brn|[from] brn","|turn|25","|","|move|p1a: Sableye|Recover|p1a: Sableye","|-heal|p1a: Sableye|224/304","|move|p2a: REDDRAGON-Mega|Waterfall|p1a: Sableye","|-crit|p1a: Sableye","|-damage|p1a: Sableye|0 fnt","|faint|p1a: Sableye","|","|-damage|p2a: REDDRAGON-Mega|53/394 brn|[from] brn","|","|switch|p1a: Drifblim|Drifblim, F, shiny|319/503","|turn|26","|","|move|p2a: REDDRAGON-Mega|Waterfall|p1a: Drifblim","|-damage|p1a: Drifblim|59/503","|cant|p1a: Drifblim|flinch","|","|-damage|p2a: REDDRAGON-Mega|4/394 brn|[from] brn","|turn|27","|","|move|p2a: REDDRAGON-Mega|Waterfall|p1a: Drifblim","|-damage|p1a: Drifblim|0 fnt","|faint|p1a: Drifblim","|","|-damage|p2a: REDDRAGON-Mega|0 fnt|[from] brn","|faint|p2a: REDDRAGON-Mega","|","|switch|p2a: GREEN COAT|Keldeo|32/386","|switch|p1a: Jellicent|Jellicent, F|403/403","|turn|28","|","|move|p2a: GREEN COAT|Secret Sword|p1a: Jellicent","|-immune|p1a: Jellicent|[msg]","|move|p1a: Jellicent|Toxic|p2a: GREEN COAT|[miss]","|-miss|p1a: Jellicent|p2a: GREEN COAT","|","|-heal|p2a: GREEN COAT|56/386|[from] item: Leftovers","|turn|29","|","|move|p2a: GREEN COAT|Calm Mind|p2a: GREEN COAT","|-boost|p2a: GREEN COAT|spa|1","|-boost|p2a: GREEN COAT|spd|1","|move|p1a: Jellicent|Toxic|p2a: GREEN COAT","|-status|p2a: GREEN COAT|tox","|","|-heal|p2a: GREEN COAT|80/386 tox|[from] item: Leftovers","|-damage|p2a: GREEN COAT|56/386 tox|[from] psn","|turn|30","|","|move|p2a: GREEN COAT|Scald|p1a: Jellicent","|-immune|p1a: Jellicent|[msg]","|move|p1a: Jellicent|Toxic|p2a: GREEN COAT|[miss]","|-miss|p1a: Jellicent|p2a: GREEN COAT","|","|-heal|p2a: GREEN COAT|80/386 tox|[from] item: Leftovers","|-damage|p2a: GREEN COAT|32/386 tox|[from] psn","|turn|31","|","|move|p2a: GREEN COAT|Calm Mind|p2a: GREEN COAT","|-boost|p2a: GREEN COAT|spa|1","|-boost|p2a: GREEN COAT|spd|1","|move|p1a: Jellicent|Toxic|p2a: GREEN COAT|[miss]","|-miss|p1a: Jellicent|p2a: GREEN COAT","|","|-heal|p2a: GREEN COAT|56/386 tox|[from] item: Leftovers","|-damage|p2a: GREEN COAT|0 fnt|[from] psn","|faint|p2a: GREEN COAT","|","|switch|p2a: FIZZY POP|Azumarill, F, shiny|355/404","|turn|32","|","|move|p1a: Jellicent|Taunt|p2a: FIZZY POP","|-start|p2a: FIZZY POP|move: Taunt","|cant|p2a: FIZZY POP|move: Taunt|Belly Drum","|","|turn|33","|","|move|p2a: FIZZY POP|Aqua Jet|p1a: Jellicent","|-immune|p1a: Jellicent|[msg]","|move|p1a: Jellicent|Toxic|p2a: FIZZY POP","|-status|p2a: FIZZY POP|tox","|","|-damage|p2a: FIZZY POP|330/404 tox|[from] psn","|turn|34","|","|move|p1a: Jellicent|Scald|p2a: FIZZY POP","|-resisted|p2a: FIZZY POP","|-damage|p2a: FIZZY POP|281/404 tox","|move|p2a: FIZZY POP|Ice Punch|p1a: Jellicent","|-crit|p1a: Jellicent","|-resisted|p1a: Jellicent","|-damage|p1a: Jellicent|354/403","|","|-heal|p1a: Jellicent|379/403|[from] item: Leftovers","|-damage|p2a: FIZZY POP|231/404 tox|[from] psn","|-end|p2a: FIZZY POP|move: Taunt","|turn|35","|","|switch|p2a: PURPLE LATURN|Lanturn, M, shiny|454/454","|move|p1a: Jellicent|Taunt|p2a: PURPLE LATURN","|-start|p2a: PURPLE LATURN|move: Taunt","|","|-heal|p1a: Jellicent|403/403|[from] item: Leftovers","|turn|36","|","|move|p1a: Jellicent|Toxic|p2a: PURPLE LATURN","|-status|p2a: PURPLE LATURN|tox","|move|p2a: PURPLE LATURN|Discharge|p1a: Jellicent","|-supereffective|p1a: Jellicent","|-damage|p1a: Jellicent|281/403","|","|-heal|p1a: Jellicent|306/403|[from] item: Leftovers","|-damage|p2a: PURPLE LATURN|426/454 tox|[from] psn","|turn|37","|","|switch|p1a: Hoopa|Hoopa|53/301 brn","|move|p2a: PURPLE LATURN|Discharge|p1a: Hoopa","|-damage|p1a: Hoopa|0 fnt","|faint|p1a: Hoopa","|","|-heal|p2a: PURPLE LATURN|454/454 tox|[from] item: Leftovers","|-damage|p2a: PURPLE LATURN|398/454 tox|[from] psn","|-end|p2a: PURPLE LATURN|move: Taunt","|","|switch|p1a: Gengar|Gengar, M|4/261","|turn|38","|","|move|p1a: Gengar|Pain Split|p2a: PURPLE LATURN","|-sethp|p2a: PURPLE LATURN|201/454 tox|p1a: Gengar|201/261|[from] move: Pain Split","|move|p2a: PURPLE LATURN|Discharge|p1a: Gengar","|-damage|p1a: Gengar|98/261","|","|-heal|p2a: PURPLE LATURN|229/454 tox|[from] item: Leftovers","|-damage|p2a: PURPLE LATURN|145/454 tox|[from] psn","|turn|39","|","|move|p1a: Gengar|Shadow Ball|p2a: PURPLE LATURN","|-damage|p2a: PURPLE LATURN|0 fnt","|-damage|p1a: Gengar|72/261|[from] item: Life Orb","|faint|p2a: PURPLE LATURN","|","|","|switch|p2a: FIZZY POP|Azumarill, F, shiny|231/404 tox","|turn|40","|","|move|p1a: Gengar|Shadow Ball|p2a: FIZZY POP","|-crit|p2a: FIZZY POP","|-damage|p2a: FIZZY POP|0 fnt","|-damage|p1a: Gengar|46/261|[from] item: Life Orb","|faint|p2a: FIZZY POP","|","|win|Zukushiku"],"p1rating":{"entryid":"7076911","serverid":"eos","formatid":"monotype","userid":"zukushiku","username":"Zukushiku","w":45,"l":"22","t":"0","gxe":67.2,"r":"1652.1236009759","rd":"46.364519525513","sigma":"0","rptime":"1439370000","rpr":1635.6545071415,"rprd":44.865387965383,"rpsigma":"0","acre":1245.8303456876,"lacre":1245.8303456876,"oldacre":"1235.5869901568"},"p2rating":{"entryid":7593673,"formatid":"monotype","userid":"apexmehadns","username":"apex mehadns","r":1500,"rd":130,"sigma":0,"rpr":1474.4303116199,"rprd":123.15626342684,"rpsigma":0,"rptime":1439370000,"w":0,"l":1,"t":0,"gxe":46.8,"acre":1000,"lacre":1000,"oldacre":1000},"endType":"normal"}