{"seed":[57881,46886,11888,56193],"turns":21,"p1":"Unravel Sev","p2":"GTX♅Donbures","p1team":[{"name":"Fierce Deity","species":"gallade","item":"galladite","ability":"Steadfast","moves":["swordsdance","knockoff","psychocut","drainpunch"],"nature":"Jolly","evs":{"hp":0,"atk":252,"def":0,"spa":0,"spd":4,"spe":252},"shiny":true,"ivs":{"hp":31,"atk":31,"def":31,"spa":31,"spd":31,"spe":31}},{"name":"Bully","species":"terrakion","item":"choicescarf","ability":"Justified","moves":["stoneedge","earthquake","ironhead","closecombat"],"nature":"Adamant","evs":{"hp":0,"atk":252,"def":0,"spa":0,"spd":4,"spe":252},"shiny":true,"ivs":{"hp":31,"atk":31,"def":31,"spa":31,"spd":31,"spe":31}},{"name":"St.Louis","species":"cobalion","item":"leftovers","ability":"Justified","moves":["taunt","thunderwave","stealthrock","ironhead"],"nature":"Jolly","evs":{"hp":252,"atk":4,"def":0,"spa":0,"spd":0,"spe":252},"shiny":true,"ivs":{"hp":31,"atk":31,"def":31,"spa":31,"spd":31,"spe":31}},{"name":"Maiden Shi","species":"mienshao","item":"lifeorb","ability":"Regenerator","moves":["highjumpkick","uturn","knockoff","poisonjab"],"nature":"Jolly","evs":{"hp":0,"atk":252,"def":0,"spa":0,"spd":4,"spe":252},"gender":"F","shiny":true,"ivs":{"hp":31,"atk":31,"def":31,"spa":31,"spd":31,"spe":31}},{"name":"Haxloom","species":"breloom","item":"focussash","ability":"Technician","moves":["spore","swordsdance","bulletseed","machpunch"],"nature":"Jolly","evs":{"hp":0,"atk":252,"def":0,"spa":0,"spd":4,"spe":252},"gender":"M","shiny":true,"ivs":{"hp":31,"atk":31,"def":31,"spa":31,"spd":31,"spe":31}},{"name":"Hydro","species":"keldeoresolute","item":"choicespecs","ability":"Justified","moves":["scald","hiddenpowerghost","icywind","secretsword"],"nature":"Timid","evs":{"hp":0,"atk":0,"def":0,"spa":252,"spd":4,"spe":252},"ivs":{"hp":31,"atk":31,"def":30,"spa":31,"spd":30,"spe":31},"shiny":true}],"p2team":[{"name":"Weavile","species":"Weavile","item":"focussash","ability":"Pressure","moves":["iceshard","brickbreak","knockoff","swordsdance"],"nature":"Hasty","evs":{"hp":0,"atk":252,"def":0,"spa":4,"spd":0,"spe":252},"ivs":{"hp":31,"atk":31,"def":31,"spa":31,"spd":31,"spe":31}},{"name":"Sableye","species":"Sableye","item":"leftovers","ability":"Prankster","moves":["confuseray","toxic","recover","shadowsneak"],"nature":"Brave","evs":{"hp":0,"atk":252,"def":0,"spa":0,"spd":252,"spe":0},"ivs":{"hp":31,"atk":31,"def":31,"spa":31,"spd":31,"spe":31}},{"name":"Mandibuzz","species":"Mandibuzz","item":"powerherb","ability":"Overcoat","moves":["bravebird","bonerush","foulplay","skyattack"],"nature":"Jolly","evs":{"hp":0,"atk":252,"def":0,"spa":0,"spd":160,"spe":96},"ivs":{"hp":31,"atk":31,"def":31,"spa":31,"spd":31,"spe":31}},{"name":"Sharpedo","species":"Sharpedo","item":"focussash","ability":"Speed Boost","moves":["protect","crunch","waterfall","destinybond"],"nature":"Adamant","evs":{"hp":0,"atk":252,"def":0,"spa":0,"spd":0,"spe":252},"ivs":{"hp":31,"atk":31,"def":31,"spa":31,"spd":31,"spe":31}},{"name":"Houndoom","species":"Houndoom","item":"houndoominite","ability":"Early Bird","moves":["flamethrower","darkpulse","nastyplot","hyperbeam"],"nature":"Timid","evs":{"hp":0,"atk":0,"def":0,"spa":252,"spd":0,"spe":252},"ivs":{"hp":31,"atk":31,"def":31,"spa":31,"spd":31,"spe":31}},{"name":"Bisharp","species":"Bisharp","item":"focussash","ability":"Defiant","moves":["ironhead","suckerpunch","swordsdance","psychocut"],"nature":"","evs":{"hp":0,"atk":252,"def":0,"spa":0,"spd":252,"spe":0},"ivs":{"hp":31,"atk":31,"def":31,"spa":31,"spd":31,"spe":31}}],"log":["|player|p1|Unravel Sev|148","|player|p2|GTX♅Donbures|152","|gametype|singles","|gen|6","|tier|Monotype","|rated","|rule|Baton Pass Clause: Limit one Baton Passer, can't pass Spe and other stats simultaneously","|rule|Swagger Clause: Swagger is banned","|rule|Same Type Clause: Pokémon in a team must share a type","|clearpoke","|poke|p1|Gallade, M, shiny","|poke|p1|Terrakion, shiny","|poke|p1|Cobalion, shiny","|poke|p1|Mienshao, F, shiny","|poke|p1|Breloom, M, shiny","|poke|p1|Keldeo-Resolute, shiny","|poke|p2|Weavile, F","|poke|p2|Sableye, F","|poke|p2|Mandibuzz, F","|poke|p2|Sharpedo, F","|poke|p2|Houndoom, F","|poke|p2|Bisharp, M","|rule|Sleep Clause Mod: Limit one foe put to sleep","|rule|Species Clause: Limit one of each Pokémon","|rule|OHKO Clause: OHKO moves are banned","|rule|Moody Clause: Moody is banned","|rule|Evasion Moves Clause: Evasion moves are banned","|rule|Endless Battle Clause: Forcing endless battles is banned","|rule|HP Percentage Mod: HP is shown in percentages","|teampreview","|","|start","|switch|p1a: St.Louis|Cobalion, shiny|386/386","|switch|p2a: Weavile|Weavile, F|281/281","|-ability|p2a: Weavile|Pressure","|turn|1","|","|move|p2a: Weavile|Swords Dance|p2a: Weavile","|-boost|p2a: Weavile|atk|2","|move|p1a: St.Louis|Thunder Wave|p2a: Weavile","|-status|p2a: Weavile|par","|","|turn|2","|","|move|p1a: St.Louis|Iron Head|p2a: Weavile","|-supereffective|p2a: Weavile","|-damage|p2a: Weavile|17/281 par","|move|p2a: Weavile|Knock Off|p1a: St.Louis","|-resisted|p1a: St.Louis","|-damage|p1a: St.Louis|249/386","|-boost|p1a: St.Louis|atk|1|[from] ability: Justified","|-enditem|p1a: St.Louis|Leftovers|[from] move: Knock Off|[of] p2a: Weavile","|","|turn|3","|","|move|p2a: Weavile|Ice Shard|p1a: St.Louis","|-resisted|p1a: St.Louis","|-damage|p1a: St.Louis|197/386","|move|p1a: St.Louis|Iron Head|p2a: Weavile","|-supereffective|p2a: Weavile","|-damage|p2a: Weavile|0 fnt","|faint|p2a: Weavile","|","|","|switch|p2a: Sableye|Sableye, F|241/241","|turn|4","|","|switch|p1a: Hydro|Keldeo-Resolute, shiny|323/323","|move|p2a: Sableye|Confuse Ray|p1a: Hydro","|-start|p1a: Hydro|confusion","|","|turn|5","|","|move|p2a: Sableye|Toxic|p1a: Hydro","|-status|p1a: Hydro|tox","|-activate|p1a: Hydro|confusion","|move|p1a: Hydro|Scald|p2a: Sableye","|-damage|p2a: Sableye|22/241","|-status|p2a: Sableye|brn","|","|-heal|p2a: Sableye|37/241 brn|[from] item: Leftovers","|-damage|p1a: Hydro|303/323 tox|[from] psn","|-damage|p2a: Sableye|7/241 brn|[from] brn","|turn|6","|","|move|p2a: Sableye|Recover|p2a: Sableye","|-heal|p2a: Sableye|128/241 brn","|-activate|p1a: Hydro|confusion","|-damage|p1a: Hydro|278/323 tox|[from] confusion","|","|-heal|p2a: Sableye|143/241 brn|[from] item: Leftovers","|-damage|p1a: Hydro|238/323 tox|[from] psn","|-damage|p2a: Sableye|113/241 brn|[from] brn","|turn|7","|","|move|p2a: Sableye|Recover|p2a: Sableye","|-heal|p2a: Sableye|234/241 brn","|-activate|p1a: Hydro|confusion","|move|p1a: Hydro|Scald|p2a: Sableye","|-damage|p2a: Sableye|17/241 brn","|","|-heal|p2a: Sableye|32/241 brn|[from] item: Leftovers","|-damage|p1a: Hydro|178/323 tox|[from] psn","|-damage|p2a: Sableye|2/241 brn|[from] brn","|turn|8","|","|move|p2a: Sableye|Recover|p2a: Sableye","|-heal|p2a: Sableye|123/241 brn","|-activate|p1a: Hydro|confusion","|-damage|p1a: Hydro|156/323 tox|[from] confusion","|","|-heal|p2a: Sableye|138/241 brn|[from] item: Leftovers","|-damage|p1a: Hydro|76/323 tox|[from] psn","|-damage|p2a: Sableye|108/241 brn|[from] brn","|turn|9","|","|move|p2a: Sableye|Shadow Sneak|p1a: Hydro","|-damage|p1a: Hydro|48/323 tox","|-end|p1a: Hydro|confusion","|move|p1a: Hydro|Scald|p2a: Sableye","|-damage|p2a: Sableye|0 fnt","|faint|p2a: Sableye","|","|-damage|p1a: Hydro|0 fnt|[from] psn","|faint|p1a: Hydro","|","|switch|p1a: St.Louis|Cobalion, shiny|197/386","|switch|p2a: Houndoom|Houndoom, F|291/291","|turn|10","|","|detailschange|p2a: Houndoom|Houndoom-Mega, F","|-mega|p2a: Houndoom|Houndoom|Houndoominite","|move|p1a: St.Louis|Thunder Wave|p2a: Houndoom","|-status|p2a: Houndoom|par","|cant|p2a: Houndoom|par","|","|turn|11","|","|move|p1a: St.Louis|Stealth Rock|p2a: Houndoom","|-sidestart|p2: GTX♅Donbures|move: Stealth Rock","|cant|p2a: Houndoom|par","|","|turn|12","|","|move|p1a: St.Louis|Iron Head|p2a: Houndoom","|-resisted|p2a: Houndoom","|-damage|p2a: Houndoom|240/291 par","|move|p2a: Houndoom|Flamethrower|p1a: St.Louis","|-supereffective|p1a: St.Louis","|-damage|p1a: St.Louis|0 fnt","|faint|p1a: St.Louis","|","|","|switch|p1a: Fierce Deity|Gallade, M, shiny|277/277","|turn|13","|","|detailschange|p1a: Fierce Deity|Gallade-Mega, M, shiny","|-mega|p1a: Fierce Deity|Gallade|Galladite","|move|p1a: Fierce Deity|Drain Punch|p2a: Houndoom","|-supereffective|p2a: Houndoom","|-damage|p2a: Houndoom|0 fnt","|faint|p2a: Houndoom","|","|","|switch|p2a: Mandibuzz|Mandibuzz, F|361/361","|-damage|p2a: Mandibuzz|271/361|[from] Stealth Rock","|turn|14","|","|move|p1a: Fierce Deity|Swords Dance|p1a: Fierce Deity","|-boost|p1a: Fierce Deity|atk|2","|move|p2a: Mandibuzz|Sky Attack|p1a: Fierce Deity|[still]","|-prepare|p2a: Mandibuzz|Sky Attack|p1a: Fierce Deity","|-enditem|p2a: Mandibuzz|Power Herb","|-anim|p2a: Mandibuzz|Sky Attack|p1a: Fierce Deity","|-supereffective|p1a: Fierce Deity","|-damage|p1a: Fierce Deity|0 fnt","|faint|p1a: Fierce Deity","|","|","|switch|p1a: Bully|Terrakion, shiny|323/323","|turn|15","|","|move|p1a: Bully|Stone Edge|p2a: Mandibuzz|[miss]","|-miss|p1a: Bully|p2a: Mandibuzz","|move|p2a: Mandibuzz|Bone Rush|p1a: Bully","|-supereffective|p1a: Bully","|-damage|p1a: Bully|277/323","|-supereffective|p1a: Bully","|-damage|p1a: Bully|235/323","|-hitcount|p1a: Bully|2","|","|turn|16","|","|move|p1a: Bully|Stone Edge|p2a: Mandibuzz","|-supereffective|p2a: Mandibuzz","|-damage|p2a: Mandibuzz|0 fnt","|faint|p2a: Mandibuzz","|","|","|switch|p2a: Sharpedo|Sharpedo, F|281/281","|-damage|p2a: Sharpedo|246/281|[from] Stealth Rock","|turn|17","|","|move|p2a: Sharpedo|Protect|p2a: Sharpedo","|-singleturn|p2a: Sharpedo|Protect","|move|p1a: Bully|Stone Edge|p2a: Sharpedo","|-activate|p2a: Sharpedo|Protect","|","|-boost|p2a: Sharpedo|spe|1|[from] ability: Speed Boost","|turn|18","|","|move|p1a: Bully|Stone Edge|p2a: Sharpedo","|-damage|p2a: Sharpedo|0 fnt","|faint|p2a: Sharpedo","|","|","|switch|p2a: Bisharp|Bisharp, M|271/271","|-damage|p2a: Bisharp|255/271|[from] Stealth Rock","|turn|19","|","|move|p1a: Bully|Stone Edge|p2a: Bisharp|[miss]","|-miss|p1a: Bully|p2a: Bisharp","|move|p2a: Bisharp|Swords Dance|p2a: Bisharp","|-boost|p2a: Bisharp|atk|2","|","|turn|20","|","|move|p1a: Bully|Stone Edge|p2a: Bisharp","|-resisted|p2a: Bisharp","|-damage|p2a: Bisharp|166/271","|move|p2a: Bisharp|Psycho Cut|p1a: Bully","|-crit|p1a: Bully","|-supereffective|p1a: Bully","|-damage|p1a: Bully|0 fnt","|faint|p1a: Bully","|","|","|switch|p1a: Haxloom|Breloom, M, shiny|261/261","|turn|21","|","|move|p1a: Haxloom|Mach Punch|p2a: Bisharp","|-supereffective|p2a: Bisharp","|-damage|p2a: Bisharp|0 fnt","|faint|p2a: Bisharp","|","|win|Unravel Sev"],"p1rating":{"entryid":"7592926","serverid":"eos","formatid":"monotype","userid":"unravelsev","username":"Unravel Sev","w":2,"l":"0","t":"0","gxe":59.6,"r":"1500","rd":"130","sigma":"0","rptime":"1439370000","rpr":1577.0870289367,"rprd":116.62521398183,"rpsigma":"0","acre":1079.0917011224,"lacre":1079.0917011224,"oldacre":"1044.6044952353"},"p2rating":{"entryid":"7493402","serverid":"eos","formatid":"monotype","userid":"gtxdonbures","username":"GTX♅Donbures","w":"2","l":3,"t":"0","gxe":47.1,"r":"1540.1736670205","rd":"111.823490619","sigma":"0","rptime":"1439370000","rpr":1477.1757441791,"rprd":102.70597354868,"rpsigma":"0","acre":1037.7058454827,"lacre":1037.7058454827,"oldacre":"1056.895593459"},"endType":"normal"}