{"seed":[15568,60993,24213,27619],"turns":24,"p1":"Void Who","p2":"Rain ☆ sidious","p1team":[{"name":"Coke Sniffer","species":"landorus","item":"lifeorb","ability":"Sheer Force","moves":["sludgewave","earthpower","gravity","psychic"],"nature":"Timid","evs":{"hp":0,"atk":0,"def":0,"spa":252,"spd":4,"spe":252},"ivs":{"hp":31,"atk":31,"def":31,"spa":31,"spd":31,"spe":31}},{"name":"Bertha","species":"hippowdon","item":"leftovers","ability":"Sand Stream","moves":["toxic","stealthrock","earthquake","slackoff"],"nature":"Impish","evs":{"hp":252,"atk":4,"def":252,"spa":0,"spd":0,"spe":0},"gender":"F","ivs":{"hp":31,"atk":31,"def":31,"spa":31,"spd":31,"spe":31}},{"name":"Excadrill","species":"Excadrill","item":"choiceband","ability":"Sand Rush","moves":["earthquake","rockslide","rapidspin","ironhead"],"nature":"","evs":{"hp":0,"atk":0,"def":0,"spa":0,"spd":0,"spe":0},"ivs":{"hp":31,"atk":31,"def":31,"spa":31,"spd":31,"spe":31}},{"name":"Garchomp","species":"Garchomp","item":"rockyhelmet","ability":"Rough Skin","moves":["stealthrock","dragontail","flamethrower","earthquake"],"nature":"Sassy","evs":{"hp":252,"atk":0,"def":252,"spa":4,"spd":0,"spe":0},"ivs":{"hp":31,"atk":31,"def":31,"spa":31,"spd":31,"spe":31}},{"name":"Mamoswine","species":"Mamoswine","item":"focussash","ability":"Thick Fat","moves":["earthquake","iceshard","endeavor","superpower"],"nature":"","evs":{"hp":0,"atk":0,"def":0,"spa":0,"spd":0,"spe":0},"ivs":{"hp":31,"atk":31,"def":31,"spa":31,"spd":31,"spe":31}},{"name":"Seismitoad","species":"Seismitoad","item":"leftovers","ability":"Water Absorb","moves":["earthpower","scald","grassknot","protect"],"nature":"Bold","evs":{"hp":252,"atk":0,"def":252,"spa":4,"spd":0,"spe":0},"ivs":{"hp":31,"atk":31,"def":31,"spa":31,"spd":31,"spe":31}}],"p2team":[{"name":"Jynx","species":"Jynx","item":"focussash","ability":"Dry Skin","moves":["perishsong","icebeam","psyshock","meanlook"],"nature":"Timid","evs":{"hp":0,"atk":0,"def":0,"spa":252,"spd":4,"spe":252},"ivs":{"hp":31,"atk":31,"def":31,"spa":31,"spd":31,"spe":31}},{"name":"Gothitelle","species":"Gothitelle","item":"choicescarf","ability":"Shadow Tag","moves":["calmmind","trick","psychic","rest"],"nature":"Timid","evs":{"hp":80,"atk":0,"def":0,"spa":176,"spd":0,"spe":252},"ivs":{"hp":31,"atk":31,"def":31,"spa":31,"spd":31,"spe":31}},{"name":"Gardevoir","species":"Gardevoir","item":"gardevoirite","ability":"Synchronize","moves":["calmmind","hypervoice","psyshock","focusblast"],"nature":"Timid","evs":{"hp":0,"atk":0,"def":0,"spa":252,"spd":0,"spe":252},"ivs":{"hp":31,"atk":31,"def":31,"spa":31,"spd":31,"spe":31}},{"name":"Latias","species":"Latias","item":"leftovers","ability":"Levitate","moves":["tailwind","roost","defog","dragonpulse"],"nature":"Calm","evs":{"hp":252,"atk":0,"def":0,"spa":0,"spd":252,"spe":4},"ivs":{"hp":31,"atk":31,"def":31,"spa":31,"spd":31,"spe":31}},{"name":"Victini","species":"Victini","item":"choicescarf","ability":"Victory Star","moves":["boltstrike","flareblitz","uturn","facade"],"nature":"Jolly","evs":{"hp":0,"atk":252,"def":0,"spa":0,"spd":4,"spe":252},"ivs":{"hp":31,"atk":31,"def":31,"spa":31,"spd":31,"spe":31}},{"name":"Metagross","species":"Metagross","item":"leftovers","ability":"Clear Body","moves":["earthquake","icepunch","rockpolish","meteormash"],"nature":"Adamant","evs":{"hp":148,"atk":252,"def":108,"spa":0,"spd":0,"spe":0},"ivs":{"hp":31,"atk":31,"def":31,"spa":31,"spd":31,"spe":31}}],"log":["|player|p1|Void Who|voidwho.gif","|player|p2|Rain ☆ sidious|285","|gametype|singles","|gen|6","|tier|Monotype","|rated","|rule|Baton Pass Clause: Limit one Baton Passer, can't pass Spe and other stats simultaneously","|rule|Swagger Clause: Swagger is banned","|rule|Same Type Clause: Pokémon in a team must share a type","|clearpoke","|poke|p1|Landorus, M","|poke|p1|Hippowdon, F","|poke|p1|Excadrill, F","|poke|p1|Garchomp, M","|poke|p1|Mamoswine, M","|poke|p1|Seismitoad, F","|poke|p2|Jynx, F","|poke|p2|Gothitelle, F","|poke|p2|Gardevoir, M","|poke|p2|Latias, F","|poke|p2|Victini","|poke|p2|Metagross","|rule|Sleep Clause Mod: Limit one foe put to sleep","|rule|Species Clause: Limit one of each Pokémon","|rule|OHKO Clause: OHKO moves are banned","|rule|Moody Clause: Moody is banned","|rule|Evasion Moves Clause: Evasion moves are banned","|rule|Endless Battle Clause: Forcing endless battles is banned","|rule|HP Percentage Mod: HP is shown in percentages","|teampreview","|","|start","|switch|p1a: Mamoswine|Mamoswine, M|361/361","|switch|p2a: Jynx|Jynx, F|271/271","|turn|1","|","|move|p2a: Jynx|Perish Song|p2a: Jynx","|-start|p1a: Mamoswine|perish3|[silent]","|-start|p2a: Jynx|perish3|[silent]","|-fieldactivate|move: Perish Song","|move|p1a: Mamoswine|Earthquake|p2a: Jynx","|-enditem|p2a: Jynx|Focus Sash","|-damage|p2a: Jynx|1/271","|","|-start|p2a: Jynx|perish3","|-start|p1a: Mamoswine|perish3","|turn|2","|","|move|p1a: Mamoswine|Ice Shard|p2a: Jynx","|-resisted|p2a: Jynx","|-damage|p2a: Jynx|0 fnt","|faint|p2a: Jynx","|","|-start|p1a: Mamoswine|perish2","|","|switch|p2a: Gothitelle|Gothitelle, F|301/301","|turn|3","|","|move|p2a: Gothitelle|Calm Mind|p2a: Gothitelle","|-boost|p2a: Gothitelle|spa|1","|-boost|p2a: Gothitelle|spd|1","|move|p1a: Mamoswine|Earthquake|p2a: Gothitelle","|-damage|p2a: Gothitelle|145/301","|","|-start|p1a: Mamoswine|perish1","|turn|4","|","|move|p2a: Gothitelle|Calm Mind|p2a: Gothitelle","|-boost|p2a: Gothitelle|spa|1","|-boost|p2a: Gothitelle|spd|1","|move|p1a: Mamoswine|Earthquake|p2a: Gothitelle","|-damage|p2a: Gothitelle|0 fnt","|faint|p2a: Gothitelle","|","|-start|p1a: Mamoswine|perish0","|faint|p1a: Mamoswine","|","|switch|p2a: Gardevoir|Gardevoir, M|277/277","|switch|p1a: Bertha|Hippowdon, F|420/420","|-weather|Sandstorm","|turn|5","|","|detailschange|p2a: Gardevoir|Gardevoir-Mega, M","|-mega|p2a: Gardevoir|Gardevoir|Gardevoirite","|move|p2a: Gardevoir|Hyper Voice|p1a: Bertha","|-crit|p1a: Bertha","|-damage|p1a: Bertha|0 fnt","|faint|p1a: Bertha","|","|-weather|Sandstorm|[upkeep]","|-damage|p2a: Gardevoir|260/277|[from] sandstorm","|","|switch|p1a: Excadrill|Excadrill, F|361/361","|turn|6","|","|switch|p2a: Metagross|Metagross|338/338","|move|p1a: Excadrill|Earthquake|p2a: Metagross","|-supereffective|p2a: Metagross","|-damage|p2a: Metagross|0 fnt","|faint|p2a: Metagross","|","|-weather|Sandstorm|[upkeep]","|","|switch|p2a: Latias|Latias, F|364/364","|turn|7","|","|switch|p1a: Seismitoad|Seismitoad, F|414/414","|move|p2a: Latias|Tailwind|p2a: Latias","|-sidestart|p2: Rain ☆ sidious|move: Tailwind","|","|-weather|Sandstorm|[upkeep]","|-damage|p2a: Latias|342/364|[from] sandstorm","|-heal|p2a: Latias|364/364|[from] item: Leftovers","|turn|8","|","|move|p2a: Latias|Dragon Pulse|p1a: Seismitoad","|-damage|p1a: Seismitoad|284/414","|move|p1a: Seismitoad|Scald|p2a: Latias","|-resisted|p2a: Latias","|-damage|p2a: Latias|338/364","|-status|p2a: Latias|brn","|","|-weather|Sandstorm|[upkeep]","|-damage|p2a: Latias|316/364 brn|[from] sandstorm","|-heal|p2a: Latias|338/364 brn|[from] item: Leftovers","|-heal|p1a: Seismitoad|309/414|[from] item: Leftovers","|-damage|p2a: Latias|293/364 brn|[from] brn","|turn|9","|","|switch|p2a: Gardevoir|Gardevoir-Mega, M|260/277","|move|p1a: Seismitoad|Protect|p1a: Seismitoad","|-fail|p1a: Seismitoad","|","|-weather|none","|-heal|p1a: Seismitoad|334/414|[from] item: Leftovers","|turn|10","|","|move|p1a: Seismitoad|Protect|p1a: Seismitoad","|-singleturn|p1a: Seismitoad|Protect","|move|p2a: Gardevoir|Hyper Voice|p1a: Seismitoad","|-activate|p1a: Seismitoad|Protect","|","|-heal|p1a: Seismitoad|359/414|[from] item: Leftovers","|-sideend|p2: Rain ☆ sidious|move: Tailwind","|turn|11","|","|move|p2a: Gardevoir|Focus Blast|p1a: Seismitoad","|-damage|p1a: Seismitoad|154/414","|move|p1a: Seismitoad|Scald|p2a: Gardevoir","|-damage|p2a: Gardevoir|194/277","|","|-heal|p1a: Seismitoad|179/414|[from] item: Leftovers","|turn|12","|","|move|p1a: Seismitoad|Protect|p1a: Seismitoad","|-singleturn|p1a: Seismitoad|Protect","|move|p2a: Gardevoir|Hyper Voice|p1a: Seismitoad","|-activate|p1a: Seismitoad|Protect","|","|-heal|p1a: Seismitoad|204/414|[from] item: Leftovers","|turn|13","|","|move|p2a: Gardevoir|Hyper Voice|p1a: Seismitoad","|-damage|p1a: Seismitoad|0 fnt","|faint|p1a: Seismitoad","|","|","|switch|p1a: Coke Sniffer|Landorus, M|319/319","|turn|14","|","|move|p1a: Coke Sniffer|Sludge Wave|p2a: Gardevoir","|-supereffective|p2a: Gardevoir","|-damage|p2a: Gardevoir|0 fnt","|faint|p2a: Gardevoir","|","|","|switch|p2a: Latias|Latias, F|293/364 brn","|turn|15","|","|move|p1a: Coke Sniffer|Gravity|p1a: Coke Sniffer","|-fieldstart|move: Gravity","|move|p2a: Latias|Dragon Pulse|p1a: Coke Sniffer","|-damage|p1a: Coke Sniffer|189/319","|","|-heal|p2a: Latias|315/364 brn|[from] item: Leftovers","|-damage|p2a: Latias|270/364 brn|[from] brn","|turn|16","|","|move|p1a: Coke Sniffer|Earth Power|p2a: Latias","|-damage|p2a: Latias|121/364 brn","|move|p2a: Latias|Tailwind|p2a: Latias","|-sidestart|p2: Rain ☆ sidious|move: Tailwind","|","|-heal|p2a: Latias|143/364 brn|[from] item: Leftovers","|-damage|p2a: Latias|98/364 brn|[from] brn","|turn|17","|","|move|p2a: Latias|Roost|p2a: Latias","|-heal|p2a: Latias|280/364 brn","|move|p1a: Coke Sniffer|Earth Power|p2a: Latias","|-damage|p2a: Latias|124/364 brn","|","|-heal|p2a: Latias|146/364 brn|[from] item: Leftovers","|-damage|p2a: Latias|101/364 brn|[from] brn","|turn|18","|","|move|p2a: Latias|Roost|p2a: Latias","|-heal|p2a: Latias|283/364 brn","|move|p1a: Coke Sniffer|Earth Power|p2a: Latias","|-damage|p2a: Latias|126/364 brn","|","|-heal|p2a: Latias|148/364 brn|[from] item: Leftovers","|-damage|p2a: Latias|103/364 brn|[from] brn","|turn|19","|","|move|p2a: Latias|Roost|p2a: Latias","|-heal|p2a: Latias|285/364 brn","|move|p1a: Coke Sniffer|Earth Power|p2a: Latias","|-damage|p2a: Latias|139/364 brn","|","|-heal|p2a: Latias|161/364 brn|[from] item: Leftovers","|-damage|p2a: Latias|116/364 brn|[from] brn","|-sideend|p2: Rain ☆ sidious|move: Tailwind","|-fieldend|move: Gravity","|turn|20","|","|move|p1a: Coke Sniffer|Gravity|p1a: Coke Sniffer","|-fieldstart|move: Gravity","|move|p2a: Latias|Roost|p2a: Latias","|-heal|p2a: Latias|298/364 brn","|","|-heal|p2a: Latias|320/364 brn|[from] item: Leftovers","|-damage|p2a: Latias|275/364 brn|[from] brn","|turn|21","|","|move|p1a: Coke Sniffer|Earth Power|p2a: Latias","|-damage|p2a: Latias|133/364 brn","|move|p2a: Latias|Dragon Pulse|p1a: Coke Sniffer","|-damage|p1a: Coke Sniffer|53/319","|","|-heal|p2a: Latias|155/364 brn|[from] item: Leftovers","|-damage|p2a: Latias|110/364 brn|[from] brn","|turn|22","|","|move|p1a: Coke Sniffer|Earth Power|p2a: Latias","|-damage|p2a: Latias|0 fnt","|faint|p2a: Latias","|","|","|switch|p2a: Victini|Victini|341/341","|turn|23","|","|move|p2a: Victini|Flare Blitz|p1a: Coke Sniffer","|-damage|p1a: Coke Sniffer|0 fnt","|-damage|p2a: Victini|324/341|[from] recoil|[of] p1a: Coke Sniffer","|faint|p1a: Coke Sniffer","|","|","|switch|p1a: Garchomp|Garchomp, M|420/420","|turn|24","|","|move|p2a: Victini|Flare Blitz|p1a: Garchomp","|-resisted|p1a: Garchomp","|-damage|p1a: Garchomp|350/420","|-damage|p2a: Victini|282/341|[from] ability: Rough Skin|[of] p1a: Garchomp","|-damage|p2a: Victini|226/341|[from] item: Rocky Helmet|[of] p1a: Garchomp","|-damage|p2a: Victini|203/341|[from] recoil|[of] p1a: Garchomp","|move|p1a: Garchomp|Earthquake|p2a: Victini","|-supereffective|p2a: Victini","|-damage|p2a: Victini|0 fnt","|faint|p2a: Victini","|","|win|Void Who"],"p1rating":{"entryid":"6866008","serverid":"eos","formatid":"monotype","userid":"voidwho","username":"Void Who","w":39,"l":"23","t":"0","gxe":60.4,"r":"1584.1374030598","rd":"51.397151712228","sigma":"0","rptime":"1439370000","rpr":1580.1150163154,"rprd":50.265904624542,"rpsigma":"0","acre":1162.8597281931,"lacre":1162.8597281931,"oldacre":"1139.1566972277"},"p2rating":{"entryid":"6395890","serverid":"eos","formatid":"monotype","userid":"rainsidious","username":"Rain ☆ sidious","w":"52","l":67,"t":"0","gxe":45.2,"r":"1461.4125486051","rd":"42.245722569773","sigma":"0","rptime":"1439370000","rpr":1463.355291682,"rprd":41.15204825537,"rpsigma":"0","acre":1097.4129418213,"lacre":1097.4129418213,"oldacre":"1121.1159727867"},"endType":"normal"}