{"seed":[25668,56326,9274,3411],"turns":44,"p1":"SL~Kingdra","p2":"Twizz","p1team":[{"name":"Smegle","species":"smeargle","item":"focussash","ability":"Own Tempo","moves":["spore","stickyweb","stealthrock","transform"],"nature":"Timid","evs":{"hp":252,"atk":0,"def":4,"spa":0,"spd":0,"spe":252},"ivs":{"hp":31,"atk":31,"def":31,"spa":31,"spd":31,"spe":31}},{"name":"Slack King","species":"slaking","item":"choiceband","ability":"Truant","moves":["retaliate","earthquake","firepunch","return"],"nature":"Jolly","evs":{"hp":4,"atk":252,"def":0,"spa":0,"spd":0,"spe":252},"ivs":{"hp":31,"atk":31,"def":31,"spa":31,"spd":31,"spe":31}},{"name":"Mel-B","species":"meloetta","item":"leftovers","ability":"Serene Grace","moves":["psychic","shadowball","hypervoice","calmmind"],"nature":"Calm","evs":{"hp":252,"atk":0,"def":0,"spa":4,"spd":252,"spe":0},"ivs":{"hp":31,"atk":31,"def":30,"spa":30,"spd":30,"spe":31}},{"name":"Demolition","species":"diggersby","item":"lifeorb","ability":"Huge Power","moves":["earthquake","quickattack","return","firepunch"],"nature":"Adamant","evs":{"hp":4,"atk":252,"def":0,"spa":0,"spd":0,"spe":252},"ivs":{"hp":31,"atk":31,"def":31,"spa":31,"spd":31,"spe":31}},{"name":"Cute Blob","species":"ditto","item":"choicescarf","ability":"Imposter","moves":["transform"],"nature":"Timid","evs":{"hp":252,"atk":0,"def":4,"spa":0,"spd":0,"spe":252},"ivs":{"hp":31,"atk":31,"def":31,"spa":31,"spd":31,"spe":31}},{"name":"Corey","species":"porygonz","item":"focussash","ability":"Adaptability","moves":["triattack","icebeam","hiddenpowerfire","nastyplot"],"nature":"Timid","evs":{"hp":4,"atk":0,"def":0,"spa":252,"spd":0,"spe":252},"ivs":{"hp":31,"atk":30,"def":31,"spa":30,"spd":31,"spe":30}}],"p2team":[{"name":"Magnezone","species":"Magnezone","item":"leftovers","ability":"Sturdy","moves":["flashcannon","thunderbolt","protect","hiddenpowerice"],"nature":"Modest","evs":{"hp":76,"atk":0,"def":180,"spa":252,"spd":0,"spe":0},"ivs":{"hp":31,"atk":30,"def":30,"spa":31,"spd":31,"spe":31}},{"name":"Zapdos","species":"Zapdos","item":"leftovers","ability":"Pressure","moves":["discharge","heatwave","toxic","roost"],"nature":"Bold","evs":{"hp":4,"atk":0,"def":252,"spa":56,"spd":196,"spe":0},"ivs":{"hp":31,"atk":31,"def":31,"spa":31,"spd":31,"spe":31}},{"name":"Ampharos","species":"Ampharos","item":"ampharosite","ability":"Static","moves":["cottonguard","rest","sleeptalk","dragonpulse"],"nature":"Bold","evs":{"hp":0,"atk":0,"def":252,"spa":136,"spd":120,"spe":0},"ivs":{"hp":31,"atk":31,"def":31,"spa":31,"spd":31,"spe":31}},{"name":"Raikou","species":"Raikou","item":"leftovers","ability":"Pressure","moves":["calmmind","substitute","thunderbolt","extrasensory"],"nature":"Timid","evs":{"hp":0,"atk":0,"def":0,"spa":252,"spd":4,"spe":252},"ivs":{"hp":31,"atk":31,"def":31,"spa":31,"spd":31,"spe":31}},{"name":"Rotom-Wash","species":"Rotom-Wash","item":"choicescarf","ability":"Levitate","moves":["voltswitch","hydropump","willowisp","trick"],"nature":"Timid","evs":{"hp":0,"atk":0,"def":0,"spa":252,"spd":4,"spe":252},"ivs":{"hp":31,"atk":31,"def":31,"spa":31,"spd":31,"spe":31}},{"name":"Condom","species":"eelektross","item":"assaultvest","ability":"Levitate","moves":["gigadrain","thunderbolt","drainpunch","knockoff"],"nature":"Quiet","evs":{"hp":3,"atk":136,"def":0,"spa":108,"spd":252,"spe":0},"ivs":{"hp":31,"atk":31,"def":31,"spa":31,"spd":31,"spe":31}}],"log":["|player|p1|SL~Kingdra|99","|player|p2|Twizz|264","|gametype|singles","|gen|6","|tier|Monotype","|rated","|rule|Baton Pass Clause: Limit one Baton Passer, can't pass Spe and other stats simultaneously","|rule|Swagger Clause: Swagger is banned","|rule|Same Type Clause: Pokémon in a team must share a type","|clearpoke","|poke|p1|Smeargle, M","|poke|p1|Slaking, F","|poke|p1|Meloetta","|poke|p1|Diggersby, M","|poke|p1|Ditto","|poke|p1|Porygon-Z","|poke|p2|Magnezone","|poke|p2|Zapdos","|poke|p2|Ampharos, M","|poke|p2|Raikou","|poke|p2|Rotom-Wash","|poke|p2|Eelektross, F","|rule|Sleep Clause Mod: Limit one foe put to sleep","|rule|Species Clause: Limit one of each Pokémon","|rule|OHKO Clause: OHKO moves are banned","|rule|Moody Clause: Moody is banned","|rule|Evasion Moves Clause: Evasion moves are banned","|rule|Endless Battle Clause: Forcing endless battles is banned","|rule|HP Percentage Mod: HP is shown in percentages","|teampreview","|","|start","|switch|p1a: Smegle|Smeargle, M|314/314","|switch|p2a: Rotom-Wash|Rotom-Wash|241/241","|turn|1","|","|move|p2a: Rotom-Wash|Trick|p1a: Smegle","|-activate|p2a: Rotom-Wash|move: Trick|[of] p1a: Smegle","|-item|p1a: Smegle|Choice Scarf|[from] move: Trick","|-item|p2a: Rotom-Wash|Focus Sash|[from] move: Trick","|move|p1a: Smegle|Sticky Web|p2a: Rotom-Wash","|-sidestart|p2: Twizz|move: Sticky Web","|","|turn|2","|","|switch|p2a: Zapdos|Zapdos|322/322","|-ability|p2a: Zapdos|Pressure","|move|p1a: Smegle|Sticky Web|p2a: Zapdos","|-fail|p2a: Zapdos","|","|turn|3","|","|move|p1a: Smegle|Sticky Web|p2a: Zapdos","|-fail|p2a: Zapdos","|move|p2a: Zapdos|Toxic|p1a: Smegle","|-status|p1a: Smegle|tox","|","|-damage|p1a: Smegle|295/314 tox|[from] psn","|turn|4","|","|switch|p2a: Raikou|Raikou|321/321","|-activate|p2a: Raikou|move: Sticky Web","|-unboost|p2a: Raikou|spe|1","|-ability|p2a: Raikou|Pressure","|move|p1a: Smegle|Sticky Web|p2a: Raikou","|-fail|p2a: Raikou","|","|-damage|p1a: Smegle|257/314 tox|[from] psn","|turn|5","|","|move|p1a: Smegle|Sticky Web|p2a: Raikou","|-fail|p2a: Raikou","|move|p2a: Raikou|Substitute|p2a: Raikou","|-start|p2a: Raikou|Substitute","|-damage|p2a: Raikou|241/321","|","|-heal|p2a: Raikou|261/321|[from] item: Leftovers","|-damage|p1a: Smegle|200/314 tox|[from] psn","|turn|6","|","|switch|p1a: Mel-B|Meloetta|404/404","|move|p2a: Raikou|Calm Mind|p2a: Raikou","|-boost|p2a: Raikou|spa|1","|-boost|p2a: Raikou|spd|1","|","|-heal|p2a: Raikou|281/321|[from] item: Leftovers","|turn|7","|","|move|p2a: Raikou|Thunderbolt|p1a: Mel-B","|-damage|p1a: Mel-B|275/404","|move|p1a: Mel-B|Hyper Voice|p2a: Raikou","|-damage|p2a: Raikou|191/321","|","|-heal|p2a: Raikou|211/321|[from] item: Leftovers","|-heal|p1a: Mel-B|300/404|[from] item: Leftovers","|turn|8","|","|move|p2a: Raikou|Calm Mind|p2a: Raikou","|-boost|p2a: Raikou|spa|1","|-boost|p2a: Raikou|spd|1","|move|p1a: Mel-B|Calm Mind|p1a: Mel-B","|-boost|p1a: Mel-B|spa|1","|-boost|p1a: Mel-B|spd|1","|","|-heal|p2a: Raikou|231/321|[from] item: Leftovers","|-heal|p1a: Mel-B|325/404|[from] item: Leftovers","|turn|9","|","|move|p2a: Raikou|Thunderbolt|p1a: Mel-B","|-damage|p1a: Mel-B|201/404","|move|p1a: Mel-B|Calm Mind|p1a: Mel-B","|-boost|p1a: Mel-B|spa|1","|-boost|p1a: Mel-B|spd|1","|","|-heal|p2a: Raikou|251/321|[from] item: Leftovers","|-heal|p1a: Mel-B|226/404|[from] item: Leftovers","|turn|10","|","|move|p2a: Raikou|Calm Mind|p2a: Raikou","|-boost|p2a: Raikou|spa|1","|-boost|p2a: Raikou|spd|1","|move|p1a: Mel-B|Calm Mind|p1a: Mel-B","|-boost|p1a: Mel-B|spa|1","|-boost|p1a: Mel-B|spd|1","|","|-heal|p2a: Raikou|271/321|[from] item: Leftovers","|-heal|p1a: Mel-B|251/404|[from] item: Leftovers","|turn|11","|","|move|p2a: Raikou|Calm Mind|p2a: Raikou","|-boost|p2a: Raikou|spa|1","|-boost|p2a: Raikou|spd|1","|move|p1a: Mel-B|Calm Mind|p1a: Mel-B","|-boost|p1a: Mel-B|spa|1","|-boost|p1a: Mel-B|spd|1","|","|-heal|p2a: Raikou|291/321|[from] item: Leftovers","|-heal|p1a: Mel-B|276/404|[from] item: Leftovers","|turn|12","|","|move|p2a: Raikou|Calm Mind|p2a: Raikou","|-boost|p2a: Raikou|spa|1","|-boost|p2a: Raikou|spd|1","|move|p1a: Mel-B|Calm Mind|p1a: Mel-B","|-boost|p1a: Mel-B|spa|1","|-boost|p1a: Mel-B|spd|1","|","|-heal|p2a: Raikou|311/321|[from] item: Leftovers","|-heal|p1a: Mel-B|301/404|[from] item: Leftovers","|turn|13","|","|move|p2a: Raikou|Calm Mind|p2a: Raikou","|-boost|p2a: Raikou|spa|1","|-boost|p2a: Raikou|spd|1","|move|p1a: Mel-B|Calm Mind|p1a: Mel-B","|-boost|p1a: Mel-B|spa|1","|-boost|p1a: Mel-B|spd|1","|","|-heal|p2a: Raikou|321/321|[from] item: Leftovers","|-heal|p1a: Mel-B|326/404|[from] item: Leftovers","|turn|14","|","|move|p2a: Raikou|Thunderbolt|p1a: Mel-B","|-damage|p1a: Mel-B|238/404","|-status|p1a: Mel-B|par","|move|p1a: Mel-B|Hyper Voice|p2a: Raikou","|-damage|p2a: Raikou|179/321","|","|-heal|p2a: Raikou|199/321|[from] item: Leftovers","|-heal|p1a: Mel-B|263/404 par|[from] item: Leftovers","|turn|15","|","|move|p2a: Raikou|Thunderbolt|p1a: Mel-B","|-damage|p1a: Mel-B|166/404 par","|cant|p1a: Mel-B|par","|","|-heal|p2a: Raikou|219/321|[from] item: Leftovers","|-heal|p1a: Mel-B|191/404 par|[from] item: Leftovers","|turn|16","|","|move|p2a: Raikou|Thunderbolt|p1a: Mel-B","|-damage|p1a: Mel-B|109/404 par","|move|p1a: Mel-B|Hyper Voice|p2a: Raikou","|-damage|p2a: Raikou|95/321","|","|-heal|p2a: Raikou|115/321|[from] item: Leftovers","|-heal|p1a: Mel-B|134/404 par|[from] item: Leftovers","|turn|17","|","|move|p2a: Raikou|Thunderbolt|p1a: Mel-B","|-damage|p1a: Mel-B|40/404 par","|move|p1a: Mel-B|Hyper Voice|p2a: Raikou","|-crit|p2a: Raikou","|-damage|p2a: Raikou|0 fnt","|faint|p2a: Raikou","|","|-heal|p1a: Mel-B|65/404 par|[from] item: Leftovers","|","|switch|p2a: Condom|Eelektross, F|311/311","|turn|18","|","|move|p2a: Condom|Knock Off|p1a: Mel-B","|-supereffective|p1a: Mel-B","|-damage|p1a: Mel-B|0 fnt","|-enditem|p1a: Mel-B|Leftovers|[from] move: Knock Off|[of] p2a: Condom","|faint|p1a: Mel-B","|","|","|switch|p1a: Slack King|Slaking, F|442/442","|turn|19","|","|move|p1a: Slack King|Retaliate|p2a: Condom","|-damage|p2a: Condom|0 fnt","|faint|p2a: Condom","|","|","|switch|p2a: Rotom-Wash|Rotom-Wash|241/241","|turn|20","|","|switch|p1a: Smegle|Smeargle, M|200/314 tox","|move|p2a: Rotom-Wash|Will-O-Wisp|p1a: Smegle","|-fail|p1a: Smegle","|","|-damage|p1a: Smegle|181/314 tox|[from] psn","|turn|21","|","|switch|p2a: Zapdos|Zapdos|322/322","|-ability|p2a: Zapdos|Pressure","|move|p1a: Smegle|Transform|p2a: Zapdos","|-transform|p1a: Smegle|p2a: Zapdos","|-ability|p1a: Smegle|Pressure","|","|-damage|p1a: Smegle|143/314 tox|[from] psn","|turn|22","|","|move|p1a: Smegle|Toxic|p2a: Zapdos","|-status|p2a: Zapdos|tox","|move|p2a: Zapdos|Discharge|p1a: Smegle","|-damage|p1a: Smegle|41/314 tox","|","|-damage|p1a: Smegle|0 fnt|[from] psn","|-damage|p2a: Zapdos|302/322 tox|[from] psn","|faint|p1a: Smegle","|","|switch|p1a: Slack King|Slaking, F|442/442","|turn|23","|","|switch|p2a: Magnezone|Magnezone|300/300","|-activate|p2a: Magnezone|move: Sticky Web","|-unboost|p2a: Magnezone|spe|1","|move|p1a: Slack King|Retaliate|p2a: Magnezone","|-resisted|p2a: Magnezone","|-damage|p2a: Magnezone|138/300","|","|-heal|p2a: Magnezone|156/300|[from] item: Leftovers","|turn|24","|","|switch|p1a: Demolition|Diggersby, M|312/312","|move|p2a: Magnezone|Protect|p2a: Magnezone","|-fail|p2a: Magnezone","|","|-heal|p2a: Magnezone|174/300|[from] item: Leftovers","|turn|25","|","|switch|p2a: Rotom-Wash|Rotom-Wash|241/241","|move|p1a: Demolition|Earthquake|p2a: Rotom-Wash","|-immune|p2a: Rotom-Wash|[msg]","|","|turn|26","|","|move|p2a: Rotom-Wash|Will-O-Wisp|p1a: Demolition","|-status|p1a: Demolition|brn","|move|p1a: Demolition|Return|p2a: Rotom-Wash","|-damage|p2a: Rotom-Wash|97/241","|-damage|p1a: Demolition|281/312 brn|[from] item: Life Orb","|","|-damage|p1a: Demolition|242/312 brn|[from] brn","|turn|27","|","|switch|p2a: Zapdos|Zapdos|302/322 tox","|-ability|p2a: Zapdos|Pressure","|move|p1a: Demolition|Return|p2a: Zapdos","|-damage|p2a: Zapdos|186/322 tox","|-damage|p1a: Demolition|211/312 brn|[from] item: Life Orb","|","|-heal|p2a: Zapdos|206/322 tox|[from] item: Leftovers","|-damage|p1a: Demolition|172/312 brn|[from] brn","|-damage|p2a: Zapdos|186/322 tox|[from] psn","|turn|28","|","|switch|p2a: Magnezone|Magnezone|174/300","|-activate|p2a: Magnezone|move: Sticky Web","|-unboost|p2a: Magnezone|spe|1","|move|p1a: Demolition|Return|p2a: Magnezone","|-resisted|p2a: Magnezone","|-damage|p2a: Magnezone|119/300","|-damage|p1a: Demolition|141/312 brn|[from] item: Life Orb","|","|-heal|p2a: Magnezone|137/300|[from] item: Leftovers","|-damage|p1a: Demolition|102/312 brn|[from] brn","|turn|29","|","|move|p2a: Magnezone|Protect|p2a: Magnezone","|-singleturn|p2a: Magnezone|Protect","|move|p1a: Demolition|Fire Punch|p2a: Magnezone","|-activate|p2a: Magnezone|Protect","|","|-heal|p2a: Magnezone|155/300|[from] item: Leftovers","|-damage|p1a: Demolition|63/312 brn|[from] brn","|turn|30","|","|switch|p2a: Rotom-Wash|Rotom-Wash|97/241","|move|p1a: Demolition|Fire Punch|p2a: Rotom-Wash","|-resisted|p2a: Rotom-Wash","|-damage|p2a: Rotom-Wash|61/241","|-damage|p1a: Demolition|32/312 brn|[from] item: Life Orb","|","|-damage|p1a: Demolition|0 fnt|[from] brn","|faint|p1a: Demolition","|","|switch|p1a: Slack King|Slaking, F|442/442","|turn|31","|","|move|p1a: Slack King|Retaliate|p2a: Rotom-Wash","|-damage|p2a: Rotom-Wash|0 fnt","|faint|p2a: Rotom-Wash","|","|","|switch|p2a: Magnezone|Magnezone|155/300","|-activate|p2a: Magnezone|move: Sticky Web","|-unboost|p2a: Magnezone|spe|1","|turn|32","|","|switch|p1a: Cute Blob|Ditto|300/300","|-transform|p1a: Cute Blob|p2a: Magnezone","|move|p2a: Magnezone|Thunderbolt|p1a: Cute Blob","|-resisted|p1a: Cute Blob","|-damage|p1a: Cute Blob|201/300","|","|-heal|p2a: Magnezone|173/300|[from] item: Leftovers","|turn|33","|","|move|p2a: Magnezone|Protect|p2a: Magnezone","|-singleturn|p2a: Magnezone|Protect","|move|p1a: Cute Blob|Thunderbolt|p2a: Magnezone","|-activate|p2a: Magnezone|Protect","|","|-heal|p2a: Magnezone|191/300|[from] item: Leftovers","|turn|34","|","|move|p1a: Cute Blob|Thunderbolt|p2a: Magnezone","|-resisted|p2a: Magnezone","|-damage|p2a: Magnezone|102/300","|move|p2a: Magnezone|Thunderbolt|p1a: Cute Blob","|-resisted|p1a: Cute Blob","|-damage|p1a: Cute Blob|107/300","|","|-heal|p2a: Magnezone|120/300|[from] item: Leftovers","|turn|35","|","|move|p2a: Magnezone|Protect|p2a: Magnezone","|-singleturn|p2a: Magnezone|Protect","|move|p1a: Cute Blob|Thunderbolt|p2a: Magnezone","|-activate|p2a: Magnezone|Protect","|","|-heal|p2a: Magnezone|138/300|[from] item: Leftovers","|turn|36","|","|move|p1a: Cute Blob|Thunderbolt|p2a: Magnezone","|-resisted|p2a: Magnezone","|-damage|p2a: Magnezone|34/300","|move|p2a: Magnezone|Thunderbolt|p1a: Cute Blob","|-resisted|p1a: Cute Blob","|-damage|p1a: Cute Blob|7/300","|","|-heal|p2a: Magnezone|52/300|[from] item: Leftovers","|turn|37","|","|switch|p2a: Ampharos|Ampharos, M|321/321","|-activate|p2a: Ampharos|move: Sticky Web","|-unboost|p2a: Ampharos|spe|1","|move|p1a: Cute Blob|Thunderbolt|p2a: Ampharos","|-resisted|p2a: Ampharos","|-damage|p2a: Ampharos|241/321","|","|turn|38","|","|detailschange|p2a: Ampharos|Ampharos-Mega, M","|-mega|p2a: Ampharos|Ampharos|Ampharosite","|-ability|p2a: Ampharos|Mold Breaker","|-activate|p1a: Cute Blob|move: Struggle","|move|p1a: Cute Blob|Struggle|p2a: Ampharos","|-crit|p2a: Ampharos","|-damage|p2a: Ampharos|212/321","|-damage|p1a: Cute Blob|0 fnt|[from] recoil","|faint|p1a: Cute Blob","|move|p2a: Ampharos|Cotton Guard|p2a: Ampharos","|-boost|p2a: Ampharos|def|3","|","|","|switch|p1a: Slack King|Slaking, F|442/442","|turn|39","|","|move|p1a: Slack King|Retaliate|p2a: Ampharos","|-damage|p2a: Ampharos|97/321","|move|p2a: Ampharos|Rest|p2a: Ampharos","|-status|p2a: Ampharos|slp","|-heal|p2a: Ampharos|321/321 slp|[silent]","|-status|p2a: Ampharos|slp|[from] move: Rest","|","|turn|40","|","|switch|p1a: Corey|Porygon-Z|312/312","|cant|p2a: Ampharos|slp","|move|p2a: Ampharos|Sleep Talk|p2a: Ampharos","|move|p2a: Ampharos|Rest|p2a: Ampharos|[from]Sleep Talk","|-fail|p2a: Ampharos","|","|turn|41","|","|switch|p2a: Magnezone|Magnezone|52/300","|-activate|p2a: Magnezone|move: Sticky Web","|-unboost|p2a: Magnezone|spe|1","|move|p1a: Corey|Nasty Plot|p1a: Corey","|-boost|p1a: Corey|spa|2","|","|-heal|p2a: Magnezone|70/300|[from] item: Leftovers","|turn|42","|","|move|p1a: Corey|Hidden Power|p2a: Magnezone","|-supereffective|p2a: Magnezone","|-damage|p2a: Magnezone|0 fnt","|faint|p2a: Magnezone","|","|","|switch|p2a: Zapdos|Zapdos|186/322 tox","|-ability|p2a: Zapdos|Pressure","|turn|43","|","|move|p1a: Corey|Ice Beam|p2a: Zapdos","|-supereffective|p2a: Zapdos","|-damage|p2a: Zapdos|0 fnt","|faint|p2a: Zapdos","|","|","|switch|p2a: Ampharos|Ampharos-Mega, M|321/321 slp","|-activate|p2a: Ampharos|move: Sticky Web","|-unboost|p2a: Ampharos|spe|1","|-ability|p2a: Ampharos|Mold Breaker","|turn|44","|","|move|p1a: Corey|Ice Beam|p2a: Ampharos","|-supereffective|p2a: Ampharos","|-damage|p2a: Ampharos|0 fnt","|faint|p2a: Ampharos","|","|win|SL~Kingdra"],"p1rating":{"entryid":"7548471","serverid":"eos","formatid":"monotype","userid":"slkingdra","username":"SL~Kingdra","w":9,"l":"5","t":"0","gxe":59.6,"r":"1563.5069421572","rd":"80.50868853356","sigma":"0","rptime":"1439370000","rpr":1574.8596452433,"rprd":78.731712417116,"rpsigma":"0","acre":1168.4868030641,"lacre":1168.4868030641,"oldacre":"1145.7554523678"},"p2rating":{"entryid":"6985408","serverid":"eos","formatid":"monotype","userid":"twizz","username":"Twizz","w":"21","l":33,"t":"0","gxe":40.1,"r":"1432.8419310423","rd":"52.921958509652","sigma":"0","rptime":"1439370000","rpr":1424.0995171997,"rprd":52.019571456204,"rpsigma":"0","acre":1091.4087479373,"lacre":1091.4087479373,"oldacre":"1114.1400986336"},"endType":"normal"}