{"seed":[58530,40813,58124,34815],"turns":24,"p1":"Unravel Sev","p2":"Rain SageHerbs","p1team":[{"name":"Fierce Deity","species":"gallade","item":"galladite","ability":"Steadfast","moves":["swordsdance","knockoff","psychocut","drainpunch"],"nature":"Jolly","evs":{"hp":0,"atk":252,"def":0,"spa":0,"spd":4,"spe":252},"shiny":true,"ivs":{"hp":31,"atk":31,"def":31,"spa":31,"spd":31,"spe":31}},{"name":"Bully","species":"terrakion","item":"choicescarf","ability":"Justified","moves":["stoneedge","earthquake","ironhead","closecombat"],"nature":"Adamant","evs":{"hp":0,"atk":252,"def":0,"spa":0,"spd":4,"spe":252},"shiny":true,"ivs":{"hp":31,"atk":31,"def":31,"spa":31,"spd":31,"spe":31}},{"name":"St.Louis","species":"cobalion","item":"leftovers","ability":"Justified","moves":["taunt","thunderwave","stealthrock","ironhead"],"nature":"Jolly","evs":{"hp":252,"atk":4,"def":0,"spa":0,"spd":0,"spe":252},"shiny":true,"ivs":{"hp":31,"atk":31,"def":31,"spa":31,"spd":31,"spe":31}},{"name":"Maiden Shi","species":"mienshao","item":"lifeorb","ability":"Regenerator","moves":["highjumpkick","uturn","knockoff","poisonjab"],"nature":"Jolly","evs":{"hp":0,"atk":252,"def":0,"spa":0,"spd":4,"spe":252},"gender":"F","shiny":true,"ivs":{"hp":31,"atk":31,"def":31,"spa":31,"spd":31,"spe":31}},{"name":"Haxloom","species":"breloom","item":"focussash","ability":"Technician","moves":["spore","swordsdance","bulletseed","machpunch"],"nature":"Jolly","evs":{"hp":0,"atk":252,"def":0,"spa":0,"spd":4,"spe":252},"gender":"M","shiny":true,"ivs":{"hp":31,"atk":31,"def":31,"spa":31,"spd":31,"spe":31}},{"name":"Hydro","species":"keldeoresolute","item":"choicespecs","ability":"Justified","moves":["scald","hiddenpowerghost","icywind","secretsword"],"nature":"Timid","evs":{"hp":0,"atk":0,"def":0,"spa":252,"spd":4,"spe":252},"ivs":{"hp":31,"atk":31,"def":30,"spa":31,"spd":30,"spe":31},"shiny":true}],"p2team":[{"name":"Weezing","species":"Weezing","item":"blacksludge","ability":"Levitate","moves":["sludgewave","flamethrower","darkpulse","willowisp"],"nature":"Modest","evs":{"hp":252,"atk":0,"def":0,"spa":252,"spd":4,"spe":0},"shiny":true,"ivs":{"hp":31,"atk":31,"def":31,"spa":31,"spd":31,"spe":31}},{"name":"Dragalge","species":"Dragalge","item":"blacksludge","ability":"Adaptability","moves":["dragonpulse","sludgewave","toxicspikes","scald"],"nature":"Modest","evs":{"hp":252,"atk":0,"def":0,"spa":252,"spd":4,"spe":0},"shiny":true,"ivs":{"hp":31,"atk":31,"def":31,"spa":31,"spd":31,"spe":31}},{"name":"Crobat","species":"Crobat","item":"blacksludge","ability":"Infiltrator","moves":["bravebird","superfang","crosspoison","confuseray"],"nature":"Jolly","evs":{"hp":0,"atk":252,"def":0,"spa":0,"spd":4,"spe":252},"ivs":{"hp":31,"atk":31,"def":31,"spa":31,"spd":31,"spe":31}},{"name":"Venusaur","species":"Venusaur","item":"venusaurite","ability":"Chlorophyll","moves":["leechseed","earthquake","gigadrain","sludgebomb"],"nature":"Mild","evs":{"hp":0,"atk":4,"def":0,"spa":252,"spd":0,"spe":252},"shiny":true,"ivs":{"hp":31,"atk":31,"def":31,"spa":31,"spd":31,"spe":31}},{"name":"Drapion","species":"Drapion","item":"razorclaw","ability":"Sniper","moves":["crosspoison","nightslash","earthquake","swordsdance"],"nature":"Adamant","evs":{"hp":248,"atk":252,"def":0,"spa":0,"spd":8,"spe":0},"ivs":{"hp":31,"atk":31,"def":31,"spa":31,"spd":31,"spe":31}},{"name":"Scolipede","species":"Scolipede","item":"lifeorb","ability":"Speed Boost","moves":["megahorn","poisonjab","earthquake","protect"],"nature":"Adamant","evs":{"hp":0,"atk":252,"def":0,"spa":0,"spd":4,"spe":252},"shiny":true,"ivs":{"hp":31,"atk":31,"def":31,"spa":31,"spd":31,"spe":31}}],"log":["|player|p1|Unravel Sev|148","|player|p2|Rain SageHerbs|154","|gametype|singles","|gen|6","|tier|Monotype","|rated","|rule|Baton Pass Clause: Limit one Baton Passer, can't pass Spe and other stats simultaneously","|rule|Swagger Clause: Swagger is banned","|rule|Same Type Clause: Pokémon in a team must share a type","|clearpoke","|poke|p1|Gallade, M, shiny","|poke|p1|Terrakion, shiny","|poke|p1|Cobalion, shiny","|poke|p1|Mienshao, F, shiny","|poke|p1|Breloom, M, shiny","|poke|p1|Keldeo-Resolute, shiny","|poke|p2|Weezing, M, shiny","|poke|p2|Dragalge, M, shiny","|poke|p2|Crobat, M","|poke|p2|Venusaur, F, shiny","|poke|p2|Drapion, M","|poke|p2|Scolipede, F, shiny","|rule|Sleep Clause Mod: Limit one foe put to sleep","|rule|Species Clause: Limit one of each Pokémon","|rule|OHKO Clause: OHKO moves are banned","|rule|Moody Clause: Moody is banned","|rule|Evasion Moves Clause: Evasion moves are banned","|rule|Endless Battle Clause: Forcing endless battles is banned","|rule|HP Percentage Mod: HP is shown in percentages","|teampreview","|","|start","|switch|p1a: St.Louis|Cobalion, shiny|386/386","|switch|p2a: Venusaur|Venusaur, F, shiny|301/301","|turn|1","|","|detailschange|p2a: Venusaur|Venusaur-Mega, F, shiny","|-mega|p2a: Venusaur|Venusaur|Venusaurite","|move|p1a: St.Louis|Taunt|p2a: Venusaur","|-start|p2a: Venusaur|move: Taunt","|cant|p2a: Venusaur|move: Taunt|Leech Seed","|","|turn|2","|","|switch|p2a: Dragalge|Dragalge, M, shiny|334/334","|move|p1a: St.Louis|Thunder Wave|p2a: Dragalge","|-status|p2a: Dragalge|par","|","|turn|3","|","|move|p1a: St.Louis|Iron Head|p2a: Dragalge","|-damage|p2a: Dragalge|235/334 par","|cant|p2a: Dragalge|flinch","|","|-heal|p2a: Dragalge|255/334 par|[from] item: Black Sludge","|turn|4","|","|switch|p2a: Weezing|Weezing, M, shiny|334/334","|move|p1a: St.Louis|Iron Head|p2a: Weezing","|-damage|p2a: Weezing|261/334","|","|-heal|p2a: Weezing|281/334|[from] item: Black Sludge","|turn|5","|","|move|p1a: St.Louis|Taunt|p2a: Weezing","|-start|p2a: Weezing|move: Taunt","|cant|p2a: Weezing|move: Taunt|Will-O-Wisp","|","|-heal|p2a: Weezing|301/334|[from] item: Black Sludge","|turn|6","|","|move|p1a: St.Louis|Stealth Rock|p2a: Weezing","|-sidestart|p2: Rain SageHerbs|move: Stealth Rock","|move|p2a: Weezing|Flamethrower|p1a: St.Louis","|-supereffective|p1a: St.Louis","|-damage|p1a: St.Louis|164/386","|","|-heal|p1a: St.Louis|188/386|[from] item: Leftovers","|-heal|p2a: Weezing|321/334|[from] item: Black Sludge","|turn|7","|","|switch|p1a: Fierce Deity|Gallade, M, shiny|277/277","|move|p2a: Weezing|Flamethrower|p1a: Fierce Deity","|-damage|p1a: Fierce Deity|192/277","|","|-heal|p2a: Weezing|334/334|[from] item: Black Sludge","|-end|p2a: Weezing|move: Taunt","|turn|8","|","|switch|p1a: Hydro|Keldeo-Resolute, shiny|323/323","|switch|p2a: Drapion|Drapion, M|343/343","|-damage|p2a: Drapion|301/343|[from] Stealth Rock","|","|turn|9","|","|move|p1a: Hydro|Scald|p2a: Drapion","|-damage|p2a: Drapion|33/343","|-status|p2a: Drapion|brn","|move|p2a: Drapion|Cross Poison|p1a: Hydro","|-crit|p1a: Hydro","|-damage|p1a: Hydro|191/323","|","|-damage|p2a: Drapion|0 fnt|[from] brn","|faint|p2a: Drapion","|","|switch|p2a: Scolipede|Scolipede, F, shiny|261/261","|-damage|p2a: Scolipede|196/261|[from] Stealth Rock","|turn|10","|","|switch|p1a: St.Louis|Cobalion, shiny|188/386","|move|p2a: Scolipede|Protect|p2a: Scolipede","|-fail|p2a: Scolipede","|","|-heal|p1a: St.Louis|212/386|[from] item: Leftovers","|-boost|p2a: Scolipede|spe|1|[from] ability: Speed Boost","|turn|11","|","|move|p2a: Scolipede|Earthquake|p1a: St.Louis","|-supereffective|p1a: St.Louis","|-damage|p1a: St.Louis|0 fnt","|-damage|p2a: Scolipede|170/261|[from] item: Life Orb","|faint|p1a: St.Louis","|","|-boost|p2a: Scolipede|spe|1|[from] ability: Speed Boost","|","|switch|p1a: Haxloom|Breloom, M, shiny|261/261","|turn|12","|","|switch|p2a: Weezing|Weezing, M, shiny|334/334","|-damage|p2a: Weezing|293/334|[from] Stealth Rock","|move|p1a: Haxloom|Spore|p2a: Weezing","|-status|p2a: Weezing|slp","|","|-heal|p2a: Weezing|313/334 slp|[from] item: Black Sludge","|turn|13","|","|switch|p1a: Fierce Deity|Gallade, M, shiny|192/277","|switch|p2a: Venusaur|Venusaur-Mega, F, shiny|301/301","|-damage|p2a: Venusaur|264/301|[from] Stealth Rock","|","|turn|14","|","|detailschange|p1a: Fierce Deity|Gallade-Mega, M, shiny","|-mega|p1a: Fierce Deity|Gallade|Galladite","|move|p1a: Fierce Deity|Swords Dance|p1a: Fierce Deity","|-boost|p1a: Fierce Deity|atk|2","|move|p2a: Venusaur|Leech Seed|p1a: Fierce Deity","|-start|p1a: Fierce Deity|move: Leech Seed","|","|-damage|p1a: Fierce Deity|158/277|[from] Leech Seed|[of] p2a: Venusaur","|-heal|p2a: Venusaur|298/301|[silent]","|turn|15","|","|switch|p2a: Dragalge|Dragalge, M, shiny|255/334 par","|-damage|p2a: Dragalge|214/334 par|[from] Stealth Rock","|move|p1a: Fierce Deity|Psycho Cut|p2a: Dragalge","|-supereffective|p2a: Dragalge","|-damage|p2a: Dragalge|0 fnt","|faint|p2a: Dragalge","|","|","|switch|p2a: Scolipede|Scolipede, F, shiny|170/261","|-damage|p2a: Scolipede|105/261|[from] Stealth Rock","|turn|16","|","|switch|p1a: Hydro|Keldeo-Resolute, shiny|191/323","|move|p2a: Scolipede|Protect|p2a: Scolipede","|-fail|p2a: Scolipede","|","|-boost|p2a: Scolipede|spe|1|[from] ability: Speed Boost","|turn|17","|","|move|p2a: Scolipede|Poison Jab|p1a: Hydro","|-damage|p1a: Hydro|6/323","|-status|p1a: Hydro|psn","|-damage|p2a: Scolipede|79/261|[from] item: Life Orb","|move|p1a: Hydro|Scald|p2a: Scolipede","|-damage|p2a: Scolipede|0 fnt","|faint|p2a: Scolipede","|","|-damage|p1a: Hydro|0 fnt|[from] psn","|faint|p1a: Hydro","|","|switch|p1a: Bully|Terrakion, shiny|323/323","|switch|p2a: Weezing|Weezing, M, shiny|313/334 slp","|-damage|p2a: Weezing|272/334 slp|[from] Stealth Rock","|turn|18","|","|switch|p1a: Fierce Deity|Gallade-Mega, M, shiny|158/277","|cant|p2a: Weezing|slp","|","|-heal|p2a: Weezing|292/334 slp|[from] item: Black Sludge","|turn|19","|","|move|p1a: Fierce Deity|Psycho Cut|p2a: Weezing","|-crit|p2a: Weezing","|-supereffective|p2a: Weezing","|-damage|p2a: Weezing|0 fnt","|faint|p2a: Weezing","|","|","|switch|p2a: Crobat|Crobat, M|311/311","|-damage|p2a: Crobat|234/311|[from] Stealth Rock","|turn|20","|","|switch|p1a: Haxloom|Breloom, M, shiny|261/261","|move|p2a: Crobat|Brave Bird|p1a: Haxloom","|-supereffective|p1a: Haxloom","|-enditem|p1a: Haxloom|Focus Sash","|-damage|p1a: Haxloom|1/261","|-damage|p2a: Crobat|148/311|[from] recoil|[of] p1a: Haxloom","|","|-heal|p2a: Crobat|167/311|[from] item: Black Sludge","|turn|21","|","|move|p1a: Haxloom|Mach Punch|p2a: Crobat","|-resisted|p2a: Crobat","|-damage|p2a: Crobat|137/311","|move|p2a: Crobat|Super Fang|p1a: Haxloom","|-damage|p1a: Haxloom|0 fnt","|faint|p1a: Haxloom","|","|-heal|p2a: Crobat|156/311|[from] item: Black Sludge","|","|switch|p1a: Bully|Terrakion, shiny|323/323","|turn|22","|","|switch|p2a: Venusaur|Venusaur-Mega, F, shiny|298/301","|-damage|p2a: Venusaur|261/301|[from] Stealth Rock","|move|p1a: Bully|Stone Edge|p2a: Venusaur","|-damage|p2a: Venusaur|74/301","|","|turn|23","|","|move|p1a: Bully|Stone Edge|p2a: Venusaur","|-damage|p2a: Venusaur|0 fnt","|faint|p2a: Venusaur","|","|","|switch|p2a: Crobat|Crobat, M|156/311","|-damage|p2a: Crobat|79/311|[from] Stealth Rock","|turn|24","|","|move|p1a: Bully|Stone Edge|p2a: Crobat","|-crit|p2a: Crobat","|-supereffective|p2a: Crobat","|-damage|p2a: Crobat|0 fnt","|faint|p2a: Crobat","|","|win|Unravel Sev"],"p1rating":{"entryid":7592926,"formatid":"monotype","userid":"unravelsev","username":"Unravel Sev","r":1500,"rd":130,"sigma":0,"rpr":1540.1606143388,"rprd":122.8583080769,"rpsigma":0,"rptime":1439370000,"w":1,"l":0,"t":0,"gxe":55,"acre":1044.6044952353,"lacre":1044.6044952353,"oldacre":1000},"p2rating":{"entryid":"7585786","serverid":"eos","formatid":"monotype","userid":"rainsageherbs","username":"Rain SageHerbs","w":"1","l":2,"t":"0","gxe":46.8,"r":"1500","rd":"130","sigma":"0","rptime":"1439370000","rpr":1474.3387145812,"rprd":110.66234334339,"rpsigma":"0","acre":1022.3016048845,"lacre":1022.3016048845,"oldacre":"1040.1722076032"},"endType":"normal"}