{"seed":[38196,64583,29056,51159],"turns":25,"p1":"Rain ☆ sidious","p2":"Desolate Nightmare","p1team":[{"name":"Cresselia","species":"Cresselia","item":"leftovers","ability":"Levitate","moves":["lunardance","thunderwave","psychic","magiccoat"],"nature":"Calm","evs":{"hp":132,"atk":0,"def":120,"spa":4,"spd":252,"spe":0},"shiny":true,"ivs":{"hp":31,"atk":31,"def":31,"spa":31,"spd":31,"spe":31}},{"name":"Victini","species":"Victini","item":"choicescarf","ability":"Victory Star","moves":["flareblitz","boltstrike","uturn","facade"],"nature":"Jolly","evs":{"hp":0,"atk":252,"def":0,"spa":0,"spd":4,"spe":252},"ivs":{"hp":31,"atk":31,"def":31,"spa":31,"spd":31,"spe":31}},{"name":"Starmie","species":"Starmie","item":"lifeorb","ability":"Analytic","moves":["rapidspin","psyshock","hydropump","icebeam"],"nature":"Timid","evs":{"hp":0,"atk":0,"def":0,"spa":252,"spd":4,"spe":252},"ivs":{"hp":31,"atk":31,"def":31,"spa":31,"spd":31,"spe":31}},{"name":"Gardevoir","species":"Gardevoir","item":"gardevoirite","ability":"Trace","moves":["hypervoice","psyshock","substitute","focusblast"],"nature":"Modest","evs":{"hp":0,"atk":0,"def":0,"spa":252,"spd":4,"spe":252},"ivs":{"hp":31,"atk":31,"def":31,"spa":31,"spd":31,"spe":31}},{"name":"Gallade","species":"Gallade","item":"assaultvest","ability":"Justified","moves":["drainpunch","earthquake","icepunch","firepunch"],"nature":"Jolly","evs":{"hp":0,"atk":252,"def":0,"spa":0,"spd":4,"spe":252},"ivs":{"hp":31,"atk":31,"def":31,"spa":31,"spd":31,"spe":31}},{"name":"Azelf","species":"Azelf","item":"lifeorb","ability":"Levitate","moves":["dazzlinggleam","fireblast","psyshock","nastyplot"],"nature":"Timid","evs":{"hp":0,"atk":0,"def":0,"spa":252,"spd":4,"spe":252},"ivs":{"hp":31,"atk":31,"def":31,"spa":31,"spd":31,"spe":31}}],"p2team":[{"name":"Zeus","species":"thundurus","item":"lifeorb","ability":"Prankster","moves":["grassknot","thunderwave","knockoff","thunderbolt"],"nature":"Hasty","evs":{"hp":104,"atk":0,"def":0,"spa":152,"spd":0,"spe":252},"ivs":{"hp":31,"atk":30,"def":31,"spa":30,"spd":31,"spe":31},"shiny":true},{"name":"Washing Machine","species":"rotomwash","item":"leftovers","ability":"Levitate","moves":["painsplit","willowisp","hiddenpowergrass","hydropump"],"nature":"Bold","evs":{"hp":252,"atk":0,"def":252,"spa":4,"spd":0,"spe":0},"ivs":{"hp":31,"atk":30,"def":31,"spa":30,"spd":31,"spe":31}},{"name":"Trans-Ampharos","species":"ampharos","item":"ampharosite","ability":"Static","moves":["voltswitch","dragonpulse","rest","sleeptalk"],"nature":"Calm","evs":{"hp":248,"atk":0,"def":120,"spa":0,"spd":140,"spe":0},"ivs":{"hp":31,"atk":31,"def":31,"spa":31,"spd":31,"spe":31}},{"name":"Shoes in Spanish","species":"zapdos","item":"leftovers","ability":"Pressure","moves":["thunderbolt","heatwave","roost","toxic"],"nature":"Calm","evs":{"hp":252,"atk":0,"def":0,"spa":4,"spd":252,"spe":0},"shiny":true,"ivs":{"hp":31,"atk":31,"def":31,"spa":31,"spd":31,"spe":31}},{"name":"Static Popeye","species":"electivire","item":"expertbelt","ability":"Motor Drive","moves":["thunderbolt","crosschop","flamethrower","earthquake"],"nature":"Hasty","evs":{"hp":0,"atk":20,"def":0,"spa":232,"spd":4,"spe":252},"shiny":true,"ivs":{"hp":31,"atk":31,"def":31,"spa":31,"spd":31,"spe":31}},{"name":"Sputnik","species":"magnezone","item":"choicescarf","ability":"Magnet Pull","moves":["thunderbolt","voltswitch","flashcannon","hiddenpowerice"],"nature":"Timid","evs":{"hp":4,"atk":0,"def":0,"spa":252,"spd":0,"spe":252},"ivs":{"hp":31,"atk":30,"def":30,"spa":31,"spd":31,"spe":31}}],"log":["|player|p1|Rain ☆ sidious|285","|player|p2|Desolate Nightmare|167","|gametype|singles","|gen|6","|tier|Monotype","|rated","|rule|Baton Pass Clause: Limit one Baton Passer, can't pass Spe and other stats simultaneously","|rule|Swagger Clause: Swagger is banned","|rule|Same Type Clause: Pokémon in a team must share a type","|clearpoke","|poke|p1|Cresselia, F, shiny","|poke|p1|Victini","|poke|p1|Starmie","|poke|p1|Gardevoir, M","|poke|p1|Gallade, M","|poke|p1|Azelf","|poke|p2|Thundurus, M, shiny","|poke|p2|Rotom-Wash","|poke|p2|Ampharos, F","|poke|p2|Zapdos, shiny","|poke|p2|Electivire, M, shiny","|poke|p2|Magnezone","|rule|Sleep Clause Mod: Limit one foe put to sleep","|rule|Species Clause: Limit one of each Pokémon","|rule|OHKO Clause: OHKO moves are banned","|rule|Moody Clause: Moody is banned","|rule|Evasion Moves Clause: Evasion moves are banned","|rule|Endless Battle Clause: Forcing endless battles is banned","|rule|HP Percentage Mod: HP is shown in percentages","|teampreview","|","|start","|switch|p1a: Azelf|Azelf|291/291","|switch|p2a: Sputnik|Magnezone|282/282","|turn|1","|","|move|p1a: Azelf|Fire Blast|p2a: Sputnik","|-supereffective|p2a: Sputnik","|-damage|p2a: Sputnik|0 fnt","|-damage|p1a: Azelf|262/291|[from] item: Life Orb","|faint|p2a: Sputnik","|","|","|switch|p2a: Trans-Ampharos|Ampharos, F|383/383","|turn|2","|","|detailschange|p2a: Trans-Ampharos|Ampharos-Mega, F","|-mega|p2a: Trans-Ampharos|Ampharos|Ampharosite","|-ability|p2a: Trans-Ampharos|Mold Breaker","|move|p1a: Azelf|Nasty Plot|p1a: Azelf","|-boost|p1a: Azelf|spa|2","|move|p2a: Trans-Ampharos|Dragon Pulse|p1a: Azelf","|-damage|p1a: Azelf|52/291","|","|turn|3","|","|move|p1a: Azelf|Dazzling Gleam|p2a: Trans-Ampharos","|-supereffective|p2a: Trans-Ampharos","|-damage|p2a: Trans-Ampharos|35/383","|-damage|p1a: Azelf|23/291|[from] item: Life Orb","|move|p2a: Trans-Ampharos|Dragon Pulse|p1a: Azelf","|-damage|p1a: Azelf|0 fnt","|faint|p1a: Azelf","|","|","|switch|p1a: Victini|Victini|341/341","|turn|4","|","|switch|p2a: Washing Machine|Rotom-Wash|304/304","|move|p1a: Victini|U-turn|p2a: Washing Machine","|-damage|p2a: Washing Machine|256/304","|","|switch|p1a: Gardevoir|Gardevoir, M|277/277","|-ability|p1a: Gardevoir|Levitate|[from] ability: Trace|[of] p2a: Washing Machine","|","|-heal|p2a: Washing Machine|275/304|[from] item: Leftovers","|turn|5","|","|detailschange|p1a: Gardevoir|Gardevoir-Mega, M","|-mega|p1a: Gardevoir|Gardevoir|Gardevoirite","|move|p1a: Gardevoir|Substitute|p1a: Gardevoir","|-start|p1a: Gardevoir|Substitute","|-damage|p1a: Gardevoir|208/277","|move|p2a: Washing Machine|Will-O-Wisp|p1a: Gardevoir","|-fail|p1a: Gardevoir","|","|-heal|p2a: Washing Machine|294/304|[from] item: Leftovers","|turn|6","|","|move|p1a: Gardevoir|Hyper Voice|p2a: Washing Machine","|-damage|p2a: Washing Machine|51/304","|move|p2a: Washing Machine|Hydro Pump|p1a: Gardevoir","|-end|p1a: Gardevoir|Substitute","|","|-heal|p2a: Washing Machine|70/304|[from] item: Leftovers","|turn|7","|","|move|p1a: Gardevoir|Hyper Voice|p2a: Washing Machine","|-damage|p2a: Washing Machine|0 fnt","|faint|p2a: Washing Machine","|","|","|switch|p2a: Zeus|Thundurus, M, shiny|325/325","|turn|8","|","|move|p2a: Zeus|Thunderbolt|p1a: Gardevoir","|-damage|p1a: Gardevoir|68/277","|-damage|p2a: Zeus|293/325|[from] item: Life Orb","|move|p1a: Gardevoir|Hyper Voice|p2a: Zeus","|-damage|p2a: Zeus|0 fnt","|faint|p2a: Zeus","|","|","|switch|p2a: Static Popeye|Electivire, M, shiny|291/291","|turn|9","|","|move|p2a: Static Popeye|Earthquake|p1a: Gardevoir","|-damage|p1a: Gardevoir|0 fnt","|faint|p1a: Gardevoir","|","|","|switch|p1a: Gallade|Gallade, M|277/277","|turn|10","|","|switch|p2a: Trans-Ampharos|Ampharos-Mega, F|35/383","|-ability|p2a: Trans-Ampharos|Mold Breaker","|move|p1a: Gallade|Earthquake|p2a: Trans-Ampharos","|-supereffective|p2a: Trans-Ampharos","|-damage|p2a: Trans-Ampharos|0 fnt","|faint|p2a: Trans-Ampharos","|","|","|switch|p2a: Shoes in Spanish|Zapdos, shiny|384/384","|-ability|p2a: Shoes in Spanish|Pressure","|turn|11","|","|move|p1a: Gallade|Ice Punch|p2a: Shoes in Spanish","|-supereffective|p2a: Shoes in Spanish","|-damage|p2a: Shoes in Spanish|190/384","|move|p2a: Shoes in Spanish|Heat Wave|p1a: Gallade","|-damage|p1a: Gallade|223/277","|","|-heal|p2a: Shoes in Spanish|214/384|[from] item: Leftovers","|turn|12","|","|move|p1a: Gallade|Ice Punch|p2a: Shoes in Spanish","|-supereffective|p2a: Shoes in Spanish","|-damage|p2a: Shoes in Spanish|14/384","|move|p2a: Shoes in Spanish|Roost|p2a: Shoes in Spanish","|-heal|p2a: Shoes in Spanish|206/384","|","|-heal|p2a: Shoes in Spanish|230/384|[from] item: Leftovers","|turn|13","|","|move|p1a: Gallade|Ice Punch|p2a: Shoes in Spanish","|-supereffective|p2a: Shoes in Spanish","|-damage|p2a: Shoes in Spanish|30/384","|move|p2a: Shoes in Spanish|Roost|p2a: Shoes in Spanish","|-heal|p2a: Shoes in Spanish|222/384","|","|-heal|p2a: Shoes in Spanish|246/384|[from] item: Leftovers","|turn|14","|","|move|p1a: Gallade|Ice Punch|p2a: Shoes in Spanish","|-supereffective|p2a: Shoes in Spanish","|-damage|p2a: Shoes in Spanish|44/384","|move|p2a: Shoes in Spanish|Roost|p2a: Shoes in Spanish","|-heal|p2a: Shoes in Spanish|236/384","|","|-heal|p2a: Shoes in Spanish|260/384|[from] item: Leftovers","|turn|15","|","|move|p1a: Gallade|Ice Punch|p2a: Shoes in Spanish","|-supereffective|p2a: Shoes in Spanish","|-damage|p2a: Shoes in Spanish|66/384","|move|p2a: Shoes in Spanish|Roost|p2a: Shoes in Spanish","|-heal|p2a: Shoes in Spanish|258/384","|","|-heal|p2a: Shoes in Spanish|282/384|[from] item: Leftovers","|turn|16","|","|move|p1a: Gallade|Ice Punch|p2a: Shoes in Spanish","|-supereffective|p2a: Shoes in Spanish","|-damage|p2a: Shoes in Spanish|90/384","|move|p2a: Shoes in Spanish|Roost|p2a: Shoes in Spanish","|-heal|p2a: Shoes in Spanish|282/384","|","|-heal|p2a: Shoes in Spanish|306/384|[from] item: Leftovers","|turn|17","|","|move|p1a: Gallade|Ice Punch|p2a: Shoes in Spanish","|-supereffective|p2a: Shoes in Spanish","|-damage|p2a: Shoes in Spanish|120/384","|move|p2a: Shoes in Spanish|Roost|p2a: Shoes in Spanish","|-heal|p2a: Shoes in Spanish|312/384","|","|-heal|p2a: Shoes in Spanish|336/384|[from] item: Leftovers","|turn|18","|","|move|p1a: Gallade|Ice Punch|p2a: Shoes in Spanish","|-supereffective|p2a: Shoes in Spanish","|-damage|p2a: Shoes in Spanish|140/384","|move|p2a: Shoes in Spanish|Roost|p2a: Shoes in Spanish","|-heal|p2a: Shoes in Spanish|332/384","|","|-heal|p2a: Shoes in Spanish|356/384|[from] item: Leftovers","|turn|19","|","|move|p1a: Gallade|Ice Punch|p2a: Shoes in Spanish","|-supereffective|p2a: Shoes in Spanish","|-damage|p2a: Shoes in Spanish|162/384","|move|p2a: Shoes in Spanish|Roost|p2a: Shoes in Spanish","|-heal|p2a: Shoes in Spanish|354/384","|","|-heal|p2a: Shoes in Spanish|378/384|[from] item: Leftovers","|turn|20","|","|switch|p1a: Victini|Victini|341/341","|move|p2a: Shoes in Spanish|Roost|p2a: Shoes in Spanish","|-heal|p2a: Shoes in Spanish|384/384","|","|turn|21","|","|switch|p2a: Static Popeye|Electivire, M, shiny|291/291","|move|p1a: Victini|Flare Blitz|p2a: Static Popeye","|-damage|p2a: Static Popeye|18/291","|-damage|p1a: Victini|251/341|[from] recoil|[of] p2a: Static Popeye","|","|turn|22","|","|move|p1a: Victini|Flare Blitz|p2a: Static Popeye","|-crit|p2a: Static Popeye","|-damage|p2a: Static Popeye|0 fnt","|-damage|p1a: Victini|245/341|[from] recoil|[of] p2a: Static Popeye","|faint|p2a: Static Popeye","|","|","|switch|p2a: Shoes in Spanish|Zapdos, shiny|384/384","|-ability|p2a: Shoes in Spanish|Pressure","|turn|23","|","|move|p1a: Victini|Flare Blitz|p2a: Shoes in Spanish","|-damage|p2a: Shoes in Spanish|197/384","|-damage|p1a: Victini|183/341|[from] recoil|[of] p2a: Shoes in Spanish","|move|p2a: Shoes in Spanish|Thunderbolt|p1a: Victini","|-damage|p1a: Victini|63/341","|","|-heal|p2a: Shoes in Spanish|221/384|[from] item: Leftovers","|turn|24","|","|move|p1a: Victini|Flare Blitz|p2a: Shoes in Spanish","|-damage|p2a: Shoes in Spanish|25/384","|-damage|p1a: Victini|0 fnt|[from] recoil|[of] p2a: Shoes in Spanish","|faint|p1a: Victini","|move|p2a: Shoes in Spanish|Roost|p2a: Shoes in Spanish","|-heal|p2a: Shoes in Spanish|217/384","|","|-heal|p2a: Shoes in Spanish|241/384|[from] item: Leftovers","|","|switch|p1a: Starmie|Starmie|261/261","|turn|25","|","|move|p1a: Starmie|Ice Beam|p2a: Shoes in Spanish","|-crit|p2a: Shoes in Spanish","|-supereffective|p2a: Shoes in Spanish","|-damage|p2a: Shoes in Spanish|0 fnt","|-damage|p1a: Starmie|235/261|[from] item: Life Orb","|faint|p2a: Shoes in Spanish","|","|win|Rain ☆ sidious"],"p1rating":{"entryid":"6395890","serverid":"eos","formatid":"monotype","userid":"rainsidious","username":"Rain ☆ sidious","w":52,"l":"66","t":"0","gxe":45.6,"r":"1461.4125486051","rd":"42.245722569773","sigma":"0","rptime":"1439370000","rpr":1466.6167837622,"rprd":41.403941783991,"rpsigma":"0","acre":1121.1159727867,"lacre":1121.1159727867,"oldacre":"1100.6779208469"},"p2rating":{"entryid":"6455140","serverid":"eos","formatid":"monotype","userid":"desolatenightmare","username":"Desolate Nightmare","w":"16","l":26,"t":"0","gxe":39,"r":"1431.1440766025","rd":"59.970784680814","sigma":"0","rptime":"1439370000","rpr":1414.8094468639,"rprd":58.423332659437,"rpsigma":"0","acre":1023.9019271895,"lacre":1023.9019271895,"oldacre":"1036.5605004024"},"endType":"normal"}