{"seed":[33051,36520,51623,57613],"turns":20,"p1":"Rain ☆ Hoot","p2":"Rytíř temnoty","p1team":[{"name":"Aerodactyl","species":"Aerodactyl","item":"lifeorb","ability":"Pressure","moves":["aerialace","stoneedge","earthquake","taunt"],"nature":"Jolly","evs":{"hp":0,"atk":252,"def":0,"spa":0,"spd":4,"spe":252},"ivs":{"hp":31,"atk":31,"def":31,"spa":31,"spd":31,"spe":31}},{"name":"Diancie","species":"Diancie","item":"diancite","ability":"Clear Body","moves":["diamondstorm","moonblast","earthpower","protect"],"nature":"Serious","evs":{"hp":0,"atk":4,"def":0,"spa":252,"spd":0,"spe":252},"ivs":{"hp":31,"atk":31,"def":31,"spa":31,"spd":31,"spe":31}},{"name":"Shuckle","species":"Shuckle","item":"leftovers","ability":"Sturdy","moves":["stickyweb","stealthrock","toxic","infestation"],"nature":"Calm","evs":{"hp":252,"atk":0,"def":0,"spa":4,"spd":252,"spe":0},"ivs":{"hp":31,"atk":31,"def":31,"spa":31,"spd":31,"spe":31}},{"name":"Golem","species":"Golem","item":"weaknesspolicy","ability":"Sturdy","moves":["earthquake","rockblast","suckerpunch","rockpolish"],"nature":"Adamant","evs":{"hp":0,"atk":252,"def":0,"spa":0,"spd":4,"spe":252},"ivs":{"hp":31,"atk":31,"def":31,"spa":31,"spd":31,"spe":31}},{"name":"Aurorus","species":"Aurorus","item":"assaultvest","ability":"Refrigerate","moves":["hypervoice","freezedry","darkpulse","mirrorcoat"],"nature":"Modest","evs":{"hp":248,"atk":0,"def":0,"spa":252,"spd":8,"spe":0},"ivs":{"hp":31,"atk":31,"def":31,"spa":31,"spd":31,"spe":31}},{"name":"Carracosta","species":"Carracosta","item":"leftovers","ability":"Solid Rock","moves":["curse","aquajet","rest","lowkick"],"nature":"Adamant","evs":{"hp":252,"atk":88,"def":164,"spa":0,"spd":4,"spe":0},"ivs":{"hp":31,"atk":31,"def":31,"spa":31,"spd":31,"spe":31}}],"p2team":[{"name":"Hippowdon","species":"Hippowdon","item":"leftovers","ability":"Sand Stream","moves":["earthquake","toxic","whirlwind","stealthrock"],"nature":"Impish","evs":{"hp":252,"atk":4,"def":140,"spa":0,"spd":112,"spe":0},"ivs":{"hp":31,"atk":31,"def":31,"spa":31,"spd":31,"spe":31}},{"name":"Quagsire","species":"Quagsire","item":"leftovers","ability":"Unaware","moves":["recover","scald","stockpile","toxic"],"nature":"Bold","evs":{"hp":252,"atk":0,"def":120,"spa":0,"spd":136,"spe":0},"ivs":{"hp":31,"atk":31,"def":31,"spa":31,"spd":31,"spe":31}},{"name":"Excadrill","species":"Excadrill","item":"lifeorb","ability":"Sand Rush","moves":["ironhead","earthquake","rockslide","swordsdance"],"nature":"Adamant","evs":{"hp":0,"atk":252,"def":0,"spa":0,"spd":4,"spe":252},"ivs":{"hp":31,"atk":31,"def":31,"spa":31,"spd":31,"spe":31}},{"name":"Garchomp","species":"Garchomp","item":"garchompite","ability":"Rough Skin","moves":["swordsdance","dragonclaw","poisonjab","earthquake"],"nature":"Jolly","evs":{"hp":0,"atk":252,"def":0,"spa":0,"spd":4,"spe":252},"ivs":{"hp":31,"atk":31,"def":31,"spa":31,"spd":31,"spe":31}},{"name":"Gastrodon","species":"Gastrodon","item":"leftovers","ability":"Storm Drain","moves":["earthpower","scald","recover","toxic"],"nature":"Calm","evs":{"hp":252,"atk":0,"def":52,"spa":4,"spd":200,"spe":0},"ivs":{"hp":31,"atk":31,"def":31,"spa":31,"spd":31,"spe":31}},{"name":"Diggersby","species":"Diggersby","item":"lifeorb","ability":"Huge Power","moves":["earthquake","frustration","quickattack","swordsdance"],"nature":"Jolly","evs":{"hp":0,"atk":252,"def":0,"spa":0,"spd":4,"spe":252},"happiness":0,"ivs":{"hp":31,"atk":31,"def":31,"spa":31,"spd":31,"spe":31}}],"log":["|player|p1|Rain ☆ Hoot|2","|player|p2|Rytíř temnoty|161","|gametype|singles","|gen|6","|tier|Monotype","|rated","|rule|Baton Pass Clause: Limit one Baton Passer, can't pass Spe and other stats simultaneously","|rule|Swagger Clause: Swagger is banned","|rule|Same Type Clause: Pokémon in a team must share a type","|clearpoke","|poke|p1|Aerodactyl, M","|poke|p1|Diancie","|poke|p1|Shuckle, M","|poke|p1|Golem, F","|poke|p1|Aurorus, F","|poke|p1|Carracosta, F","|poke|p2|Hippowdon, M","|poke|p2|Quagsire, F","|poke|p2|Excadrill, M","|poke|p2|Garchomp, M","|poke|p2|Gastrodon, M","|poke|p2|Diggersby, F","|rule|Sleep Clause Mod: Limit one foe put to sleep","|rule|Species Clause: Limit one of each Pokémon","|rule|OHKO Clause: OHKO moves are banned","|rule|Moody Clause: Moody is banned","|rule|Evasion Moves Clause: Evasion moves are banned","|rule|Endless Battle Clause: Forcing endless battles is banned","|rule|HP Percentage Mod: HP is shown in percentages","|teampreview","|","|start","|switch|p1a: Shuckle|Shuckle, M|244/244","|switch|p2a: Hippowdon|Hippowdon, M|420/420","|-weather|Sandstorm","|turn|1","|","|move|p2a: Hippowdon|Stealth Rock|p1a: Shuckle","|-sidestart|p1: Rain ☆ Hoot|move: Stealth Rock","|move|p1a: Shuckle|Infestation|p2a: Hippowdon","|-damage|p2a: Hippowdon|413/420","|-activate|p2a: Hippowdon|move: Infestation|[of] p1a: Shuckle","|","|-weather|Sandstorm|[upkeep]","|-heal|p2a: Hippowdon|420/420|[from] item: Leftovers","|-damage|p2a: Hippowdon|368/420|[from] move: Infestation|[partiallytrapped]","|turn|2","|","|move|p2a: Hippowdon|Toxic|p1a: Shuckle","|-status|p1a: Shuckle|tox","|move|p1a: Shuckle|Toxic|p2a: Hippowdon","|-status|p2a: Hippowdon|tox","|","|-weather|Sandstorm|[upkeep]","|-heal|p2a: Hippowdon|394/420 tox|[from] item: Leftovers","|-damage|p2a: Hippowdon|368/420 tox|[from] psn","|-damage|p1a: Shuckle|229/244 tox|[from] psn","|-damage|p2a: Hippowdon|316/420 tox|[from] move: Infestation|[partiallytrapped]","|turn|3","|","|move|p1a: Shuckle|Sticky Web|p2a: Hippowdon","|-sidestart|p2: Rytíř temnoty|move: Sticky Web","|move|p2a: Hippowdon|Whirlwind|p1a: Shuckle","|drag|p1a: Golem|Golem, F|301/301","|-damage|p1a: Golem|283/301|[from] Stealth Rock","|","|-weather|Sandstorm|[upkeep]","|-heal|p2a: Hippowdon|342/420 tox|[from] item: Leftovers","|-damage|p2a: Hippowdon|290/420 tox|[from] psn","|turn|4","|","|move|p1a: Golem|Earthquake|p2a: Hippowdon","|-damage|p2a: Hippowdon|163/420 tox","|move|p2a: Hippowdon|Earthquake|p1a: Golem","|-supereffective|p1a: Golem","|-damage|p1a: Golem|85/301","|-enditem|p1a: Golem|Weakness Policy","|-boost|p1a: Golem|atk|2|[from] item: Weakness Policy","|-boost|p1a: Golem|spa|2|[from] item: Weakness Policy","|","|-weather|Sandstorm|[upkeep]","|-heal|p2a: Hippowdon|189/420 tox|[from] item: Leftovers","|-damage|p2a: Hippowdon|111/420 tox|[from] psn","|turn|5","|","|move|p1a: Golem|Earthquake|p2a: Hippowdon","|-damage|p2a: Hippowdon|0 fnt","|faint|p2a: Hippowdon","|","|-weather|none","|","|switch|p2a: Quagsire|Quagsire, F|394/394","|-activate|p2a: Quagsire|move: Sticky Web","|-unboost|p2a: Quagsire|spe|1","|turn|6","|","|move|p1a: Golem|Earthquake|p2a: Quagsire","|-damage|p2a: Quagsire|219/394","|move|p2a: Quagsire|Scald|p1a: Golem","|-supereffective|p1a: Golem","|-damage|p1a: Golem|0 fnt","|faint|p1a: Golem","|","|-heal|p2a: Quagsire|243/394|[from] item: Leftovers","|","|switch|p1a: Shuckle|Shuckle, M|229/244 tox","|-damage|p1a: Shuckle|168/244 tox|[from] Stealth Rock","|turn|7","|","|switch|p2a: Excadrill|Excadrill, M|361/361","|-activate|p2a: Excadrill|move: Sticky Web","|-unboost|p2a: Excadrill|spe|1","|move|p1a: Shuckle|Stealth Rock|p2a: Excadrill","|-sidestart|p2: Rytíř temnoty|move: Stealth Rock","|","|-heal|p1a: Shuckle|183/244 tox|[from] item: Leftovers","|-damage|p1a: Shuckle|168/244 tox|[from] psn","|turn|8","|","|move|p2a: Excadrill|Iron Head|p1a: Shuckle","|-supereffective|p1a: Shuckle","|-damage|p1a: Shuckle|0 fnt","|-damage|p2a: Excadrill|325/361|[from] item: Life Orb","|faint|p1a: Shuckle","|","|","|switch|p1a: Aerodactyl|Aerodactyl, M|301/301","|-damage|p1a: Aerodactyl|226/301|[from] Stealth Rock","|-ability|p1a: Aerodactyl|Pressure","|turn|9","|","|move|p1a: Aerodactyl|Earthquake|p2a: Excadrill","|-supereffective|p2a: Excadrill","|-damage|p2a: Excadrill|0 fnt","|-damage|p1a: Aerodactyl|196/301|[from] item: Life Orb","|faint|p2a: Excadrill","|","|","|switch|p2a: Quagsire|Quagsire, F|243/394","|-activate|p2a: Quagsire|move: Sticky Web","|-unboost|p2a: Quagsire|spe|1","|-damage|p2a: Quagsire|219/394|[from] Stealth Rock","|turn|10","|","|move|p1a: Aerodactyl|Taunt|p2a: Quagsire","|-start|p2a: Quagsire|move: Taunt","|cant|p2a: Quagsire|move: Taunt|Recover","|","|-heal|p2a: Quagsire|243/394|[from] item: Leftovers","|turn|11","|","|move|p1a: Aerodactyl|Aerial Ace|p2a: Quagsire","|-damage|p2a: Quagsire|130/394","|-damage|p1a: Aerodactyl|166/301|[from] item: Life Orb","|move|p2a: Quagsire|Scald|p1a: Aerodactyl","|-supereffective|p1a: Aerodactyl","|-damage|p1a: Aerodactyl|8/301","|","|-heal|p2a: Quagsire|154/394|[from] item: Leftovers","|turn|12","|","|switch|p2a: Garchomp|Garchomp, M|357/357","|-damage|p2a: Garchomp|335/357|[from] Stealth Rock","|-activate|p2a: Garchomp|move: Sticky Web","|-unboost|p2a: Garchomp|spe|1","|move|p1a: Aerodactyl|Aerial Ace|p2a: Garchomp","|-damage|p2a: Garchomp|213/357","|-damage|p1a: Aerodactyl|0 fnt|[from] ability: Rough Skin|[of] p2a: Garchomp","|faint|p1a: Aerodactyl","|","|","|switch|p1a: Diancie|Diancie|241/241","|-damage|p1a: Diancie|211/241|[from] Stealth Rock","|turn|13","|","|detailschange|p2a: Garchomp|Garchomp-Mega, M","|-mega|p2a: Garchomp|Garchomp|Garchompite","|detailschange|p1a: Diancie|Diancie-Mega","|-mega|p1a: Diancie|Diancie|Diancite","|move|p1a: Diancie|Protect|p1a: Diancie","|-singleturn|p1a: Diancie|Protect","|move|p2a: Garchomp|Earthquake|p1a: Diancie","|-activate|p1a: Diancie|Protect","|","|turn|14","|","|move|p1a: Diancie|Moonblast|p2a: Garchomp","|-supereffective|p2a: Garchomp","|-damage|p2a: Garchomp|0 fnt","|faint|p2a: Garchomp","|","|","|switch|p2a: Gastrodon|Gastrodon, M|426/426","|-damage|p2a: Gastrodon|400/426|[from] Stealth Rock","|-activate|p2a: Gastrodon|move: Sticky Web","|-unboost|p2a: Gastrodon|spe|1","|turn|15","|","|move|p1a: Diancie|Moonblast|p2a: Gastrodon","|-damage|p2a: Gastrodon|244/426","|move|p2a: Gastrodon|Scald|p1a: Diancie","|-supereffective|p1a: Diancie","|-damage|p1a: Diancie|59/241","|-status|p1a: Diancie|brn","|","|-heal|p2a: Gastrodon|270/426|[from] item: Leftovers","|-damage|p1a: Diancie|29/241 brn|[from] brn","|turn|16","|","|move|p1a: Diancie|Moonblast|p2a: Gastrodon","|-damage|p2a: Gastrodon|108/426","|move|p2a: Gastrodon|Recover|p2a: Gastrodon","|-heal|p2a: Gastrodon|321/426","|","|-heal|p2a: Gastrodon|347/426|[from] item: Leftovers","|-damage|p1a: Diancie|0 fnt|[from] brn","|faint|p1a: Diancie","|","|switch|p1a: Aurorus|Aurorus, F|449/449","|-damage|p1a: Aurorus|337/449|[from] Stealth Rock","|turn|17","|","|move|p1a: Aurorus|Freeze-Dry|p2a: Gastrodon","|-supereffective|p2a: Gastrodon","|-damage|p2a: Gastrodon|0 fnt","|faint|p2a: Gastrodon","|","|","|switch|p2a: Diggersby|Diggersby, F|311/311","|-activate|p2a: Diggersby|move: Sticky Web","|-unboost|p2a: Diggersby|spe|1","|-damage|p2a: Diggersby|292/311|[from] Stealth Rock","|turn|18","|","|switch|p1a: Carracosta|Carracosta, F|352/352","|-damage|p1a: Carracosta|308/352|[from] Stealth Rock","|move|p2a: Diggersby|Earthquake|p1a: Carracosta","|-supereffective|p1a: Carracosta","|-damage|p1a: Carracosta|19/352","|-damage|p2a: Diggersby|261/311|[from] item: Life Orb","|","|-heal|p1a: Carracosta|41/352|[from] item: Leftovers","|turn|19","|","|move|p1a: Carracosta|Aqua Jet|p2a: Diggersby","|-supereffective|p2a: Diggersby","|-damage|p2a: Diggersby|105/311","|move|p2a: Diggersby|Earthquake|p1a: Carracosta","|-crit|p1a: Carracosta","|-supereffective|p1a: Carracosta","|-damage|p1a: Carracosta|0 fnt","|-damage|p2a: Diggersby|74/311|[from] item: Life Orb","|faint|p1a: Carracosta","|","|","|switch|p1a: Aurorus|Aurorus, F|337/449","|-damage|p1a: Aurorus|225/449|[from] Stealth Rock","|turn|20","|","|move|p2a: Diggersby|Earthquake|p1a: Aurorus","|-supereffective|p1a: Aurorus","|-damage|p1a: Aurorus|0 fnt","|-damage|p2a: Diggersby|43/311|[from] item: Life Orb","|faint|p1a: Aurorus","|","|win|Rytíř temnoty"],"p1rating":{"entryid":"7558745","serverid":"eos","formatid":"monotype","userid":"rainhoot","username":"Rain Hoot","w":"7","l":8,"t":"0","gxe":47.6,"r":1497.0566631562,"rd":77.92455428703,"sigma":"0","rptime":1439370000,"rpr":1481.6875786085,"rprd":76.301934671875,"rpsigma":"0","acre":1056.7051384039,"lacre":1056.7051384039,"oldacre":"1084.8836579078"},"p2rating":{"entryid":7587924,"formatid":"monotype","userid":"ryttemnoty","username":"Rytíř temnoty","r":1500,"rd":130,"sigma":0,"rpr":1540.1606143388,"rprd":122.8583080769,"rpsigma":0,"rptime":1439370000,"w":1,"l":0,"t":0,"gxe":55,"acre":1049.5826840939,"lacre":1049.5826840939,"oldacre":1000},"endType":"normal"}