{"seed":[14126,48629,64567,1741],"turns":40,"p1":"V JZB","p2":"Crystal Ore","p1team":[{"name":"Charm","species":"froslass","item":"focussash","ability":"Cursed Body","moves":["thunderwave","spikes","shadowball","attract"],"nature":"Timid","evs":{"hp":4,"atk":0,"def":0,"spa":252,"spd":0,"spe":252},"ivs":{"hp":31,"atk":31,"def":31,"spa":31,"spd":31,"spe":31}},{"name":"Tutankhamun","species":"cofagrigus","item":"leftovers","ability":"Mummy","moves":["painsplit","willowisp","hex","knockoff"],"nature":"Bold","evs":{"hp":168,"atk":0,"def":224,"spa":0,"spd":116,"spe":0},"gender":"M","ivs":{"hp":31,"atk":31,"def":31,"spa":31,"spd":31,"spe":31}},{"name":"Jelli","species":"jellicent","item":"leftovers","ability":"Cursed Body","moves":["icebeam","scald","taunt","recover"],"nature":"Calm","evs":{"hp":216,"atk":0,"def":136,"spa":0,"spd":112,"spe":44},"gender":"F","shiny":true,"ivs":{"hp":31,"atk":31,"def":31,"spa":31,"spd":31,"spe":31}},{"name":"Golurk","species":"Golurk","item":"assaultvest","ability":"No Guard","moves":["drainpunch","earthquake","stoneedge","dynamicpunch"],"nature":"Adamant","evs":{"hp":136,"atk":104,"def":112,"spa":0,"spd":156,"spe":0},"ivs":{"hp":31,"atk":31,"def":31,"spa":31,"spd":31,"spe":31}},{"name":"Chesire","species":"gengar","item":"focussash","ability":"Levitate","moves":["dazzlinggleam","sludgewave","shadowball","thunderbolt"],"nature":"Timid","evs":{"hp":4,"atk":0,"def":0,"spa":252,"spd":0,"spe":252},"gender":"M","shiny":true,"ivs":{"hp":31,"atk":31,"def":31,"spa":31,"spd":31,"spe":31}},{"name":"Claymore","species":"aegislash","item":"weaknesspolicy","ability":"Stance Change","moves":["shadowsneak","flashcannon","sacredsword","kingsshield"],"nature":"Sassy","evs":{"hp":168,"atk":0,"def":88,"spa":0,"spd":252,"spe":0},"gender":"M","shiny":true,"ivs":{"hp":31,"atk":31,"def":31,"spa":31,"spd":31,"spe":31}}],"p2team":[{"name":"Sturdy Horns","species":"aggron","item":"aggronite","ability":"Sturdy","moves":["heavyslam","sleeptalk","rest","curse"],"nature":"Impish","evs":{"hp":248,"atk":0,"def":0,"spa":0,"spd":72,"spe":0},"ivs":{"hp":31,"atk":31,"def":31,"spa":31,"spd":31,"spe":31}},{"name":"I Luv Sucking","species":"cradily","item":"leftovers","ability":"Storm Drain","moves":["toxic","gigadrain","stealthrock","recover"],"nature":"Calm","evs":{"hp":248,"atk":0,"def":0,"spa":8,"spd":252,"spe":0},"ivs":{"hp":31,"atk":31,"def":31,"spa":31,"spd":31,"spe":31}},{"name":"Drillionare","species":"rhyperior","item":"lifeorb","ability":"Solid Rock","moves":["earthquake","smackdown","firepunch","poisonjab"],"nature":"Adamant","evs":{"hp":252,"atk":252,"def":0,"spa":0,"spd":4,"spe":0},"ivs":{"hp":31,"atk":31,"def":31,"spa":31,"spd":31,"spe":31}},{"name":"Bitch Fest","species":"archeops","item":"powerherb","ability":"Defeatist","moves":["heatwave","skyattack","acrobatics","stoneedge"],"nature":"Hasty","evs":{"hp":0,"atk":252,"def":0,"spa":4,"spd":0,"spe":252},"ivs":{"hp":31,"atk":31,"def":31,"spa":31,"spd":31,"spe":31}},{"name":"Cinco de Bull","species":"terrakion","item":"babiriberry","ability":"Justified","moves":["smackdown","closecombat","earthquake","ironhead"],"nature":"Jolly","evs":{"hp":0,"atk":252,"def":0,"spa":0,"spd":4,"spe":252},"ivs":{"hp":31,"atk":31,"def":31,"spa":31,"spd":31,"spe":31}},{"name":"No evolutions","species":"shuckle","item":"mentalherb","ability":"Sturdy","moves":["stealthrock","stickyweb","infestation","toxic"],"nature":"Calm","evs":{"hp":248,"atk":0,"def":0,"spa":8,"spd":252,"spe":0},"ivs":{"hp":31,"atk":31,"def":31,"spa":31,"spd":31,"spe":31}}],"log":["|player|p1|V JZB|154","|player|p2|Crystal Ore|169","|gametype|singles","|gen|6","|tier|Monotype","|rated","|rule|Baton Pass Clause: Limit one Baton Passer, can't pass Spe and other stats simultaneously","|rule|Swagger Clause: Swagger is banned","|rule|Same Type Clause: Pokémon in a team must share a type","|clearpoke","|poke|p1|Froslass, F","|poke|p1|Cofagrigus, M","|poke|p1|Jellicent, F, shiny","|poke|p1|Golurk","|poke|p1|Gengar, M, shiny","|poke|p1|Aegislash, M, shiny","|poke|p2|Aggron, F","|poke|p2|Cradily, F","|poke|p2|Rhyperior, F","|poke|p2|Archeops, F","|poke|p2|Terrakion","|poke|p2|Shuckle, M","|rule|Sleep Clause Mod: Limit one foe put to sleep","|rule|Species Clause: Limit one of each Pokémon","|rule|OHKO Clause: OHKO moves are banned","|rule|Moody Clause: Moody is banned","|rule|Evasion Moves Clause: Evasion moves are banned","|rule|Endless Battle Clause: Forcing endless battles is banned","|rule|HP Percentage Mod: HP is shown in percentages","|teampreview","|","|start","|switch|p1a: Charm|Froslass, F|282/282","|switch|p2a: No evolutions|Shuckle, M|243/243","|turn|1","|","|move|p1a: Charm|Attract|p2a: No evolutions","|-start|p2a: No evolutions|Attract","|-enditem|p2a: No evolutions|Mental Herb","|-end|p2a: No evolutions|Attract|[silent]","|-end|p2a: No evolutions|move: Attract|[from] item: Mental Herb","|move|p2a: No evolutions|Sticky Web|p1a: Charm","|-sidestart|p1: V JZB|move: Sticky Web","|","|turn|2","|","|move|p1a: Charm|Attract|p2a: No evolutions","|-start|p2a: No evolutions|Attract","|-activate|p2a: No evolutions|Attract|[of] p1a: Charm","|cant|p2a: No evolutions|Attract","|","|turn|3","|","|move|p1a: Charm|Thunder Wave|p2a: No evolutions","|-status|p2a: No evolutions|par","|-activate|p2a: No evolutions|Attract|[of] p1a: Charm","|move|p2a: No evolutions|Stealth Rock|p1a: Charm","|-sidestart|p1: V JZB|move: Stealth Rock","|","|turn|4","|","|move|p1a: Charm|Spikes|p2a: No evolutions","|-sidestart|p2: Crystal Ore|Spikes","|-activate|p2a: No evolutions|Attract|[of] p1a: Charm","|move|p2a: No evolutions|Toxic|p1a: Charm","|-status|p1a: Charm|tox","|","|-damage|p1a: Charm|265/282 tox|[from] psn","|turn|5","|","|switch|p2a: Sturdy Horns|Aggron, F|343/343","|-damage|p2a: Sturdy Horns|301/343|[from] Spikes","|move|p1a: Charm|Spikes|p2a: Sturdy Horns","|-sidestart|p2: Crystal Ore|Spikes","|","|-damage|p1a: Charm|231/282 tox|[from] psn","|turn|6","|","|detailschange|p2a: Sturdy Horns|Aggron-Mega, F","|-mega|p2a: Sturdy Horns|Aggron|Aggronite","|move|p1a: Charm|Spikes|p2a: Sturdy Horns","|-sidestart|p2: Crystal Ore|Spikes","|move|p2a: Sturdy Horns|Curse|p2a: Sturdy Horns","|-unboost|p2a: Sturdy Horns|spe|1","|-boost|p2a: Sturdy Horns|atk|1","|-boost|p2a: Sturdy Horns|def|1","|","|-damage|p1a: Charm|180/282 tox|[from] psn","|turn|7","|","|switch|p1a: Tutankhamun|Cofagrigus, M|299/299","|-damage|p1a: Tutankhamun|262/299|[from] Stealth Rock","|-activate|p1a: Tutankhamun|move: Sticky Web","|-unboost|p1a: Tutankhamun|spe|1","|move|p2a: Sturdy Horns|Heavy Slam|p1a: Tutankhamun","|-damage|p1a: Tutankhamun|93/299","|-activate|p1a: Tutankhamun|ability: Mummy|filter|[of] p2a: Sturdy Horns","|","|-heal|p1a: Tutankhamun|111/299|[from] item: Leftovers","|turn|8","|","|move|p2a: Sturdy Horns|Heavy Slam|p1a: Tutankhamun","|-damage|p1a: Tutankhamun|0 fnt","|faint|p1a: Tutankhamun","|","|","|switch|p1a: Claymore|Aegislash, M, shiny|303/303","|-damage|p1a: Claymore|285/303|[from] Stealth Rock","|-activate|p1a: Claymore|move: Sticky Web","|-unboost|p1a: Claymore|spe|1","|turn|9","|","|switch|p2a: I Luv Sucking|Cradily, F|375/375","|-damage|p2a: I Luv Sucking|282/375|[from] Spikes","|-formechange|p1a: Claymore|Aegislash-Blade","|move|p1a: Claymore|Sacred Sword|p2a: I Luv Sucking","|-supereffective|p2a: I Luv Sucking","|-damage|p2a: I Luv Sucking|88/375","|","|-heal|p2a: I Luv Sucking|111/375|[from] item: Leftovers","|turn|10","|","|move|p2a: I Luv Sucking|Giga Drain|p1a: Claymore","|-resisted|p1a: Claymore","|-damage|p1a: Claymore|247/303","|-heal|p2a: I Luv Sucking|130/375|[from] drain|[of] p1a: Claymore","|move|p1a: Claymore|Sacred Sword|p2a: I Luv Sucking","|-supereffective|p2a: I Luv Sucking","|-damage|p2a: I Luv Sucking|0 fnt","|faint|p2a: I Luv Sucking","|","|","|switch|p2a: Drillionare|Rhyperior, F|434/434","|-damage|p2a: Drillionare|326/434|[from] Spikes","|turn|11","|","|-formechange|p1a: Claymore|Aegislash","|move|p1a: Claymore|King's Shield|p1a: Claymore","|-singleturn|p1a: Claymore|Protect","|move|p2a: Drillionare|Smack Down|p1a: Claymore","|-activate|p1a: Claymore|Protect","|","|turn|12","|","|move|p2a: Drillionare|Smack Down|p1a: Claymore","|-resisted|p1a: Claymore","|-damage|p1a: Claymore|199/303","|-damage|p2a: Drillionare|283/434|[from] item: Life Orb","|-formechange|p1a: Claymore|Aegislash-Blade","|move|p1a: Claymore|Flash Cannon|p2a: Drillionare","|-supereffective|p2a: Drillionare","|-damage|p2a: Drillionare|0 fnt","|faint|p2a: Drillionare","|","|","|switch|p2a: Bitch Fest|Archeops, F|291/291","|turn|13","|","|-formechange|p1a: Claymore|Aegislash","|move|p1a: Claymore|King's Shield|p1a: Claymore","|-singleturn|p1a: Claymore|Protect","|move|p2a: Bitch Fest|Heat Wave|p1a: Claymore","|-activate|p1a: Claymore|Protect","|","|turn|14","|","|switch|p1a: Jelli|Jellicent, F, shiny|395/395","|-damage|p1a: Jelli|346/395|[from] Stealth Rock","|-activate|p1a: Jelli|move: Sticky Web","|-unboost|p1a: Jelli|spe|1","|move|p2a: Bitch Fest|Heat Wave|p1a: Jelli","|-resisted|p1a: Jelli","|-damage|p1a: Jelli|314/395","|-start|p2a: Bitch Fest|Disable|Heat Wave","|","|-heal|p1a: Jelli|338/395|[from] item: Leftovers","|turn|15","|","|move|p2a: Bitch Fest|Sky Attack|p1a: Jelli|[still]","|-prepare|p2a: Bitch Fest|Sky Attack|p1a: Jelli","|-enditem|p2a: Bitch Fest|Power Herb","|-anim|p2a: Bitch Fest|Sky Attack|p1a: Jelli","|-damage|p1a: Jelli|59/395","|cant|p1a: Jelli|flinch","|","|-heal|p1a: Jelli|83/395|[from] item: Leftovers","|turn|16","|","|move|p2a: Bitch Fest|Acrobatics|p1a: Jelli","|-damage|p1a: Jelli|0 fnt","|faint|p1a: Jelli","|","|","|switch|p1a: Golurk|Golurk|353/353","|-damage|p1a: Golurk|331/353|[from] Stealth Rock","|-activate|p1a: Golurk|move: Sticky Web","|-unboost|p1a: Golurk|spe|1","|turn|17","|","|move|p2a: Bitch Fest|Acrobatics|p1a: Golurk","|-damage|p1a: Golurk|100/353","|move|p1a: Golurk|Stone Edge|p2a: Bitch Fest","|-supereffective|p2a: Bitch Fest","|-damage|p2a: Bitch Fest|0 fnt","|faint|p2a: Bitch Fest","|","|","|switch|p2a: Cinco de Bull|Terrakion|323/323","|-damage|p2a: Cinco de Bull|243/323|[from] Spikes","|turn|18","|","|switch|p1a: Charm|Froslass, F|180/282 tox","|-damage|p1a: Charm|110/282 tox|[from] Stealth Rock","|-activate|p1a: Charm|move: Sticky Web","|-unboost|p1a: Charm|spe|1","|move|p2a: Cinco de Bull|Earthquake|p1a: Charm","|-damage|p1a: Charm|0 fnt","|faint|p1a: Charm","|","|","|switch|p1a: Chesire|Gengar, M, shiny|262/262","|-damage|p1a: Chesire|230/262|[from] Stealth Rock","|turn|19","|","|switch|p2a: No evolutions|Shuckle, M|243/243 par","|-damage|p2a: No evolutions|183/243 par|[from] Spikes","|move|p1a: Chesire|Shadow Ball|p2a: No evolutions","|-damage|p2a: No evolutions|126/243 par","|","|turn|20","|","|move|p1a: Chesire|Shadow Ball|p2a: No evolutions","|-damage|p2a: No evolutions|74/243 par","|move|p2a: No evolutions|Infestation|p1a: Chesire","|-resisted|p1a: Chesire","|-damage|p1a: Chesire|229/262","|-activate|p1a: Chesire|move: Infestation|[of] p2a: No evolutions","|","|-damage|p1a: Chesire|197/262|[from] move: Infestation|[partiallytrapped]","|turn|21","|","|switch|p1a: Claymore|Aegislash, M, shiny|199/303","|-damage|p1a: Claymore|181/303|[from] Stealth Rock","|-activate|p1a: Claymore|move: Sticky Web","|-unboost|p1a: Claymore|spe|1","|move|p2a: No evolutions|Infestation|p1a: Claymore","|-resisted|p1a: Claymore","|-damage|p1a: Claymore|180/303","|-activate|p1a: Claymore|move: Infestation|[of] p2a: No evolutions","|","|-damage|p1a: Claymore|143/303|[from] move: Infestation|[partiallytrapped]","|turn|22","|","|-formechange|p1a: Claymore|Aegislash-Blade","|move|p1a: Claymore|Sacred Sword|p2a: No evolutions","|-damage|p2a: No evolutions|24/243 par","|move|p2a: No evolutions|Infestation|p1a: Claymore","|-resisted|p1a: Claymore","|-damage|p1a: Claymore|142/303","|","|-damage|p1a: Claymore|105/303|[from] move: Infestation|[partiallytrapped]","|turn|23","|","|move|p1a: Claymore|Flash Cannon|p2a: No evolutions","|-supereffective|p2a: No evolutions","|-damage|p2a: No evolutions|0 fnt","|faint|p2a: No evolutions","|","|","|switch|p2a: Sturdy Horns|Aggron-Mega, F|301/343","|-damage|p2a: Sturdy Horns|216/343|[from] Spikes","|turn|24","|","|-formechange|p1a: Claymore|Aegislash","|move|p1a: Claymore|King's Shield|p1a: Claymore","|-singleturn|p1a: Claymore|Protect","|move|p2a: Sturdy Horns|Curse|p2a: Sturdy Horns","|-unboost|p2a: Sturdy Horns|spe|1","|-boost|p2a: Sturdy Horns|atk|1","|-boost|p2a: Sturdy Horns|def|1","|","|turn|25","|","|-formechange|p1a: Claymore|Aegislash-Blade","|move|p1a: Claymore|Sacred Sword|p2a: Sturdy Horns","|-supereffective|p2a: Sturdy Horns","|-damage|p2a: Sturdy Horns|147/343","|move|p2a: Sturdy Horns|Heavy Slam|p1a: Claymore","|-resisted|p1a: Claymore","|-damage|p1a: Claymore|0 fnt","|faint|p1a: Claymore","|","|","|switch|p1a: Golurk|Golurk|100/353","|-activate|p1a: Golurk|move: Sticky Web","|-unboost|p1a: Golurk|spe|1","|-damage|p1a: Golurk|78/353|[from] Stealth Rock","|turn|26","|","|move|p1a: Golurk|Drain Punch|p2a: Sturdy Horns","|-supereffective|p2a: Sturdy Horns","|-damage|p2a: Sturdy Horns|110/343","|-heal|p1a: Golurk|97/353|[from] drain|[of] p2a: Sturdy Horns","|move|p2a: Sturdy Horns|Rest|p2a: Sturdy Horns","|-status|p2a: Sturdy Horns|slp","|-heal|p2a: Sturdy Horns|343/343 slp|[silent]","|-status|p2a: Sturdy Horns|slp|[from] move: Rest","|","|turn|27","|","|move|p1a: Golurk|Dynamic Punch|p2a: Sturdy Horns","|-supereffective|p2a: Sturdy Horns","|-damage|p2a: Sturdy Horns|292/343 slp","|-start|p2a: Sturdy Horns|confusion","|cant|p2a: Sturdy Horns|slp","|-activate|p2a: Sturdy Horns|confusion","|move|p2a: Sturdy Horns|Sleep Talk|p2a: Sturdy Horns","|move|p2a: Sturdy Horns|Rest|p2a: Sturdy Horns|[from]Sleep Talk","|-fail|p2a: Sturdy Horns","|","|turn|28","|","|move|p1a: Golurk|Drain Punch|p2a: Sturdy Horns","|-supereffective|p2a: Sturdy Horns","|-damage|p2a: Sturdy Horns|252/343 slp","|-heal|p1a: Golurk|117/353|[from] drain|[of] p2a: Sturdy Horns","|cant|p2a: Sturdy Horns|slp","|-activate|p2a: Sturdy Horns|confusion","|-damage|p2a: Sturdy Horns|232/343 slp|[from] confusion","|","|turn|29","|","|move|p1a: Golurk|Drain Punch|p2a: Sturdy Horns","|-supereffective|p2a: Sturdy Horns","|-damage|p2a: Sturdy Horns|192/343 slp","|-heal|p1a: Golurk|137/353|[from] drain|[of] p2a: Sturdy Horns","|-curestatus|p2a: Sturdy Horns|slp","|-end|p2a: Sturdy Horns|confusion","|move|p2a: Sturdy Horns|Curse|p2a: Sturdy Horns","|-unboost|p2a: Sturdy Horns|spe|1","|-boost|p2a: Sturdy Horns|atk|1","|-boost|p2a: Sturdy Horns|def|1","|","|turn|30","|","|move|p1a: Golurk|Dynamic Punch|p2a: Sturdy Horns","|-supereffective|p2a: Sturdy Horns","|-damage|p2a: Sturdy Horns|158/343","|-start|p2a: Sturdy Horns|confusion","|-activate|p2a: Sturdy Horns|confusion","|move|p2a: Sturdy Horns|Rest|p2a: Sturdy Horns","|-status|p2a: Sturdy Horns|slp","|-heal|p2a: Sturdy Horns|343/343 slp|[silent]","|-status|p2a: Sturdy Horns|slp|[from] move: Rest","|","|turn|31","|","|move|p1a: Golurk|Drain Punch|p2a: Sturdy Horns","|-supereffective|p2a: Sturdy Horns","|-damage|p2a: Sturdy Horns|313/343 slp","|-heal|p1a: Golurk|152/353|[from] drain|[of] p2a: Sturdy Horns","|cant|p2a: Sturdy Horns|slp","|-activate|p2a: Sturdy Horns|confusion","|move|p2a: Sturdy Horns|Sleep Talk|p2a: Sturdy Horns","|move|p2a: Sturdy Horns|Heavy Slam|p1a: Golurk|[from]Sleep Talk","|-damage|p1a: Golurk|20/353","|","|turn|32","|","|move|p1a: Golurk|Earthquake|p2a: Sturdy Horns","|-supereffective|p2a: Sturdy Horns","|-damage|p2a: Sturdy Horns|262/343 slp","|cant|p2a: Sturdy Horns|slp","|-end|p2a: Sturdy Horns|confusion","|move|p2a: Sturdy Horns|Sleep Talk|p2a: Sturdy Horns","|move|p2a: Sturdy Horns|Rest|p2a: Sturdy Horns|[from]Sleep Talk","|-fail|p2a: Sturdy Horns","|","|turn|33","|","|move|p1a: Golurk|Dynamic Punch|p2a: Sturdy Horns","|-supereffective|p2a: Sturdy Horns","|-damage|p2a: Sturdy Horns|223/343 slp","|-start|p2a: Sturdy Horns|confusion","|-curestatus|p2a: Sturdy Horns|slp","|-activate|p2a: Sturdy Horns|confusion","|move|p2a: Sturdy Horns|Sleep Talk|p2a: Sturdy Horns","|-fail|p2a: Sturdy Horns","|","|turn|34","|","|move|p1a: Golurk|Drain Punch|p2a: Sturdy Horns","|-supereffective|p2a: Sturdy Horns","|-damage|p2a: Sturdy Horns|193/343","|-heal|p1a: Golurk|35/353|[from] drain|[of] p2a: Sturdy Horns","|-activate|p2a: Sturdy Horns|confusion","|-damage|p2a: Sturdy Horns|174/343|[from] confusion","|","|turn|35","|","|move|p1a: Golurk|Earthquake|p2a: Sturdy Horns","|-supereffective|p2a: Sturdy Horns","|-damage|p2a: Sturdy Horns|120/343","|-activate|p2a: Sturdy Horns|confusion","|-damage|p2a: Sturdy Horns|102/343|[from] confusion","|","|turn|36","|","|move|p1a: Golurk|Earthquake|p2a: Sturdy Horns","|-supereffective|p2a: Sturdy Horns","|-damage|p2a: Sturdy Horns|44/343","|-end|p2a: Sturdy Horns|confusion","|move|p2a: Sturdy Horns|Rest|p2a: Sturdy Horns","|-status|p2a: Sturdy Horns|slp","|-heal|p2a: Sturdy Horns|343/343 slp|[silent]","|-status|p2a: Sturdy Horns|slp|[from] move: Rest","|","|turn|37","|","|move|p1a: Golurk|Dynamic Punch|p2a: Sturdy Horns","|-supereffective|p2a: Sturdy Horns","|-damage|p2a: Sturdy Horns|306/343 slp","|-start|p2a: Sturdy Horns|confusion","|cant|p2a: Sturdy Horns|slp","|-activate|p2a: Sturdy Horns|confusion","|move|p2a: Sturdy Horns|Sleep Talk|p2a: Sturdy Horns","|move|p2a: Sturdy Horns|Heavy Slam|p1a: Golurk|[from]Sleep Talk","|-damage|p1a: Golurk|0 fnt","|faint|p1a: Golurk","|","|","|switch|p1a: Chesire|Gengar, M, shiny|197/262","|-damage|p1a: Chesire|165/262|[from] Stealth Rock","|turn|38","|","|move|p1a: Chesire|Shadow Ball|p2a: Sturdy Horns","|-damage|p2a: Sturdy Horns|155/343 slp","|cant|p2a: Sturdy Horns|slp","|","|turn|39","|","|move|p1a: Chesire|Shadow Ball|p2a: Sturdy Horns","|-crit|p2a: Sturdy Horns","|-damage|p2a: Sturdy Horns|0 fnt","|faint|p2a: Sturdy Horns","|","|","|switch|p2a: Cinco de Bull|Terrakion|243/323","|-damage|p2a: Cinco de Bull|163/323|[from] Spikes","|turn|40","|","|move|p1a: Chesire|Dazzling Gleam|p2a: Cinco de Bull","|-supereffective|p2a: Cinco de Bull","|-damage|p2a: Cinco de Bull|0 fnt","|faint|p2a: Cinco de Bull","|","|win|V JZB"],"p1rating":{"entryid":"7547388","serverid":"eos","formatid":"monotype","userid":"vjzb","username":"V JZB - ⓕⓞⓡⓐⓢⓔⓒ","w":1,"l":"1","t":"0","gxe":50,"r":1460.3313483387,"rd":122.22701797113,"sigma":"0","rptime":1439370000,"rpr":1500.1006569046,"rprd":116.29653213746,"rpsigma":"0","acre":1040,"lacre":1040,"oldacre":"1000"},"p2rating":{"entryid":7588723,"formatid":"monotype","userid":"crystalore","username":"Crystal Ore","r":1500,"rd":130,"sigma":0,"rpr":1459.8393856612,"rprd":122.8583080769,"rpsigma":0,"rptime":1439370000,"w":0,"l":1,"t":0,"gxe":45,"acre":1000,"lacre":1000,"oldacre":1000},"endType":"normal"}