{"seed":[5570,15910,7287,56171],"turns":34,"p1":"ItsHotAsHellInHell","p2":"Guard Darkrai","p1team":[{"name":"Honchkrow","species":"Honchkrow","item":"lifeorb","ability":"Moxie","moves":["bravebird","suckerpunch","heatwave","hiddenpowergrass"],"nature":"Hasty","evs":{"hp":0,"atk":252,"def":0,"spa":4,"spd":0,"spe":252},"ivs":{"hp":31,"atk":30,"def":31,"spa":30,"spd":31,"spe":31}},{"name":"Hoopa-Unbound","species":"Hoopa-Unbound","item":"choiceband","ability":"Magician","moves":["drainpunch","firepunch","gunkshot","hyperspacefury"],"nature":"Adamant","evs":{"hp":248,"atk":252,"def":0,"spa":0,"spd":8,"spe":0},"ivs":{"hp":31,"atk":31,"def":31,"spa":31,"spd":31,"spe":31}},{"name":"Mandibuzz","species":"Mandibuzz","item":"leftovers","ability":"Overcoat","moves":["taunt","knockoff","roost","whirlwind"],"nature":"Impish","evs":{"hp":252,"atk":4,"def":252,"spa":0,"spd":0,"spe":0},"ivs":{"hp":31,"atk":31,"def":31,"spa":31,"spd":31,"spe":31}},{"name":"Sableye","species":"Sableye","item":"leftovers","ability":"Prankster","moves":["nastyplot","shadowball","willowisp","recover"],"nature":"Calm","evs":{"hp":252,"atk":0,"def":0,"spa":4,"spd":252,"spe":0},"ivs":{"hp":31,"atk":31,"def":31,"spa":31,"spd":31,"spe":31}},{"name":"Houndoom","species":"Houndoom","item":"houndoominite","ability":"Flash Fire","moves":["darkpulse","flamethrower","sludgebomb","shadowball"],"nature":"Timid","evs":{"hp":0,"atk":0,"def":0,"spa":252,"spd":4,"spe":252},"ivs":{"hp":31,"atk":31,"def":31,"spa":31,"spd":31,"spe":31}},{"name":"Malamar","species":"Malamar","item":"lifeorb","ability":"Contrary","moves":["psychocut","superpower","nightslash","switcheroo"],"nature":"Jolly","evs":{"hp":0,"atk":252,"def":0,"spa":0,"spd":4,"spe":252},"ivs":{"hp":31,"atk":31,"def":31,"spa":31,"spd":31,"spe":31}}],"p2team":[{"name":"Scolipede","species":"Scolipede","item":"focussash","ability":"Speed Boost","moves":["toxicspikes","batonpass","spikes","megahorn"],"nature":"Jolly","evs":{"hp":248,"atk":8,"def":0,"spa":0,"spd":0,"spe":252},"ivs":{"hp":31,"atk":31,"def":31,"spa":31,"spd":31,"spe":31}},{"name":"Gengar","species":"Gengar","item":"lifeorb","ability":"Levitate","moves":["hex","sludgebomb","focusblast","darkpulse"],"nature":"Timid","evs":{"hp":0,"atk":0,"def":0,"spa":252,"spd":4,"spe":252},"ivs":{"hp":31,"atk":31,"def":31,"spa":31,"spd":31,"spe":31}},{"name":"Tentacruel","species":"Tentacruel","item":"blacksludge","ability":"Liquid Ooze","moves":["hex","scald","acidspray","icebeam"],"nature":"Timid","evs":{"hp":0,"atk":0,"def":0,"spa":252,"spd":4,"spe":252},"ivs":{"hp":31,"atk":31,"def":31,"spa":31,"spd":31,"spe":31}},{"name":"Drapion","species":"Drapion","item":"scopelens","ability":"Sniper","moves":["nightslash","swordsdance","knockoff","crosspoison"],"nature":"Adamant","evs":{"hp":248,"atk":252,"def":0,"spa":0,"spd":8,"spe":0},"ivs":{"hp":31,"atk":31,"def":31,"spa":31,"spd":31,"spe":31}},{"name":"Gloom","species":"Gloom","item":"eviolite","ability":"Chlorophyll","moves":["leechseed","toxic","gastroacid","substitute"],"nature":"Calm","evs":{"hp":248,"atk":0,"def":8,"spa":0,"spd":252,"spe":0},"ivs":{"hp":31,"atk":31,"def":31,"spa":31,"spd":31,"spe":31}},{"name":"Crobat","species":"Crobat","item":"blacksludge","ability":"Infiltrator","moves":["bravebird","uturn","taunt","roost"],"nature":"Adamant","evs":{"hp":252,"atk":252,"def":0,"spa":0,"spd":4,"spe":0},"ivs":{"hp":31,"atk":31,"def":31,"spa":31,"spd":31,"spe":31}}],"log":["|player|p1|ItsHotAsHellInHell|45","|player|p2|Guard Darkrai|guarddarkrai.png","|gametype|singles","|gen|6","|tier|Monotype","|rated","|rule|Baton Pass Clause: Limit one Baton Passer, can't pass Spe and other stats simultaneously","|rule|Swagger Clause: Swagger is banned","|rule|Same Type Clause: Pokémon in a team must share a type","|clearpoke","|poke|p1|Honchkrow, F","|poke|p1|Hoopa-Unbound","|poke|p1|Mandibuzz, F","|poke|p1|Sableye, M","|poke|p1|Houndoom, M","|poke|p1|Malamar, F","|poke|p2|Scolipede, F","|poke|p2|Gengar, F","|poke|p2|Tentacruel, F","|poke|p2|Drapion, F","|poke|p2|Gloom, F","|poke|p2|Crobat, F","|rule|Sleep Clause Mod: Limit one foe put to sleep","|rule|Species Clause: Limit one of each Pokémon","|rule|OHKO Clause: OHKO moves are banned","|rule|Moody Clause: Moody is banned","|rule|Evasion Moves Clause: Evasion moves are banned","|rule|Endless Battle Clause: Forcing endless battles is banned","|rule|HP Percentage Mod: HP is shown in percentages","|teampreview","|","|start","|switch|p1a: Sableye|Sableye, M|304/304","|switch|p2a: Gloom|Gloom, F|323/323","|turn|1","|","|move|p1a: Sableye|Will-O-Wisp|p2a: Gloom|[miss]","|-miss|p1a: Sableye|p2a: Gloom","|move|p2a: Gloom|Leech Seed|p1a: Sableye","|-start|p1a: Sableye|move: Leech Seed","|","|-damage|p1a: Sableye|266/304|[from] Leech Seed|[of] p2a: Gloom","|turn|2","|","|switch|p2a: Scolipede|Scolipede, F|323/323","|move|p1a: Sableye|Will-O-Wisp|p2a: Scolipede|[miss]","|-miss|p1a: Sableye|p2a: Scolipede","|","|-heal|p1a: Sableye|285/304|[from] item: Leftovers","|-damage|p1a: Sableye|247/304|[from] Leech Seed|[of] p2a: Scolipede","|turn|3","|","|switch|p1a: Mandibuzz|Mandibuzz, F|424/424","|move|p2a: Scolipede|Toxic Spikes|p1a: Mandibuzz","|-sidestart|p1: ItsHotAsHellInHell|move: Toxic Spikes","|","|-boost|p2a: Scolipede|spe|1|[from] ability: Speed Boost","|turn|4","|","|move|p2a: Scolipede|Toxic Spikes|p1a: Mandibuzz","|-sidestart|p1: ItsHotAsHellInHell|move: Toxic Spikes","|move|p1a: Mandibuzz|Taunt|p2a: Scolipede","|-start|p2a: Scolipede|move: Taunt","|","|-boost|p2a: Scolipede|spe|1|[from] ability: Speed Boost","|turn|5","|","|move|p2a: Scolipede|Megahorn|p1a: Mandibuzz","|-damage|p1a: Mandibuzz|321/424","|move|p1a: Mandibuzz|Knock Off|p2a: Scolipede","|-damage|p2a: Scolipede|229/323","|-enditem|p2a: Scolipede|Focus Sash|[from] move: Knock Off|[of] p1a: Mandibuzz","|","|-heal|p1a: Mandibuzz|347/424|[from] item: Leftovers","|-boost|p2a: Scolipede|spe|1|[from] ability: Speed Boost","|turn|6","|","|move|p2a: Scolipede|Megahorn|p1a: Mandibuzz","|-crit|p1a: Mandibuzz","|-damage|p1a: Mandibuzz|185/424","|move|p1a: Mandibuzz|Whirlwind|p2a: Scolipede","|drag|p2a: Gloom|Gloom, F|323/323","|","|-heal|p1a: Mandibuzz|211/424|[from] item: Leftovers","|turn|7","|","|move|p1a: Mandibuzz|Knock Off|p2a: Gloom","|-damage|p2a: Gloom|256/323","|-enditem|p2a: Gloom|Eviolite|[from] move: Knock Off|[of] p1a: Mandibuzz","|move|p2a: Gloom|Leech Seed|p1a: Mandibuzz","|-start|p1a: Mandibuzz|move: Leech Seed","|","|-heal|p1a: Mandibuzz|237/424|[from] item: Leftovers","|-damage|p1a: Mandibuzz|184/424|[from] Leech Seed|[of] p2a: Gloom","|-heal|p2a: Gloom|309/323|[silent]","|turn|8","|","|switch|p1a: Malamar|Malamar, F|313/313","|-status|p1a: Malamar|tox","|move|p2a: Gloom|Toxic|p1a: Malamar","|-fail|p1a: Malamar|tox","|","|-damage|p1a: Malamar|294/313 tox|[from] psn","|turn|9","|","|move|p1a: Malamar|Superpower|p2a: Gloom","|-resisted|p2a: Gloom","|-damage|p2a: Gloom|218/323","|-boost|p1a: Malamar|atk|1","|-boost|p1a: Malamar|def|1","|-damage|p1a: Malamar|263/313 tox|[from] item: Life Orb","|move|p2a: Gloom|Leech Seed|p1a: Malamar","|-start|p1a: Malamar|move: Leech Seed","|","|-damage|p1a: Malamar|224/313 tox|[from] Leech Seed|[of] p2a: Gloom","|-heal|p2a: Gloom|257/323|[silent]","|-damage|p1a: Malamar|186/313 tox|[from] psn","|turn|10","|","|switch|p2a: Gengar|Gengar, F|261/261","|move|p1a: Malamar|Psycho Cut|p2a: Gengar","|-supereffective|p2a: Gengar","|-damage|p2a: Gengar|0 fnt","|-damage|p1a: Malamar|155/313 tox|[from] item: Life Orb","|faint|p2a: Gengar","|","|-damage|p1a: Malamar|98/313 tox|[from] psn","|","|switch|p2a: Scolipede|Scolipede, F|229/323","|turn|11","|","|move|p2a: Scolipede|Megahorn|p1a: Malamar","|-supereffective|p1a: Malamar","|-damage|p1a: Malamar|0 fnt","|faint|p1a: Malamar","|","|-boost|p2a: Scolipede|spe|1|[from] ability: Speed Boost","|","|switch|p1a: Honchkrow|Honchkrow, F|341/341","|turn|12","|","|move|p2a: Scolipede|Baton Pass|p2a: Scolipede","|","|switch|p2a: Tentacruel|Tentacruel, F|301/301","|move|p1a: Honchkrow|Heat Wave|p2a: Tentacruel","|-resisted|p2a: Tentacruel","|-damage|p2a: Tentacruel|262/301","|-damage|p1a: Honchkrow|307/341|[from] item: Life Orb","|","|-heal|p2a: Tentacruel|280/301|[from] item: Black Sludge","|turn|13","|","|switch|p1a: Sableye|Sableye, M|247/304","|-status|p1a: Sableye|tox","|move|p2a: Tentacruel|Ice Beam|p1a: Sableye","|-damage|p1a: Sableye|175/304 tox","|","|-heal|p2a: Tentacruel|298/301|[from] item: Black Sludge","|-heal|p1a: Sableye|194/304 tox|[from] item: Leftovers","|-damage|p1a: Sableye|175/304 tox|[from] psn","|turn|14","|","|move|p1a: Sableye|Will-O-Wisp|p2a: Tentacruel","|-status|p2a: Tentacruel|brn","|move|p2a: Tentacruel|Hex|p1a: Sableye","|-crit|p1a: Sableye","|-damage|p1a: Sableye|30/304 tox","|","|-heal|p2a: Tentacruel|301/301 brn|[from] item: Black Sludge","|-heal|p1a: Sableye|49/304 tox|[from] item: Leftovers","|-damage|p2a: Tentacruel|264/301 brn|[from] brn","|-damage|p1a: Sableye|11/304 tox|[from] psn","|turn|15","|","|move|p2a: Tentacruel|Ice Beam|p1a: Sableye","|-damage|p1a: Sableye|0 fnt","|faint|p1a: Sableye","|","|-heal|p2a: Tentacruel|282/301 brn|[from] item: Black Sludge","|-damage|p2a: Tentacruel|245/301 brn|[from] brn","|","|switch|p1a: Hoopa-Unbound|Hoopa-Unbound|363/363","|-status|p1a: Hoopa-Unbound|tox","|turn|16","|","|move|p2a: Tentacruel|Hex|p1a: Hoopa-Unbound","|-damage|p1a: Hoopa-Unbound|268/363 tox","|move|p1a: Hoopa-Unbound|Hyperspace Fury|p2a: Tentacruel","|-damage|p2a: Tentacruel|0 fnt","|-unboost|p1a: Hoopa-Unbound|def|1","|faint|p2a: Tentacruel","|","|-damage|p1a: Hoopa-Unbound|246/363 tox|[from] psn","|","|switch|p2a: Scolipede|Scolipede, F|229/323","|turn|17","|","|move|p2a: Scolipede|Megahorn|p1a: Hoopa-Unbound","|-supereffective|p1a: Hoopa-Unbound","|-damage|p1a: Hoopa-Unbound|0 fnt","|faint|p1a: Hoopa-Unbound","|","|-boost|p2a: Scolipede|spe|1|[from] ability: Speed Boost","|","|switch|p1a: Houndoom|Houndoom, M|291/291","|-status|p1a: Houndoom|tox","|turn|18","|","|detailschange|p1a: Houndoom|Houndoom-Mega, M","|-mega|p1a: Houndoom|Houndoom|Houndoominite","|move|p2a: Scolipede|Baton Pass|p2a: Scolipede","|","|switch|p2a: Drapion|Drapion, F|343/343","|move|p1a: Houndoom|Flamethrower|p2a: Drapion","|-crit|p2a: Drapion","|-damage|p2a: Drapion|36/343","|","|-damage|p1a: Houndoom|273/291 tox|[from] psn","|turn|19","|","|switch|p1a: Honchkrow|Honchkrow, F|307/341","|move|p2a: Drapion|Cross Poison|p1a: Honchkrow","|-damage|p1a: Honchkrow|108/341","|","|turn|20","|","|move|p1a: Honchkrow|Sucker Punch|p2a: Drapion","|-resisted|p2a: Drapion","|-damage|p2a: Drapion|0 fnt","|-damage|p1a: Honchkrow|74/341|[from] item: Life Orb","|faint|p2a: Drapion","|-boost|p1a: Honchkrow|atk|1|[from] ability: Moxie","|","|","|switch|p2a: Crobat|Crobat, F|374/374","|turn|21","|","|move|p1a: Honchkrow|Sucker Punch|p2a: Crobat","|-damage|p2a: Crobat|27/374","|-damage|p1a: Honchkrow|40/341|[from] item: Life Orb","|move|p2a: Crobat|Brave Bird|p1a: Honchkrow","|-damage|p1a: Honchkrow|0 fnt","|-damage|p2a: Crobat|14/374|[from] recoil|[of] p1a: Honchkrow","|faint|p1a: Honchkrow","|","|-heal|p2a: Crobat|37/374|[from] item: Black Sludge","|","|switch|p1a: Mandibuzz|Mandibuzz, F|184/424","|turn|22","|","|move|p2a: Crobat|Taunt|p1a: Mandibuzz","|-start|p1a: Mandibuzz|move: Taunt","|cant|p1a: Mandibuzz|move: Taunt|Roost","|","|-heal|p2a: Crobat|60/374|[from] item: Black Sludge","|-heal|p1a: Mandibuzz|210/424|[from] item: Leftovers","|turn|23","|","|move|p2a: Crobat|Roost|p2a: Crobat","|-heal|p2a: Crobat|247/374","|move|p1a: Mandibuzz|Knock Off|p2a: Crobat","|-damage|p2a: Crobat|142/374","|-enditem|p2a: Crobat|Black Sludge|[from] move: Knock Off|[of] p1a: Mandibuzz","|","|-heal|p1a: Mandibuzz|236/424|[from] item: Leftovers","|turn|24","|","|move|p2a: Crobat|Brave Bird|p1a: Mandibuzz","|-damage|p1a: Mandibuzz|110/424","|-damage|p2a: Crobat|100/374|[from] recoil|[of] p1a: Mandibuzz","|move|p1a: Mandibuzz|Knock Off|p2a: Crobat","|-damage|p2a: Crobat|30/374","|","|-heal|p1a: Mandibuzz|136/424|[from] item: Leftovers","|-end|p1a: Mandibuzz|move: Taunt","|turn|25","|","|move|p2a: Crobat|Taunt|p1a: Mandibuzz","|-start|p1a: Mandibuzz|move: Taunt","|move|p1a: Mandibuzz|Knock Off|p2a: Crobat","|-damage|p2a: Crobat|0 fnt","|faint|p2a: Crobat","|","|-heal|p1a: Mandibuzz|162/424|[from] item: Leftovers","|","|switch|p2a: Scolipede|Scolipede, F|229/323","|turn|26","|","|move|p2a: Scolipede|Megahorn|p1a: Mandibuzz","|-damage|p1a: Mandibuzz|66/424","|move|p1a: Mandibuzz|Knock Off|p2a: Scolipede","|-damage|p2a: Scolipede|169/323","|","|-heal|p1a: Mandibuzz|92/424|[from] item: Leftovers","|-boost|p2a: Scolipede|spe|1|[from] ability: Speed Boost","|turn|27","|","|move|p2a: Scolipede|Megahorn|p1a: Mandibuzz|[miss]","|-miss|p2a: Scolipede|p1a: Mandibuzz","|move|p1a: Mandibuzz|Knock Off|p2a: Scolipede","|-damage|p2a: Scolipede|114/323","|","|-heal|p1a: Mandibuzz|118/424|[from] item: Leftovers","|-end|p1a: Mandibuzz|move: Taunt","|-boost|p2a: Scolipede|spe|1|[from] ability: Speed Boost","|turn|28","|","|move|p2a: Scolipede|Megahorn|p1a: Mandibuzz","|-damage|p1a: Mandibuzz|13/424","|move|p1a: Mandibuzz|Roost|p1a: Mandibuzz","|-heal|p1a: Mandibuzz|225/424","|","|-heal|p1a: Mandibuzz|251/424|[from] item: Leftovers","|-boost|p2a: Scolipede|spe|1|[from] ability: Speed Boost","|turn|29","|","|move|p2a: Scolipede|Baton Pass|p2a: Scolipede","|","|switch|p2a: Gloom|Gloom, F|257/323","|move|p1a: Mandibuzz|Whirlwind|p2a: Gloom","|drag|p2a: Scolipede|Scolipede, F|114/323","|","|-heal|p1a: Mandibuzz|277/424|[from] item: Leftovers","|turn|30","|","|switch|p2a: Gloom|Gloom, F|257/323","|move|p1a: Mandibuzz|Knock Off|p2a: Gloom","|-damage|p2a: Gloom|188/323","|","|-heal|p1a: Mandibuzz|303/424|[from] item: Leftovers","|turn|31","|","|move|p1a: Mandibuzz|Taunt|p2a: Gloom","|-start|p2a: Gloom|move: Taunt","|cant|p2a: Gloom|move: Taunt|Leech Seed","|","|-heal|p1a: Mandibuzz|329/424|[from] item: Leftovers","|turn|32","|","|switch|p1a: Houndoom|Houndoom-Mega, M|273/291 tox","|switch|p2a: Scolipede|Scolipede, F|114/323","|","|-damage|p1a: Houndoom|255/291 tox|[from] psn","|turn|33","|","|move|p1a: Houndoom|Flamethrower|p2a: Scolipede","|-supereffective|p2a: Scolipede","|-damage|p2a: Scolipede|0 fnt","|faint|p2a: Scolipede","|","|-damage|p1a: Houndoom|219/291 tox|[from] psn","|","|switch|p2a: Gloom|Gloom, F|188/323","|turn|34","|","|move|p1a: Houndoom|Flamethrower|p2a: Gloom","|-supereffective|p2a: Gloom","|-damage|p2a: Gloom|0 fnt","|faint|p2a: Gloom","|","|win|ItsHotAsHellInHell"],"p1rating":{"entryid":7594922,"formatid":"monotype","userid":"itshotashellinhell","username":"ItsHotAsHellInHell","r":1500,"rd":130,"sigma":0,"rpr":1539.8216748009,"rprd":121.85385962845,"rpsigma":0,"rptime":1439370000,"w":1,"l":0,"t":0,"gxe":55,"acre":1053.332991188,"lacre":1053.332991188,"oldacre":1000},"p2rating":{"entryid":"6034648","serverid":"eos","formatid":"monotype","userid":"guarddarkrai","username":"Guard Darkrai","w":"93","l":105,"t":"0","gxe":47.5,"r":"1477.6376009515","rd":"30.05857036541","sigma":"0","rptime":"1439370000","rpr":1481.0541730248,"rprd":29.768516543686,"rpsigma":"0","acre":1087.0755354675,"lacre":1087.0755354675,"oldacre":"1120.40865496"},"endType":"normal"}