{"seed":[28041,47471,10905,50861],"turns":36,"p1":"Desolate Nightmare","p2":"emforbes","p1team":[{"name":"Zeus","species":"thundurus","item":"lifeorb","ability":"Prankster","moves":["grassknot","thunderwave","knockoff","thunderbolt"],"nature":"Hasty","evs":{"hp":104,"atk":0,"def":0,"spa":152,"spd":0,"spe":252},"ivs":{"hp":31,"atk":30,"def":31,"spa":30,"spd":31,"spe":31},"shiny":true},{"name":"Washing Machine","species":"rotomwash","item":"leftovers","ability":"Levitate","moves":["painsplit","willowisp","hiddenpowergrass","hydropump"],"nature":"Bold","evs":{"hp":252,"atk":0,"def":252,"spa":4,"spd":0,"spe":0},"ivs":{"hp":31,"atk":30,"def":31,"spa":30,"spd":31,"spe":31}},{"name":"Trans-Ampharos","species":"ampharos","item":"ampharosite","ability":"Static","moves":["voltswitch","dragonpulse","rest","sleeptalk"],"nature":"Calm","evs":{"hp":248,"atk":0,"def":120,"spa":0,"spd":140,"spe":0},"ivs":{"hp":31,"atk":31,"def":31,"spa":31,"spd":31,"spe":31}},{"name":"Shoes in Spanish","species":"zapdos","item":"leftovers","ability":"Pressure","moves":["thunderbolt","heatwave","roost","toxic"],"nature":"Calm","evs":{"hp":252,"atk":0,"def":0,"spa":4,"spd":252,"spe":0},"shiny":true,"ivs":{"hp":31,"atk":31,"def":31,"spa":31,"spd":31,"spe":31}},{"name":"Static Popeye","species":"electivire","item":"expertbelt","ability":"Motor Drive","moves":["thunderbolt","crosschop","flamethrower","earthquake"],"nature":"Hasty","evs":{"hp":0,"atk":20,"def":0,"spa":232,"spd":4,"spe":252},"shiny":true,"ivs":{"hp":31,"atk":31,"def":31,"spa":31,"spd":31,"spe":31}},{"name":"Sputnik","species":"magnezone","item":"choicescarf","ability":"Magnet Pull","moves":["thunderbolt","voltswitch","flashcannon","hiddenpowerice"],"nature":"Timid","evs":{"hp":4,"atk":0,"def":0,"spa":252,"spd":0,"spe":252},"ivs":{"hp":31,"atk":30,"def":30,"spa":31,"spd":31,"spe":31}}],"p2team":[{"name":"Ampharos","species":"Ampharos","item":"ampharosite","ability":"Static","moves":["voltswitch","dragonpulse","hiddenpowergrass","agility"],"nature":"Modest","evs":{"hp":0,"atk":0,"def":0,"spa":252,"spd":4,"spe":252},"ivs":{"hp":31,"atk":30,"def":31,"spa":30,"spd":31,"spe":31},"shiny":true},{"name":"Rotom-Wash","species":"Rotom-Wash","item":"leftovers","ability":"Levitate","moves":["hydropump","voltswitch","willowisp","painsplit"],"nature":"Calm","evs":{"hp":252,"atk":0,"def":0,"spa":4,"spd":252,"spe":0},"shiny":true,"ivs":{"hp":31,"atk":31,"def":31,"spa":31,"spd":31,"spe":31}},{"name":"Zapdos","species":"Zapdos","item":"leftovers","ability":"Pressure","moves":["defog","roost","heatwave","thunderbolt"],"nature":"Modest","evs":{"hp":252,"atk":0,"def":0,"spa":252,"spd":4,"spe":0},"ivs":{"hp":31,"atk":31,"def":31,"spa":31,"spd":31,"spe":31}},{"name":"Magnezone","species":"Magnezone","item":"choicescarf","ability":"Magnet Pull","moves":["voltswitch","flashcannon","hiddenpowerfire","thunderbolt"],"nature":"Timid","evs":{"hp":0,"atk":0,"def":0,"spa":252,"spd":4,"spe":252},"ivs":{"hp":31,"atk":30,"def":31,"spa":30,"spd":31,"spe":30},"shiny":true},{"name":"Thundurus","species":"Thundurus","item":"lifeorb","ability":"Prankster","moves":["thunderbolt","thunderwave","hiddenpowerice","grassknot"],"nature":"Timid","evs":{"hp":0,"atk":0,"def":0,"spa":252,"spd":4,"spe":252},"ivs":{"hp":31,"atk":30,"def":30,"spa":31,"spd":31,"spe":31}},{"name":"Stunfisk","species":"Stunfisk","item":"chestoberry","ability":"Static","moves":["stealthrock","thunderwave","rest","earthpower"],"nature":"Bold","evs":{"hp":248,"atk":0,"def":252,"spa":4,"spd":4,"spe":0},"ivs":{"hp":31,"atk":31,"def":31,"spa":31,"spd":31,"spe":31}}],"log":["|player|p1|Desolate Nightmare|167","|player|p2|emforbes|190","|gametype|singles","|gen|6","|tier|Monotype","|rated","|rule|Baton Pass Clause: Limit one Baton Passer, can't pass Spe and other stats simultaneously","|rule|Swagger Clause: Swagger is banned","|rule|Same Type Clause: Pokémon in a team must share a type","|clearpoke","|poke|p1|Thundurus, M, shiny","|poke|p1|Rotom-Wash","|poke|p1|Ampharos, M","|poke|p1|Zapdos, shiny","|poke|p1|Electivire, M, shiny","|poke|p1|Magnezone","|poke|p2|Ampharos, M, shiny","|poke|p2|Rotom-Wash, shiny","|poke|p2|Zapdos","|poke|p2|Magnezone, shiny","|poke|p2|Thundurus, M","|poke|p2|Stunfisk, F","|rule|Sleep Clause Mod: Limit one foe put to sleep","|rule|Species Clause: Limit one of each Pokémon","|rule|OHKO Clause: OHKO moves are banned","|rule|Moody Clause: Moody is banned","|rule|Evasion Moves Clause: Evasion moves are banned","|rule|Endless Battle Clause: Forcing endless battles is banned","|rule|HP Percentage Mod: HP is shown in percentages","|teampreview","|","|start","|switch|p1a: Washing Machine|Rotom-Wash|304/304","|switch|p2a: Ampharos|Ampharos, M, shiny|321/321","|turn|1","|","|detailschange|p2a: Ampharos|Ampharos-Mega, M, shiny","|-mega|p2a: Ampharos|Ampharos|Ampharosite","|-ability|p2a: Ampharos|Mold Breaker","|move|p2a: Ampharos|Dragon Pulse|p1a: Washing Machine","|-damage|p1a: Washing Machine|105/304","|move|p1a: Washing Machine|Will-O-Wisp|p2a: Ampharos","|-status|p2a: Ampharos|brn","|","|-heal|p1a: Washing Machine|124/304|[from] item: Leftovers","|-damage|p2a: Ampharos|281/321 brn|[from] brn","|turn|2","|","|switch|p1a: Shoes in Spanish|Zapdos, shiny|384/384","|-ability|p1a: Shoes in Spanish|Pressure","|move|p2a: Ampharos|Volt Switch|p1a: Shoes in Spanish","|-damage|p1a: Shoes in Spanish|257/384","|","|switch|p2a: Zapdos|Zapdos|384/384","|-ability|p2a: Zapdos|Pressure","|","|-heal|p1a: Shoes in Spanish|281/384|[from] item: Leftovers","|turn|3","|","|switch|p1a: Sputnik|Magnezone|282/282","|move|p2a: Zapdos|Thunderbolt|p1a: Sputnik","|-resisted|p1a: Sputnik","|-damage|p1a: Sputnik|189/282","|","|turn|4","|","|move|p1a: Sputnik|Hidden Power|p2a: Zapdos","|-supereffective|p2a: Zapdos","|-damage|p2a: Zapdos|234/384","|move|p2a: Zapdos|Thunderbolt|p1a: Sputnik","|-crit|p1a: Sputnik","|-resisted|p1a: Sputnik","|-damage|p1a: Sputnik|42/282","|","|-heal|p2a: Zapdos|258/384|[from] item: Leftovers","|turn|5","|","|move|p1a: Sputnik|Hidden Power|p2a: Zapdos","|-supereffective|p2a: Zapdos","|-damage|p2a: Zapdos|100/384","|move|p2a: Zapdos|Roost|p2a: Zapdos","|-heal|p2a: Zapdos|292/384","|","|-heal|p2a: Zapdos|316/384|[from] item: Leftovers","|turn|6","|","|move|p1a: Sputnik|Hidden Power|p2a: Zapdos","|-supereffective|p2a: Zapdos","|-damage|p2a: Zapdos|150/384","|move|p2a: Zapdos|Roost|p2a: Zapdos","|-heal|p2a: Zapdos|342/384","|","|-heal|p2a: Zapdos|366/384|[from] item: Leftovers","|turn|7","|","|move|p1a: Sputnik|Hidden Power|p2a: Zapdos","|-supereffective|p2a: Zapdos","|-damage|p2a: Zapdos|210/384","|move|p2a: Zapdos|Thunderbolt|p1a: Sputnik","|-resisted|p1a: Sputnik","|-damage|p1a: Sputnik|0 fnt","|faint|p1a: Sputnik","|","|-heal|p2a: Zapdos|234/384|[from] item: Leftovers","|","|switch|p1a: Shoes in Spanish|Zapdos, shiny|281/384","|-ability|p1a: Shoes in Spanish|Pressure","|turn|8","|","|move|p1a: Shoes in Spanish|Toxic|p2a: Zapdos","|-status|p2a: Zapdos|tox","|move|p2a: Zapdos|Thunderbolt|p1a: Shoes in Spanish","|-damage|p1a: Shoes in Spanish|151/384","|","|-heal|p2a: Zapdos|258/384 tox|[from] item: Leftovers","|-heal|p1a: Shoes in Spanish|175/384|[from] item: Leftovers","|-damage|p2a: Zapdos|234/384 tox|[from] psn","|turn|9","|","|switch|p1a: Trans-Ampharos|Ampharos, M|383/383","|move|p2a: Zapdos|Thunderbolt|p1a: Trans-Ampharos","|-resisted|p1a: Trans-Ampharos","|-damage|p1a: Trans-Ampharos|315/383","|","|-heal|p2a: Zapdos|258/384 tox|[from] item: Leftovers","|-damage|p2a: Zapdos|210/384 tox|[from] psn","|turn|10","|","|switch|p2a: Stunfisk|Stunfisk, F|421/421","|detailschange|p1a: Trans-Ampharos|Ampharos-Mega, M","|-mega|p1a: Trans-Ampharos|Ampharos|Ampharosite","|-ability|p1a: Trans-Ampharos|Mold Breaker","|move|p1a: Trans-Ampharos|Dragon Pulse|p2a: Stunfisk","|-damage|p2a: Stunfisk|259/421","|","|turn|11","|","|switch|p1a: Washing Machine|Rotom-Wash|124/304","|move|p2a: Stunfisk|Rest|p2a: Stunfisk","|-status|p2a: Stunfisk|slp","|-heal|p2a: Stunfisk|421/421 slp|[silent]","|-status|p2a: Stunfisk|slp|[from] move: Rest","|-enditem|p2a: Stunfisk|Chesto Berry|[eat]","|-curestatus|p2a: Stunfisk|slp","|","|-heal|p1a: Washing Machine|143/304|[from] item: Leftovers","|turn|12","|","|move|p1a: Washing Machine|Hydro Pump|p2a: Stunfisk","|-supereffective|p2a: Stunfisk","|-damage|p2a: Stunfisk|133/421","|move|p2a: Stunfisk|Stealth Rock|p1a: Washing Machine","|-sidestart|p1: Desolate Nightmare|move: Stealth Rock","|","|-heal|p1a: Washing Machine|162/304|[from] item: Leftovers","|turn|13","|","|switch|p2a: Zapdos|Zapdos|210/384 tox","|-ability|p2a: Zapdos|Pressure","|move|p1a: Washing Machine|Hidden Power|p2a: Zapdos","|-resisted|p2a: Zapdos","|-damage|p2a: Zapdos|185/384 tox","|","|-heal|p2a: Zapdos|209/384 tox|[from] item: Leftovers","|-heal|p1a: Washing Machine|181/304|[from] item: Leftovers","|-damage|p2a: Zapdos|185/384 tox|[from] psn","|turn|14","|","|move|p2a: Zapdos|Thunderbolt|p1a: Washing Machine","|-damage|p1a: Washing Machine|10/304","|move|p1a: Washing Machine|Hydro Pump|p2a: Zapdos","|-damage|p2a: Zapdos|29/384 tox","|","|-heal|p2a: Zapdos|53/384 tox|[from] item: Leftovers","|-heal|p1a: Washing Machine|29/304|[from] item: Leftovers","|-damage|p2a: Zapdos|5/384 tox|[from] psn","|turn|15","|","|move|p2a: Zapdos|Thunderbolt|p1a: Washing Machine","|-damage|p1a: Washing Machine|0 fnt","|faint|p1a: Washing Machine","|","|-heal|p2a: Zapdos|29/384 tox|[from] item: Leftovers","|-damage|p2a: Zapdos|0 fnt|[from] psn","|faint|p2a: Zapdos","|","|switch|p1a: Zeus|Thundurus, M, shiny|325/325","|switch|p2a: Rotom-Wash|Rotom-Wash, shiny|304/304","|-damage|p1a: Zeus|244/325|[from] Stealth Rock","|turn|16","|","|move|p1a: Zeus|Knock Off|p2a: Rotom-Wash","|-damage|p2a: Rotom-Wash|205/304","|-enditem|p2a: Rotom-Wash|Leftovers|[from] move: Knock Off|[of] p1a: Zeus","|-damage|p1a: Zeus|212/325|[from] item: Life Orb","|move|p2a: Rotom-Wash|Volt Switch|p1a: Zeus","|-damage|p1a: Zeus|104/325","|","|switch|p2a: Magnezone|Magnezone, shiny|281/281","|","|turn|17","|","|move|p2a: Magnezone|Volt Switch|p1a: Zeus","|-damage|p1a: Zeus|0 fnt","|faint|p1a: Zeus","|","|switch|p2a: Rotom-Wash|Rotom-Wash, shiny|205/304","|","|","|switch|p1a: Shoes in Spanish|Zapdos, shiny|175/384","|-damage|p1a: Shoes in Spanish|79/384|[from] Stealth Rock","|-ability|p1a: Shoes in Spanish|Pressure","|turn|18","|","|move|p1a: Shoes in Spanish|Roost|p1a: Shoes in Spanish","|-heal|p1a: Shoes in Spanish|271/384","|move|p2a: Rotom-Wash|Volt Switch|p1a: Shoes in Spanish","|-resisted|p1a: Shoes in Spanish","|-damage|p1a: Shoes in Spanish|238/384","|","|switch|p2a: Ampharos|Ampharos-Mega, M, shiny|281/321 brn","|-ability|p2a: Ampharos|Mold Breaker","|","|-heal|p1a: Shoes in Spanish|262/384|[from] item: Leftovers","|-damage|p2a: Ampharos|241/321 brn|[from] brn","|turn|19","|","|switch|p1a: Static Popeye|Electivire, M, shiny|291/291","|-damage|p1a: Static Popeye|255/291|[from] Stealth Rock","|move|p2a: Ampharos|Volt Switch|p1a: Static Popeye","|-resisted|p1a: Static Popeye","|-damage|p1a: Static Popeye|161/291","|","|switch|p2a: Rotom-Wash|Rotom-Wash, shiny|205/304","|","|turn|20","|","|move|p1a: Static Popeye|Cross Chop|p2a: Rotom-Wash","|-damage|p2a: Rotom-Wash|112/304","|move|p2a: Rotom-Wash|Will-O-Wisp|p1a: Static Popeye","|-status|p1a: Static Popeye|brn","|","|-damage|p1a: Static Popeye|125/291 brn|[from] brn","|turn|21","|","|move|p1a: Static Popeye|Thunderbolt|p2a: Rotom-Wash","|-damage|p2a: Rotom-Wash|30/304","|move|p2a: Rotom-Wash|Pain Split|p1a: Static Popeye","|-sethp|p1a: Static Popeye|77/291 brn|p2a: Rotom-Wash|77/304|[from] move: Pain Split","|","|-damage|p1a: Static Popeye|41/291 brn|[from] brn","|turn|22","|","|move|p1a: Static Popeye|Thunderbolt|p2a: Rotom-Wash","|-damage|p2a: Rotom-Wash|0 fnt","|faint|p2a: Rotom-Wash","|","|-damage|p1a: Static Popeye|5/291 brn|[from] brn","|","|switch|p2a: Magnezone|Magnezone, shiny|281/281","|turn|23","|","|move|p2a: Magnezone|Volt Switch|p1a: Static Popeye","|-boost|p1a: Static Popeye|spe|1|[from] ability: Motor Drive","|move|p1a: Static Popeye|Flamethrower|p2a: Magnezone","|-supereffective|p2a: Magnezone","|-damage|p2a: Magnezone|77/281","|","|-damage|p1a: Static Popeye|0 fnt|[from] brn","|faint|p1a: Static Popeye","|","|switch|p1a: Trans-Ampharos|Ampharos-Mega, M|315/383","|-damage|p1a: Trans-Ampharos|268/383|[from] Stealth Rock","|-ability|p1a: Trans-Ampharos|Mold Breaker","|turn|24","|","|move|p2a: Magnezone|Volt Switch|p1a: Trans-Ampharos","|-resisted|p1a: Trans-Ampharos","|-damage|p1a: Trans-Ampharos|245/383","|","|switch|p2a: Stunfisk|Stunfisk, F|133/421","|move|p1a: Trans-Ampharos|Dragon Pulse|p2a: Stunfisk","|-damage|p2a: Stunfisk|0 fnt","|faint|p2a: Stunfisk","|","|","|switch|p2a: Thundurus|Thundurus, M|299/299","|turn|25","|","|move|p2a: Thundurus|Hidden Power|p1a: Trans-Ampharos","|-supereffective|p1a: Trans-Ampharos","|-damage|p1a: Trans-Ampharos|105/383","|-damage|p2a: Thundurus|270/299|[from] item: Life Orb","|move|p1a: Trans-Ampharos|Volt Switch|p2a: Thundurus","|-damage|p2a: Thundurus|113/299","|","|switch|p1a: Shoes in Spanish|Zapdos, shiny|262/384","|-damage|p1a: Shoes in Spanish|166/384|[from] Stealth Rock","|-ability|p1a: Shoes in Spanish|Pressure","|","|-heal|p1a: Shoes in Spanish|190/384|[from] item: Leftovers","|turn|26","|","|move|p2a: Thundurus|Thunderbolt|p1a: Shoes in Spanish","|-damage|p1a: Shoes in Spanish|18/384","|-damage|p2a: Thundurus|84/299|[from] item: Life Orb","|move|p1a: Shoes in Spanish|Roost|p1a: Shoes in Spanish","|-heal|p1a: Shoes in Spanish|210/384","|","|-heal|p1a: Shoes in Spanish|234/384|[from] item: Leftovers","|turn|27","|","|move|p2a: Thundurus|Thunderbolt|p1a: Shoes in Spanish","|-damage|p1a: Shoes in Spanish|70/384","|-damage|p2a: Thundurus|55/299|[from] item: Life Orb","|move|p1a: Shoes in Spanish|Roost|p1a: Shoes in Spanish","|-heal|p1a: Shoes in Spanish|262/384","|","|-heal|p1a: Shoes in Spanish|286/384|[from] item: Leftovers","|turn|28","|","|switch|p2a: Ampharos|Ampharos-Mega, M, shiny|241/321 brn","|-ability|p2a: Ampharos|Mold Breaker","|move|p1a: Shoes in Spanish|Roost|p1a: Shoes in Spanish","|-heal|p1a: Shoes in Spanish|384/384","|","|-damage|p2a: Ampharos|201/321 brn|[from] brn","|turn|29","|","|move|p1a: Shoes in Spanish|Thunderbolt|p2a: Ampharos","|-resisted|p2a: Ampharos","|-damage|p2a: Ampharos|171/321 brn","|move|p2a: Ampharos|Dragon Pulse|p1a: Shoes in Spanish","|-crit|p1a: Shoes in Spanish","|-damage|p1a: Shoes in Spanish|161/384","|","|-heal|p1a: Shoes in Spanish|185/384|[from] item: Leftovers","|-damage|p2a: Ampharos|131/321 brn|[from] brn","|turn|30","|","|move|p1a: Shoes in Spanish|Roost|p1a: Shoes in Spanish","|-heal|p1a: Shoes in Spanish|377/384","|move|p2a: Ampharos|Volt Switch|p1a: Shoes in Spanish","|-resisted|p1a: Shoes in Spanish","|-damage|p1a: Shoes in Spanish|315/384","|","|switch|p2a: Magnezone|Magnezone, shiny|77/281","|","|-heal|p1a: Shoes in Spanish|339/384|[from] item: Leftovers","|turn|31","|","|move|p2a: Magnezone|Thunderbolt|p1a: Shoes in Spanish","|-damage|p1a: Shoes in Spanish|222/384","|move|p1a: Shoes in Spanish|Heat Wave|p2a: Magnezone","|-supereffective|p2a: Magnezone","|-damage|p2a: Magnezone|0 fnt","|faint|p2a: Magnezone","|","|-heal|p1a: Shoes in Spanish|246/384|[from] item: Leftovers","|","|switch|p2a: Ampharos|Ampharos-Mega, M, shiny|131/321 brn","|-ability|p2a: Ampharos|Mold Breaker","|turn|32","|","|move|p1a: Shoes in Spanish|Roost|p1a: Shoes in Spanish","|-heal|p1a: Shoes in Spanish|384/384","|move|p2a: Ampharos|Dragon Pulse|p1a: Shoes in Spanish","|-damage|p1a: Shoes in Spanish|237/384","|","|-heal|p1a: Shoes in Spanish|261/384|[from] item: Leftovers","|-damage|p2a: Ampharos|91/321 brn|[from] brn","|turn|33","|","|move|p1a: Shoes in Spanish|Roost|p1a: Shoes in Spanish","|-heal|p1a: Shoes in Spanish|384/384","|move|p2a: Ampharos|Dragon Pulse|p1a: Shoes in Spanish","|-damage|p1a: Shoes in Spanish|228/384","|","|-heal|p1a: Shoes in Spanish|252/384|[from] item: Leftovers","|-damage|p2a: Ampharos|51/321 brn|[from] brn","|turn|34","|","|move|p1a: Shoes in Spanish|Thunderbolt|p2a: Ampharos","|-resisted|p2a: Ampharos","|-damage|p2a: Ampharos|24/321 brn","|move|p2a: Ampharos|Dragon Pulse|p1a: Shoes in Spanish","|-damage|p1a: Shoes in Spanish|101/384","|","|-heal|p1a: Shoes in Spanish|125/384|[from] item: Leftovers","|-damage|p2a: Ampharos|0 fnt|[from] brn","|faint|p2a: Ampharos","|","|switch|p2a: Thundurus|Thundurus, M|55/299","|turn|35","|","|move|p2a: Thundurus|Hidden Power|p1a: Shoes in Spanish","|-supereffective|p1a: Shoes in Spanish","|-damage|p1a: Shoes in Spanish|0 fnt","|-damage|p2a: Thundurus|26/299|[from] item: Life Orb","|faint|p1a: Shoes in Spanish","|","|","|switch|p1a: Trans-Ampharos|Ampharos-Mega, M|105/383","|-damage|p1a: Trans-Ampharos|58/383|[from] Stealth Rock","|-ability|p1a: Trans-Ampharos|Mold Breaker","|turn|36","|","|move|p2a: Thundurus|Hidden Power|p1a: Trans-Ampharos","|-supereffective|p1a: Trans-Ampharos","|-damage|p1a: Trans-Ampharos|0 fnt","|-damage|p2a: Thundurus|0 fnt|[from] item: Life Orb","|faint|p1a: Trans-Ampharos","|faint|p2a: Thundurus","|","|win|emforbes"],"p1rating":{"entryid":"6455140","serverid":"eos","formatid":"monotype","userid":"desolatenightmare","username":"Desolate Nightmare","w":"15","l":24,"t":"0","gxe":40.2,"r":"1477.3171134385","rd":"75.193596193057","sigma":"0","rptime":"1439283600","rpr":1424.1629048433,"rprd":60.683970457503,"rpsigma":"0","acre":1024.7509225055,"lacre":1024.7509225055,"oldacre":"1029.4065796475"},"p2rating":{"entryid":"7537626","serverid":"eos","formatid":"monotype","userid":"emforbes","username":"emforbes","w":23,"l":"8","t":"0","gxe":65.6,"r":"1535.9290492592","rd":"87.722280073308","sigma":"0","rptime":"1439283600","rpr":1622.7475313657,"rprd":59.375915355489,"rpsigma":"0","acre":1321.9596297432,"lacre":1321.9596297432,"oldacre":"1315.4983690966"},"endType":"normal"}