{"seed":[49892,14937,272,59221],"turns":23,"p1":"SL~Kingdra","p2":"StormiClouds","p1team":[{"name":"Smegle","species":"smeargle","item":"focussash","ability":"Own Tempo","moves":["spore","stickyweb","stealthrock","transform"],"nature":"Timid","evs":{"hp":252,"atk":0,"def":4,"spa":0,"spd":0,"spe":252},"ivs":{"hp":31,"atk":31,"def":31,"spa":31,"spd":31,"spe":31}},{"name":"Slack King","species":"slaking","item":"choiceband","ability":"Truant","moves":["retaliate","earthquake","firepunch","return"],"nature":"Jolly","evs":{"hp":4,"atk":252,"def":0,"spa":0,"spd":0,"spe":252},"ivs":{"hp":31,"atk":31,"def":31,"spa":31,"spd":31,"spe":31}},{"name":"Mel-B","species":"meloetta","item":"leftovers","ability":"Serene Grace","moves":["psychic","shadowball","hypervoice","calmmind"],"nature":"Calm","evs":{"hp":252,"atk":0,"def":0,"spa":4,"spd":252,"spe":0},"ivs":{"hp":31,"atk":31,"def":30,"spa":30,"spd":30,"spe":31}},{"name":"Demolition","species":"diggersby","item":"lifeorb","ability":"Huge Power","moves":["earthquake","quickattack","return","firepunch"],"nature":"Adamant","evs":{"hp":4,"atk":252,"def":0,"spa":0,"spd":0,"spe":252},"ivs":{"hp":31,"atk":31,"def":31,"spa":31,"spd":31,"spe":31}},{"name":"Cute Blob","species":"ditto","item":"choicescarf","ability":"Imposter","moves":["transform"],"nature":"Timid","evs":{"hp":252,"atk":0,"def":4,"spa":0,"spd":0,"spe":252},"ivs":{"hp":31,"atk":31,"def":31,"spa":31,"spd":31,"spe":31}},{"name":"Corey","species":"porygonz","item":"focussash","ability":"Adaptability","moves":["triattack","icebeam","hiddenpowerfire","nastyplot"],"nature":"Timid","evs":{"hp":4,"atk":0,"def":0,"spa":252,"spd":0,"spe":252},"ivs":{"hp":31,"atk":30,"def":31,"spa":30,"spd":31,"spe":30}}],"p2team":[{"name":"Weezing","species":"Weezing","item":"blacksludge","ability":"Levitate","moves":["sludgewave","flamethrower","darkpulse","willowisp"],"nature":"Modest","evs":{"hp":252,"atk":0,"def":0,"spa":252,"spd":4,"spe":0},"shiny":true,"ivs":{"hp":31,"atk":31,"def":31,"spa":31,"spd":31,"spe":31}},{"name":"Dragalge","species":"Dragalge","item":"blacksludge","ability":"Adaptability","moves":["dragonpulse","sludgewave","toxicspikes","scald"],"nature":"Modest","evs":{"hp":252,"atk":0,"def":0,"spa":252,"spd":4,"spe":0},"shiny":true,"ivs":{"hp":31,"atk":31,"def":31,"spa":31,"spd":31,"spe":31}},{"name":"Crobat","species":"Crobat","item":"blacksludge","ability":"Infiltrator","moves":["bravebird","superfang","crosspoison","confuseray"],"nature":"Jolly","evs":{"hp":0,"atk":252,"def":0,"spa":0,"spd":4,"spe":252},"ivs":{"hp":31,"atk":31,"def":31,"spa":31,"spd":31,"spe":31}},{"name":"Venusaur","species":"Venusaur","item":"venusaurite","ability":"Chlorophyll","moves":["leechseed","earthquake","gigadrain","sludgebomb"],"nature":"Mild","evs":{"hp":0,"atk":4,"def":0,"spa":252,"spd":0,"spe":252},"shiny":true,"ivs":{"hp":31,"atk":31,"def":31,"spa":31,"spd":31,"spe":31}},{"name":"Drapion","species":"Drapion","item":"razorclaw","ability":"Sniper","moves":["crosspoison","nightslash","earthquake","swordsdance"],"nature":"Adamant","evs":{"hp":248,"atk":252,"def":0,"spa":0,"spd":8,"spe":0},"ivs":{"hp":31,"atk":31,"def":31,"spa":31,"spd":31,"spe":31}},{"name":"Scolipede","species":"Scolipede","item":"lifeorb","ability":"Speed Boost","moves":["megahorn","poisonjab","earthquake","protect"],"nature":"Adamant","evs":{"hp":0,"atk":252,"def":0,"spa":0,"spd":4,"spe":252},"shiny":true,"ivs":{"hp":31,"atk":31,"def":31,"spa":31,"spd":31,"spe":31}}],"log":["|player|p1|SL~Kingdra|99","|player|p2|StormiClouds|154","|gametype|singles","|gen|6","|tier|Monotype","|rated","|rule|Baton Pass Clause: Limit one Baton Passer, can't pass Spe and other stats simultaneously","|rule|Swagger Clause: Swagger is banned","|rule|Same Type Clause: Pokémon in a team must share a type","|clearpoke","|poke|p1|Smeargle, M","|poke|p1|Slaking, F","|poke|p1|Meloetta","|poke|p1|Diggersby, M","|poke|p1|Ditto","|poke|p1|Porygon-Z","|poke|p2|Weezing, F, shiny","|poke|p2|Dragalge, M, shiny","|poke|p2|Crobat, M","|poke|p2|Venusaur, F, shiny","|poke|p2|Drapion, F","|poke|p2|Scolipede, M, shiny","|rule|Sleep Clause Mod: Limit one foe put to sleep","|rule|Species Clause: Limit one of each Pokémon","|rule|OHKO Clause: OHKO moves are banned","|rule|Moody Clause: Moody is banned","|rule|Evasion Moves Clause: Evasion moves are banned","|rule|Endless Battle Clause: Forcing endless battles is banned","|rule|HP Percentage Mod: HP is shown in percentages","|teampreview","|","|start","|switch|p1a: Smegle|Smeargle, M|314/314","|switch|p2a: Scolipede|Scolipede, M, shiny|261/261","|turn|1","|","|move|p2a: Scolipede|Protect|p2a: Scolipede","|-singleturn|p2a: Scolipede|Protect","|move|p1a: Smegle|Spore|p2a: Scolipede","|-activate|p2a: Scolipede|Protect","|","|-boost|p2a: Scolipede|spe|1|[from] ability: Speed Boost","|turn|2","|","|move|p2a: Scolipede|Poison Jab|p1a: Smegle","|-enditem|p1a: Smegle|Focus Sash","|-damage|p1a: Smegle|1/314","|-damage|p2a: Scolipede|235/261|[from] item: Life Orb","|move|p1a: Smegle|Sticky Web|p2a: Scolipede","|-sidestart|p2: StormiClouds|move: Sticky Web","|","|-boost|p2a: Scolipede|spe|1|[from] ability: Speed Boost","|turn|3","|","|move|p2a: Scolipede|Poison Jab|p1a: Smegle","|-damage|p1a: Smegle|0 fnt","|-damage|p2a: Scolipede|209/261|[from] item: Life Orb","|faint|p1a: Smegle","|","|-boost|p2a: Scolipede|spe|1|[from] ability: Speed Boost","|","|switch|p1a: Cute Blob|Ditto|300/300","|-transform|p1a: Cute Blob|p2a: Scolipede","|turn|4","|","|switch|p2a: Crobat|Crobat, M|311/311","|move|p1a: Cute Blob|Earthquake|p2a: Crobat","|-immune|p2a: Crobat|[msg]","|","|-boost|p1a: Cute Blob|spe|1|[from] ability: Speed Boost","|turn|5","|","|switch|p1a: Demolition|Diggersby, M|312/312","|move|p2a: Crobat|Confuse Ray|p1a: Demolition","|-start|p1a: Demolition|confusion","|","|turn|6","|","|move|p2a: Crobat|Super Fang|p1a: Demolition","|-damage|p1a: Demolition|156/312","|-activate|p1a: Demolition|confusion","|move|p1a: Demolition|Return|p2a: Crobat","|-damage|p2a: Crobat|0 fnt","|-damage|p1a: Demolition|125/312|[from] item: Life Orb","|faint|p2a: Crobat","|","|","|switch|p2a: Weezing|Weezing, F, shiny|334/334","|turn|7","|","|-activate|p1a: Demolition|confusion","|-damage|p1a: Demolition|31/312|[from] confusion","|move|p2a: Weezing|Will-O-Wisp|p1a: Demolition","|-status|p1a: Demolition|brn","|","|-damage|p1a: Demolition|0 fnt|[from] brn","|faint|p1a: Demolition","|","|switch|p1a: Slack King|Slaking, F|442/442","|turn|8","|","|move|p1a: Slack King|Retaliate|p2a: Weezing","|-damage|p2a: Weezing|0 fnt","|faint|p2a: Weezing","|","|","|switch|p2a: Venusaur|Venusaur, F, shiny|301/301","|-activate|p2a: Venusaur|move: Sticky Web","|-unboost|p2a: Venusaur|spe|1","|turn|9","|","|switch|p1a: Mel-B|Meloetta|404/404","|detailschange|p2a: Venusaur|Venusaur-Mega, F, shiny","|-mega|p2a: Venusaur|Venusaur|Venusaurite","|move|p2a: Venusaur|Sludge Bomb|p1a: Mel-B","|-damage|p1a: Mel-B|292/404","|","|-heal|p1a: Mel-B|317/404|[from] item: Leftovers","|turn|10","|","|move|p1a: Mel-B|Calm Mind|p1a: Mel-B","|-boost|p1a: Mel-B|spa|1","|-boost|p1a: Mel-B|spd|1","|move|p2a: Venusaur|Leech Seed|p1a: Mel-B","|-start|p1a: Mel-B|move: Leech Seed","|","|-heal|p1a: Mel-B|342/404|[from] item: Leftovers","|-damage|p1a: Mel-B|292/404|[from] Leech Seed|[of] p2a: Venusaur","|turn|11","|","|move|p1a: Mel-B|Hyper Voice|p2a: Venusaur","|-damage|p2a: Venusaur|132/301","|move|p2a: Venusaur|Giga Drain|p1a: Mel-B","|-damage|p1a: Mel-B|231/404","|-heal|p2a: Venusaur|163/301|[from] drain|[of] p1a: Mel-B","|","|-heal|p1a: Mel-B|256/404|[from] item: Leftovers","|-damage|p1a: Mel-B|206/404|[from] Leech Seed|[of] p2a: Venusaur","|-heal|p2a: Venusaur|213/301|[silent]","|turn|12","|","|move|p1a: Mel-B|Psychic|p2a: Venusaur","|-supereffective|p2a: Venusaur","|-damage|p2a: Venusaur|0 fnt","|faint|p2a: Venusaur","|","|-heal|p1a: Mel-B|231/404|[from] item: Leftovers","|","|switch|p2a: Drapion|Drapion, F|343/343","|-activate|p2a: Drapion|move: Sticky Web","|-unboost|p2a: Drapion|spe|1","|turn|13","|","|move|p1a: Mel-B|Hyper Voice|p2a: Drapion","|-damage|p2a: Drapion|106/343","|move|p2a: Drapion|Night Slash|p1a: Mel-B","|-supereffective|p1a: Mel-B","|-damage|p1a: Mel-B|0 fnt","|faint|p1a: Mel-B","|","|","|switch|p1a: Slack King|Slaking, F|442/442","|turn|14","|","|move|p1a: Slack King|Retaliate|p2a: Drapion","|-damage|p2a: Drapion|0 fnt","|faint|p2a: Drapion","|","|","|switch|p2a: Dragalge|Dragalge, M, shiny|334/334","|-activate|p2a: Dragalge|move: Sticky Web","|-unboost|p2a: Dragalge|spe|1","|turn|15","|","|switch|p1a: Cute Blob|Ditto|300/300","|-transform|p1a: Cute Blob|p2a: Dragalge","|move|p2a: Dragalge|Dragon Pulse|p1a: Cute Blob","|-supereffective|p1a: Cute Blob","|-damage|p1a: Cute Blob|0 fnt","|faint|p1a: Cute Blob","|","|","|switch|p1a: Slack King|Slaking, F|442/442","|turn|16","|","|move|p1a: Slack King|Retaliate|p2a: Dragalge","|-damage|p2a: Dragalge|0 fnt","|faint|p2a: Dragalge","|","|","|switch|p2a: Scolipede|Scolipede, M, shiny|209/261","|-activate|p2a: Scolipede|move: Sticky Web","|-unboost|p2a: Scolipede|spe|1","|turn|17","|","|switch|p1a: Corey|Porygon-Z|312/312","|move|p2a: Scolipede|Megahorn|p1a: Corey","|-enditem|p1a: Corey|Focus Sash","|-damage|p1a: Corey|1/312","|-damage|p2a: Scolipede|183/261|[from] item: Life Orb","|","|-boost|p2a: Scolipede|spe|1|[from] ability: Speed Boost","|turn|18","|","|move|p2a: Scolipede|Protect|p2a: Scolipede","|-singleturn|p2a: Scolipede|Protect","|move|p1a: Corey|Hidden Power|p2a: Scolipede","|-activate|p2a: Scolipede|Protect","|","|-boost|p2a: Scolipede|spe|1|[from] ability: Speed Boost","|turn|19","|","|move|p2a: Scolipede|Poison Jab|p1a: Corey","|-damage|p1a: Corey|0 fnt","|-damage|p2a: Scolipede|157/261|[from] item: Life Orb","|faint|p1a: Corey","|","|-boost|p2a: Scolipede|spe|1|[from] ability: Speed Boost","|","|switch|p1a: Slack King|Slaking, F|442/442","|turn|20","|","|move|p2a: Scolipede|Protect|p2a: Scolipede","|-singleturn|p2a: Scolipede|Protect","|move|p1a: Slack King|Retaliate|p2a: Scolipede","|-activate|p2a: Scolipede|Protect","|","|-boost|p2a: Scolipede|spe|1|[from] ability: Speed Boost","|turn|21","|","|move|p2a: Scolipede|Poison Jab|p1a: Slack King","|-damage|p1a: Slack King|282/442","|-status|p1a: Slack King|psn","|-damage|p2a: Scolipede|131/261|[from] item: Life Orb","|cant|p1a: Slack King|ability: Truant|Retaliate","|","|-damage|p1a: Slack King|227/442 psn|[from] psn","|-boost|p2a: Scolipede|spe|1|[from] ability: Speed Boost","|turn|22","|","|move|p2a: Scolipede|Protect|p2a: Scolipede","|-singleturn|p2a: Scolipede|Protect","|move|p1a: Slack King|Retaliate|p2a: Scolipede","|-activate|p2a: Scolipede|Protect","|","|-damage|p1a: Slack King|172/442 psn|[from] psn","|-boost|p2a: Scolipede|spe|1|[from] ability: Speed Boost","|turn|23","|","|move|p2a: Scolipede|Megahorn|p1a: Slack King","|-damage|p1a: Slack King|0 fnt","|-damage|p2a: Scolipede|105/261|[from] item: Life Orb","|faint|p1a: Slack King","|","|win|StormiClouds"],"p1rating":{"entryid":"7548471","serverid":"eos","formatid":"monotype","userid":"slkingdra","username":"SL~Kingdra","w":"9","l":6,"t":"0","gxe":56.6,"r":"1563.5069421572","rd":"80.50868853356","sigma":"0","rptime":"1439370000","rpr":1551.2771000649,"rprd":77.142860527514,"rpsigma":"0","acre":1138.4163294919,"lacre":1138.4163294919,"oldacre":"1168.4868030641"},"p2rating":{"entryid":"7529280","serverid":"eos","formatid":"monotype","userid":"stormiclouds","username":"StormiClouds","w":8,"l":"13","t":"0","gxe":40.9,"r":"1419.0675877352","rd":"71.43483178717","sigma":"0","rptime":"1439370000","rpr":1429.6845084284,"rprd":69.125167477303,"rpsigma":"0","acre":1127.6359094212,"lacre":1127.6359094212,"oldacre":"1097.0294875527"},"endType":"normal"}