{"seed":[15700,47971,34460,31067],"turns":20,"p1":"SWL Soul Eclipse","p2":"Galaxy Emilice","p1team":[{"name":"Politoed","species":"Politoed","item":"chestoberry","ability":"Drizzle","moves":["hydropump","perishsong","icebeam","rest"],"nature":"Modest","evs":{"hp":248,"atk":0,"def":0,"spa":252,"spd":8,"spe":0},"ivs":{"hp":31,"atk":31,"def":31,"spa":31,"spd":31,"spe":31}},{"name":"Gallade","species":"Gallade","item":"lifeorb","ability":"Steadfast","moves":["closecombat","drainpunch","psychocut","knockoff"],"nature":"Jolly","evs":{"hp":0,"atk":252,"def":0,"spa":0,"spd":4,"spe":252},"ivs":{"hp":31,"atk":31,"def":31,"spa":31,"spd":31,"spe":31}},{"name":"Tyrantrum","species":"Tyrantrum","item":"lumberry","ability":"Rock Head","moves":["dragondance","headsmash","outrage","earthquake"],"nature":"Adamant","evs":{"hp":0,"atk":252,"def":0,"spa":0,"spd":4,"spe":252},"ivs":{"hp":31,"atk":31,"def":31,"spa":31,"spd":31,"spe":31}},{"name":"Blissey","species":"Blissey","item":"shedshell","ability":"Natural Cure","moves":["toxic","seismictoss","wish","protect"],"nature":"Calm","evs":{"hp":0,"atk":0,"def":252,"spa":0,"spd":252,"spe":4},"ivs":{"hp":31,"atk":31,"def":31,"spa":31,"spd":31,"spe":31}},{"name":"Krookodile","species":"Krookodile","item":"choicescarf","ability":"Moxie","moves":["earthquake","knockoff","stoneedge","pursuit"],"nature":"Jolly","evs":{"hp":0,"atk":252,"def":4,"spa":0,"spd":0,"spe":252},"ivs":{"hp":31,"atk":31,"def":31,"spa":31,"spd":31,"spe":31}},{"name":"Sableye","species":"Sableye","item":"sablenite","ability":"Prankster","moves":["foulplay","willowisp","recover","fakeout"],"nature":"Impish","evs":{"hp":0,"atk":0,"def":252,"spa":0,"spd":252,"spe":4},"ivs":{"hp":31,"atk":31,"def":31,"spa":31,"spd":31,"spe":31}}],"p2team":[{"name":"Heracross","species":"Heracross","item":"heracronite","ability":"Swarm","moves":["bulletseed","pinmissile","rockblast","brickbreak"],"nature":"","evs":{"hp":4,"atk":252,"def":0,"spa":0,"spd":0,"spe":252},"ivs":{"hp":31,"atk":31,"def":31,"spa":31,"spd":31,"spe":31}},{"name":"Hoopa","species":"Hoopa","item":"lifeorb","ability":"Magician","moves":["hyperspacehole","hyperspacefury","phantomforce","toxic"],"nature":"","evs":{"hp":0,"atk":4,"def":0,"spa":252,"spd":0,"spe":252},"ivs":{"hp":31,"atk":31,"def":31,"spa":31,"spd":31,"spe":31}},{"name":"Registeel","species":"Registeel","item":"leftovers","ability":"Clear Body","moves":["thunderbolt","rocktomb","thunderwave","protect"],"nature":"","evs":{"hp":252,"atk":0,"def":4,"spa":0,"spd":252,"spe":0},"ivs":{"hp":31,"atk":31,"def":31,"spa":31,"spd":31,"spe":31}},{"name":"Weavile","species":"Weavile","item":"focussash","ability":"Pressure","moves":["icebeam","swordsdance","brickbreak","foulplay"],"nature":"","evs":{"hp":0,"atk":252,"def":0,"spa":4,"spd":0,"spe":252},"ivs":{"hp":31,"atk":31,"def":31,"spa":31,"spd":31,"spe":31}},{"name":"Accelgor","species":"Accelgor","item":"lifeorb","ability":"Hydration","moves":["gigadrain","bugbuzz","sludgebomb","toxic"],"nature":"","evs":{"hp":0,"atk":4,"def":0,"spa":252,"spd":0,"spe":252},"ivs":{"hp":31,"atk":31,"def":31,"spa":31,"spd":31,"spe":31}},{"name":"Ferrothorn","species":"Ferrothorn","item":"rockyhelmet","ability":"Iron Barbs","moves":["flashcannon","energyball","ironhead","leechseed"],"nature":"","evs":{"hp":4,"atk":0,"def":252,"spa":0,"spd":252,"spe":0},"ivs":{"hp":31,"atk":31,"def":31,"spa":31,"spd":31,"spe":31}}],"log":["|player|p1|SWL Soul Eclipse|swlsouleclipse.png","|player|p2|Galaxy Emilice|99","|gametype|singles","|gen|6","|tier|OU","|rated","|clearpoke","|poke|p1|Politoed, M","|poke|p1|Gallade, M","|poke|p1|Tyrantrum, F","|poke|p1|Blissey, F","|poke|p1|Krookodile, F","|poke|p1|Sableye, F","|poke|p2|Heracross, M","|poke|p2|Hoopa","|poke|p2|Registeel","|poke|p2|Weavile, F","|poke|p2|Accelgor, F","|poke|p2|Ferrothorn, F","|rule|Swagger Clause: Swagger is banned","|rule|Baton Pass Clause: Limit one Baton Passer, can't pass Spe and other stats simultaneously","|rule|Sleep Clause Mod: Limit one foe put to sleep","|rule|Species Clause: Limit one of each Pokémon","|rule|OHKO Clause: OHKO moves are banned","|rule|Moody Clause: Moody is banned","|rule|Evasion Moves Clause: Evasion moves are banned","|rule|Endless Battle Clause: Forcing endless battles is banned","|rule|HP Percentage Mod: HP is shown in percentages","|teampreview","|","|start","|switch|p1a: Politoed|Politoed, M|383/383","|switch|p2a: Accelgor|Accelgor, F|301/301","|-weather|RainDance","|turn|1","|","|move|p2a: Accelgor|Toxic|p1a: Politoed","|-status|p1a: Politoed|tox","|move|p1a: Politoed|Hydro Pump|p2a: Accelgor","|-damage|p2a: Accelgor|0 fnt","|faint|p2a: Accelgor","|","|-weather|RainDance|[upkeep]","|-damage|p1a: Politoed|360/383 tox|[from] psn","|","|switch|p2a: Heracross|Heracross, M|302/302","|turn|2","|","|detailschange|p2a: Heracross|Heracross-Mega, M","|-mega|p2a: Heracross|Heracross|Heracronite","|move|p2a: Heracross|Bullet Seed|p1a: Politoed","|-supereffective|p1a: Politoed","|-damage|p1a: Politoed|256/383 tox","|-supereffective|p1a: Politoed","|-damage|p1a: Politoed|156/383 tox","|-supereffective|p1a: Politoed","|-damage|p1a: Politoed|64/383 tox","|-supereffective|p1a: Politoed","|-damage|p1a: Politoed|0 fnt","|-hitcount|p1a: Politoed|4","|faint|p1a: Politoed","|","|-weather|RainDance|[upkeep]","|","|switch|p1a: Blissey|Blissey, F|651/651","|turn|3","|","|move|p2a: Heracross|Brick Break|p1a: Blissey","|-supereffective|p1a: Blissey","|-damage|p1a: Blissey|15/651","|move|p1a: Blissey|Toxic|p2a: Heracross","|-status|p2a: Heracross|tox","|","|-weather|RainDance|[upkeep]","|-damage|p2a: Heracross|284/302 tox|[from] psn","|turn|4","|","|move|p1a: Blissey|Protect|p1a: Blissey","|-singleturn|p1a: Blissey|Protect","|move|p2a: Heracross|Bullet Seed|p1a: Blissey","|-activate|p1a: Blissey|Protect","|","|-weather|RainDance|[upkeep]","|-damage|p2a: Heracross|248/302 tox|[from] psn","|turn|5","|","|switch|p1a: Tyrantrum|Tyrantrum, F|305/305","|move|p2a: Heracross|Pin Missile|p1a: Tyrantrum","|-damage|p1a: Tyrantrum|253/305","|-crit|p1a: Tyrantrum","|-damage|p1a: Tyrantrum|184/305","|-damage|p1a: Tyrantrum|135/305","|-damage|p1a: Tyrantrum|83/305","|-damage|p1a: Tyrantrum|28/305","|-hitcount|p1a: Tyrantrum|5","|","|-weather|none","|-damage|p2a: Heracross|194/302 tox|[from] psn","|turn|6","|","|move|p2a: Heracross|Bullet Seed|p1a: Tyrantrum","|-crit|p1a: Tyrantrum","|-damage|p1a: Tyrantrum|0 fnt","|-hitcount|p1a: Tyrantrum|1","|faint|p1a: Tyrantrum","|","|-damage|p2a: Heracross|122/302 tox|[from] psn","|","|switch|p1a: Blissey|Blissey, F|15/651","|turn|7","|","|switch|p2a: Weavile|Weavile, F|281/281","|-ability|p2a: Weavile|Pressure","|move|p1a: Blissey|Protect|p1a: Blissey","|-fail|p1a: Blissey","|","|turn|8","|","|move|p2a: Weavile|Swords Dance|p2a: Weavile","|-boost|p2a: Weavile|atk|2","|move|p1a: Blissey|Wish|p1a: Blissey","|","|turn|9","|","|move|p1a: Blissey|Protect|p1a: Blissey","|-singleturn|p1a: Blissey|Protect","|move|p2a: Weavile|Swords Dance|p2a: Weavile","|-boost|p2a: Weavile|atk|2","|","|-heal|p1a: Blissey|340/651|[from] move: Wish|[wisher] Blissey","|turn|10","|","|move|p2a: Weavile|Brick Break|p1a: Blissey","|-supereffective|p1a: Blissey","|-damage|p1a: Blissey|0 fnt","|faint|p1a: Blissey","|","|","|switch|p1a: Sableye|Sableye, F|241/241","|turn|11","|","|detailschange|p1a: Sableye|Sableye-Mega, F","|-mega|p1a: Sableye|Sableye|Sablenite","|move|p1a: Sableye|Fake Out|p2a: Weavile","|-damage|p2a: Weavile|245/281","|cant|p2a: Weavile|flinch","|","|turn|12","|","|move|p2a: Weavile|Foul Play|p1a: Sableye","|-damage|p1a: Sableye|186/241","|move|p1a: Sableye|Foul Play|p2a: Weavile","|-resisted|p2a: Weavile","|-damage|p2a: Weavile|0 fnt","|faint|p2a: Weavile","|","|","|switch|p2a: Heracross|Heracross-Mega, M|122/302 tox","|turn|13","|","|move|p2a: Heracross|Pin Missile|p1a: Sableye","|-damage|p1a: Sableye|147/241","|-damage|p1a: Sableye|110/241","|-damage|p1a: Sableye|71/241","|-damage|p1a: Sableye|38/241","|-damage|p1a: Sableye|2/241","|-hitcount|p1a: Sableye|5","|move|p1a: Sableye|Recover|p1a: Sableye","|-heal|p1a: Sableye|123/241","|","|-damage|p2a: Heracross|104/302 tox|[from] psn","|turn|14","|","|move|p2a: Heracross|Pin Missile|p1a: Sableye","|-damage|p1a: Sableye|86/241","|-damage|p1a: Sableye|47/241","|-damage|p1a: Sableye|8/241","|-damage|p1a: Sableye|0 fnt","|-hitcount|p1a: Sableye|4","|faint|p1a: Sableye","|","|-damage|p2a: Heracross|68/302 tox|[from] psn","|","|switch|p1a: Krookodile|Krookodile, F|331/331","|turn|15","|","|move|p1a: Krookodile|Earthquake|p2a: Heracross","|-resisted|p2a: Heracross","|-damage|p2a: Heracross|0 fnt","|faint|p2a: Heracross","|-boost|p1a: Krookodile|atk|1|[from] ability: Moxie","|","|","|switch|p2a: Ferrothorn|Ferrothorn, F|290/290","|turn|16","|","|move|p1a: Krookodile|Earthquake|p2a: Ferrothorn","|-damage|p2a: Ferrothorn|128/290","|move|p2a: Ferrothorn|Leech Seed|p1a: Krookodile","|-start|p1a: Krookodile|move: Leech Seed","|","|-damage|p1a: Krookodile|290/331|[from] Leech Seed|[of] p2a: Ferrothorn","|-heal|p2a: Ferrothorn|169/290|[silent]","|turn|17","|","|move|p1a: Krookodile|Earthquake|p2a: Ferrothorn","|-damage|p2a: Ferrothorn|6/290","|move|p2a: Ferrothorn|Energy Ball|p1a: Krookodile","|-supereffective|p1a: Krookodile","|-damage|p1a: Krookodile|128/331","|","|-damage|p1a: Krookodile|87/331|[from] Leech Seed|[of] p2a: Ferrothorn","|-heal|p2a: Ferrothorn|47/290|[silent]","|turn|18","|","|move|p1a: Krookodile|Earthquake|p2a: Ferrothorn","|-damage|p2a: Ferrothorn|0 fnt","|faint|p2a: Ferrothorn","|-boost|p1a: Krookodile|atk|1|[from] ability: Moxie","|","|","|switch|p2a: Hoopa|Hoopa|301/301","|turn|19","|","|move|p1a: Krookodile|Earthquake|p2a: Hoopa","|-damage|p2a: Hoopa|0 fnt","|faint|p2a: Hoopa","|-boost|p1a: Krookodile|atk|1|[from] ability: Moxie","|","|","|switch|p2a: Registeel|Registeel|364/364","|turn|20","|","|move|p1a: Krookodile|Earthquake|p2a: Registeel","|-supereffective|p2a: Registeel","|-damage|p2a: Registeel|0 fnt","|faint|p2a: Registeel","|-boost|p1a: Krookodile|atk|1|[from] ability: Moxie","|","|win|SWL Soul Eclipse"],"p1rating":{"entryid":667636,"formatid":"ou","userid":"swlsouleclipse","username":"SWL Soul Eclipse","r":1500,"rd":130,"sigma":0,"rpr":1540.1606143388,"rprd":122.8583080769,"rpsigma":0,"rptime":1440925200,"w":1,"l":0,"t":0,"gxe":55,"acre":1040,"lacre":1040,"oldacre":1000},"p2rating":{"entryid":"666554","serverid":"eos","formatid":"ou","userid":"galaxyemilice","username":"Galaxy Emilice","w":"0","l":2,"t":"0","gxe":41,"r":"1500","rd":"130","sigma":"0","rptime":"1440925200","rpr":1427.4328741711,"rprd":116.77753930647,"rpsigma":"0","acre":1000,"lacre":1000,"oldacre":"1000"},"endType":"normal"}