{"seed":[56621,36954,58821,56036],"turns":16,"p1":"Galaxy Emilice","p2":"Arcade BitTrippy","p1team":[{"name":"Cresselia","species":"Cresselia","item":"leftovers","ability":"Levitate","moves":["energyball","moonblast","psychic","moonlight"],"nature":"","evs":{"hp":0,"atk":0,"def":4,"spa":0,"spd":252,"spe":252},"ivs":{"hp":31,"atk":31,"def":31,"spa":31,"spd":31,"spe":31}},{"name":"Thundurus-Therian","species":"Thundurus-Therian","item":"leftovers","ability":"Volt Absorb","moves":["discharge","flashcannon","fly","brickbreak"],"nature":"","evs":{"hp":4,"atk":0,"def":0,"spa":252,"spd":0,"spe":252},"ivs":{"hp":31,"atk":31,"def":31,"spa":31,"spd":31,"spe":31}},{"name":"Kyurem-Black","species":"Kyurem-Black","item":"dragonfang","ability":"Teravolt","moves":["dragonpulse","flashcannon","earthpower","icebeam"],"nature":"","evs":{"hp":0,"atk":252,"def":0,"spa":4,"spd":0,"spe":252},"ivs":{"hp":31,"atk":31,"def":31,"spa":31,"spd":31,"spe":31}},{"name":"Latios","species":"Latios","item":"leftovers","ability":"Levitate","moves":["dragondance","earthquake","energyball","dragonpulse"],"nature":"","evs":{"hp":0,"atk":4,"def":0,"spa":252,"spd":0,"spe":252},"ivs":{"hp":31,"atk":31,"def":31,"spa":31,"spd":31,"spe":31}},{"name":"Latias","species":"Latias","item":"latiasite","ability":"Levitate","moves":["dragonpulse","earthquake","energyball","thunderbolt"],"nature":"","evs":{"hp":0,"atk":252,"def":4,"spa":0,"spd":0,"spe":252},"ivs":{"hp":31,"atk":31,"def":31,"spa":31,"spd":31,"spe":31}},{"name":"Meloetta","species":"Meloetta","item":"leftovers","ability":"Serene Grace","moves":["energyball","drainpunch","dazzlinggleam","relicsong"],"nature":"","evs":{"hp":0,"atk":0,"def":0,"spa":252,"spd":4,"spe":252},"ivs":{"hp":31,"atk":31,"def":31,"spa":31,"spd":31,"spe":31}}],"p2team":[{"name":"ayy lmao","species":"ampharos","item":"ampharosite","ability":"Static","moves":["voltswitch","dragonpulse","rest","sleeptalk"],"nature":"Bold","evs":{"hp":252,"atk":0,"def":187,"spa":0,"spd":0,"spe":69},"ivs":{"hp":31,"atk":9,"def":31,"spa":31,"spd":31,"spe":31}},{"name":"orgy","species":"dugtrio","item":"focussash","ability":"Sand Force","moves":["earthquake","memento","stealthrock","hiddenpowerice"],"nature":"Jolly","evs":{"hp":0,"atk":252,"def":0,"spa":0,"spd":4,"spe":252},"ivs":{"hp":31,"atk":30,"def":30,"spa":31,"spd":31,"spe":31}},{"name":"DANGERZONE","species":"magnezone","item":"airballoon","ability":"Magnet Pull","moves":["signalbeam","thunderbolt","hiddenpowerfire","flashcannon"],"nature":"Modest","evs":{"hp":0,"atk":0,"def":0,"spa":252,"spd":4,"spe":252},"ivs":{"hp":31,"atk":30,"def":31,"spa":30,"spd":31,"spe":30}},{"name":"Not Afraid","species":"gengar","item":"lifeorb","ability":"Levitate","moves":["shadowball","focusblast","substitute","painsplit"],"nature":"Timid","evs":{"hp":0,"atk":0,"def":0,"spa":252,"spd":4,"spe":252},"ivs":{"hp":31,"atk":0,"def":31,"spa":31,"spd":31,"spe":31}},{"name":"Heatran","species":"Heatran","item":"leftovers","ability":"Flash Fire","moves":["magmastorm","earthpower","toxic","roar"],"nature":"Calm","evs":{"hp":248,"atk":0,"def":0,"spa":0,"spd":192,"spe":68},"gender":"M","ivs":{"hp":31,"atk":0,"def":31,"spa":31,"spd":31,"spe":31}},{"name":"Zangoose","species":"Zangoose","item":"focussash","ability":"Toxic Boost","moves":["endeavor","quickattack","toxic"],"nature":"Naive","evs":{"hp":0,"atk":252,"def":0,"spa":0,"spd":0,"spe":252},"level":5,"ivs":{"hp":31,"atk":31,"def":31,"spa":31,"spd":31,"spe":31}}],"log":["|player|p1|Galaxy Emilice|99","|player|p2|Arcade BitTrippy|92","|gametype|singles","|gen|6","|tier|OU","|rated","|clearpoke","|poke|p1|Cresselia, F","|poke|p1|Thundurus-Therian, M","|poke|p1|Kyurem-Black","|poke|p1|Latios, M","|poke|p1|Latias, F","|poke|p1|Meloetta","|poke|p2|Ampharos, M","|poke|p2|Dugtrio, F","|poke|p2|Magnezone","|poke|p2|Gengar, F","|poke|p2|Heatran, M","|poke|p2|Zangoose, L5, F","|rule|Swagger Clause: Swagger is banned","|rule|Baton Pass Clause: Limit one Baton Passer, can't pass Spe and other stats simultaneously","|rule|Sleep Clause Mod: Limit one foe put to sleep","|rule|Species Clause: Limit one of each Pokémon","|rule|OHKO Clause: OHKO moves are banned","|rule|Moody Clause: Moody is banned","|rule|Evasion Moves Clause: Evasion moves are banned","|rule|Endless Battle Clause: Forcing endless battles is banned","|rule|HP Percentage Mod: HP is shown in percentages","|teampreview","|","|start","|switch|p1a: Thundurus-Therian|Thundurus-Therian, M|300/300","|switch|p2a: orgy|Dugtrio, F|211/211","|turn|1","|","|move|p2a: orgy|Hidden Power|p1a: Thundurus-Therian","|-supereffective|p1a: Thundurus-Therian","|-damage|p1a: Thundurus-Therian|244/300","|move|p1a: Thundurus-Therian|Brick Break|p2a: orgy","|-damage|p2a: orgy|101/211","|","|-heal|p1a: Thundurus-Therian|262/300|[from] item: Leftovers","|turn|2","|","|move|p2a: orgy|Stealth Rock|p1a: Thundurus-Therian","|-sidestart|p1: Galaxy Emilice|move: Stealth Rock","|move|p1a: Thundurus-Therian|Brick Break|p2a: orgy","|-crit|p2a: orgy","|-damage|p2a: orgy|0 fnt","|faint|p2a: orgy","|","|-heal|p1a: Thundurus-Therian|280/300|[from] item: Leftovers","|","|switch|p2a: Not Afraid|Gengar, F|261/261","|turn|3","|","|move|p2a: Not Afraid|Substitute|p2a: Not Afraid","|-start|p2a: Not Afraid|Substitute","|-damage|p2a: Not Afraid|196/261","|move|p1a: Thundurus-Therian|Discharge|p2a: Not Afraid","|-end|p2a: Not Afraid|Substitute","|","|-heal|p1a: Thundurus-Therian|298/300|[from] item: Leftovers","|turn|4","|","|move|p2a: Not Afraid|Shadow Ball|p1a: Thundurus-Therian","|-damage|p1a: Thundurus-Therian|91/300","|-damage|p2a: Not Afraid|170/261|[from] item: Life Orb","|move|p1a: Thundurus-Therian|Discharge|p2a: Not Afraid","|-crit|p2a: Not Afraid","|-damage|p2a: Not Afraid|0 fnt","|faint|p2a: Not Afraid","|","|-heal|p1a: Thundurus-Therian|109/300|[from] item: Leftovers","|","|switch|p2a: DANGERZONE|Magnezone|281/281","|-item|p2a: DANGERZONE|Air Balloon","|turn|5","|","|move|p1a: Thundurus-Therian|Brick Break|p2a: DANGERZONE","|-supereffective|p2a: DANGERZONE","|-damage|p2a: DANGERZONE|175/281","|-enditem|p2a: DANGERZONE|Air Balloon","|move|p2a: DANGERZONE|Flash Cannon|p1a: Thundurus-Therian","|-resisted|p1a: Thundurus-Therian","|-damage|p1a: Thundurus-Therian|22/300","|","|-heal|p1a: Thundurus-Therian|40/300|[from] item: Leftovers","|turn|6","|","|move|p1a: Thundurus-Therian|Brick Break|p2a: DANGERZONE","|-supereffective|p2a: DANGERZONE","|-damage|p2a: DANGERZONE|71/281","|move|p2a: DANGERZONE|Flash Cannon|p1a: Thundurus-Therian","|-resisted|p1a: Thundurus-Therian","|-damage|p1a: Thundurus-Therian|0 fnt","|faint|p1a: Thundurus-Therian","|","|","|switch|p1a: Latios|Latios, M|301/301","|-damage|p1a: Latios|264/301|[from] Stealth Rock","|turn|7","|","|move|p1a: Latios|Dragon Dance|p1a: Latios","|-boost|p1a: Latios|atk|1","|-boost|p1a: Latios|spe|1","|move|p2a: DANGERZONE|Signal Beam|p1a: Latios","|-supereffective|p1a: Latios","|-damage|p1a: Latios|98/301","|-start|p1a: Latios|confusion","|","|-heal|p1a: Latios|116/301|[from] item: Leftovers","|turn|8","|","|-activate|p1a: Latios|confusion","|-damage|p1a: Latios|65/301|[from] confusion","|move|p2a: DANGERZONE|Signal Beam|p1a: Latios","|-supereffective|p1a: Latios","|-damage|p1a: Latios|0 fnt","|faint|p1a: Latios","|","|","|switch|p1a: Kyurem-Black|Kyurem-Black|391/391","|-damage|p1a: Kyurem-Black|294/391|[from] Stealth Rock","|-ability|p1a: Kyurem-Black|Teravolt","|turn|9","|","|move|p1a: Kyurem-Black|Earth Power|p2a: DANGERZONE","|-crit|p2a: DANGERZONE","|-supereffective|p2a: DANGERZONE","|-damage|p2a: DANGERZONE|0 fnt","|faint|p2a: DANGERZONE","|","|","|switch|p2a: ayy lmao|Ampharos, M|384/384","|turn|10","|","|detailschange|p2a: ayy lmao|Ampharos-Mega, M","|-mega|p2a: ayy lmao|Ampharos|Ampharosite","|-ability|p2a: ayy lmao|Mold Breaker","|move|p1a: Kyurem-Black|Earth Power|p2a: ayy lmao","|-supereffective|p2a: ayy lmao","|-damage|p2a: ayy lmao|218/384","|move|p2a: ayy lmao|Dragon Pulse|p1a: Kyurem-Black","|-supereffective|p1a: Kyurem-Black","|-damage|p1a: Kyurem-Black|0 fnt","|faint|p1a: Kyurem-Black","|","|","|switch|p1a: Latias|Latias, F|301/301","|-damage|p1a: Latias|264/301|[from] Stealth Rock","|turn|11","|","|detailschange|p1a: Latias|Latias-Mega, F","|-mega|p1a: Latias|Latias|Latiasite","|move|p1a: Latias|Dragon Pulse|p2a: ayy lmao","|-supereffective|p2a: ayy lmao","|-damage|p2a: ayy lmao|0 fnt","|faint|p2a: ayy lmao","|","|","|switch|p2a: Zangoose|Zangoose, L5, F|23/23","|turn|12","|","|move|p1a: Latias|Dragon Pulse|p2a: Zangoose","|-enditem|p2a: Zangoose|Focus Sash","|-damage|p2a: Zangoose|1/23","|move|p2a: Zangoose|Endeavor|p1a: Latias","|-damage|p1a: Latias|1/301","|","|turn|13","|","|move|p2a: Zangoose|Quick Attack|p1a: Latias","|-crit|p1a: Latias","|-damage|p1a: Latias|0 fnt","|faint|p1a: Latias","|","|","|switch|p1a: Meloetta|Meloetta|341/341","|-damage|p1a: Meloetta|299/341|[from] Stealth Rock","|turn|14","|","|move|p1a: Meloetta|Relic Song|p2a: Zangoose","|-crit|p2a: Zangoose","|-damage|p2a: Zangoose|0 fnt","|-formechange|p1a: Meloetta|Meloetta-Pirouette|[msg]","|faint|p2a: Zangoose","|","|-heal|p1a: Meloetta|320/341|[from] item: Leftovers","|","|switch|p2a: Heatran|Heatran, M|385/385","|turn|15","|","|move|p1a: Meloetta|Drain Punch|p2a: Heatran","|-supereffective|p2a: Heatran","|-damage|p2a: Heatran|191/385","|-heal|p1a: Meloetta|341/341|[from] drain|[of] p2a: Heatran","|move|p2a: Heatran|Magma Storm|p1a: Meloetta","|-damage|p1a: Meloetta|149/341","|-activate|p1a: Meloetta|move: Magma Storm|[of] p2a: Heatran","|","|-heal|p1a: Meloetta|170/341|[from] item: Leftovers","|-heal|p2a: Heatran|215/385|[from] item: Leftovers","|-damage|p1a: Meloetta|128/341|[from] move: Magma Storm|[partiallytrapped]","|turn|16","|","|move|p1a: Meloetta|Drain Punch|p2a: Heatran","|-supereffective|p2a: Heatran","|-damage|p2a: Heatran|0 fnt","|-heal|p1a: Meloetta|236/341|[from] drain|[of] p2a: Heatran","|faint|p2a: Heatran","|","|win|Galaxy Emilice"],"p1rating":{"entryid":"666554","serverid":"eos","formatid":"ou","userid":"galaxyemilice","username":"Galaxy Emilice","w":1,"l":"2","t":"0","gxe":45.8,"r":"1500","rd":"130","sigma":"0","rptime":"1440925200","rpr":1466.9108216389,"rprd":111.51861011339,"rpsigma":"0","acre":1040,"lacre":1040,"oldacre":"1000"},"p2rating":{"entryid":670295,"formatid":"ou","userid":"arcadebittrippy","username":"Arcade BitTrippy","r":1500,"rd":130,"sigma":0,"rpr":1459.8393856612,"rprd":122.8583080769,"rpsigma":0,"rptime":1440925200,"w":0,"l":1,"t":0,"gxe":45,"acre":1000,"lacre":1000,"oldacre":1000},"endType":"normal"}