{"seed":[27728,27280,28355,10905],"turns":25,"p1":"GL♅Torii","p2":"Rain ☆ Veleno","p1team":[{"name":"Mr. Mime","species":"Mr. Mime","item":"leftovers","ability":"Filter","moves":["hiddenpowerfire","nastyplot","encore","psychic"],"nature":"Timid","evs":{"hp":252,"atk":0,"def":0,"spa":0,"spd":4,"spe":252},"ivs":{"hp":31,"atk":30,"def":31,"spa":30,"spd":31,"spe":30}},{"name":"Diancie","species":"Diancie","item":"mentalherb","ability":"Clear Body","moves":["trickroom","stealthrock","explosion","diamondstorm"],"nature":"Sassy","evs":{"hp":252,"atk":0,"def":88,"spa":0,"spd":168,"spe":0},"ivs":{"hp":31,"atk":31,"def":31,"spa":31,"spd":31,"spe":31}},{"name":"Sylveon","species":"Sylveon","item":"choicespecs","ability":"Pixilate","moves":["hypervoice","psyshock","hiddenpowerfire","hyperbeam"],"nature":"Modest","evs":{"hp":240,"atk":0,"def":0,"spa":252,"spd":0,"spe":16},"ivs":{"hp":31,"atk":30,"def":31,"spa":30,"spd":31,"spe":30}},{"name":"Aromatisse","species":"Aromatisse","item":"sitrusberry","ability":"Aroma Veil","moves":["drainingkiss","trickroom","calmmind","hiddenpowerfire"],"nature":"Bold","evs":{"hp":252,"atk":0,"def":252,"spa":0,"spd":4,"spe":0},"ivs":{"hp":31,"atk":30,"def":31,"spa":30,"spd":31,"spe":2}},{"name":"Azumarill","species":"Azumarill","item":"assaultvest","ability":"Huge Power","moves":["poweruppunch","waterfall","aquajet","playrough"],"nature":"Adamant","evs":{"hp":240,"atk":252,"def":0,"spa":0,"spd":16,"spe":0},"ivs":{"hp":31,"atk":31,"def":31,"spa":31,"spd":31,"spe":31}},{"name":"Gardevoir","species":"Gardevoir","item":"gardevoirite","ability":"Trace","moves":["hypervoice","substitute","energyball","focusblast"],"nature":"Timid","evs":{"hp":0,"atk":0,"def":0,"spa":252,"spd":0,"spe":252},"ivs":{"hp":31,"atk":31,"def":31,"spa":31,"spd":31,"spe":31}}],"p2team":[{"name":"Sableye","species":"Sableye","item":"sablenite","ability":"Prankster","moves":["calmmind","willowisp","recover","darkpulse"],"nature":"Bold","evs":{"hp":248,"atk":0,"def":252,"spa":8,"spd":0,"spe":0},"ivs":{"hp":31,"atk":0,"def":31,"spa":31,"spd":31,"spe":31},"shiny":true},{"name":"Tyranitar","species":"Tyranitar","item":"assaultvest","ability":"Sand Stream","moves":["stoneedge","crunch","earthquake","thunderpunch"],"nature":"Adamant","evs":{"hp":248,"atk":252,"def":8,"spa":0,"spd":0,"spe":0},"ivs":{"hp":31,"atk":31,"def":31,"spa":0,"spd":31,"spe":31},"shiny":true},{"name":"Hoopa-Unbound","species":"Hoopa-Unbound","item":"choicescarf","ability":"Magician","moves":["zenheadbutt","hyperspacefury","icepunch","firepunch"],"nature":"Jolly","evs":{"hp":4,"atk":252,"def":0,"spa":0,"spd":0,"spe":252},"ivs":{"hp":31,"atk":31,"def":31,"spa":0,"spd":31,"spe":31}},{"name":"Mandibuzz","species":"Mandibuzz","item":"rockyhelmet","ability":"Overcoat","moves":["foulplay","toxic","roost","defog"],"nature":"Bold","evs":{"hp":248,"atk":0,"def":252,"spa":0,"spd":8,"spe":0},"ivs":{"hp":31,"atk":0,"def":31,"spa":31,"spd":31,"spe":31}},{"name":"Hydreigon","species":"Hydreigon","item":"lifeorb","ability":"Levitate","moves":["dracometeor","darkpulse","earthpower","flashcannon"],"nature":"Timid","evs":{"hp":0,"atk":0,"def":0,"spa":252,"spd":4,"spe":252},"ivs":{"hp":31,"atk":0,"def":31,"spa":31,"spd":31,"spe":31}},{"name":"Crawdaunt","species":"Crawdaunt","item":"choiceband","ability":"Adaptability","moves":["xscissor","crabhammer","knockoff","aquajet"],"nature":"Adamant","evs":{"hp":252,"atk":252,"def":0,"spa":0,"spd":0,"spe":0},"ivs":{"hp":31,"atk":31,"def":31,"spa":0,"spd":31,"spe":31}}],"log":["|player|p1|GL♅Torii|gltorii.png","|player|p2|Rain ☆ Veleno|rainveleno.png","|gametype|singles","|gen|6","|tier|Monotype","|rated","|rule|Baton Pass Clause: Limit one Baton Passer, can't pass Spe and other stats simultaneously","|rule|Swagger Clause: Swagger is banned","|rule|Same Type Clause: Pokémon in a team must share a type","|clearpoke","|poke|p1|Mr. Mime, F","|poke|p1|Diancie","|poke|p1|Sylveon, M","|poke|p1|Aromatisse, F","|poke|p1|Azumarill, F","|poke|p1|Gardevoir, F","|poke|p2|Sableye, M, shiny","|poke|p2|Tyranitar, F, shiny","|poke|p2|Hoopa-Unbound","|poke|p2|Mandibuzz, F","|poke|p2|Hydreigon, F","|poke|p2|Crawdaunt, M","|rule|Sleep Clause Mod: Limit one foe put to sleep","|rule|Species Clause: Limit one of each Pokémon","|rule|OHKO Clause: OHKO moves are banned","|rule|Moody Clause: Moody is banned","|rule|Evasion Moves Clause: Evasion moves are banned","|rule|Endless Battle Clause: Forcing endless battles is banned","|rule|HP Percentage Mod: HP is shown in percentages","|teampreview","|","|start","|switch|p1a: Diancie|Diancie|304/304","|switch|p2a: Sableye|Sableye, M, shiny|303/303","|turn|1","|","|detailschange|p2a: Sableye|Sableye-Mega, M, shiny","|-mega|p2a: Sableye|Sableye|Sablenite","|move|p2a: Sableye|Calm Mind|p2a: Sableye","|-boost|p2a: Sableye|spa|1","|-boost|p2a: Sableye|spd|1","|move|p1a: Diancie|Trick Room|p1a: Diancie","|-fieldstart|move: Trick Room|[of] p1a: Diancie","|","|turn|2","|","|move|p2a: Sableye|Calm Mind|p2a: Sableye","|-boost|p2a: Sableye|spa|1","|-boost|p2a: Sableye|spd|1","|move|p1a: Diancie|Diamond Storm|p2a: Sableye","|-damage|p2a: Sableye|236/303","|-boost|p1a: Diancie|def|1","|","|turn|3","|","|move|p2a: Sableye|Calm Mind|p2a: Sableye","|-boost|p2a: Sableye|spa|1","|-boost|p2a: Sableye|spd|1","|move|p1a: Diancie|Diamond Storm|p2a: Sableye","|-damage|p2a: Sableye|164/303","|","|turn|4","|","|move|p2a: Sableye|Will-O-Wisp|p1a: Diancie","|-status|p1a: Diancie|brn","|move|p1a: Diancie|Diamond Storm|p2a: Sableye","|-damage|p2a: Sableye|130/303","|","|-damage|p1a: Diancie|266/304 brn|[from] brn","|turn|5","|","|move|p2a: Sableye|Recover|p2a: Sableye","|-heal|p2a: Sableye|282/303","|move|p1a: Diancie|Diamond Storm|p2a: Sableye","|-damage|p2a: Sableye|245/303","|-boost|p1a: Diancie|def|1","|","|-damage|p1a: Diancie|228/304 brn|[from] brn","|-fieldend|move: Trick Room","|turn|6","|","|switch|p1a: Azumarill|Azumarill, F|401/401","|move|p2a: Sableye|Calm Mind|p2a: Sableye","|-boost|p2a: Sableye|spa|1","|-boost|p2a: Sableye|spd|1","|","|turn|7","|","|move|p1a: Azumarill|Play Rough|p2a: Sableye","|-supereffective|p2a: Sableye","|-damage|p2a: Sableye|0 fnt","|faint|p2a: Sableye","|","|","|switch|p2a: Tyranitar|Tyranitar, F, shiny|403/403","|-weather|Sandstorm","|turn|8","|","|move|p2a: Tyranitar|Thunder Punch|p1a: Azumarill","|-supereffective|p1a: Azumarill","|-damage|p1a: Azumarill|161/401","|move|p1a: Azumarill|Power-Up Punch|p2a: Tyranitar","|-supereffective|p2a: Tyranitar","|-damage|p2a: Tyranitar|171/403","|-boost|p1a: Azumarill|atk|1","|","|-weather|Sandstorm|[upkeep]","|-damage|p1a: Azumarill|136/401|[from] sandstorm","|turn|9","|","|move|p1a: Azumarill|Aqua Jet|p2a: Tyranitar","|-supereffective|p2a: Tyranitar","|-damage|p2a: Tyranitar|0 fnt","|faint|p2a: Tyranitar","|","|-weather|Sandstorm|[upkeep]","|-damage|p1a: Azumarill|111/401|[from] sandstorm","|","|switch|p2a: Hydreigon|Hydreigon, F|325/325","|turn|10","|","|move|p1a: Azumarill|Aqua Jet|p2a: Hydreigon","|-resisted|p2a: Hydreigon","|-damage|p2a: Hydreigon|256/325","|move|p2a: Hydreigon|Flash Cannon|p1a: Azumarill","|-damage|p1a: Azumarill|17/401","|-damage|p2a: Hydreigon|224/325|[from] item: Life Orb","|","|-weather|Sandstorm|[upkeep]","|-damage|p2a: Hydreigon|204/325|[from] sandstorm","|-damage|p1a: Azumarill|0 fnt|[from] sandstorm","|faint|p1a: Azumarill","|","|switch|p1a: Aromatisse|Aromatisse, F|406/406","|turn|11","|","|move|p2a: Hydreigon|Flash Cannon|p1a: Aromatisse","|-supereffective|p1a: Aromatisse","|-damage|p1a: Aromatisse|136/406","|-damage|p2a: Hydreigon|172/325|[from] item: Life Orb","|-enditem|p1a: Aromatisse|Sitrus Berry|[eat]","|-heal|p1a: Aromatisse|237/406|[from] item: Sitrus Berry","|move|p1a: Aromatisse|Trick Room|p1a: Aromatisse","|-fieldstart|move: Trick Room|[of] p1a: Aromatisse","|","|-weather|Sandstorm|[upkeep]","|-damage|p1a: Aromatisse|212/406|[from] sandstorm","|-damage|p2a: Hydreigon|152/325|[from] sandstorm","|turn|12","|","|move|p1a: Aromatisse|Draining Kiss|p2a: Hydreigon","|-supereffective|p2a: Hydreigon","|-damage|p2a: Hydreigon|0 fnt","|-heal|p1a: Aromatisse|326/406|[from] drain|[of] p2a: Hydreigon","|faint|p2a: Hydreigon","|","|-weather|none","|","|switch|p2a: Crawdaunt|Crawdaunt, M|330/330","|turn|13","|","|move|p1a: Aromatisse|Calm Mind|p1a: Aromatisse","|-boost|p1a: Aromatisse|spa|1","|-boost|p1a: Aromatisse|spd|1","|move|p2a: Crawdaunt|Crabhammer|p1a: Aromatisse","|-damage|p1a: Aromatisse|4/406","|","|turn|14","|","|move|p1a: Aromatisse|Draining Kiss|p2a: Crawdaunt","|-supereffective|p2a: Crawdaunt","|-damage|p2a: Crawdaunt|60/330","|-heal|p1a: Aromatisse|207/406|[from] drain|[of] p2a: Crawdaunt","|move|p2a: Crawdaunt|Crabhammer|p1a: Aromatisse","|-damage|p1a: Aromatisse|0 fnt","|faint|p1a: Aromatisse","|","|","|switch|p1a: Sylveon|Sylveon, M|391/391","|turn|15","|","|move|p2a: Crawdaunt|Crabhammer|p1a: Sylveon","|-damage|p1a: Sylveon|0 fnt","|faint|p1a: Sylveon","|","|-fieldend|move: Trick Room","|","|switch|p1a: Gardevoir|Gardevoir, F|277/277","|-ability|p1a: Gardevoir|Adaptability|[from] ability: Trace|[of] p2a: Crawdaunt","|turn|16","|","|detailschange|p1a: Gardevoir|Gardevoir-Mega, F","|-mega|p1a: Gardevoir|Gardevoir|Gardevoirite","|move|p1a: Gardevoir|Hyper Voice|p2a: Crawdaunt","|-supereffective|p2a: Crawdaunt","|-damage|p2a: Crawdaunt|0 fnt","|faint|p2a: Crawdaunt","|","|","|switch|p2a: Hoopa-Unbound|Hoopa-Unbound|302/302","|turn|17","|","|move|p2a: Hoopa-Unbound|Hyperspace Fury|p1a: Gardevoir","|-damage|p1a: Gardevoir|0 fnt","|-unboost|p2a: Hoopa-Unbound|def|1","|faint|p1a: Gardevoir","|","|","|switch|p1a: Diancie|Diancie|228/304 brn","|turn|18","|","|switch|p2a: Mandibuzz|Mandibuzz, F|423/423","|move|p1a: Diancie|Explosion|p2a: Mandibuzz","|-damage|p2a: Mandibuzz|349/423","|faint|p1a: Diancie","|","|","|switch|p1a: Mr. Mime|Mr. Mime, F|284/284","|turn|19","|","|move|p1a: Mr. Mime|Nasty Plot|p1a: Mr. Mime","|-boost|p1a: Mr. Mime|spa|2","|move|p2a: Mandibuzz|Toxic|p1a: Mr. Mime|[miss]","|-miss|p2a: Mandibuzz|p1a: Mr. Mime","|","|turn|20","|","|move|p1a: Mr. Mime|Encore|p2a: Mandibuzz","|-start|p2a: Mandibuzz|Encore","|move|p2a: Mandibuzz|Toxic|p1a: Mr. Mime","|-status|p1a: Mr. Mime|tox","|","|-damage|p1a: Mr. Mime|267/284 tox|[from] psn","|turn|21","|","|move|p1a: Mr. Mime|Nasty Plot|p1a: Mr. Mime","|-boost|p1a: Mr. Mime|spa|2","|move|p2a: Mandibuzz|Toxic|p1a: Mr. Mime","|-fail|p1a: Mr. Mime|tox","|","|-heal|p1a: Mr. Mime|284/284 tox|[from] item: Leftovers","|-damage|p1a: Mr. Mime|250/284 tox|[from] psn","|turn|22","|","|move|p1a: Mr. Mime|Hidden Power|p2a: Mandibuzz","|-damage|p2a: Mandibuzz|196/423","|move|p2a: Mandibuzz|Toxic|p1a: Mr. Mime","|-fail|p1a: Mr. Mime|tox","|","|-heal|p1a: Mr. Mime|267/284 tox|[from] item: Leftovers","|-damage|p1a: Mr. Mime|216/284 tox|[from] psn","|-end|p2a: Mandibuzz|Encore","|turn|23","|","|move|p1a: Mr. Mime|Encore|p2a: Mandibuzz","|-start|p2a: Mandibuzz|Encore","|move|p2a: Mandibuzz|Toxic|p1a: Mr. Mime","|-fail|p1a: Mr. Mime|tox","|","|-heal|p1a: Mr. Mime|233/284 tox|[from] item: Leftovers","|-damage|p1a: Mr. Mime|165/284 tox|[from] psn","|turn|24","|","|move|p1a: Mr. Mime|Hidden Power|p2a: Mandibuzz","|-damage|p2a: Mandibuzz|39/423","|move|p2a: Mandibuzz|Toxic|p1a: Mr. Mime","|-fail|p1a: Mr. Mime|tox","|","|-heal|p1a: Mr. Mime|182/284 tox|[from] item: Leftovers","|-damage|p1a: Mr. Mime|97/284 tox|[from] psn","|turn|25","|","|win|Rain ☆ Veleno"],"p1rating":{"entryid":"7298449","serverid":"eos","formatid":"monotype","userid":"gltorii","username":"GL♅Torii","w":"1","l":2,"t":"0","gxe":46.1,"r":"1500","rd":"130","sigma":"0","rptime":"1438333200","rpr":1469.213811824,"rprd":110.28107166896,"rpsigma":"0","acre":1022.557216472,"lacre":1022.557216472,"oldacre":"1040.4969649388"},"p2rating":{"entryid":"7171148","serverid":"eos","formatid":"monotype","userid":"rainveleno","username":"Rain ☆ Veleno","w":1,"l":"1","t":"0","gxe":51.2,"r":1469.8745573024,"rd":123.48928502372,"sigma":"0","rptime":1438333200,"rpr":1509.4490598268,"rprd":117.35556521057,"rpsigma":"0","acre":1044.641384888,"lacre":1044.641384888,"oldacre":"1000"},"endType":"forfeit"}