{"seed":[13792,52230,1867,51534],"turns":29,"p1":"Carnie Mini","p2":"alliance-c-control","p1team":[{"name":"Togekiss","species":"Togekiss","item":"leftovers","ability":"Serene Grace","moves":["thunderwave","airslash","defog","roost"],"nature":"Calm","evs":{"hp":252,"atk":0,"def":0,"spa":4,"spd":252,"spe":0},"ivs":{"hp":31,"atk":31,"def":31,"spa":31,"spd":31,"spe":31}},{"name":"Thundurus-Therian","species":"Thundurus-Therian","item":"lifeorb","ability":"Volt Absorb","moves":["sludgewave","hiddenpowerground","discharge","voltswitch"],"nature":"Timid","evs":{"hp":0,"atk":0,"def":0,"spa":252,"spd":4,"spe":252},"ivs":{"hp":31,"atk":31,"def":31,"spa":30,"spd":30,"spe":31}},{"name":"Mandibuzz","species":"Mandibuzz","item":"leftovers","ability":"Overcoat","moves":["foulplay","roost","toxic","defog"],"nature":"Careful","evs":{"hp":248,"atk":8,"def":0,"spa":0,"spd":252,"spe":0},"ivs":{"hp":31,"atk":31,"def":31,"spa":31,"spd":31,"spe":31}},{"name":"Skarmory","species":"Skarmory","item":"rockyhelmet","ability":"Sturdy","moves":["whirlwind","stealthrock","bravebird","roost"],"nature":"Impish","evs":{"hp":252,"atk":4,"def":252,"spa":0,"spd":0,"spe":0},"ivs":{"hp":31,"atk":31,"def":31,"spa":31,"spd":31,"spe":31}},{"name":"Landorus-Therian","species":"Landorus-Therian","item":"choicescarf","ability":"Intimidate","moves":["knockoff","uturn","stoneedge","earthquake"],"nature":"Jolly","evs":{"hp":0,"atk":252,"def":0,"spa":0,"spd":4,"spe":252},"ivs":{"hp":31,"atk":31,"def":31,"spa":31,"spd":31,"spe":31}},{"name":"Gyarados","species":"Gyarados","item":"gyaradosite","ability":"Intimidate","moves":["dragondance","waterfall","crunch","taunt"],"nature":"Adamant","evs":{"hp":0,"atk":252,"def":0,"spa":0,"spd":4,"spe":252},"ivs":{"hp":31,"atk":31,"def":31,"spa":31,"spd":31,"spe":31}}],"p2team":[{"name":"Beheeyem","species":"Beheeyem","item":"leftovers","ability":"Synchronize","moves":["shadowball","psychic","painsplit","recover"],"nature":"Calm","evs":{"hp":252,"atk":0,"def":0,"spa":4,"spd":252,"spe":0},"ivs":{"hp":31,"atk":31,"def":31,"spa":31,"spd":31,"spe":31}},{"name":"Azelf","species":"Azelf","item":"ejectbutton","ability":"Levitate","moves":["magicroom","acrobatics","stealthrock","explosion"],"nature":"Jolly","evs":{"hp":4,"atk":252,"def":0,"spa":0,"spd":0,"spe":252},"ivs":{"hp":31,"atk":31,"def":31,"spa":31,"spd":31,"spe":31}},{"name":"Jirachi","species":"Jirachi","item":"choicescarf","ability":"Serene Grace","moves":["cosmicpower","trick","moonblast","flashcannon"],"nature":"Timid","evs":{"hp":4,"atk":0,"def":0,"spa":252,"spd":0,"spe":252},"shiny":true,"ivs":{"hp":31,"atk":31,"def":31,"spa":31,"spd":31,"spe":31}},{"name":"Gardevoir","species":"Gardevoir","item":"gardevoirite","ability":"Trace","moves":["trickroom","doubleedge","zenheadbutt","bodyslam"],"nature":"Brave","evs":{"hp":252,"atk":252,"def":0,"spa":0,"spd":4,"spe":0},"ivs":{"hp":31,"atk":31,"def":31,"spa":31,"spd":31,"spe":0}},{"name":"Latias","species":"Latias","item":"leftovers","ability":"Levitate","moves":["defog","dracometeor","icebeam","healingwish"],"nature":"Timid","evs":{"hp":0,"atk":0,"def":0,"spa":252,"spd":4,"spe":252},"ivs":{"hp":31,"atk":31,"def":31,"spa":31,"spd":31,"spe":31}},{"name":"Slowbro","species":"Slowbro","item":"rockyhelmet","ability":"Regenerator","moves":["scald","slackoff","irondefense","calmmind"],"nature":"Bold","evs":{"hp":248,"atk":0,"def":252,"spa":0,"spd":8,"spe":0},"ivs":{"hp":31,"atk":31,"def":31,"spa":31,"spd":31,"spe":31}}],"log":["|player|p1|Carnie Mini|carniemini.gif","|player|p2|alliance-c-control|190","|gametype|singles","|gen|6","|tier|Monotype","|rated","|rule|Baton Pass Clause: Limit one Baton Passer, can't pass Spe and other stats simultaneously","|rule|Swagger Clause: Swagger is banned","|rule|Same Type Clause: Pokémon in a team must share a type","|clearpoke","|poke|p1|Togekiss, F","|poke|p1|Thundurus-Therian, M","|poke|p1|Mandibuzz, F","|poke|p1|Skarmory, F","|poke|p1|Landorus-Therian, M","|poke|p1|Gyarados, M","|poke|p2|Beheeyem, F","|poke|p2|Azelf","|poke|p2|Jirachi, shiny","|poke|p2|Gardevoir, M","|poke|p2|Latias, F","|poke|p2|Slowbro, F","|rule|Sleep Clause Mod: Limit one foe put to sleep","|rule|Species Clause: Limit one of each Pokémon","|rule|OHKO Clause: OHKO moves are banned","|rule|Moody Clause: Moody is banned","|rule|Evasion Moves Clause: Evasion moves are banned","|rule|Endless Battle Clause: Forcing endless battles is banned","|rule|HP Percentage Mod: HP is shown in percentages","|teampreview","|","|start","|switch|p1a: Mandibuzz|Mandibuzz, F|423/423","|switch|p2a: Azelf|Azelf|292/292","|turn|1","|","|move|p2a: Azelf|Stealth Rock|p1a: Mandibuzz","|-sidestart|p1: Carnie Mini|move: Stealth Rock","|move|p1a: Mandibuzz|Toxic|p2a: Azelf","|-status|p2a: Azelf|tox","|","|-damage|p2a: Azelf|274/292 tox|[from] psn","|turn|2","|","|move|p2a: Azelf|Magic Room|p2a: Azelf","|-fieldstart|move: Magic Room|[of] p2a: Azelf","|move|p1a: Mandibuzz|Defog|p2a: Azelf","|-unboost|p2a: Azelf|evasion|1","|-sideend|p1: Carnie Mini|Stealth Rock|[from] move: Defog|[of] p1a: Mandibuzz","|","|-damage|p2a: Azelf|238/292 tox|[from] psn","|turn|3","|","|switch|p2a: Gardevoir|Gardevoir, M|340/340","|-ability|p2a: Gardevoir|Overcoat|[from] ability: Trace|[of] p1a: Mandibuzz","|move|p1a: Mandibuzz|Foul Play|p2a: Gardevoir","|-damage|p2a: Gardevoir|181/340","|","|turn|4","|","|switch|p1a: Togekiss|Togekiss, F|374/374","|detailschange|p2a: Gardevoir|Gardevoir-Mega, M","|-mega|p2a: Gardevoir|Gardevoir|Gardevoirite","|move|p2a: Gardevoir|Body Slam|p1a: Togekiss","|-damage|p1a: Togekiss|211/374","|-status|p1a: Togekiss|par","|","|turn|5","|","|move|p2a: Gardevoir|Body Slam|p1a: Togekiss","|-damage|p1a: Togekiss|40/374 par","|move|p1a: Togekiss|Thunder Wave|p2a: Gardevoir","|-status|p2a: Gardevoir|par","|","|turn|6","|","|switch|p1a: Skarmory|Skarmory, F|334/334","|move|p2a: Gardevoir|Trick Room|p2a: Gardevoir","|-fieldstart|move: Trick Room|[of] p2a: Gardevoir","|","|-fieldend|move: Magic Room|[of] p2: Azelf","|turn|7","|","|switch|p2a: Jirachi|Jirachi, shiny|342/342","|move|p1a: Skarmory|Stealth Rock|p2a: Jirachi","|-sidestart|p2: alliance-c-control|move: Stealth Rock","|","|turn|8","|","|switch|p1a: Mandibuzz|Mandibuzz, F|423/423","|move|p2a: Jirachi|Cosmic Power|p2a: Jirachi","|-boost|p2a: Jirachi|def|1","|-boost|p2a: Jirachi|spd|1","|","|turn|9","|","|switch|p2a: Latias|Latias, F|301/301","|-damage|p2a: Latias|264/301|[from] Stealth Rock","|move|p1a: Mandibuzz|Foul Play|p2a: Latias","|-supereffective|p2a: Latias","|-damage|p2a: Latias|84/301","|","|-heal|p2a: Latias|102/301|[from] item: Leftovers","|turn|10","|","|switch|p2a: Slowbro|Slowbro, F|393/393","|-damage|p2a: Slowbro|344/393|[from] Stealth Rock","|move|p1a: Mandibuzz|Foul Play|p2a: Slowbro","|-supereffective|p2a: Slowbro","|-damage|p2a: Slowbro|234/393","|-damage|p1a: Mandibuzz|353/423|[from] item: Rocky Helmet|[of] p2a: Slowbro","|","|-heal|p1a: Mandibuzz|379/423|[from] item: Leftovers","|-fieldend|move: Trick Room","|turn|11","|","|switch|p2a: Azelf|Azelf|238/292 tox","|-damage|p2a: Azelf|202/292 tox|[from] Stealth Rock","|move|p1a: Mandibuzz|Toxic|p2a: Azelf","|-fail|p2a: Azelf|tox","|","|-heal|p1a: Mandibuzz|405/423|[from] item: Leftovers","|-damage|p2a: Azelf|184/292 tox|[from] psn","|turn|12","|","|move|p2a: Azelf|Explosion|p1a: Mandibuzz","|-damage|p1a: Mandibuzz|115/423","|faint|p2a: Azelf","|move|p1a: Mandibuzz|Foul Play|p2: Azelf|[notarget]","|-notarget","|","|-heal|p1a: Mandibuzz|141/423|[from] item: Leftovers","|","|switch|p2a: Jirachi|Jirachi, shiny|342/342","|-damage|p2a: Jirachi|321/342|[from] Stealth Rock","|turn|13","|","|switch|p1a: Skarmory|Skarmory, F|334/334","|move|p2a: Jirachi|Trick|p1a: Skarmory","|-activate|p2a: Jirachi|move: Trick|[of] p1a: Skarmory","|-item|p1a: Skarmory|Choice Scarf|[from] move: Trick","|-item|p2a: Jirachi|Rocky Helmet|[from] move: Trick","|","|turn|14","|","|move|p2a: Jirachi|Cosmic Power|p2a: Jirachi","|-boost|p2a: Jirachi|def|1","|-boost|p2a: Jirachi|spd|1","|move|p1a: Skarmory|Whirlwind|p2a: Jirachi","|drag|p2a: Latias|Latias, F|102/301","|-damage|p2a: Latias|65/301|[from] Stealth Rock","|","|-heal|p2a: Latias|83/301|[from] item: Leftovers","|turn|15","|","|switch|p1a: Togekiss|Togekiss, F|40/374 par","|move|p2a: Latias|Defog|p1a: Togekiss","|-unboost|p1a: Togekiss|evasion|1","|-sideend|p2: alliance-c-control|Stealth Rock|[from] move: Defog|[of] p2a: Latias","|","|-heal|p2a: Latias|101/301|[from] item: Leftovers","|-heal|p1a: Togekiss|63/374 par|[from] item: Leftovers","|turn|16","|","|move|p2a: Latias|Ice Beam|p1a: Togekiss","|-supereffective|p1a: Togekiss","|-damage|p1a: Togekiss|0 fnt","|faint|p1a: Togekiss","|","|-heal|p2a: Latias|119/301|[from] item: Leftovers","|","|switch|p1a: Landorus-Therian|Landorus-Therian, M|319/319","|-ability|p1a: Landorus-Therian|Intimidate","|-unboost|p2a: Latias|atk|1","|turn|17","|","|switch|p2a: Slowbro|Slowbro, F|365/393","|move|p1a: Landorus-Therian|Knock Off|p2a: Slowbro","|-supereffective|p2a: Slowbro","|-damage|p2a: Slowbro|197/393","|-damage|p1a: Landorus-Therian|266/319|[from] item: Rocky Helmet|[of] p2a: Slowbro","|-enditem|p2a: Slowbro|Rocky Helmet|[from] move: Knock Off|[of] p1a: Landorus-Therian","|","|turn|18","|","|switch|p1a: Mandibuzz|Mandibuzz, F|141/423","|switch|p2a: Latias|Latias, F|119/301","|","|-heal|p2a: Latias|137/301|[from] item: Leftovers","|-heal|p1a: Mandibuzz|167/423|[from] item: Leftovers","|turn|19","|","|move|p2a: Latias|Ice Beam|p1a: Mandibuzz","|-supereffective|p1a: Mandibuzz","|-damage|p1a: Mandibuzz|29/423","|move|p1a: Mandibuzz|Roost|p1a: Mandibuzz","|-heal|p1a: Mandibuzz|241/423","|","|-heal|p2a: Latias|155/301|[from] item: Leftovers","|-heal|p1a: Mandibuzz|267/423|[from] item: Leftovers","|turn|20","|","|move|p2a: Latias|Ice Beam|p1a: Mandibuzz","|-supereffective|p1a: Mandibuzz","|-damage|p1a: Mandibuzz|133/423","|move|p1a: Mandibuzz|Foul Play|p2a: Latias","|-supereffective|p2a: Latias","|-damage|p2a: Latias|0 fnt","|faint|p2a: Latias","|","|-heal|p1a: Mandibuzz|159/423|[from] item: Leftovers","|","|switch|p2a: Jirachi|Jirachi, shiny|321/342","|turn|21","|","|switch|p1a: Skarmory|Skarmory, F|334/334","|move|p2a: Jirachi|Moonblast|p1a: Skarmory","|-resisted|p1a: Skarmory","|-damage|p1a: Skarmory|272/334","|","|turn|22","|","|move|p2a: Jirachi|Moonblast|p1a: Skarmory","|-resisted|p1a: Skarmory","|-damage|p1a: Skarmory|207/334","|move|p1a: Skarmory|Stealth Rock|p2a: Jirachi","|-sidestart|p2: alliance-c-control|move: Stealth Rock","|","|turn|23","|","|switch|p1a: Gyarados|Gyarados, M|331/331","|-ability|p1a: Gyarados|Intimidate","|-unboost|p2a: Jirachi|atk|1","|move|p2a: Jirachi|Moonblast|p1a: Gyarados","|-damage|p1a: Gyarados|242/331","|-unboost|p1a: Gyarados|spa|1","|","|turn|24","|","|switch|p2a: Slowbro|Slowbro, F|328/393","|-damage|p2a: Slowbro|279/393|[from] Stealth Rock","|move|p1a: Gyarados|Crunch|p2a: Slowbro","|-supereffective|p2a: Slowbro","|-damage|p2a: Slowbro|147/393","|","|turn|25","|","|detailschange|p1a: Gyarados|Gyarados-Mega, M","|-mega|p1a: Gyarados|Gyarados|Gyaradosite","|-ability|p1a: Gyarados|Mold Breaker","|move|p1a: Gyarados|Dragon Dance|p1a: Gyarados","|-boost|p1a: Gyarados|atk|1","|-boost|p1a: Gyarados|spe|1","|move|p2a: Slowbro|Slack Off|p2a: Slowbro","|-heal|p2a: Slowbro|344/393","|","|turn|26","|","|move|p1a: Gyarados|Dragon Dance|p1a: Gyarados","|-boost|p1a: Gyarados|atk|1","|-boost|p1a: Gyarados|spe|1","|move|p2a: Slowbro|Iron Defense|p2a: Slowbro","|-boost|p2a: Slowbro|def|2","|","|turn|27","|","|move|p1a: Gyarados|Taunt|p2a: Slowbro","|-start|p2a: Slowbro|move: Taunt","|cant|p2a: Slowbro|move: Taunt|Iron Defense","|","|turn|28","|","|move|p1a: Gyarados|Crunch|p2a: Slowbro","|-supereffective|p2a: Slowbro","|-damage|p2a: Slowbro|102/393","|move|p2a: Slowbro|Scald|p1a: Gyarados","|-resisted|p1a: Gyarados","|-damage|p1a: Gyarados|205/331","|","|turn|29","|","|win|Carnie Mini"],"p1rating":{"entryid":"5731199","serverid":"eos","formatid":"monotype","userid":"carniemini","username":"carnie Mini","w":44,"l":"38","t":"0","gxe":53.9,"r":"1519.066330191","rd":"46.945176889542","sigma":"0","rptime":"1438246800","rpr":1529.8772683554,"rprd":46.168201150439,"rpsigma":"0","acre":1293.7090998069,"lacre":1293.7090998069,"oldacre":"1283.1000557923"},"p2rating":{"entryid":"6440455","serverid":"eos","formatid":"monotype","userid":"allianceccontrol","username":"Alliance-C-Control","w":"214","l":287,"t":"0","gxe":41.1,"r":"1435.8579604977","rd":"25","sigma":"0","rptime":"1438246800","rpr":1432.4326672685,"rprd":25,"rpsigma":"0","acre":1047.4538543953,"lacre":1047.4538543953,"oldacre":"1055.2119479145"},"endType":"forfeit"}