{"seed":[45043,17690,38377,32653],"turns":22,"p1":"Marx-Bot","p2":"Intern Blu98","p1team":[{"name":"Transformer","species":"ditto","item":"choicescarf","ability":"Imposter","moves":["transform"],"nature":"Bold","evs":{"hp":248,"atk":0,"def":252,"spa":0,"spd":8,"spe":0},"ivs":{"hp":31,"atk":31,"def":31,"spa":31,"spd":31,"spe":31}},{"name":"Braviary","species":"Braviary","item":"lifeorb","ability":"Sheer Force","moves":["bravebird","rockslide","superpower","crushclaw"],"nature":"Jolly","evs":{"hp":0,"atk":252,"def":0,"spa":0,"spd":4,"spe":252},"ivs":{"hp":31,"atk":31,"def":31,"spa":31,"spd":31,"spe":31}},{"name":"Capuccino","species":"cinccino","item":"kingsrock","ability":"Skill Link","moves":["bulletseed","rockblast","tailslap","uturn"],"nature":"Jolly","evs":{"hp":0,"atk":252,"def":0,"spa":0,"spd":4,"spe":252},"ivs":{"hp":31,"atk":31,"def":31,"spa":31,"spd":31,"spe":31}},{"name":"Lady GaGa","species":"meloetta","item":"assaultvest","ability":"Serene Grace","moves":["chargebeam","hypervoice","psyshock","energyball"],"nature":"Modest","evs":{"hp":248,"atk":0,"def":0,"spa":252,"spd":8,"spe":0},"ivs":{"hp":31,"atk":31,"def":31,"spa":31,"spd":31,"spe":31}},{"name":"Bird Jesus","species":"pidgeot","item":"pidgeotite","ability":"Keen Eye","moves":["airslash","hurricane","heatwave","roost"],"nature":"Timid","evs":{"hp":0,"atk":0,"def":0,"spa":252,"spd":4,"spe":252},"ivs":{"hp":31,"atk":31,"def":31,"spa":31,"spd":31,"spe":31}},{"name":"Your Fat Friend","species":"snorlax","item":"leftovers","ability":"Thick Fat","moves":["heavyslam","bodyslam","rest","sleeptalk"],"nature":"Adamant","evs":{"hp":252,"atk":252,"def":0,"spa":0,"spd":4,"spe":0},"ivs":{"hp":31,"atk":31,"def":31,"spa":31,"spd":31,"spe":31}}],"p2team":[{"name":"Blitzkreig","species":"charizard","item":"charizarditey","ability":"Blaze","moves":["fireblast","solarbeam","airslash","dragonpulse"],"nature":"Timid","evs":{"hp":0,"atk":0,"def":4,"spa":252,"spd":0,"spe":252},"ivs":{"hp":31,"atk":31,"def":31,"spa":31,"spd":31,"spe":31}},{"name":"Mineturtle","species":"torkoal","item":"leftovers","ability":"Shell Armor","moves":["stealthrock","lavaplume","willowisp","rapidspin"],"nature":"Bold","evs":{"hp":248,"atk":0,"def":232,"spa":0,"spd":28,"spe":0},"ivs":{"hp":31,"atk":31,"def":31,"spa":31,"spd":31,"spe":31}},{"name":"Firebrows","species":"darmanitan","item":"lifeorb","ability":"Sheer Force","moves":["flareblitz","rockslide","uturn","poweruppunch"],"nature":"Jolly","evs":{"hp":0,"atk":252,"def":0,"spa":0,"spd":4,"spe":252},"ivs":{"hp":31,"atk":31,"def":31,"spa":31,"spd":31,"spe":31}},{"name":"Furnace Boiiii","species":"rotomheat","item":"lightclay","ability":"Levitate","moves":["reflect","lightscreen","overheat","voltswitch"],"nature":"Bold","evs":{"hp":252,"atk":0,"def":128,"spa":0,"spd":128,"spe":0},"ivs":{"hp":31,"atk":30,"def":30,"spa":31,"spd":31,"spe":31}},{"name":"Ears","species":"victini","item":"choiceband","ability":"Victory Star","moves":["vcreate","boltstrike","uturn","zenheadbutt"],"nature":"Jolly","evs":{"hp":4,"atk":252,"def":0,"spa":0,"spd":0,"spe":252},"ivs":{"hp":31,"atk":31,"def":31,"spa":31,"spd":31,"spe":31}},{"name":"Iron Man","species":"heatran","item":"airballoon","ability":"Flash Fire","moves":["lavaplume","flashcannon","protect","toxic"],"nature":"Bold","evs":{"hp":248,"atk":0,"def":252,"spa":8,"spd":0,"spe":0},"ivs":{"hp":31,"atk":31,"def":31,"spa":31,"spd":31,"spe":31}}],"log":["|player|p1|Marx-Bot|238","|player|p2|Intern Blu98|1","|gametype|singles","|gen|6","|tier|Monotype","|rated","|rule|Baton Pass Clause: Limit one Baton Passer, can't pass Spe and other stats simultaneously","|rule|Swagger Clause: Swagger is banned","|rule|Same Type Clause: Pokémon in a team must share a type","|clearpoke","|poke|p1|Ditto","|poke|p1|Braviary, M","|poke|p1|Cinccino, F","|poke|p1|Meloetta","|poke|p1|Pidgeot, M","|poke|p1|Snorlax, F","|poke|p2|Charizard, M","|poke|p2|Torkoal, M","|poke|p2|Darmanitan, M","|poke|p2|Rotom-Heat","|poke|p2|Victini","|poke|p2|Heatran, M","|rule|Sleep Clause Mod: Limit one foe put to sleep","|rule|Species Clause: Limit one of each Pokémon","|rule|OHKO Clause: OHKO moves are banned","|rule|Moody Clause: Moody is banned","|rule|Evasion Moves Clause: Evasion moves are banned","|rule|Endless Battle Clause: Forcing endless battles is banned","|rule|HP Percentage Mod: HP is shown in percentages","|teampreview","|","|start","|switch|p1a: Your Fat Friend|Snorlax, F|524/524","|switch|p2a: Mineturtle|Torkoal, M|343/343","|turn|1","|","|move|p1a: Your Fat Friend|Body Slam|p2a: Mineturtle","|-damage|p2a: Mineturtle|259/343","|move|p2a: Mineturtle|Will-O-Wisp|p1a: Your Fat Friend|[miss]","|-miss|p2a: Mineturtle|p1a: Your Fat Friend","|","|-heal|p2a: Mineturtle|280/343|[from] item: Leftovers","|turn|2","|","|move|p1a: Your Fat Friend|Body Slam|p2a: Mineturtle","|-damage|p2a: Mineturtle|195/343","|move|p2a: Mineturtle|Will-O-Wisp|p1a: Your Fat Friend","|-status|p1a: Your Fat Friend|brn","|","|-heal|p2a: Mineturtle|216/343|[from] item: Leftovers","|-damage|p1a: Your Fat Friend|459/524 brn|[from] brn","|turn|3","|","|move|p1a: Your Fat Friend|Body Slam|p2a: Mineturtle","|-damage|p2a: Mineturtle|175/343","|-status|p2a: Mineturtle|par","|cant|p2a: Mineturtle|par","|","|-heal|p1a: Your Fat Friend|491/524 brn|[from] item: Leftovers","|-heal|p2a: Mineturtle|196/343 par|[from] item: Leftovers","|-damage|p1a: Your Fat Friend|426/524 brn|[from] brn","|turn|4","|","|move|p1a: Your Fat Friend|Body Slam|p2a: Mineturtle","|-damage|p2a: Mineturtle|151/343 par","|cant|p2a: Mineturtle|par","|","|-heal|p1a: Your Fat Friend|458/524 brn|[from] item: Leftovers","|-heal|p2a: Mineturtle|172/343 par|[from] item: Leftovers","|-damage|p1a: Your Fat Friend|393/524 brn|[from] brn","|turn|5","|","|switch|p2a: Firebrows|Darmanitan, M|351/351","|move|p1a: Your Fat Friend|Body Slam|p2a: Firebrows","|-damage|p2a: Firebrows|231/351","|","|-heal|p1a: Your Fat Friend|425/524 brn|[from] item: Leftovers","|-damage|p1a: Your Fat Friend|360/524 brn|[from] brn","|turn|6","|","|move|p2a: Firebrows|Power-Up Punch|p1a: Your Fat Friend","|-supereffective|p1a: Your Fat Friend","|-damage|p1a: Your Fat Friend|134/524 brn","|move|p1a: Your Fat Friend|Body Slam|p2a: Firebrows","|-damage|p2a: Firebrows|110/351","|-status|p2a: Firebrows|par","|","|-heal|p1a: Your Fat Friend|166/524 brn|[from] item: Leftovers","|-damage|p1a: Your Fat Friend|101/524 brn|[from] brn","|turn|7","|","|move|p1a: Your Fat Friend|Rest|p1a: Your Fat Friend","|-status|p1a: Your Fat Friend|slp","|-heal|p1a: Your Fat Friend|524/524 slp|[silent]","|-status|p1a: Your Fat Friend|slp|[from] move: Rest","|cant|p2a: Firebrows|par","|","|turn|8","|","|cant|p1a: Your Fat Friend|slp","|move|p1a: Your Fat Friend|Sleep Talk|p1a: Your Fat Friend","|move|p1a: Your Fat Friend|Heavy Slam|p2a: Firebrows|[from]Sleep Talk","|-resisted|p2a: Firebrows","|-damage|p2a: Firebrows|12/351 par","|move|p2a: Firebrows|Power-Up Punch|p1a: Your Fat Friend","|-supereffective|p1a: Your Fat Friend","|-damage|p1a: Your Fat Friend|295/524 slp","|","|-heal|p1a: Your Fat Friend|327/524 slp|[from] item: Leftovers","|turn|9","|","|cant|p1a: Your Fat Friend|slp","|move|p1a: Your Fat Friend|Sleep Talk|p1a: Your Fat Friend","|move|p1a: Your Fat Friend|Heavy Slam|p2a: Firebrows|[from]Sleep Talk","|-resisted|p2a: Firebrows","|-damage|p2a: Firebrows|0 fnt","|faint|p2a: Firebrows","|","|-heal|p1a: Your Fat Friend|359/524 slp|[from] item: Leftovers","|","|switch|p2a: Blitzkreig|Charizard, M|297/297","|turn|10","|","|detailschange|p2a: Blitzkreig|Charizard-Mega-Y, M","|-mega|p2a: Blitzkreig|Charizard|Charizardite Y","|-weather|SunnyDay","|move|p2a: Blitzkreig|Fire Blast|p1a: Your Fat Friend","|-damage|p1a: Your Fat Friend|206/524 slp","|-curestatus|p1a: Your Fat Friend|slp","|move|p1a: Your Fat Friend|Body Slam|p2a: Blitzkreig","|-damage|p2a: Blitzkreig|111/297","|","|-weather|SunnyDay|[upkeep]","|-heal|p1a: Your Fat Friend|238/524|[from] item: Leftovers","|turn|11","|","|move|p2a: Blitzkreig|Solar Beam|p1a: Your Fat Friend|[still]","|-prepare|p2a: Blitzkreig|Solar Beam|p1a: Your Fat Friend","|-anim|p2a: Blitzkreig|Solar Beam|p1a: Your Fat Friend","|-damage|p1a: Your Fat Friend|92/524","|move|p1a: Your Fat Friend|Body Slam|p2a: Blitzkreig","|-damage|p2a: Blitzkreig|0 fnt","|faint|p2a: Blitzkreig","|","|-weather|SunnyDay|[upkeep]","|-heal|p1a: Your Fat Friend|124/524|[from] item: Leftovers","|","|switch|p2a: Ears|Victini|342/342","|turn|12","|","|move|p2a: Ears|V-create|p1a: Your Fat Friend","|-damage|p1a: Your Fat Friend|0 fnt","|-unboost|p2a: Ears|def|1","|-unboost|p2a: Ears|spd|1","|-unboost|p2a: Ears|spe|1","|faint|p1a: Your Fat Friend","|","|-weather|SunnyDay|[upkeep]","|","|switch|p1a: Braviary|Braviary, M|341/341","|turn|13","|","|switch|p2a: Furnace Boiiii|Rotom-Heat|304/304","|move|p1a: Braviary|Rock Slide|p2a: Furnace Boiiii","|-supereffective|p2a: Furnace Boiiii","|-damage|p2a: Furnace Boiiii|93/304","|","|-weather|SunnyDay|[upkeep]","|turn|14","|","|move|p1a: Braviary|Rock Slide|p2a: Furnace Boiiii","|-crit|p2a: Furnace Boiiii","|-supereffective|p2a: Furnace Boiiii","|-damage|p2a: Furnace Boiiii|0 fnt","|faint|p2a: Furnace Boiiii","|","|-weather|none","|","|switch|p2a: Mineturtle|Torkoal, M|172/343 par","|turn|15","|","|move|p1a: Braviary|Rock Slide|p2a: Mineturtle","|-supereffective|p2a: Mineturtle","|-damage|p2a: Mineturtle|13/343 par","|cant|p2a: Mineturtle|par","|","|-heal|p2a: Mineturtle|34/343 par|[from] item: Leftovers","|turn|16","|","|move|p1a: Braviary|Rock Slide|p2a: Mineturtle","|-supereffective|p2a: Mineturtle","|-damage|p2a: Mineturtle|0 fnt","|faint|p2a: Mineturtle","|","|","|switch|p2a: Iron Man|Heatran, M|385/385","|-item|p2a: Iron Man|Air Balloon","|turn|17","|","|move|p1a: Braviary|Superpower|p2a: Iron Man","|-supereffective|p2a: Iron Man","|-damage|p2a: Iron Man|156/385","|-enditem|p2a: Iron Man|Air Balloon","|-unboost|p1a: Braviary|atk|1","|-unboost|p1a: Braviary|def|1","|-damage|p1a: Braviary|307/341|[from] item: Life Orb","|move|p2a: Iron Man|Toxic|p1a: Braviary","|-status|p1a: Braviary|tox","|","|-damage|p1a: Braviary|286/341 tox|[from] psn","|turn|18","|","|move|p2a: Iron Man|Protect|p2a: Iron Man","|-singleturn|p2a: Iron Man|Protect","|move|p1a: Braviary|Superpower|p2a: Iron Man","|-activate|p2a: Iron Man|Protect","|","|-damage|p1a: Braviary|244/341 tox|[from] psn","|turn|19","|","|move|p1a: Braviary|Superpower|p2a: Iron Man","|-supereffective|p2a: Iron Man","|-damage|p2a: Iron Man|0 fnt","|-unboost|p1a: Braviary|atk|1","|-unboost|p1a: Braviary|def|1","|-damage|p1a: Braviary|210/341 tox|[from] item: Life Orb","|faint|p2a: Iron Man","|","|-damage|p1a: Braviary|147/341 tox|[from] psn","|","|switch|p2a: Ears|Victini|342/342","|turn|20","|","|move|p2a: Ears|Bolt Strike|p1a: Braviary","|-supereffective|p1a: Braviary","|-damage|p1a: Braviary|0 fnt","|faint|p1a: Braviary","|","|","|switch|p1a: Capuccino|Cinccino, F|291/291","|turn|21","|","|move|p1a: Capuccino|Rock Blast|p2a: Ears","|-supereffective|p2a: Ears","|-damage|p2a: Ears|292/342","|-supereffective|p2a: Ears","|-damage|p2a: Ears|242/342","|-supereffective|p2a: Ears","|-damage|p2a: Ears|194/342","|-supereffective|p2a: Ears","|-damage|p2a: Ears|148/342","|-supereffective|p2a: Ears","|-damage|p2a: Ears|98/342","|-hitcount|p2a: Ears|5","|move|p2a: Ears|Bolt Strike|p1a: Capuccino","|-damage|p1a: Capuccino|0 fnt","|faint|p1a: Capuccino","|","|","|switch|p1a: Lady GaGa|Meloetta|403/403","|turn|22","|","|move|p2a: Ears|Bolt Strike|p1a: Lady GaGa","|-damage|p1a: Lady GaGa|181/403","|move|p1a: Lady GaGa|Hyper Voice|p2a: Ears","|-damage|p2a: Ears|0 fnt","|faint|p2a: Ears","|","|win|Marx-Bot"],"p1rating":{"entryid":"5765428","serverid":"eos","formatid":"monotype","userid":"marxbot","username":"Marx Bot","w":194,"l":"286","t":"0","gxe":41.6,"r":"1433.9593012272","rd":"25.017950769485","sigma":"0","rptime":"1438333200","rpr":1436.0191311078,"rprd":25,"rpsigma":"0","acre":1115.3558642626,"lacre":1115.3558642626,"oldacre":"1092.3202023747"},"p2rating":{"entryid":"7271227","serverid":"eos","formatid":"monotype","userid":"internblu98","username":"Intern Blu98","w":"2","l":4,"t":"0","gxe":39.2,"r":"1484.8197004068","rd":"117.29773533473","sigma":"0","rptime":"1438333200","rpr":1414.2442894297,"rprd":98.588159312601,"rpsigma":"0","acre":1035.2115976491,"lacre":1035.2115976491,"oldacre":"1050.7216155276"},"endType":"normal"}