{"seed":[48673,27404,6287,5384],"turns":28,"p1":"Sovereign♕Mothra","p2":"princessglaceon","p1team":[{"name":"Genesect","species":"Genesect","item":"choicescarf","ability":"Download","moves":["energyball","icebeam","uturn","ironhead"],"nature":"Hasty","evs":{"hp":0,"atk":4,"def":0,"spa":252,"spd":0,"spe":252},"ivs":{"hp":31,"atk":31,"def":31,"spa":31,"spd":31,"spe":31}},{"name":"Pinsir","species":"Pinsir","item":"pinsirite","ability":"Moxie","moves":["feint","earthquake","frustration","swordsdance"],"nature":"Jolly","evs":{"hp":0,"atk":252,"def":0,"spa":0,"spd":4,"spe":252},"happiness":0,"ivs":{"hp":31,"atk":31,"def":31,"spa":31,"spd":31,"spe":31}},{"name":"Shuckle","species":"Shuckle","item":"mentalherb","ability":"Sturdy","moves":["stealthrock","stickyweb","toxic","encore"],"nature":"Calm","evs":{"hp":248,"atk":0,"def":8,"spa":0,"spd":252,"spe":0},"ivs":{"hp":31,"atk":31,"def":31,"spa":31,"spd":31,"spe":31}},{"name":"Volcarona","species":"Volcarona","item":"lumberry","ability":"Flame Body","moves":["quiverdance","roost","hiddenpowerground","fierydance"],"nature":"Bold","evs":{"hp":248,"atk":0,"def":208,"spa":0,"spd":0,"spe":52},"ivs":{"hp":31,"atk":0,"def":31,"spa":30,"spd":30,"spe":31}},{"name":"Scizor","species":"Scizor","item":"leftovers","ability":"Technician","moves":["bulletpunch","uturn","roost","defog"],"nature":"Impish","evs":{"hp":248,"atk":8,"def":252,"spa":0,"spd":0,"spe":0},"ivs":{"hp":31,"atk":31,"def":31,"spa":31,"spd":31,"spe":31}},{"name":"Heracross","species":"Heracross","item":"choicescarf","ability":"Moxie","moves":["closecombat","earthquake","megahorn","stoneedge"],"nature":"Jolly","evs":{"hp":0,"atk":252,"def":4,"spa":0,"spd":0,"spe":252},"ivs":{"hp":31,"atk":31,"def":31,"spa":31,"spd":31,"spe":31}}],"p2team":[{"name":"fantasia","species":"milotic","item":"leftovers","ability":"Marvel Scale","moves":["scald","waterfall","dragontail","dragonpulse"],"nature":"","gender":"F","evs":{"hp":0,"atk":0,"def":0,"spa":0,"spd":0,"spe":0},"ivs":{"hp":31,"atk":31,"def":31,"spa":31,"spd":31,"spe":31}},{"name":"aiyala","species":"suicune","item":"leftovers","ability":"Pressure","moves":["icefang","whirlpool","protect","scald"],"nature":"Brave","shiny":true,"evs":{"hp":0,"atk":0,"def":0,"spa":0,"spd":0,"spe":0},"ivs":{"hp":31,"atk":31,"def":31,"spa":31,"spd":31,"spe":31}},{"name":"Rotom-Wash","species":"Rotom-Wash","item":"leftovers","ability":"Levitate","moves":["thunderbolt","toxic","hiddenpowerwater","thundershock"],"nature":"","ivs":{"hp":31,"atk":30,"def":30,"spa":30,"spd":31,"spe":31},"shiny":true,"evs":{"hp":0,"atk":0,"def":0,"spa":0,"spd":0,"spe":0}},{"name":"Lapras","species":"Lapras","item":"leftovers","ability":"Water Absorb","moves":["toxic","whirlpool","outrage","dive"],"nature":"","gender":"F","evs":{"hp":0,"atk":0,"def":0,"spa":0,"spd":0,"spe":0},"ivs":{"hp":31,"atk":31,"def":31,"spa":31,"spd":31,"spe":31}},{"name":"Swampert","species":"Swampert","item":"leftovers","ability":"Torrent","moves":["earthquake","icepunch","scald","whirlpool"],"nature":"","gender":"M","evs":{"hp":0,"atk":0,"def":0,"spa":0,"spd":0,"spe":0},"ivs":{"hp":31,"atk":31,"def":31,"spa":31,"spd":31,"spe":31}},{"name":"fire Gyarados","species":"gyarados","item":"gyaradosite","ability":"Moxie","moves":["toxic","outrage","thunderbolt","earthquake"],"nature":"","gender":"M","shiny":true,"evs":{"hp":0,"atk":0,"def":0,"spa":0,"spd":0,"spe":0},"ivs":{"hp":31,"atk":31,"def":31,"spa":31,"spd":31,"spe":31}}],"log":["|player|p1|Sovereign♕Mothra|150","|player|p2|princessglaceon|182","|gametype|singles","|gen|6","|tier|Monotype","|rated","|rule|Baton Pass Clause: Limit one Baton Passer, can't pass Spe and other stats simultaneously","|rule|Swagger Clause: Swagger is banned","|rule|Same Type Clause: Pokémon in a team must share a type","|clearpoke","|poke|p1|Genesect-*","|poke|p1|Pinsir, M","|poke|p1|Shuckle, M","|poke|p1|Volcarona, F","|poke|p1|Scizor, F","|poke|p1|Heracross, F","|poke|p2|Milotic, F","|poke|p2|Suicune, shiny","|poke|p2|Rotom-Wash, shiny","|poke|p2|Lapras, F","|poke|p2|Swampert, M","|poke|p2|Gyarados, M, shiny","|rule|Sleep Clause Mod: Limit one foe put to sleep","|rule|Species Clause: Limit one of each Pokémon","|rule|OHKO Clause: OHKO moves are banned","|rule|Moody Clause: Moody is banned","|rule|Evasion Moves Clause: Evasion moves are banned","|rule|Endless Battle Clause: Forcing endless battles is banned","|rule|HP Percentage Mod: HP is shown in percentages","|teampreview","|","|start","|switch|p1a: Genesect|Genesect|283/283","|switch|p2a: aiyala|Suicune, shiny|341/341","|-boost|p1a: Genesect|spa|1|[from] ability: Download","|-ability|p2a: aiyala|Pressure","|turn|1","|","|move|p1a: Genesect|Energy Ball|p2a: aiyala","|-supereffective|p2a: aiyala","|-damage|p2a: aiyala|71/341","|move|p2a: aiyala|Scald|p1a: Genesect","|-crit|p1a: Genesect","|-damage|p1a: Genesect|138/283","|","|-heal|p2a: aiyala|92/341|[from] item: Leftovers","|turn|2","|","|move|p2a: aiyala|Protect|p2a: aiyala","|-singleturn|p2a: aiyala|Protect","|move|p1a: Genesect|Energy Ball|p2a: aiyala","|-activate|p2a: aiyala|Protect","|","|-heal|p2a: aiyala|113/341|[from] item: Leftovers","|turn|3","|","|move|p1a: Genesect|Energy Ball|p2a: aiyala","|-supereffective|p2a: aiyala","|-damage|p2a: aiyala|0 fnt","|faint|p2a: aiyala","|","|","|switch|p2a: fire Gyarados|Gyarados, M, shiny|331/331","|turn|4","|","|switch|p1a: Volcarona|Volcarona, F|373/373","|detailschange|p2a: fire Gyarados|Gyarados-Mega, M, shiny","|-mega|p2a: fire Gyarados|Gyarados|Gyaradosite","|-ability|p2a: fire Gyarados|Mold Breaker","|move|p2a: fire Gyarados|Earthquake|p1a: Volcarona","|-damage|p1a: Volcarona|254/373","|","|turn|5","|","|move|p1a: Volcarona|Quiver Dance|p1a: Volcarona","|-boost|p1a: Volcarona|spa|1","|-boost|p1a: Volcarona|spd|1","|-boost|p1a: Volcarona|spe|1","|move|p2a: fire Gyarados|Thunderbolt|p1a: Volcarona","|-damage|p1a: Volcarona|220/373","|","|turn|6","|","|move|p1a: Volcarona|Roost|p1a: Volcarona","|-heal|p1a: Volcarona|373/373","|move|p2a: fire Gyarados|Outrage|p1a: Volcarona","|-damage|p1a: Volcarona|243/373","|","|turn|7","|","|move|p1a: Volcarona|Roost|p1a: Volcarona","|-heal|p1a: Volcarona|373/373","|move|p2a: fire Gyarados|Outrage|p1a: Volcarona","|-damage|p1a: Volcarona|238/373","|-start|p2a: fire Gyarados|confusion|[fatigue]","|","|turn|8","|","|move|p1a: Volcarona|Roost|p1a: Volcarona","|-heal|p1a: Volcarona|373/373","|-activate|p2a: fire Gyarados|confusion","|-damage|p2a: fire Gyarados|285/331|[from] confusion","|","|turn|9","|","|move|p1a: Volcarona|Quiver Dance|p1a: Volcarona","|-boost|p1a: Volcarona|spa|1","|-boost|p1a: Volcarona|spd|1","|-boost|p1a: Volcarona|spe|1","|-end|p2a: fire Gyarados|confusion","|move|p2a: fire Gyarados|Toxic|p1a: Volcarona","|-status|p1a: Volcarona|tox","|-enditem|p1a: Volcarona|Lum Berry|[eat]","|-curestatus|p1a: Volcarona|tox","|","|turn|10","|","|move|p1a: Volcarona|Fiery Dance|p2a: fire Gyarados","|-resisted|p2a: fire Gyarados","|-damage|p2a: fire Gyarados|180/331","|-boost|p1a: Volcarona|spa|1","|move|p2a: fire Gyarados|Outrage|p1a: Volcarona","|-damage|p1a: Volcarona|226/373","|","|turn|11","|","|move|p1a: Volcarona|Fiery Dance|p2a: fire Gyarados","|-resisted|p2a: fire Gyarados","|-damage|p2a: fire Gyarados|69/331","|-boost|p1a: Volcarona|spa|1","|move|p2a: fire Gyarados|Outrage|p1a: Volcarona","|-damage|p1a: Volcarona|94/373","|-start|p2a: fire Gyarados|confusion|[fatigue]","|","|turn|12","|","|move|p1a: Volcarona|Fiery Dance|p2a: fire Gyarados","|-resisted|p2a: fire Gyarados","|-damage|p2a: fire Gyarados|0 fnt","|faint|p2a: fire Gyarados","|","|","|switch|p2a: fantasia|Milotic, F|331/331","|turn|13","|","|move|p1a: Volcarona|Roost|p1a: Volcarona","|-heal|p1a: Volcarona|281/373","|move|p2a: fantasia|Waterfall|p1a: Volcarona","|-supereffective|p1a: Volcarona","|-damage|p1a: Volcarona|159/373","|","|turn|14","|","|move|p1a: Volcarona|Roost|p1a: Volcarona","|-heal|p1a: Volcarona|346/373","|move|p2a: fantasia|Waterfall|p1a: Volcarona","|-supereffective|p1a: Volcarona","|-damage|p1a: Volcarona|218/373","|","|turn|15","|","|move|p1a: Volcarona|Quiver Dance|p1a: Volcarona","|-boost|p1a: Volcarona|spa|1","|-boost|p1a: Volcarona|spd|1","|-boost|p1a: Volcarona|spe|1","|move|p2a: fantasia|Scald|p1a: Volcarona","|-supereffective|p1a: Volcarona","|-damage|p1a: Volcarona|146/373","|","|turn|16","|","|move|p1a: Volcarona|Roost|p1a: Volcarona","|-heal|p1a: Volcarona|333/373","|move|p2a: fantasia|Waterfall|p1a: Volcarona","|-supereffective|p1a: Volcarona","|-damage|p1a: Volcarona|213/373","|","|turn|17","|","|move|p1a: Volcarona|Roost|p1a: Volcarona","|-heal|p1a: Volcarona|373/373","|move|p2a: fantasia|Scald|p1a: Volcarona","|-supereffective|p1a: Volcarona","|-damage|p1a: Volcarona|301/373","|","|turn|18","|","|move|p1a: Volcarona|Fiery Dance|p2a: fantasia","|-resisted|p2a: fantasia","|-damage|p2a: fantasia|148/331","|move|p2a: fantasia|Waterfall|p1a: Volcarona","|-supereffective|p1a: Volcarona","|-damage|p1a: Volcarona|185/373","|","|-heal|p2a: fantasia|168/331|[from] item: Leftovers","|turn|19","|","|move|p1a: Volcarona|Fiery Dance|p2a: fantasia","|-resisted|p2a: fantasia","|-damage|p2a: fantasia|8/331","|move|p2a: fantasia|Waterfall|p1a: Volcarona","|-supereffective|p1a: Volcarona","|-damage|p1a: Volcarona|69/373","|","|-heal|p2a: fantasia|28/331|[from] item: Leftovers","|turn|20","|","|move|p1a: Volcarona|Roost|p1a: Volcarona","|-heal|p1a: Volcarona|256/373","|move|p2a: fantasia|Waterfall|p1a: Volcarona","|-supereffective|p1a: Volcarona","|-damage|p1a: Volcarona|142/373","|","|-heal|p2a: fantasia|48/331|[from] item: Leftovers","|turn|21","|","|move|p1a: Volcarona|Roost|p1a: Volcarona","|-heal|p1a: Volcarona|329/373","|move|p2a: fantasia|Waterfall|p1a: Volcarona","|-supereffective|p1a: Volcarona","|-damage|p1a: Volcarona|209/373","|-status|p2a: fantasia|brn","|","|-heal|p2a: fantasia|68/331 brn|[from] item: Leftovers","|-damage|p2a: fantasia|27/331 brn|[from] brn","|turn|22","|","|move|p1a: Volcarona|Roost|p1a: Volcarona","|-heal|p1a: Volcarona|373/373","|move|p2a: fantasia|Scald|p1a: Volcarona","|-crit|p1a: Volcarona","|-supereffective|p1a: Volcarona","|-damage|p1a: Volcarona|91/373","|","|-heal|p2a: fantasia|47/331 brn|[from] item: Leftovers","|-damage|p2a: fantasia|6/331 brn|[from] brn","|turn|23","|","|move|p1a: Volcarona|Roost|p1a: Volcarona","|-heal|p1a: Volcarona|278/373","|move|p2a: fantasia|Scald|p1a: Volcarona","|-supereffective|p1a: Volcarona","|-damage|p1a: Volcarona|204/373","|","|-heal|p2a: fantasia|26/331 brn|[from] item: Leftovers","|-damage|p2a: fantasia|0 fnt|[from] brn","|faint|p2a: fantasia","|","|switch|p2a: Rotom-Wash|Rotom-Wash, shiny|241/241","|turn|24","|","|move|p1a: Volcarona|Quiver Dance|p1a: Volcarona","|-boost|p1a: Volcarona|spa|1","|-boost|p1a: Volcarona|spd|1","|-boost|p1a: Volcarona|spe|1","|move|p2a: Rotom-Wash|Thunder Shock|p1a: Volcarona","|-crit|p1a: Volcarona","|-damage|p1a: Volcarona|137/373","|","|turn|25","|","|move|p1a: Volcarona|Roost|p1a: Volcarona","|-heal|p1a: Volcarona|324/373","|move|p2a: Rotom-Wash|Hidden Power|p1a: Volcarona","|-supereffective|p1a: Volcarona","|-damage|p1a: Volcarona|280/373","|","|turn|26","|","|move|p1a: Volcarona|Fiery Dance|p2a: Rotom-Wash","|-resisted|p2a: Rotom-Wash","|-damage|p2a: Rotom-Wash|0 fnt","|faint|p2a: Rotom-Wash","|","|","|switch|p2a: Swampert|Swampert, M|341/341","|turn|27","|","|move|p1a: Volcarona|Fiery Dance|p2a: Swampert","|-crit|p2a: Swampert","|-resisted|p2a: Swampert","|-damage|p2a: Swampert|0 fnt","|faint|p2a: Swampert","|","|","|switch|p2a: Lapras|Lapras, F|401/401","|turn|28","|","|move|p1a: Volcarona|Fiery Dance|p2a: Lapras","|-damage|p2a: Lapras|0 fnt","|faint|p2a: Lapras","|","|win|Sovereign♕Mothra"],"p1rating":{"entryid":"7294871","serverid":"eos","formatid":"monotype","userid":"sovereignmothra","username":"Sovereign♕Mothra","w":2,"l":"1","t":"0","gxe":55.4,"r":"1500","rd":"130","sigma":"0","rptime":"1438333200","rpr":1542.574049996,"rprd":112.05256009364,"rpsigma":"0","acre":1074.1513380551,"lacre":1074.1513380551,"oldacre":"1045.2372848522"},"p2rating":{"entryid":7306276,"formatid":"monotype","userid":"princessglaceon","username":"princessglaceon","r":1500,"rd":130,"sigma":0,"rpr":1459.8393856612,"rprd":122.8583080769,"rpsigma":0,"rptime":1438333200,"w":0,"l":1,"t":0,"gxe":45,"acre":1000,"lacre":1000,"oldacre":1000},"endType":"normal"}