{"seed":[9445,35217,24890,4949],"turns":27,"p1":"CR3EPS","p2":"GTX♥Hiddenshadow","p1team":[{"name":"SHARKNADO","species":"garchomp","item":"lifeorb","ability":"Rough Skin","moves":["earthquake","stealthrock","dragonclaw","fireblast"],"nature":"Naive","evs":{"hp":4,"atk":252,"def":0,"spa":0,"spd":0,"spe":252},"ivs":{"hp":31,"atk":31,"def":31,"spa":31,"spd":31,"spe":31}},{"name":"Booty put'em 2 sle","species":"altaria","item":"altarianite","ability":"Natural Cure","moves":["dragondance","frustration","roost","healbell"],"nature":"Adamant","evs":{"hp":200,"atk":252,"def":0,"spa":0,"spd":4,"spe":52},"happiness":0,"ivs":{"hp":31,"atk":31,"def":31,"spa":31,"spd":31,"spe":31}},{"name":"\"gooey\"( ͡° ͜ʖ ͡°)","species":"goodra","item":"assaultvest","ability":"Gooey","moves":["flamethrower","earthquake","dragonpulse","sludgewave"],"nature":"Mild","evs":{"hp":248,"atk":8,"def":0,"spa":252,"spd":0,"spe":0},"ivs":{"hp":31,"atk":31,"def":31,"spa":31,"spd":31,"spe":31}},{"name":"Slipstream","species":"latios","item":"choicespecs","ability":"Levitate","moves":["psyshock","dracometeor","energyball","shadowball"],"nature":"Timid","evs":{"hp":0,"atk":0,"def":0,"spa":252,"spd":4,"spe":252},"ivs":{"hp":31,"atk":31,"def":31,"spa":31,"spd":31,"spe":31}},{"name":"Oaf.","species":"dragonite","item":"choiceband","ability":"Multiscale","moves":["outrage","extremespeed","firepunch","earthquake"],"nature":"Adamant","evs":{"hp":248,"atk":252,"def":0,"spa":0,"spd":8,"spe":0},"ivs":{"hp":31,"atk":31,"def":31,"spa":31,"spd":31,"spe":31}},{"name":"oh god no plz why","species":"kyuremblack","item":"choicescarf","ability":"Teravolt","moves":["ironhead","outrage","fusionbolt","icebeam"],"nature":"Naive","evs":{"hp":0,"atk":252,"def":0,"spa":4,"spd":0,"spe":252},"ivs":{"hp":31,"atk":31,"def":31,"spa":31,"spd":31,"spe":31}}],"p2team":[{"name":"Tyranitar","species":"Tyranitar","item":"leftovers","ability":"Sand Stream","moves":["stealthrock","thunderwave","darkpulse","earthpower"],"nature":"Calm","evs":{"hp":252,"atk":0,"def":0,"spa":0,"spd":252,"spe":0},"ivs":{"hp":31,"atk":0,"def":31,"spa":31,"spd":31,"spe":31}},{"name":"Sableye","species":"Sableye","item":"leftovers","ability":"Prankster","moves":["willowisp","recover","snarl","taunt"],"nature":"Calm","evs":{"hp":252,"atk":0,"def":0,"spa":4,"spd":252,"spe":0},"ivs":{"hp":31,"atk":0,"def":31,"spa":31,"spd":31,"spe":31}},{"name":"Mandibuzz","species":"Mandibuzz","item":"rockyhelmet","ability":"Overcoat","moves":["foulplay","toxic","defog","roost"],"nature":"Bold","evs":{"hp":248,"atk":0,"def":252,"spa":0,"spd":8,"spe":0},"ivs":{"hp":31,"atk":31,"def":31,"spa":0,"spd":31,"spe":31}},{"name":"Absol","species":"Absol","item":"absolite","ability":"Pressure","moves":["swordsdance","suckerpunch","playrough","superpower"],"nature":"Jolly","evs":{"hp":0,"atk":252,"def":0,"spa":0,"spd":4,"spe":252},"ivs":{"hp":31,"atk":31,"def":31,"spa":0,"spd":31,"spe":31}},{"name":"Bisharp","species":"Bisharp","item":"leftovers","ability":"Defiant","moves":["swordsdance","substitute","suckerpunch","ironhead"],"nature":"Impish","evs":{"hp":252,"atk":0,"def":252,"spa":0,"spd":4,"spe":0},"ivs":{"hp":31,"atk":31,"def":31,"spa":0,"spd":31,"spe":31}},{"name":"Hydreigon","species":"Hydreigon","item":"choicescarf","ability":"Levitate","moves":["dracometeor","darkpulse","flamethrower","flashcannon"],"nature":"Timid","evs":{"hp":0,"atk":0,"def":0,"spa":252,"spd":4,"spe":252},"ivs":{"hp":31,"atk":0,"def":31,"spa":31,"spd":31,"spe":31}}],"log":["|player|p1|CR3EPS|2","|player|p2|GTX♥Hiddenshadow|265","|gametype|singles","|gen|6","|tier|Monotype","|rated","|rule|Baton Pass Clause: Limit one Baton Passer, can't pass Spe and other stats simultaneously","|rule|Swagger Clause: Swagger is banned","|rule|Same Type Clause: Pokémon in a team must share a type","|clearpoke","|poke|p1|Garchomp, M","|poke|p1|Altaria, F","|poke|p1|Goodra, M","|poke|p1|Latios, M","|poke|p1|Dragonite, M","|poke|p1|Kyurem-Black","|poke|p2|Tyranitar, M","|poke|p2|Sableye, F","|poke|p2|Mandibuzz, F","|poke|p2|Absol, F","|poke|p2|Bisharp, M","|poke|p2|Hydreigon, F","|rule|Sleep Clause Mod: Limit one foe put to sleep","|rule|Species Clause: Limit one of each Pokémon","|rule|OHKO Clause: OHKO moves are banned","|rule|Moody Clause: Moody is banned","|rule|Evasion Moves Clause: Evasion moves are banned","|rule|Endless Battle Clause: Forcing endless battles is banned","|rule|HP Percentage Mod: HP is shown in percentages","|teampreview","|","|start","|switch|p1a: SHARKNADO|Garchomp, M|358/358","|switch|p2a: Sableye|Sableye, F|304/304","|turn|1","|","|switch|p1a: Booty put'em 2 sle|Altaria, F|341/341","|move|p2a: Sableye|Will-O-Wisp|p1a: Booty put'em 2 sle|[miss]","|-miss|p2a: Sableye|p1a: Booty put'em 2 sle","|","|turn|2","|","|detailschange|p1a: Booty put'em 2 sle|Altaria-Mega, F","|-mega|p1a: Booty put'em 2 sle|Altaria|Altarianite","|move|p2a: Sableye|Taunt|p1a: Booty put'em 2 sle","|-start|p1a: Booty put'em 2 sle|move: Taunt","|cant|p1a: Booty put'em 2 sle|move: Taunt|Dragon Dance","|","|turn|3","|","|move|p2a: Sableye|Will-O-Wisp|p1a: Booty put'em 2 sle","|-status|p1a: Booty put'em 2 sle|brn","|move|p1a: Booty put'em 2 sle|Frustration|p2a: Sableye","|-supereffective|p2a: Sableye","|-damage|p2a: Sableye|6/304","|","|-heal|p2a: Sableye|25/304|[from] item: Leftovers","|-damage|p1a: Booty put'em 2 sle|299/341 brn|[from] brn","|turn|4","|","|switch|p1a: SHARKNADO|Garchomp, M|358/358","|switch|p2a: Mandibuzz|Mandibuzz, F|423/423","|","|turn|5","|","|move|p1a: SHARKNADO|Stealth Rock|p2a: Mandibuzz","|-sidestart|p2: GTX♥Hiddenshadow|move: Stealth Rock","|move|p2a: Mandibuzz|Foul Play|p1a: SHARKNADO","|-damage|p1a: SHARKNADO|190/358","|-damage|p2a: Mandibuzz|371/423|[from] ability: Rough Skin|[of] p1a: SHARKNADO","|","|turn|6","|","|switch|p1a: Booty put'em 2 sle|Altaria-Mega, F|299/341 brn","|move|p2a: Mandibuzz|Defog|p1a: Booty put'em 2 sle","|-unboost|p1a: Booty put'em 2 sle|evasion|1","|-sideend|p2: GTX♥Hiddenshadow|Stealth Rock|[from] move: Defog|[of] p2a: Mandibuzz","|","|-damage|p1a: Booty put'em 2 sle|257/341 brn|[from] brn","|turn|7","|","|switch|p2a: Bisharp|Bisharp, M|334/334","|move|p1a: Booty put'em 2 sle|Heal Bell|p1a: Booty put'em 2 sle","|-cureteam|p1a: Booty put'em 2 sle|[from] move: HealBell","|","|turn|8","|","|switch|p1a: \"gooey\"( ͡° ͜ʖ ͡°)|Goodra, M|383/383","|move|p2a: Bisharp|Iron Head|p1a: \"gooey\"( ͡° ͜ʖ ͡°)","|-damage|p1a: \"gooey\"( ͡° ͜ʖ ͡°)|209/383","|-unboost|p2a: Bisharp|spe|1","|-boost|p2a: Bisharp|atk|2|[from] ability: Defiant","|","|turn|9","|","|move|p2a: Bisharp|Sucker Punch|p1a: \"gooey\"( ͡° ͜ʖ ͡°)","|-damage|p1a: \"gooey\"( ͡° ͜ʖ ͡°)|0 fnt","|-unboost|p2a: Bisharp|spe|1","|-boost|p2a: Bisharp|atk|2|[from] ability: Defiant","|faint|p1a: \"gooey\"( ͡° ͜ʖ ͡°)","|","|","|switch|p1a: Oaf.|Dragonite, M|385/385","|turn|10","|","|move|p1a: Oaf.|Extreme Speed|p2a: Bisharp","|-resisted|p2a: Bisharp","|-damage|p2a: Bisharp|276/334","|move|p2a: Bisharp|Iron Head|p1a: Oaf.","|-crit|p1a: Oaf.","|-damage|p1a: Oaf.|120/385","|","|-heal|p2a: Bisharp|296/334|[from] item: Leftovers","|turn|11","|","|switch|p1a: SHARKNADO|Garchomp, M|190/358","|move|p2a: Bisharp|Iron Head|p1a: SHARKNADO","|-damage|p1a: SHARKNADO|0 fnt","|-damage|p2a: Bisharp|255/334|[from] ability: Rough Skin|[of] p1a: SHARKNADO","|faint|p1a: SHARKNADO","|","|-heal|p2a: Bisharp|275/334|[from] item: Leftovers","|","|switch|p1a: oh god no plz why|Kyurem-Black|391/391","|-ability|p1a: oh god no plz why|Teravolt","|turn|12","|","|move|p2a: Bisharp|Sucker Punch|p1a: oh god no plz why","|-damage|p1a: oh god no plz why|34/391","|move|p1a: oh god no plz why|Fusion Bolt|p2a: Bisharp","|-damage|p2a: Bisharp|175/334","|","|-heal|p2a: Bisharp|195/334|[from] item: Leftovers","|turn|13","|","|move|p1a: oh god no plz why|Fusion Bolt|p2a: Bisharp","|-damage|p2a: Bisharp|96/334","|move|p2a: Bisharp|Iron Head|p1a: oh god no plz why","|-supereffective|p1a: oh god no plz why","|-damage|p1a: oh god no plz why|0 fnt","|faint|p1a: oh god no plz why","|","|-heal|p2a: Bisharp|116/334|[from] item: Leftovers","|","|switch|p1a: Booty put'em 2 sle|Altaria-Mega, F|257/341","|turn|14","|","|move|p2a: Bisharp|Sucker Punch|p1a: Booty put'em 2 sle","|-resisted|p1a: Booty put'em 2 sle","|-damage|p1a: Booty put'em 2 sle|96/341","|move|p1a: Booty put'em 2 sle|Frustration|p2a: Bisharp","|-damage|p2a: Bisharp|0 fnt","|faint|p2a: Bisharp","|","|","|switch|p2a: Hydreigon|Hydreigon, F|325/325","|turn|15","|","|switch|p1a: Oaf.|Dragonite, M|120/385","|move|p2a: Hydreigon|Flash Cannon|p1a: Oaf.","|-damage|p1a: Oaf.|31/385","|","|turn|16","|","|move|p1a: Oaf.|Extreme Speed|p2a: Hydreigon","|-damage|p2a: Hydreigon|154/325","|move|p2a: Hydreigon|Flash Cannon|p1a: Oaf.","|-damage|p1a: Oaf.|0 fnt","|faint|p1a: Oaf.","|","|","|switch|p1a: Slipstream|Latios, M|301/301","|turn|17","|","|switch|p2a: Tyranitar|Tyranitar, M|404/404","|-weather|Sandstorm","|move|p1a: Slipstream|Draco Meteor|p2a: Tyranitar","|-damage|p2a: Tyranitar|226/404","|-unboost|p1a: Slipstream|spa|2","|","|-weather|Sandstorm|[upkeep]","|-damage|p1a: Slipstream|283/301|[from] sandstorm","|-heal|p2a: Tyranitar|251/404|[from] item: Leftovers","|turn|18","|","|move|p1a: Slipstream|Draco Meteor|p2a: Tyranitar","|-crit|p2a: Tyranitar","|-damage|p2a: Tyranitar|8/404","|-unboost|p1a: Slipstream|spa|2","|move|p2a: Tyranitar|Thunder Wave|p1a: Slipstream","|-status|p1a: Slipstream|par","|","|-weather|Sandstorm|[upkeep]","|-damage|p1a: Slipstream|265/301 par|[from] sandstorm","|-heal|p2a: Tyranitar|33/404|[from] item: Leftovers","|turn|19","|","|move|p2a: Tyranitar|Dark Pulse|p1a: Slipstream","|-supereffective|p1a: Slipstream","|-damage|p1a: Slipstream|91/301 par","|move|p1a: Slipstream|Draco Meteor|p2a: Tyranitar","|-damage|p2a: Tyranitar|0 fnt","|-unboost|p1a: Slipstream|spa|2","|faint|p2a: Tyranitar","|","|-weather|Sandstorm|[upkeep]","|-damage|p1a: Slipstream|73/301 par|[from] sandstorm","|","|switch|p2a: Sableye|Sableye, F|25/304","|turn|20","|","|move|p2a: Sableye|Recover|p2a: Sableye","|-heal|p2a: Sableye|177/304","|move|p1a: Slipstream|Draco Meteor|p2a: Sableye","|-damage|p2a: Sableye|98/304","|","|-weather|Sandstorm|[upkeep]","|-damage|p2a: Sableye|79/304|[from] sandstorm","|-damage|p1a: Slipstream|55/301 par|[from] sandstorm","|-heal|p2a: Sableye|98/304|[from] item: Leftovers","|turn|21","|","|switch|p1a: Booty put'em 2 sle|Altaria-Mega, F|96/341","|move|p2a: Sableye|Recover|p2a: Sableye","|-heal|p2a: Sableye|250/304","|","|-weather|none","|-heal|p2a: Sableye|269/304|[from] item: Leftovers","|turn|22","|","|switch|p1a: Slipstream|Latios, M|55/301 par","|move|p2a: Sableye|Will-O-Wisp|p1a: Slipstream","|-fail|p1a: Slipstream","|","|-heal|p2a: Sableye|288/304|[from] item: Leftovers","|turn|23","|","|move|p2a: Sableye|Snarl|p1a: Slipstream","|-supereffective|p1a: Slipstream","|-damage|p1a: Slipstream|0 fnt","|faint|p1a: Slipstream","|","|-heal|p2a: Sableye|304/304|[from] item: Leftovers","|","|switch|p1a: Booty put'em 2 sle|Altaria-Mega, F|96/341","|turn|24","|","|move|p2a: Sableye|Will-O-Wisp|p1a: Booty put'em 2 sle|[miss]","|-miss|p2a: Sableye|p1a: Booty put'em 2 sle","|move|p1a: Booty put'em 2 sle|Roost|p1a: Booty put'em 2 sle","|-heal|p1a: Booty put'em 2 sle|267/341","|","|turn|25","|","|move|p2a: Sableye|Will-O-Wisp|p1a: Booty put'em 2 sle","|-status|p1a: Booty put'em 2 sle|brn","|move|p1a: Booty put'em 2 sle|Frustration|p2a: Sableye","|-supereffective|p2a: Sableye","|-damage|p2a: Sableye|9/304","|","|-heal|p2a: Sableye|28/304|[from] item: Leftovers","|-damage|p1a: Booty put'em 2 sle|225/341 brn|[from] brn","|turn|26","|","|move|p2a: Sableye|Taunt|p1a: Booty put'em 2 sle","|-start|p1a: Booty put'em 2 sle|move: Taunt","|move|p1a: Booty put'em 2 sle|Frustration|p2a: Sableye","|-supereffective|p2a: Sableye","|-damage|p2a: Sableye|0 fnt","|faint|p2a: Sableye","|","|-damage|p1a: Booty put'em 2 sle|183/341 brn|[from] brn","|","|switch|p2a: Hydreigon|Hydreigon, F|154/325","|turn|27","|","|move|p2a: Hydreigon|Flash Cannon|p1a: Booty put'em 2 sle","|-supereffective|p1a: Booty put'em 2 sle","|-damage|p1a: Booty put'em 2 sle|5/341 brn","|move|p1a: Booty put'em 2 sle|Frustration|p2a: Hydreigon","|-supereffective|p2a: Hydreigon","|-damage|p2a: Hydreigon|0 fnt","|faint|p2a: Hydreigon","|","|-damage|p1a: Booty put'em 2 sle|0 fnt|[from] brn","|faint|p1a: Booty put'em 2 sle","|","|win|GTX♥Hiddenshadow"],"p1rating":{"entryid":"5864923","serverid":"eos","formatid":"monotype","userid":"cr3eps","username":"CR3EPS","w":"31","l":6,"t":"0","gxe":78.4,"r":"1761.3932129468","rd":"62.566902737756","sigma":"0","rptime":"1438333200","rpr":1746.4317183083,"rprd":61.810192760549,"rpsigma":"0","acre":1370.0217735309,"lacre":1370.0217735309,"oldacre":"1401.7368352064"},"p2rating":{"entryid":"7114911","serverid":"eos","formatid":"monotype","userid":"gtxhiddenshadow","username":"GTX♅Hiddenshadow","w":8,"l":"2","t":"0","gxe":66.4,"r":"1600.1146020529","rd":"92.563808260408","sigma":"0","rptime":"1438333200","rpr":1632.7878523209,"rprd":90.081153438695,"rpsigma":"0","acre":1208.1901500827,"lacre":1208.1901500827,"oldacre":"1168.5463229883"},"endType":"normal"}