{"seed":[21456,47042,34272,3356],"turns":23,"p1":"Sovereign♕Cactus","p2":"Inferno Mamoswine","p1team":[{"name":"Kermit On Roids","species":"seismitoad","item":"leftovers","ability":"Water Absorb","moves":["earthquake","scald","grassknot","sludgewave"],"nature":"Mild","evs":{"hp":252,"atk":4,"def":0,"spa":252,"spd":0,"spe":0},"shiny":true,"ivs":{"hp":31,"atk":31,"def":31,"spa":31,"spd":31,"spe":31}},{"name":"Barny On Roids","species":"garchomp","item":"choicescarf","ability":"Rough Skin","moves":["dragonclaw","earthquake","ironhead","stoneedge"],"nature":"Jolly","evs":{"hp":0,"atk":252,"def":0,"spa":0,"spd":4,"spe":252},"ivs":{"hp":31,"atk":31,"def":31,"spa":31,"spd":31,"spe":31}},{"name":"Excadrill","species":"Excadrill","item":"lifeorb","ability":"Sand Rush","moves":["earthquake","xscissor","swordsdance","ironhead"],"nature":"Adamant","evs":{"hp":0,"atk":252,"def":0,"spa":0,"spd":4,"spe":252},"ivs":{"hp":31,"atk":31,"def":31,"spa":31,"spd":31,"spe":31}},{"name":"Sonic-On-Roids","species":"nidoking","item":"choicescarf","ability":"Sheer Force","moves":["shadowball","earthpower","sludgewave","thunderbolt"],"nature":"Timid","evs":{"hp":0,"atk":0,"def":0,"spa":252,"spd":4,"spe":252},"shiny":true,"ivs":{"hp":31,"atk":31,"def":31,"spa":31,"spd":31,"spe":31}},{"name":"Hulk W/o Roids","species":"landorus","item":"choicescarf","ability":"Sheer Force","moves":["earthpower","focusblast","grassknot","uturn"],"nature":"Naive","evs":{"hp":0,"atk":252,"def":0,"spa":4,"spd":0,"spe":252},"shiny":true,"ivs":{"hp":31,"atk":31,"def":31,"spa":31,"spd":31,"spe":31}},{"name":"Numel On Roids","species":"hippowdon","item":"leftovers","ability":"Sand Stream","moves":["earthquake","stoneedge","stealthrock","whirlwind"],"nature":"Adamant","evs":{"hp":252,"atk":252,"def":0,"spa":0,"spd":4,"spe":0},"shiny":true,"ivs":{"hp":31,"atk":31,"def":31,"spa":31,"spd":31,"spe":31}}],"p2team":[{"name":"Torkoal","species":"Torkoal","item":"leftovers","ability":"White Smoke","moves":["stealthrock","rapidspin","clearsmog","toxic"],"nature":"Bold","evs":{"hp":252,"atk":0,"def":252,"spa":4,"spd":0,"spe":0},"ivs":{"hp":31,"atk":31,"def":31,"spa":31,"spd":31,"spe":31}},{"name":"Rotom-Heat","species":"Rotom-Heat","item":"lightclay","ability":"Levitate","moves":["reflect","lightscreen","sunnyday","voltswitch"],"nature":"Calm","evs":{"hp":252,"atk":0,"def":4,"spa":0,"spd":252,"spe":0},"shiny":true,"ivs":{"hp":31,"atk":31,"def":31,"spa":31,"spd":31,"spe":31}},{"name":"Charizard","species":"Charizard","item":"charizarditex","ability":"Blaze","moves":["dragondance","dragonclaw","earthquake","flareblitz"],"nature":"Adamant","evs":{"hp":0,"atk":252,"def":0,"spa":0,"spd":4,"spe":252},"shiny":true,"ivs":{"hp":31,"atk":31,"def":31,"spa":31,"spd":31,"spe":31}},{"name":"Victini","species":"Victini","item":"choicescarf","ability":"Victory Star","moves":["vcreate","zenheadbutt","boltstrike","uturn"],"nature":"Jolly","evs":{"hp":0,"atk":252,"def":0,"spa":0,"spd":4,"spe":252},"ivs":{"hp":31,"atk":31,"def":31,"spa":31,"spd":31,"spe":31}},{"name":"Volcarona","species":"Volcarona","item":"focussash","ability":"Flame Body","moves":["quiverdance","gigadrain","bugbuzz","fierydance"],"nature":"Modest","evs":{"hp":0,"atk":0,"def":0,"spa":252,"spd":4,"spe":252},"shiny":true,"ivs":{"hp":31,"atk":31,"def":31,"spa":31,"spd":31,"spe":31}},{"name":"Infernape","species":"Infernape","item":"lifeorb","ability":"Iron Fist","moves":["machpunch","closecombat","flareblitz","earthquake"],"nature":"Jolly","evs":{"hp":0,"atk":252,"def":0,"spa":0,"spd":4,"spe":252},"ivs":{"hp":31,"atk":31,"def":31,"spa":31,"spd":31,"spe":31}}],"log":["|player|p1|Sovereign♕Cactus|251","|player|p2|Inferno Mamoswine|2","|gametype|singles","|gen|6","|tier|Monotype","|rated","|rule|Baton Pass Clause: Limit one Baton Passer, can't pass Spe and other stats simultaneously","|rule|Swagger Clause: Swagger is banned","|rule|Same Type Clause: Pokémon in a team must share a type","|clearpoke","|poke|p1|Seismitoad, F, shiny","|poke|p1|Garchomp, F","|poke|p1|Excadrill, M","|poke|p1|Nidoking, M, shiny","|poke|p1|Landorus, M, shiny","|poke|p1|Hippowdon, M, shiny","|poke|p2|Torkoal, M","|poke|p2|Rotom-Heat, shiny","|poke|p2|Charizard, F, shiny","|poke|p2|Victini","|poke|p2|Volcarona, F, shiny","|poke|p2|Infernape, M","|rule|Sleep Clause Mod: Limit one foe put to sleep","|rule|Species Clause: Limit one of each Pokémon","|rule|OHKO Clause: OHKO moves are banned","|rule|Moody Clause: Moody is banned","|rule|Evasion Moves Clause: Evasion moves are banned","|rule|Endless Battle Clause: Forcing endless battles is banned","|rule|HP Percentage Mod: HP is shown in percentages","|teampreview","|","|start","|switch|p1a: Numel On Roids|Hippowdon, M, shiny|420/420","|switch|p2a: Torkoal|Torkoal, M|344/344","|-weather|Sandstorm","|turn|1","|","|move|p2a: Torkoal|Stealth Rock|p1a: Numel On Roids","|-sidestart|p1: Sovereign♕Cactus|move: Stealth Rock","|move|p1a: Numel On Roids|Whirlwind|p2a: Torkoal","|drag|p2a: Rotom-Heat|Rotom-Heat, shiny|304/304","|","|-weather|Sandstorm|[upkeep]","|-damage|p2a: Rotom-Heat|285/304|[from] sandstorm","|turn|2","|","|move|p2a: Rotom-Heat|Reflect|p2a: Rotom-Heat","|-sidestart|p2: Inferno Mamoswine|Reflect","|move|p1a: Numel On Roids|Stealth Rock|p2a: Rotom-Heat","|-sidestart|p2: Inferno Mamoswine|move: Stealth Rock","|","|-weather|Sandstorm|[upkeep]","|-damage|p2a: Rotom-Heat|266/304|[from] sandstorm","|turn|3","|","|move|p2a: Rotom-Heat|Sunny Day|p2a: Rotom-Heat","|-weather|SunnyDay","|move|p1a: Numel On Roids|Whirlwind|p2a: Rotom-Heat","|drag|p2a: Volcarona|Volcarona, F, shiny|311/311","|-damage|p2a: Volcarona|156/311|[from] Stealth Rock","|","|-weather|SunnyDay|[upkeep]","|turn|4","|","|move|p2a: Volcarona|Giga Drain|p1a: Numel On Roids","|-supereffective|p1a: Numel On Roids","|-damage|p1a: Numel On Roids|176/420","|-heal|p2a: Volcarona|278/311|[from] drain|[of] p1a: Numel On Roids","|move|p1a: Numel On Roids|Whirlwind|p2a: Volcarona","|drag|p2a: Charizard|Charizard, F, shiny|297/297","|-damage|p2a: Charizard|149/297|[from] Stealth Rock","|","|-weather|SunnyDay|[upkeep]","|-heal|p1a: Numel On Roids|202/420|[from] item: Leftovers","|turn|5","|","|switch|p1a: Hulk W/o Roids|Landorus, M, shiny|319/319","|-damage|p1a: Hulk W/o Roids|280/319|[from] Stealth Rock","|detailschange|p2a: Charizard|Charizard-Mega-X, F, shiny","|-mega|p2a: Charizard|Charizard|Charizardite X","|move|p2a: Charizard|Dragon Claw|p1a: Hulk W/o Roids","|-damage|p1a: Hulk W/o Roids|49/319","|","|-weather|SunnyDay|[upkeep]","|turn|6","|","|switch|p2a: Torkoal|Torkoal, M|344/344","|-damage|p2a: Torkoal|258/344|[from] Stealth Rock","|move|p1a: Hulk W/o Roids|Earth Power|p2a: Torkoal","|-supereffective|p2a: Torkoal","|-damage|p2a: Torkoal|0 fnt","|faint|p2a: Torkoal","|","|-weather|SunnyDay|[upkeep]","|","|switch|p2a: Rotom-Heat|Rotom-Heat, shiny|266/304","|-damage|p2a: Rotom-Heat|190/304|[from] Stealth Rock","|turn|7","|","|switch|p1a: Numel On Roids|Hippowdon, M, shiny|202/420","|-damage|p1a: Numel On Roids|176/420|[from] Stealth Rock","|-weather|Sandstorm","|move|p2a: Rotom-Heat|Light Screen|p2a: Rotom-Heat","|-sidestart|p2: Inferno Mamoswine|move: Light Screen","|","|-weather|Sandstorm|[upkeep]","|-damage|p2a: Rotom-Heat|171/304|[from] sandstorm","|-heal|p1a: Numel On Roids|202/420|[from] item: Leftovers","|turn|8","|","|move|p2a: Rotom-Heat|Sunny Day|p2a: Rotom-Heat","|-weather|SunnyDay","|move|p1a: Numel On Roids|Whirlwind|p2a: Rotom-Heat","|drag|p2a: Volcarona|Volcarona, F, shiny|278/311","|-damage|p2a: Volcarona|123/311|[from] Stealth Rock","|","|-weather|SunnyDay|[upkeep]","|-heal|p1a: Numel On Roids|228/420|[from] item: Leftovers","|turn|9","|","|switch|p1a: Hulk W/o Roids|Landorus, M, shiny|49/319","|-damage|p1a: Hulk W/o Roids|10/319|[from] Stealth Rock","|move|p2a: Volcarona|Giga Drain|p1a: Hulk W/o Roids","|-damage|p1a: Hulk W/o Roids|0 fnt","|-heal|p2a: Volcarona|128/311|[from] drain|[of] p1a: Hulk W/o Roids","|faint|p1a: Hulk W/o Roids","|","|-weather|SunnyDay|[upkeep]","|-sideend|p2: Inferno Mamoswine|Reflect","|","|switch|p1a: Numel On Roids|Hippowdon, M, shiny|228/420","|-damage|p1a: Numel On Roids|202/420|[from] Stealth Rock","|-weather|Sandstorm","|turn|10","|","|switch|p1a: Barny On Roids|Garchomp, F|357/357","|-damage|p1a: Barny On Roids|335/357|[from] Stealth Rock","|move|p2a: Volcarona|Giga Drain|p1a: Barny On Roids","|-damage|p1a: Barny On Roids|224/357","|-heal|p2a: Volcarona|184/311|[from] drain|[of] p1a: Barny On Roids","|","|-weather|Sandstorm|[upkeep]","|-damage|p2a: Volcarona|165/311|[from] sandstorm","|turn|11","|","|move|p1a: Barny On Roids|Stone Edge|p2a: Volcarona","|-supereffective|p2a: Volcarona","|-damage|p2a: Volcarona|0 fnt","|faint|p2a: Volcarona","|","|-weather|Sandstorm|[upkeep]","|","|switch|p2a: Infernape|Infernape, M|293/293","|-damage|p2a: Infernape|257/293|[from] Stealth Rock","|turn|12","|","|switch|p1a: Kermit On Roids|Seismitoad, F, shiny|414/414","|-damage|p1a: Kermit On Roids|389/414|[from] Stealth Rock","|move|p2a: Infernape|Close Combat|p1a: Kermit On Roids","|-damage|p1a: Kermit On Roids|81/414","|-unboost|p2a: Infernape|def|1","|-unboost|p2a: Infernape|spd|1","|-damage|p2a: Infernape|228/293|[from] item: Life Orb","|","|-weather|Sandstorm|[upkeep]","|-damage|p2a: Infernape|210/293|[from] sandstorm","|-heal|p1a: Kermit On Roids|106/414|[from] item: Leftovers","|turn|13","|","|move|p2a: Infernape|Mach Punch|p1a: Kermit On Roids","|-damage|p1a: Kermit On Roids|0 fnt","|-damage|p2a: Infernape|181/293|[from] item: Life Orb","|faint|p1a: Kermit On Roids","|","|-weather|Sandstorm|[upkeep]","|-damage|p2a: Infernape|163/293|[from] sandstorm","|","|switch|p1a: Barny On Roids|Garchomp, F|224/357","|-damage|p1a: Barny On Roids|202/357|[from] Stealth Rock","|turn|14","|","|move|p1a: Barny On Roids|Earthquake|p2a: Infernape","|-supereffective|p2a: Infernape","|-damage|p2a: Infernape|0 fnt","|faint|p2a: Infernape","|","|-weather|none","|-sideend|p2: Inferno Mamoswine|move: Light Screen","|","|switch|p2a: Rotom-Heat|Rotom-Heat, shiny|171/304","|-damage|p2a: Rotom-Heat|95/304|[from] Stealth Rock","|turn|15","|","|switch|p1a: Numel On Roids|Hippowdon, M, shiny|202/420","|-damage|p1a: Numel On Roids|176/420|[from] Stealth Rock","|-weather|Sandstorm","|move|p2a: Rotom-Heat|Sunny Day|p2a: Rotom-Heat","|-weather|SunnyDay","|","|-weather|SunnyDay|[upkeep]","|-heal|p1a: Numel On Roids|202/420|[from] item: Leftovers","|turn|16","|","|switch|p1a: Sonic-On-Roids|Nidoking, M, shiny|303/303","|-damage|p1a: Sonic-On-Roids|285/303|[from] Stealth Rock","|move|p2a: Rotom-Heat|Reflect|p2a: Rotom-Heat","|-sidestart|p2: Inferno Mamoswine|Reflect","|","|-weather|SunnyDay|[upkeep]","|turn|17","|","|move|p1a: Sonic-On-Roids|Shadow Ball|p2a: Rotom-Heat","|-damage|p2a: Rotom-Heat|32/304","|move|p2a: Rotom-Heat|Light Screen|p2a: Rotom-Heat","|-sidestart|p2: Inferno Mamoswine|move: Light Screen","|","|-weather|SunnyDay|[upkeep]","|turn|18","|","|switch|p1a: Numel On Roids|Hippowdon, M, shiny|202/420","|-damage|p1a: Numel On Roids|176/420|[from] Stealth Rock","|-weather|Sandstorm","|move|p2a: Rotom-Heat|Reflect|p2a: Rotom-Heat","|-fail|p2a: Rotom-Heat","|","|-weather|Sandstorm|[upkeep]","|-damage|p2a: Rotom-Heat|13/304|[from] sandstorm","|-heal|p1a: Numel On Roids|202/420|[from] item: Leftovers","|turn|19","|","|move|p2a: Rotom-Heat|Sunny Day|p2a: Rotom-Heat","|-weather|SunnyDay","|move|p1a: Numel On Roids|Whirlwind|p2a: Rotom-Heat","|drag|p2a: Charizard|Charizard-Mega-X, F, shiny|149/297","|-damage|p2a: Charizard|75/297|[from] Stealth Rock","|","|-weather|SunnyDay|[upkeep]","|-heal|p1a: Numel On Roids|228/420|[from] item: Leftovers","|turn|20","|","|move|p2a: Charizard|Dragon Dance|p2a: Charizard","|-boost|p2a: Charizard|atk|1","|-boost|p2a: Charizard|spe|1","|move|p1a: Numel On Roids|Whirlwind|p2a: Charizard","|drag|p2a: Rotom-Heat|Rotom-Heat, shiny|13/304","|-damage|p2a: Rotom-Heat|0 fnt|[from] Stealth Rock","|faint|p2a: Rotom-Heat","|","|-weather|SunnyDay|[upkeep]","|-heal|p1a: Numel On Roids|254/420|[from] item: Leftovers","|","|switch|p2a: Charizard|Charizard-Mega-X, F, shiny|75/297","|-damage|p2a: Charizard|1/297|[from] Stealth Rock","|turn|21","|","|move|p2a: Charizard|Flare Blitz|p1a: Numel On Roids","|-damage|p1a: Numel On Roids|0 fnt","|-damage|p2a: Charizard|0 fnt|[from] recoil|[of] p1a: Numel On Roids","|faint|p1a: Numel On Roids","|faint|p2a: Charizard","|","|-weather|SunnyDay|[upkeep]","|","|switch|p2a: Victini|Victini|341/341","|switch|p1a: Sonic-On-Roids|Nidoking, M, shiny|285/303","|-damage|p2a: Victini|256/341|[from] Stealth Rock","|-damage|p1a: Sonic-On-Roids|267/303|[from] Stealth Rock","|turn|22","|","|move|p2a: Victini|V-create|p1a: Sonic-On-Roids","|-damage|p1a: Sonic-On-Roids|0 fnt","|-unboost|p2a: Victini|def|1","|-unboost|p2a: Victini|spd|1","|-unboost|p2a: Victini|spe|1","|faint|p1a: Sonic-On-Roids","|","|-weather|SunnyDay|[upkeep]","|","|switch|p1a: Barny On Roids|Garchomp, F|202/357","|-damage|p1a: Barny On Roids|180/357|[from] Stealth Rock","|turn|23","|","|move|p1a: Barny On Roids|Earthquake|p2a: Victini","|-supereffective|p2a: Victini","|-damage|p2a: Victini|10/341","|move|p2a: Victini|V-create|p1a: Barny On Roids","|-resisted|p1a: Barny On Roids","|-damage|p1a: Barny On Roids|0 fnt","|-damage|p2a: Victini|0 fnt|[from] ability: Rough Skin|[of] p1a: Barny On Roids","|faint|p2a: Victini","|faint|p1a: Barny On Roids","|","|win|Sovereign♕Cactus"],"p1rating":{"entryid":"6867552","serverid":"eos","formatid":"monotype","userid":"sovereigncactus","username":"Sovereign♕Cactus","w":41,"l":"52","t":"0","gxe":44,"r":"1461.6956434101","rd":"40.32407721443","sigma":"0","rptime":"1438333200","rpr":1454.6818609792,"rprd":37.321629740545,"rpsigma":"0","acre":1119.96330636,"lacre":1119.96330636,"oldacre":"1102.105962654"},"p2rating":{"entryid":7297985,"formatid":"monotype","userid":"infernomamoswine","username":"Inferno Mamoswine","r":1500,"rd":130,"sigma":0,"rpr":1452.906098323,"rprd":121.96426322824,"rpsigma":0,"rptime":1438333200,"w":0,"l":1,"t":0,"gxe":44.1,"acre":1000,"lacre":1000,"oldacre":1000},"endType":"normal"}