{"seed":[48558,11242,48781,23211],"turns":27,"p1":"Alliance - Healer","p2":"Seven Swell","p1team":[{"name":"Clear View","species":"latias","item":"leftovers","ability":"Levitate","moves":["dragonpulse","hiddenpowerfire","defog","recover"],"nature":"Timid","evs":{"hp":0,"atk":0,"def":0,"spa":116,"spd":196,"spe":196},"ivs":{"hp":31,"atk":30,"def":31,"spa":30,"spd":31,"spe":30}},{"name":"Rainbow Rider","species":"altaria","item":"altarianite","ability":"Natural Cure","moves":["return","earthquake","dragondance","sing"],"nature":"Adamant","evs":{"hp":0,"atk":252,"def":4,"spa":0,"spd":0,"spe":252},"ivs":{"hp":31,"atk":31,"def":31,"spa":31,"spd":31,"spe":31}},{"name":"White Light","species":"kyuremblack","item":"choicescarf","ability":"Teravolt","moves":["outrage","fusionbolt","ironhead","icebeam"],"nature":"Naive","evs":{"hp":0,"atk":180,"def":0,"spa":76,"spd":0,"spe":252},"ivs":{"hp":31,"atk":31,"def":31,"spa":31,"spd":31,"spe":31}},{"name":"Black Darkness","species":"garchomp","item":"focussash","ability":"Rough Skin","moves":["earthquake","irontail","fireblast","stealthrock"],"nature":"Naive","evs":{"hp":0,"atk":232,"def":0,"spa":24,"spd":0,"spe":252},"ivs":{"hp":31,"atk":31,"def":31,"spa":31,"spd":31,"spe":31}},{"name":"Brute Force","species":"salamence","item":"leftovers","ability":"Intimidate","moves":["dragontail","toxic","wish","protect"],"nature":"Impish","evs":{"hp":248,"atk":0,"def":252,"spa":0,"spd":8,"spe":0},"ivs":{"hp":31,"atk":31,"def":31,"spa":31,"spd":31,"spe":31}},{"name":"Brave Heart","species":"dragonite","item":"lumberry","ability":"Multiscale","moves":["outrage","earthquake","extremespeed","dragondance"],"nature":"Jolly","evs":{"hp":0,"atk":252,"def":4,"spa":0,"spd":0,"spe":252},"ivs":{"hp":31,"atk":31,"def":31,"spa":31,"spd":31,"spe":31}}],"p2team":[{"name":"Mew","species":"Mew","item":"leftovers","ability":"Synchronize","moves":["roost","toxic","healbell","aurasphere"],"nature":"Calm","evs":{"hp":252,"atk":0,"def":0,"spa":4,"spd":252,"spe":0},"ivs":{"hp":31,"atk":31,"def":31,"spa":31,"spd":31,"spe":31}},{"name":"Slowbro","species":"Slowbro","item":"rockyhelmet","ability":"Regenerator","moves":["scald","yawn","flamethrower","slackoff"],"nature":"Bold","evs":{"hp":252,"atk":0,"def":252,"spa":4,"spd":0,"spe":0},"ivs":{"hp":31,"atk":31,"def":31,"spa":31,"spd":31,"spe":31}},{"name":"Deoxys-Speed","species":"Deoxys-Speed","item":"focussash","ability":"Pressure","moves":["stealthrock","spikes","thunderwave","icebeam"],"nature":"Timid","evs":{"hp":252,"atk":0,"def":44,"spa":0,"spd":0,"spe":212},"ivs":{"hp":31,"atk":31,"def":31,"spa":31,"spd":31,"spe":31}},{"name":"Gardevoir","species":"Gardevoir","item":"gardevoirite","ability":"Trace","moves":["hypervoice","psyshock","destinybond","thunderbolt"],"nature":"Timid","evs":{"hp":0,"atk":0,"def":0,"spa":252,"spd":0,"spe":252},"ivs":{"hp":31,"atk":0,"def":31,"spa":31,"spd":31,"spe":31}},{"name":"Latias","species":"Latias","item":"leftovers","ability":"Levitate","moves":["dracometeor","psyshock","roost","defog"],"nature":"Timid","evs":{"hp":252,"atk":0,"def":0,"spa":4,"spd":0,"spe":252},"ivs":{"hp":31,"atk":31,"def":31,"spa":31,"spd":31,"spe":31}},{"name":"Hoopa-Unbound","species":"Hoopa-Unbound","item":"focussash","ability":"Magician","moves":["hyperspacefury","drainpunch","firepunch","gunkshot"],"nature":"Adamant","evs":{"hp":0,"atk":252,"def":0,"spa":0,"spd":4,"spe":252},"ivs":{"hp":31,"atk":31,"def":31,"spa":31,"spd":31,"spe":31}}],"log":["|player|p1|Alliance - Healer|102","|player|p2|Seven Swell|sevenswell.png","|gametype|singles","|gen|6","|tier|Monotype","|rated","|rule|Baton Pass Clause: Limit one Baton Passer, can't pass Spe and other stats simultaneously","|rule|Swagger Clause: Swagger is banned","|rule|Same Type Clause: Pokémon in a team must share a type","|clearpoke","|poke|p1|Latias, F","|poke|p1|Altaria, F","|poke|p1|Kyurem-Black","|poke|p1|Garchomp, M","|poke|p1|Salamence, M","|poke|p1|Dragonite, M","|poke|p2|Mew","|poke|p2|Slowbro, F","|poke|p2|Deoxys-Speed","|poke|p2|Gardevoir, F","|poke|p2|Latias, F","|poke|p2|Hoopa-Unbound","|rule|Sleep Clause Mod: Limit one foe put to sleep","|rule|Species Clause: Limit one of each Pokémon","|rule|OHKO Clause: OHKO moves are banned","|rule|Moody Clause: Moody is banned","|rule|Evasion Moves Clause: Evasion moves are banned","|rule|Endless Battle Clause: Forcing endless battles is banned","|rule|HP Percentage Mod: HP is shown in percentages","|teampreview","|","|start","|switch|p1a: Brute Force|Salamence, M|393/393","|switch|p2a: Hoopa-Unbound|Hoopa-Unbound|301/301","|-ability|p1a: Brute Force|Intimidate","|-unboost|p2a: Hoopa-Unbound|atk|1","|turn|1","|","|move|p1a: Brute Force|Protect|p1a: Brute Force","|-singleturn|p1a: Brute Force|Protect","|move|p2a: Hoopa-Unbound|Hyperspace Fury|p1a: Brute Force","|-damage|p1a: Brute Force|267/393","|-unboost|p2a: Hoopa-Unbound|def|1","|","|-heal|p1a: Brute Force|291/393|[from] item: Leftovers","|turn|2","|","|switch|p2a: Slowbro|Slowbro, F|394/394","|move|p1a: Brute Force|Toxic|p2a: Slowbro","|-status|p2a: Slowbro|tox","|","|-heal|p1a: Brute Force|315/393|[from] item: Leftovers","|-damage|p2a: Slowbro|370/394 tox|[from] psn","|turn|3","|","|move|p1a: Brute Force|Protect|p1a: Brute Force","|-singleturn|p1a: Brute Force|Protect","|move|p2a: Slowbro|Yawn|p1a: Brute Force","|-activate|p1a: Brute Force|Protect","|","|-heal|p1a: Brute Force|339/393|[from] item: Leftovers","|-damage|p2a: Slowbro|322/394 tox|[from] psn","|turn|4","|","|switch|p1a: Clear View|Latias, F|301/301","|move|p2a: Slowbro|Yawn|p1a: Clear View","|-start|p1a: Clear View|move: Yawn|[of] p2a: Slowbro","|","|-damage|p2a: Slowbro|250/394 tox|[from] psn","|turn|5","|","|switch|p1a: Black Darkness|Garchomp, M|357/357","|switch|p2a: Deoxys-Speed|Deoxys-Speed|304/304","|-ability|p2a: Deoxys-Speed|Pressure","|","|turn|6","|","|move|p2a: Deoxys-Speed|Ice Beam|p1a: Black Darkness","|-supereffective|p1a: Black Darkness","|-enditem|p1a: Black Darkness|Focus Sash","|-damage|p1a: Black Darkness|1/357","|move|p1a: Black Darkness|Earthquake|p2a: Deoxys-Speed","|-damage|p2a: Deoxys-Speed|127/304","|","|turn|7","|","|switch|p1a: Clear View|Latias, F|301/301","|move|p2a: Deoxys-Speed|Stealth Rock|p1a: Clear View","|-sidestart|p1: Alliance - Healer|move: Stealth Rock","|","|turn|8","|","|switch|p2a: Gardevoir|Gardevoir, F|277/277","|-ability|p2a: Gardevoir|Levitate|[from] ability: Trace|[of] p1a: Clear View","|move|p1a: Clear View|Dragon Pulse|p2a: Gardevoir","|-immune|p2a: Gardevoir|[msg]","|","|turn|9","|","|detailschange|p2a: Gardevoir|Gardevoir-Mega, F","|-mega|p2a: Gardevoir|Gardevoir|Gardevoirite","|move|p1a: Clear View|Defog|p2a: Gardevoir","|-unboost|p2a: Gardevoir|evasion|1","|-sideend|p1: Alliance - Healer|Stealth Rock|[from] move: Defog|[of] p1a: Clear View","|move|p2a: Gardevoir|Hyper Voice|p1a: Clear View","|-supereffective|p1a: Clear View","|-damage|p1a: Clear View|0 fnt","|faint|p1a: Clear View","|","|","|switch|p1a: Black Darkness|Garchomp, M|1/357","|turn|10","|","|switch|p2a: Slowbro|Slowbro, F|381/394 tox","|move|p1a: Black Darkness|Stealth Rock|p2a: Slowbro","|-sidestart|p2: Seven Swell|move: Stealth Rock","|","|-damage|p2a: Slowbro|357/394 tox|[from] psn","|turn|11","|","|move|p1a: Black Darkness|Earthquake|p2a: Slowbro","|-crit|p2a: Slowbro","|-damage|p2a: Slowbro|164/394 tox","|move|p2a: Slowbro|Scald|p1a: Black Darkness","|-damage|p1a: Black Darkness|0 fnt","|faint|p1a: Black Darkness","|","|-damage|p2a: Slowbro|116/394 tox|[from] psn","|","|switch|p1a: Rainbow Rider|Altaria, F|291/291","|turn|12","|","|move|p1a: Rainbow Rider|Dragon Dance|p1a: Rainbow Rider","|-boost|p1a: Rainbow Rider|atk|1","|-boost|p1a: Rainbow Rider|spe|1","|move|p2a: Slowbro|Yawn|p1a: Rainbow Rider","|-start|p1a: Rainbow Rider|move: Yawn|[of] p2a: Slowbro","|","|-damage|p2a: Slowbro|44/394 tox|[from] psn","|turn|13","|","|switch|p1a: White Light|Kyurem-Black|391/391","|-ability|p1a: White Light|Teravolt","|switch|p2a: Deoxys-Speed|Deoxys-Speed|127/304","|-damage|p2a: Deoxys-Speed|89/304|[from] Stealth Rock","|-ability|p2a: Deoxys-Speed|Pressure","|","|turn|14","|","|move|p2a: Deoxys-Speed|Stealth Rock|p1a: White Light","|-sidestart|p1: Alliance - Healer|move: Stealth Rock","|move|p1a: White Light|Iron Head|p2a: Deoxys-Speed","|-damage|p2a: Deoxys-Speed|0 fnt","|faint|p2a: Deoxys-Speed","|","|","|switch|p2a: Latias|Latias, F|364/364","|-damage|p2a: Latias|319/364|[from] Stealth Rock","|turn|15","|","|move|p1a: White Light|Iron Head|p2a: Latias","|-damage|p2a: Latias|189/364","|move|p2a: Latias|Draco Meteor|p1a: White Light","|-supereffective|p1a: White Light","|-damage|p1a: White Light|0 fnt","|-unboost|p2a: Latias|spa|2","|faint|p1a: White Light","|","|-heal|p2a: Latias|211/364|[from] item: Leftovers","|","|switch|p1a: Rainbow Rider|Altaria, F|291/291","|-damage|p1a: Rainbow Rider|219/291|[from] Stealth Rock","|turn|16","|","|switch|p2a: Slowbro|Slowbro, F|175/394 tox","|-damage|p2a: Slowbro|126/394 tox|[from] Stealth Rock","|move|p1a: Rainbow Rider|Dragon Dance|p1a: Rainbow Rider","|-boost|p1a: Rainbow Rider|atk|1","|-boost|p1a: Rainbow Rider|spe|1","|","|-damage|p2a: Slowbro|102/394 tox|[from] psn","|turn|17","|","|move|p1a: Rainbow Rider|Return|p2a: Slowbro","|-damage|p2a: Slowbro|16/394 tox","|-damage|p1a: Rainbow Rider|171/291|[from] item: Rocky Helmet|[of] p2a: Slowbro","|move|p2a: Slowbro|Yawn|p1a: Rainbow Rider","|-start|p1a: Rainbow Rider|move: Yawn|[of] p2a: Slowbro","|","|-damage|p2a: Slowbro|0 fnt|[from] psn","|faint|p2a: Slowbro","|","|switch|p2a: Hoopa-Unbound|Hoopa-Unbound|301/301","|-damage|p2a: Hoopa-Unbound|264/301|[from] Stealth Rock","|turn|18","|","|switch|p1a: Brute Force|Salamence, M|339/393","|-damage|p1a: Brute Force|241/393|[from] Stealth Rock","|-ability|p1a: Brute Force|Intimidate","|-unboost|p2a: Hoopa-Unbound|atk|1","|move|p2a: Hoopa-Unbound|Hyperspace Fury|p1a: Brute Force","|-damage|p1a: Brute Force|121/393","|-unboost|p2a: Hoopa-Unbound|def|1","|","|-heal|p1a: Brute Force|145/393|[from] item: Leftovers","|turn|19","|","|switch|p2a: Gardevoir|Gardevoir-Mega, F|277/277","|-damage|p2a: Gardevoir|243/277|[from] Stealth Rock","|move|p1a: Brute Force|Toxic|p2a: Gardevoir","|-status|p2a: Gardevoir|tox","|","|-heal|p1a: Brute Force|169/393|[from] item: Leftovers","|-damage|p2a: Gardevoir|226/277 tox|[from] psn","|turn|20","|","|move|p1a: Brute Force|Protect|p1a: Brute Force","|-singleturn|p1a: Brute Force|Protect","|move|p2a: Gardevoir|Hyper Voice|p1a: Brute Force","|-activate|p1a: Brute Force|Protect","|","|-heal|p1a: Brute Force|193/393|[from] item: Leftovers","|-damage|p2a: Gardevoir|192/277 tox|[from] psn","|turn|21","|","|move|p1a: Brute Force|Protect|p1a: Brute Force","|-fail|p1a: Brute Force","|move|p2a: Gardevoir|Hyper Voice|p1a: Brute Force","|-supereffective|p1a: Brute Force","|-damage|p1a: Brute Force|0 fnt","|faint|p1a: Brute Force","|","|-damage|p2a: Gardevoir|141/277 tox|[from] psn","|","|switch|p1a: Brave Heart|Dragonite, M|323/323","|-damage|p1a: Brave Heart|243/323|[from] Stealth Rock","|turn|22","|","|move|p1a: Brave Heart|Extreme Speed|p2a: Gardevoir","|-damage|p2a: Gardevoir|0 fnt","|faint|p2a: Gardevoir","|","|","|switch|p2a: Mew|Mew|404/404","|-damage|p2a: Mew|354/404|[from] Stealth Rock","|turn|23","|","|move|p1a: Brave Heart|Dragon Dance|p1a: Brave Heart","|-boost|p1a: Brave Heart|atk|1","|-boost|p1a: Brave Heart|spe|1","|move|p2a: Mew|Toxic|p1a: Brave Heart","|-status|p1a: Brave Heart|tox","|-enditem|p1a: Brave Heart|Lum Berry|[eat]","|-curestatus|p1a: Brave Heart|tox","|","|-heal|p2a: Mew|379/404|[from] item: Leftovers","|turn|24","|","|move|p1a: Brave Heart|Outrage|p2a: Mew","|-damage|p2a: Mew|25/404","|move|p2a: Mew|Toxic|p1a: Brave Heart","|-status|p1a: Brave Heart|tox","|","|-heal|p2a: Mew|50/404|[from] item: Leftovers","|-damage|p1a: Brave Heart|223/323 tox|[from] psn","|turn|25","|","|move|p1a: Brave Heart|Outrage|p2a: Mew","|-damage|p2a: Mew|0 fnt","|faint|p2a: Mew","|","|-damage|p1a: Brave Heart|183/323 tox|[from] psn","|","|switch|p2a: Hoopa-Unbound|Hoopa-Unbound|264/301","|-damage|p2a: Hoopa-Unbound|227/301|[from] Stealth Rock","|turn|26","|","|move|p1a: Brave Heart|Outrage|p2a: Hoopa-Unbound","|-damage|p2a: Hoopa-Unbound|0 fnt","|-start|p1a: Brave Heart|confusion|[fatigue]","|faint|p2a: Hoopa-Unbound","|","|-damage|p1a: Brave Heart|123/323 tox|[from] psn","|","|switch|p2a: Latias|Latias, F|211/364","|-damage|p2a: Latias|166/364|[from] Stealth Rock","|turn|27","|","|-activate|p1a: Brave Heart|confusion","|move|p1a: Brave Heart|Outrage|p2a: Latias","|-supereffective|p2a: Latias","|-damage|p2a: Latias|0 fnt","|faint|p2a: Latias","|","|win|Alliance - Healer"],"p1rating":{"entryid":"5885761","serverid":"eos","formatid":"monotype","userid":"alliancehealer","username":"Alliance - Healer","w":52,"l":"13","t":"0","gxe":77.2,"r":"1729.1167976668","rd":"53.622594007062","sigma":"0","rptime":"1438333200","rpr":1731.8316125219,"rprd":53.300942566025,"rpsigma":"0","acre":1395.4545339129,"lacre":1395.4545339129,"oldacre":"1389.2724629333"},"p2rating":{"entryid":"7267988","serverid":"eos","formatid":"monotype","userid":"sevenswell","username":"Seven Swell","w":"4","l":4,"t":"0","gxe":51.1,"r":"1444.0503046494","rd":"123.17369180523","sigma":"0","rptime":"1438333200","rpr":1508.2001706132,"rprd":93.991034510697,"rpsigma":"0","acre":1086.6147406515,"lacre":1086.6147406515,"oldacre":"1094.0672544713"},"endType":"normal"}