{"seed":[65483,29426,62212,20624],"turns":41,"p1":"DJ Biggie","p2":"Carnie Mini","p1team":[{"name":"Reuniclus","species":"Reuniclus","item":"leftovers","ability":"Magic Guard","moves":["calmmind","psyshock","focusblast","recover"],"nature":"Bold","evs":{"hp":252,"atk":0,"def":252,"spa":4,"spd":0,"spe":0},"ivs":{"hp":31,"atk":31,"def":31,"spa":31,"spd":31,"spe":31}},{"name":"Meloetta","species":"Meloetta","item":"choicespecs","ability":"Serene Grace","moves":["hypervoice","psychic","focusblast","uturn"],"nature":"Timid","evs":{"hp":0,"atk":0,"def":4,"spa":252,"spd":0,"spe":252},"ivs":{"hp":31,"atk":31,"def":31,"spa":31,"spd":31,"spe":31}},{"name":"Medicham","species":"Medicham","item":"medichamite","ability":"Pure Power","moves":["highjumpkick","zenheadbutt","fakeout","icepunch"],"nature":"Jolly","evs":{"hp":0,"atk":252,"def":4,"spa":0,"spd":0,"spe":252},"ivs":{"hp":31,"atk":31,"def":31,"spa":31,"spd":31,"spe":31}},{"name":"Deoxys-Defense","species":"Deoxys-Defense","item":"leftovers","ability":"Pressure","moves":["spikes","recover","skillswap","toxic"],"nature":"Bold","evs":{"hp":248,"atk":0,"def":252,"spa":0,"spd":8,"spe":0},"ivs":{"hp":31,"atk":31,"def":31,"spa":31,"spd":31,"spe":31}},{"name":"Latios","species":"Latios","item":"lifeorb","ability":"Levitate","moves":["dracometeor","psyshock","earthquake","defog"],"nature":"Timid","evs":{"hp":0,"atk":0,"def":4,"spa":252,"spd":0,"spe":252},"ivs":{"hp":31,"atk":31,"def":31,"spa":31,"spd":31,"spe":31}},{"name":"Jirachi","species":"Jirachi","item":"leftovers","ability":"Serene Grace","moves":["stealthrock","ironhead","uturn","bodyslam"],"nature":"Careful","evs":{"hp":252,"atk":0,"def":0,"spa":0,"spd":176,"spe":80},"ivs":{"hp":31,"atk":31,"def":31,"spa":31,"spd":31,"spe":31}}],"p2team":[{"name":"Togekiss","species":"Togekiss","item":"leftovers","ability":"Serene Grace","moves":["thunderwave","airslash","defog","roost"],"nature":"Calm","evs":{"hp":252,"atk":0,"def":0,"spa":4,"spd":252,"spe":0},"ivs":{"hp":31,"atk":31,"def":31,"spa":31,"spd":31,"spe":31}},{"name":"Thundurus-Therian","species":"Thundurus-Therian","item":"lifeorb","ability":"Volt Absorb","moves":["sludgewave","hiddenpowerground","discharge","voltswitch"],"nature":"Timid","evs":{"hp":0,"atk":0,"def":0,"spa":252,"spd":4,"spe":252},"ivs":{"hp":31,"atk":31,"def":31,"spa":30,"spd":30,"spe":31}},{"name":"Mandibuzz","species":"Mandibuzz","item":"leftovers","ability":"Overcoat","moves":["foulplay","roost","toxic","defog"],"nature":"Careful","evs":{"hp":248,"atk":8,"def":0,"spa":0,"spd":252,"spe":0},"ivs":{"hp":31,"atk":31,"def":31,"spa":31,"spd":31,"spe":31}},{"name":"Skarmory","species":"Skarmory","item":"rockyhelmet","ability":"Sturdy","moves":["whirlwind","stealthrock","bravebird","roost"],"nature":"Impish","evs":{"hp":252,"atk":4,"def":252,"spa":0,"spd":0,"spe":0},"ivs":{"hp":31,"atk":31,"def":31,"spa":31,"spd":31,"spe":31}},{"name":"Landorus-Therian","species":"Landorus-Therian","item":"choicescarf","ability":"Intimidate","moves":["knockoff","uturn","stoneedge","earthquake"],"nature":"Jolly","evs":{"hp":0,"atk":252,"def":0,"spa":0,"spd":4,"spe":252},"ivs":{"hp":31,"atk":31,"def":31,"spa":31,"spd":31,"spe":31}},{"name":"Gyarados","species":"Gyarados","item":"gyaradosite","ability":"Intimidate","moves":["dragondance","waterfall","crunch","taunt"],"nature":"Adamant","evs":{"hp":0,"atk":252,"def":0,"spa":0,"spd":4,"spe":252},"ivs":{"hp":31,"atk":31,"def":31,"spa":31,"spd":31,"spe":31}}],"log":["|player|p1|DJ Biggie|109","|player|p2|Carnie Mini|carniemini.gif","|gametype|singles","|gen|6","|tier|Monotype","|rated","|rule|Baton Pass Clause: Limit one Baton Passer, can't pass Spe and other stats simultaneously","|rule|Swagger Clause: Swagger is banned","|rule|Same Type Clause: Pokémon in a team must share a type","|clearpoke","|poke|p1|Reuniclus, F","|poke|p1|Meloetta","|poke|p1|Medicham, M","|poke|p1|Deoxys-Defense","|poke|p1|Latios, M","|poke|p1|Jirachi","|poke|p2|Togekiss, M","|poke|p2|Thundurus-Therian, M","|poke|p2|Mandibuzz, F","|poke|p2|Skarmory, M","|poke|p2|Landorus-Therian, M","|poke|p2|Gyarados, M","|rule|Sleep Clause Mod: Limit one foe put to sleep","|rule|Species Clause: Limit one of each Pokémon","|rule|OHKO Clause: OHKO moves are banned","|rule|Moody Clause: Moody is banned","|rule|Evasion Moves Clause: Evasion moves are banned","|rule|Endless Battle Clause: Forcing endless battles is banned","|rule|HP Percentage Mod: HP is shown in percentages","|teampreview","|","|start","|switch|p1a: Medicham|Medicham, M|261/261","|switch|p2a: Mandibuzz|Mandibuzz, F|423/423","|turn|1","|","|switch|p2a: Skarmory|Skarmory, M|334/334","|detailschange|p1a: Medicham|Medicham-Mega, M","|-mega|p1a: Medicham|Medicham|Medichamite","|move|p1a: Medicham|Fake Out|p2a: Skarmory","|-resisted|p2a: Skarmory","|-damage|p2a: Skarmory|313/334","|-damage|p1a: Medicham|218/261|[from] item: Rocky Helmet|[of] p2a: Skarmory","|","|turn|2","|","|switch|p1a: Jirachi|Jirachi|404/404","|move|p2a: Skarmory|Stealth Rock|p1a: Jirachi","|-sidestart|p1: DJ Biggie|move: Stealth Rock","|","|turn|3","|","|move|p1a: Jirachi|Stealth Rock|p2a: Skarmory","|-sidestart|p2: Carnie Mini|move: Stealth Rock","|move|p2a: Skarmory|Brave Bird|p1a: Jirachi","|-resisted|p1a: Jirachi","|-damage|p1a: Jirachi|341/404","|-damage|p2a: Skarmory|292/334|[from] recoil|[of] p1a: Jirachi","|","|-heal|p1a: Jirachi|366/404|[from] item: Leftovers","|turn|4","|","|move|p1a: Jirachi|Iron Head|p2a: Skarmory","|-resisted|p2a: Skarmory","|-damage|p2a: Skarmory|265/334","|-damage|p1a: Jirachi|299/404|[from] item: Rocky Helmet|[of] p2a: Skarmory","|move|p2a: Skarmory|Whirlwind|p1a: Jirachi","|drag|p1a: Latios|Latios, M|301/301","|-damage|p1a: Latios|264/301|[from] Stealth Rock","|","|turn|5","|","|switch|p2a: Mandibuzz|Mandibuzz, F|423/423","|-damage|p2a: Mandibuzz|318/423|[from] Stealth Rock","|move|p1a: Latios|Defog|p2a: Mandibuzz","|-unboost|p2a: Mandibuzz|evasion|1","|-sideend|p2: Carnie Mini|Stealth Rock|[from] move: Defog|[of] p2a: Mandibuzz","|-sideend|p1: DJ Biggie|Stealth Rock|[from] move: Defog|[of] p1a: Latios","|","|-heal|p2a: Mandibuzz|344/423|[from] item: Leftovers","|turn|6","|","|move|p1a: Latios|Draco Meteor|p2a: Mandibuzz","|-damage|p2a: Mandibuzz|120/423","|-unboost|p1a: Latios|spa|2","|-damage|p1a: Latios|234/301|[from] item: Life Orb","|move|p2a: Mandibuzz|Foul Play|p1a: Latios","|-supereffective|p1a: Latios","|-damage|p1a: Latios|10/301","|","|-heal|p2a: Mandibuzz|146/423|[from] item: Leftovers","|turn|7","|","|move|p1a: Latios|Draco Meteor|p2a: Mandibuzz","|-crit|p2a: Mandibuzz","|-damage|p2a: Mandibuzz|0 fnt","|-unboost|p1a: Latios|spa|2","|-damage|p1a: Latios|0 fnt|[from] item: Life Orb","|faint|p2a: Mandibuzz","|faint|p1a: Latios","|","|","|switch|p2a: Thundurus-Therian|Thundurus-Therian, M|299/299","|switch|p1a: Reuniclus|Reuniclus, F|424/424","|turn|8","|","|move|p2a: Thundurus-Therian|Discharge|p1a: Reuniclus","|-damage|p1a: Reuniclus|204/424","|-damage|p2a: Thundurus-Therian|270/299|[from] item: Life Orb","|move|p1a: Reuniclus|Calm Mind|p1a: Reuniclus","|-boost|p1a: Reuniclus|spa|1","|-boost|p1a: Reuniclus|spd|1","|","|-heal|p1a: Reuniclus|230/424|[from] item: Leftovers","|turn|9","|","|move|p2a: Thundurus-Therian|Volt Switch|p1a: Reuniclus","|-damage|p1a: Reuniclus|88/424","|-damage|p2a: Thundurus-Therian|241/299|[from] item: Life Orb","|","|switch|p2a: Landorus-Therian|Landorus-Therian, M|319/319","|-ability|p2a: Landorus-Therian|Intimidate","|-unboost|p1a: Reuniclus|atk|1","|move|p1a: Reuniclus|Recover|p1a: Reuniclus","|-heal|p1a: Reuniclus|300/424","|","|-heal|p1a: Reuniclus|326/424|[from] item: Leftovers","|turn|10","|","|move|p2a: Landorus-Therian|Knock Off|p1a: Reuniclus","|-supereffective|p1a: Reuniclus","|-damage|p1a: Reuniclus|114/424","|-enditem|p1a: Reuniclus|Leftovers|[from] move: Knock Off|[of] p2a: Landorus-Therian","|move|p1a: Reuniclus|Psyshock|p2a: Landorus-Therian","|-damage|p2a: Landorus-Therian|120/319","|","|turn|11","|","|switch|p2a: Skarmory|Skarmory, M|265/334","|move|p1a: Reuniclus|Psyshock|p2a: Skarmory","|-resisted|p2a: Skarmory","|-damage|p2a: Skarmory|215/334","|","|turn|12","|","|move|p1a: Reuniclus|Recover|p1a: Reuniclus","|-heal|p1a: Reuniclus|326/424","|move|p2a: Skarmory|Whirlwind|p1a: Reuniclus","|drag|p1a: Deoxys-Defense|Deoxys-Defense|303/303","|-ability|p1a: Deoxys-Defense|Pressure","|","|turn|13","|","|switch|p1a: Reuniclus|Reuniclus, F|326/424","|switch|p2a: Togekiss|Togekiss, M|374/374","|","|turn|14","|","|move|p2a: Togekiss|Thunder Wave|p1a: Reuniclus","|-status|p1a: Reuniclus|par","|cant|p1a: Reuniclus|par","|","|turn|15","|","|move|p2a: Togekiss|Air Slash|p1a: Reuniclus","|-damage|p1a: Reuniclus|197/424 par","|cant|p1a: Reuniclus|flinch","|","|turn|16","|","|move|p2a: Togekiss|Air Slash|p1a: Reuniclus","|-damage|p1a: Reuniclus|80/424 par","|move|p1a: Reuniclus|Recover|p1a: Reuniclus","|-heal|p1a: Reuniclus|292/424 par","|","|turn|17","|","|move|p2a: Togekiss|Air Slash|p1a: Reuniclus","|-damage|p1a: Reuniclus|175/424 par","|cant|p1a: Reuniclus|flinch","|","|turn|18","|","|move|p2a: Togekiss|Air Slash|p1a: Reuniclus|[miss]","|-miss|p2a: Togekiss|p1a: Reuniclus","|move|p1a: Reuniclus|Recover|p1a: Reuniclus","|-heal|p1a: Reuniclus|387/424 par","|","|turn|19","|","|move|p2a: Togekiss|Air Slash|p1a: Reuniclus","|-damage|p1a: Reuniclus|263/424 par","|cant|p1a: Reuniclus|flinch","|","|turn|20","|","|move|p2a: Togekiss|Air Slash|p1a: Reuniclus","|-damage|p1a: Reuniclus|148/424 par","|cant|p1a: Reuniclus|flinch","|","|turn|21","|","|move|p2a: Togekiss|Air Slash|p1a: Reuniclus","|-damage|p1a: Reuniclus|31/424 par","|cant|p1a: Reuniclus|flinch","|","|turn|22","|","|move|p2a: Togekiss|Air Slash|p1a: Reuniclus","|-damage|p1a: Reuniclus|0 fnt","|faint|p1a: Reuniclus","|","|","|switch|p1a: Jirachi|Jirachi|299/404","|turn|23","|","|switch|p2a: Skarmory|Skarmory, M|215/334","|move|p1a: Jirachi|Stealth Rock|p2a: Skarmory","|-sidestart|p2: Carnie Mini|move: Stealth Rock","|","|-heal|p1a: Jirachi|324/404|[from] item: Leftovers","|turn|24","|","|move|p1a: Jirachi|Body Slam|p2a: Skarmory","|-resisted|p2a: Skarmory","|-damage|p2a: Skarmory|196/334","|-damage|p1a: Jirachi|257/404|[from] item: Rocky Helmet|[of] p2a: Skarmory","|move|p2a: Skarmory|Stealth Rock|p1a: Jirachi","|-sidestart|p1: DJ Biggie|move: Stealth Rock","|","|-heal|p1a: Jirachi|282/404|[from] item: Leftovers","|turn|25","|","|move|p1a: Jirachi|Body Slam|p2a: Skarmory","|-resisted|p2a: Skarmory","|-damage|p2a: Skarmory|177/334","|-damage|p1a: Jirachi|215/404|[from] item: Rocky Helmet|[of] p2a: Skarmory","|-status|p2a: Skarmory|par","|move|p2a: Skarmory|Roost|p2a: Skarmory","|-heal|p2a: Skarmory|334/334 par","|","|-heal|p1a: Jirachi|240/404|[from] item: Leftovers","|turn|26","|","|move|p1a: Jirachi|Iron Head|p2a: Skarmory","|-resisted|p2a: Skarmory","|-damage|p2a: Skarmory|304/334 par","|-damage|p1a: Jirachi|173/404|[from] item: Rocky Helmet|[of] p2a: Skarmory","|move|p2a: Skarmory|Whirlwind|p1a: Jirachi","|drag|p1a: Meloetta|Meloetta|341/341","|-damage|p1a: Meloetta|299/341|[from] Stealth Rock","|","|turn|27","|","|switch|p2a: Togekiss|Togekiss, M|374/374","|-damage|p2a: Togekiss|281/374|[from] Stealth Rock","|move|p1a: Meloetta|Focus Blast|p2a: Togekiss|[miss]","|-miss|p1a: Meloetta|p2a: Togekiss","|","|-heal|p2a: Togekiss|304/374|[from] item: Leftovers","|turn|28","|","|switch|p1a: Jirachi|Jirachi|173/404","|-damage|p1a: Jirachi|148/404|[from] Stealth Rock","|move|p2a: Togekiss|Thunder Wave|p1a: Jirachi","|-status|p1a: Jirachi|par","|","|-heal|p2a: Togekiss|327/374|[from] item: Leftovers","|-heal|p1a: Jirachi|173/404 par|[from] item: Leftovers","|turn|29","|","|switch|p2a: Skarmory|Skarmory, M|304/334 par","|-damage|p2a: Skarmory|263/334 par|[from] Stealth Rock","|move|p1a: Jirachi|Iron Head|p2a: Skarmory","|-resisted|p2a: Skarmory","|-damage|p2a: Skarmory|238/334 par","|-damage|p1a: Jirachi|106/404 par|[from] item: Rocky Helmet|[of] p2a: Skarmory","|","|-heal|p1a: Jirachi|131/404 par|[from] item: Leftovers","|turn|30","|","|switch|p1a: Meloetta|Meloetta|299/341","|-damage|p1a: Meloetta|257/341|[from] Stealth Rock","|move|p2a: Skarmory|Brave Bird|p1a: Meloetta","|-crit|p1a: Meloetta","|-damage|p1a: Meloetta|50/341","|-damage|p2a: Skarmory|170/334 par|[from] recoil|[of] p1a: Meloetta","|","|turn|31","|","|move|p1a: Meloetta|Psychic|p2a: Skarmory","|-resisted|p2a: Skarmory","|-damage|p2a: Skarmory|7/334 par","|move|p2a: Skarmory|Brave Bird|p1a: Meloetta","|-damage|p1a: Meloetta|0 fnt","|-damage|p2a: Skarmory|0 fnt|[from] recoil|[of] p1a: Meloetta","|faint|p1a: Meloetta","|faint|p2a: Skarmory","|","|","|switch|p2a: Landorus-Therian|Landorus-Therian, M|120/319","|switch|p1a: Jirachi|Jirachi|131/404 par","|-damage|p2a: Landorus-Therian|81/319|[from] Stealth Rock","|-ability|p2a: Landorus-Therian|Intimidate","|-unboost|p1a: Jirachi|atk|1","|-damage|p1a: Jirachi|106/404 par|[from] Stealth Rock","|turn|32","|","|move|p2a: Landorus-Therian|Knock Off|p1a: Jirachi","|-supereffective|p1a: Jirachi","|-damage|p1a: Jirachi|0 fnt","|-enditem|p1a: Jirachi|Leftovers|[from] move: Knock Off|[of] p2a: Landorus-Therian","|faint|p1a: Jirachi","|","|","|switch|p1a: Medicham|Medicham-Mega, M|218/261","|-damage|p1a: Medicham|202/261|[from] Stealth Rock","|turn|33","|","|switch|p2a: Gyarados|Gyarados, M|331/331","|-damage|p2a: Gyarados|249/331|[from] Stealth Rock","|-ability|p2a: Gyarados|Intimidate","|-unboost|p1a: Medicham|atk|1","|move|p1a: Medicham|Fake Out|p2a: Gyarados","|-damage|p2a: Gyarados|185/331","|","|turn|34","|","|switch|p1a: Deoxys-Defense|Deoxys-Defense|303/303","|-damage|p1a: Deoxys-Defense|266/303|[from] Stealth Rock","|-ability|p1a: Deoxys-Defense|Pressure","|move|p2a: Gyarados|Crunch|p1a: Deoxys-Defense","|-supereffective|p1a: Deoxys-Defense","|-damage|p1a: Deoxys-Defense|166/303","|","|-heal|p1a: Deoxys-Defense|184/303|[from] item: Leftovers","|turn|35","|","|move|p2a: Gyarados|Taunt|p1a: Deoxys-Defense","|-start|p1a: Deoxys-Defense|move: Taunt","|cant|p1a: Deoxys-Defense|move: Taunt|Recover","|","|-heal|p1a: Deoxys-Defense|202/303|[from] item: Leftovers","|turn|36","|","|switch|p1a: Medicham|Medicham-Mega, M|202/261","|-damage|p1a: Medicham|186/261|[from] Stealth Rock","|move|p2a: Gyarados|Dragon Dance|p2a: Gyarados","|-boost|p2a: Gyarados|atk|1","|-boost|p2a: Gyarados|spe|1","|","|turn|37","|","|move|p1a: Medicham|Fake Out|p2a: Gyarados","|-damage|p2a: Gyarados|92/331","|cant|p2a: Gyarados|flinch","|","|turn|38","|","|switch|p1a: Deoxys-Defense|Deoxys-Defense|202/303","|-damage|p1a: Deoxys-Defense|165/303|[from] Stealth Rock","|-ability|p1a: Deoxys-Defense|Pressure","|detailschange|p2a: Gyarados|Gyarados-Mega, M","|-mega|p2a: Gyarados|Gyarados|Gyaradosite","|-ability|p2a: Gyarados|Mold Breaker","|move|p2a: Gyarados|Waterfall|p1a: Deoxys-Defense","|-damage|p1a: Deoxys-Defense|21/303","|","|-heal|p1a: Deoxys-Defense|39/303|[from] item: Leftovers","|turn|39","|","|move|p2a: Gyarados|Crunch|p1a: Deoxys-Defense","|-crit|p1a: Deoxys-Defense","|-supereffective|p1a: Deoxys-Defense","|-damage|p1a: Deoxys-Defense|0 fnt","|faint|p1a: Deoxys-Defense","|","|","|switch|p1a: Medicham|Medicham-Mega, M|186/261","|-damage|p1a: Medicham|170/261|[from] Stealth Rock","|turn|40","|","|move|p1a: Medicham|Fake Out|p2a: Gyarados","|-damage|p2a: Gyarados|23/331","|cant|p2a: Gyarados|flinch","|","|turn|41","|","|move|p2a: Gyarados|Waterfall|p1a: Medicham","|-damage|p1a: Medicham|0 fnt","|faint|p1a: Medicham","|","|win|Carnie Mini"],"p1rating":{"entryid":"7236327","serverid":"eos","formatid":"monotype","userid":"djbiggie","username":"DJ Biggie","w":"7","l":4,"t":"0","gxe":57.3,"r":"1533.7744725796","rd":"92.014299578768","sigma":"0","rptime":"1438246800","rpr":1556.930134958,"rprd":84.470802414936,"rpsigma":"0","acre":1161.739333295,"lacre":1161.739333295,"oldacre":"1180.8715320135"},"p2rating":{"entryid":"5731199","serverid":"eos","formatid":"monotype","userid":"carniemini","username":"carnie Mini","w":43,"l":"38","t":"0","gxe":53.3,"r":"1519.066330191","rd":"46.945176889542","sigma":"0","rptime":"1438246800","rpr":1525.2978384506,"rprd":46.555856519343,"rpsigma":"0","acre":1283.1000557923,"lacre":1283.1000557923,"oldacre":"1263.9678570738"},"endType":"normal"}