{"seed":[52471,24353,27559,13773],"turns":23,"p1":"Carnie Muffin","p2":"Carnie Moe Sedah","p1team":[{"name":"Heatran","species":"Heatran","item":"choicescarf","ability":"Flash Fire","moves":["earthpower","eruption","flamethrower","darkpulse"],"nature":"Quiet","evs":{"hp":0,"atk":0,"def":0,"spa":252,"spd":4,"spe":252},"ivs":{"hp":31,"atk":31,"def":31,"spa":31,"spd":31,"spe":31}},{"name":"Scizor","species":"Scizor","item":"scizorite","ability":"Technician","moves":["swordsdance","bulletpunch","xscissor","roost"],"nature":"Adamant","evs":{"hp":248,"atk":252,"def":0,"spa":0,"spd":8,"spe":0},"ivs":{"hp":31,"atk":31,"def":31,"spa":31,"spd":31,"spe":31}},{"name":"Empoleon","species":"Empoleon","item":"leftovers","ability":"Defiant","moves":["scald","stealthrock","earthquake","shadowclaw"],"nature":"Adamant","evs":{"hp":252,"atk":252,"def":0,"spa":0,"spd":4,"spe":0},"ivs":{"hp":31,"atk":31,"def":31,"spa":31,"spd":31,"spe":31}},{"name":"Ferrothorn","species":"Ferrothorn","item":"rockyhelmet","ability":"Iron Barbs","moves":["flashcannon","thunderbolt","leechseed","substitute"],"nature":"Bold","evs":{"hp":248,"atk":0,"def":252,"spa":8,"spd":0,"spe":0},"ivs":{"hp":31,"atk":31,"def":31,"spa":31,"spd":31,"spe":31}},{"name":"Excadrill","species":"Excadrill","item":"airballoon","ability":"Mold Breaker","moves":["earthquake","rapidspin","rockslide","shadowclaw"],"nature":"Adamant","evs":{"hp":248,"atk":252,"def":0,"spa":0,"spd":8,"spe":0},"ivs":{"hp":31,"atk":31,"def":31,"spa":31,"spd":31,"spe":31}},{"name":"Cobalion","species":"Cobalion","item":"leftovers","ability":"Justified","moves":["stealthrock","ironhead","poisonjab","stoneedge"],"nature":"Jolly","evs":{"hp":0,"atk":252,"def":0,"spa":0,"spd":4,"spe":252},"ivs":{"hp":31,"atk":31,"def":31,"spa":31,"spd":31,"spe":31}}],"p2team":[{"name":"slice and dice","species":"bisharp","item":"leftovers","ability":"Defiant","moves":["swordsdance","suckerpunch","ironhead","brickbreak"],"nature":"Adamant","evs":{"hp":252,"atk":252,"def":0,"spa":0,"spd":4,"spe":0},"ivs":{"hp":31,"atk":31,"def":31,"spa":31,"spd":31,"spe":31}},{"name":"Hades","species":"hydreigon","item":"lifeorb","ability":"Levitate","moves":["darkpulse","roost","flamethrower","hiddenpowersteel"],"nature":"Timid","evs":{"hp":0,"atk":0,"def":0,"spa":252,"spd":4,"spe":252},"ivs":{"hp":31,"atk":31,"def":31,"spa":31,"spd":30,"spe":31}},{"name":"wheres me diamonds","species":"sableye","item":"sablenite","ability":"Prankster","moves":["calmmind","shadowball","recover","willowisp"],"nature":"Calm","evs":{"hp":248,"atk":0,"def":0,"spa":8,"spd":252,"spe":0},"ivs":{"hp":31,"atk":31,"def":31,"spa":31,"spd":31,"spe":31}},{"name":"Carnie-Reapz 2.0","species":"scrafty","item":"focussash","ability":"Moxie","moves":["dragondance","drainpunch","poisonjab","bulkup"],"nature":"Adamant","evs":{"hp":0,"atk":252,"def":0,"spa":0,"spd":4,"spe":252},"ivs":{"hp":31,"atk":31,"def":31,"spa":31,"spd":31,"spe":31}},{"name":"this is a vulture","species":"mandibuzz","item":"leftovers","ability":"Overcoat","moves":["roost","knockoff","toxic","defog"],"nature":"Impish","evs":{"hp":252,"atk":4,"def":252,"spa":0,"spd":0,"spe":0},"ivs":{"hp":31,"atk":31,"def":31,"spa":31,"spd":31,"spe":31}},{"name":"FAIRY JANITOR","species":"drapion","item":"airballoon","ability":"Battle Armor","moves":["earthquake","toxic","crosspoison","swordsdance"],"nature":"Adamant","evs":{"hp":248,"atk":252,"def":0,"spa":0,"spd":8,"spe":0},"ivs":{"hp":31,"atk":31,"def":31,"spa":31,"spd":31,"spe":31}}],"log":["|player|p1|Carnie Muffin|266","|player|p2|Carnie Moe Sedah|89","|gametype|singles","|gen|6","|tier|Monotype","|rated","|rule|Baton Pass Clause: Limit one Baton Passer, can't pass Spe and other stats simultaneously","|rule|Swagger Clause: Swagger is banned","|rule|Same Type Clause: Pokémon in a team must share a type","|clearpoke","|poke|p1|Heatran, M","|poke|p1|Scizor, F","|poke|p1|Empoleon, M","|poke|p1|Ferrothorn, F","|poke|p1|Excadrill, M","|poke|p1|Cobalion","|poke|p2|Bisharp, M","|poke|p2|Hydreigon, M","|poke|p2|Sableye, F","|poke|p2|Scrafty, M","|poke|p2|Mandibuzz, F","|poke|p2|Drapion, M","|rule|Sleep Clause Mod: Limit one foe put to sleep","|rule|Species Clause: Limit one of each Pokémon","|rule|OHKO Clause: OHKO moves are banned","|rule|Moody Clause: Moody is banned","|rule|Evasion Moves Clause: Evasion moves are banned","|rule|Endless Battle Clause: Forcing endless battles is banned","|rule|HP Percentage Mod: HP is shown in percentages","|teampreview","|","|start","|switch|p1a: Empoleon|Empoleon, M|372/372","|switch|p2a: wheres me diamonds|Sableye, F|303/303","|turn|1","|","|detailschange|p2a: wheres me diamonds|Sableye-Mega, F","|-mega|p2a: wheres me diamonds|Sableye|Sablenite","|move|p2a: wheres me diamonds|Calm Mind|p2a: wheres me diamonds","|-boost|p2a: wheres me diamonds|spa|1","|-boost|p2a: wheres me diamonds|spd|1","|move|p1a: Empoleon|Stealth Rock|p2a: wheres me diamonds","|move|p2a: wheres me diamonds|Stealth Rock|p1a: Empoleon|[from]Magic Bounce","|-sidestart|p1: Carnie Muffin|move: Stealth Rock","|","|turn|2","|","|move|p1a: Empoleon|Shadow Claw|p2a: wheres me diamonds","|-crit|p2a: wheres me diamonds","|-damage|p2a: wheres me diamonds|218/303","|move|p2a: wheres me diamonds|Calm Mind|p2a: wheres me diamonds","|-boost|p2a: wheres me diamonds|spa|1","|-boost|p2a: wheres me diamonds|spd|1","|","|turn|3","|","|move|p1a: Empoleon|Scald|p2a: wheres me diamonds","|-damage|p2a: wheres me diamonds|185/303","|move|p2a: wheres me diamonds|Calm Mind|p2a: wheres me diamonds","|-boost|p2a: wheres me diamonds|spa|1","|-boost|p2a: wheres me diamonds|spd|1","|","|turn|4","|","|move|p1a: Empoleon|Scald|p2a: wheres me diamonds","|-damage|p2a: wheres me diamonds|161/303","|move|p2a: wheres me diamonds|Calm Mind|p2a: wheres me diamonds","|-boost|p2a: wheres me diamonds|spa|1","|-boost|p2a: wheres me diamonds|spd|1","|","|turn|5","|","|move|p1a: Empoleon|Scald|p2a: wheres me diamonds","|-damage|p2a: wheres me diamonds|139/303","|move|p2a: wheres me diamonds|Recover|p2a: wheres me diamonds","|-heal|p2a: wheres me diamonds|291/303","|","|turn|6","|","|move|p1a: Empoleon|Scald|p2a: wheres me diamonds","|-damage|p2a: wheres me diamonds|270/303","|-status|p2a: wheres me diamonds|brn","|move|p2a: wheres me diamonds|Will-O-Wisp|p1a: Empoleon","|-status|p1a: Empoleon|brn","|","|-damage|p1a: Empoleon|326/372 brn|[from] brn","|-damage|p2a: wheres me diamonds|233/303 brn|[from] brn","|turn|7","|","|move|p1a: Empoleon|Shadow Claw|p2a: wheres me diamonds","|-crit|p2a: wheres me diamonds","|-damage|p2a: wheres me diamonds|189/303 brn","|move|p2a: wheres me diamonds|Shadow Ball|p1a: Empoleon","|-damage|p1a: Empoleon|74/372 brn","|","|-heal|p1a: Empoleon|97/372 brn|[from] item: Leftovers","|-damage|p1a: Empoleon|51/372 brn|[from] brn","|-damage|p2a: wheres me diamonds|152/303 brn|[from] brn","|turn|8","|","|move|p1a: Empoleon|Shadow Claw|p2a: wheres me diamonds","|-damage|p2a: wheres me diamonds|122/303 brn","|move|p2a: wheres me diamonds|Recover|p2a: wheres me diamonds","|-heal|p2a: wheres me diamonds|274/303 brn","|","|-heal|p1a: Empoleon|74/372 brn|[from] item: Leftovers","|-damage|p1a: Empoleon|28/372 brn|[from] brn","|-damage|p2a: wheres me diamonds|237/303 brn|[from] brn","|turn|9","|","|move|p1a: Empoleon|Shadow Claw|p2a: wheres me diamonds","|-damage|p2a: wheres me diamonds|208/303 brn","|move|p2a: wheres me diamonds|Recover|p2a: wheres me diamonds","|-heal|p2a: wheres me diamonds|303/303 brn","|","|-heal|p1a: Empoleon|51/372 brn|[from] item: Leftovers","|-damage|p1a: Empoleon|5/372 brn|[from] brn","|-damage|p2a: wheres me diamonds|266/303 brn|[from] brn","|turn|10","|","|switch|p1a: Scizor|Scizor, F|343/343","|-damage|p1a: Scizor|301/343|[from] Stealth Rock","|move|p2a: wheres me diamonds|Shadow Ball|p1a: Scizor","|-damage|p1a: Scizor|27/343","|","|-damage|p2a: wheres me diamonds|229/303 brn|[from] brn","|turn|11","|","|move|p1a: Scizor|X-Scissor|p2a: wheres me diamonds","|-damage|p2a: wheres me diamonds|91/303 brn","|move|p2a: wheres me diamonds|Will-O-Wisp|p1a: Scizor","|-status|p1a: Scizor|brn","|","|-damage|p1a: Scizor|0 fnt|[from] brn","|-damage|p2a: wheres me diamonds|54/303 brn|[from] brn","|faint|p1a: Scizor","|","|switch|p1a: Heatran|Heatran, M|323/323","|-damage|p1a: Heatran|283/323|[from] Stealth Rock","|turn|12","|","|move|p1a: Heatran|Eruption|p2a: wheres me diamonds","|-damage|p2a: wheres me diamonds|0 fnt","|faint|p2a: wheres me diamonds","|","|","|switch|p2a: FAIRY JANITOR|Drapion, M|343/343","|-item|p2a: FAIRY JANITOR|Air Balloon","|turn|13","|","|move|p1a: Heatran|Eruption|p2a: FAIRY JANITOR","|-damage|p2a: FAIRY JANITOR|10/343","|-enditem|p2a: FAIRY JANITOR|Air Balloon","|move|p2a: FAIRY JANITOR|Swords Dance|p2a: FAIRY JANITOR","|-boost|p2a: FAIRY JANITOR|atk|2","|","|turn|14","|","|move|p1a: Heatran|Eruption|p2a: FAIRY JANITOR","|-damage|p2a: FAIRY JANITOR|0 fnt","|faint|p2a: FAIRY JANITOR","|","|","|switch|p2a: Carnie-Reapz 2.0|Scrafty, M|271/271","|turn|15","|","|move|p1a: Heatran|Eruption|p2a: Carnie-Reapz 2.0","|-damage|p2a: Carnie-Reapz 2.0|36/271","|move|p2a: Carnie-Reapz 2.0|Dragon Dance|p2a: Carnie-Reapz 2.0","|-boost|p2a: Carnie-Reapz 2.0|atk|1","|-boost|p2a: Carnie-Reapz 2.0|spe|1","|","|turn|16","|","|move|p1a: Heatran|Eruption|p2a: Carnie-Reapz 2.0","|-damage|p2a: Carnie-Reapz 2.0|0 fnt","|faint|p2a: Carnie-Reapz 2.0","|","|","|switch|p2a: Hades|Hydreigon, M|325/325","|turn|17","|","|switch|p1a: Cobalion|Cobalion|323/323","|-damage|p1a: Cobalion|313/323|[from] Stealth Rock","|move|p2a: Hades|Dark Pulse|p1a: Cobalion","|-resisted|p1a: Cobalion","|-damage|p1a: Cobalion|192/323","|-boost|p1a: Cobalion|atk|1|[from] ability: Justified","|-damage|p2a: Hades|293/325|[from] item: Life Orb","|","|-heal|p1a: Cobalion|212/323|[from] item: Leftovers","|turn|18","|","|move|p1a: Cobalion|Stealth Rock|p2a: Hades","|-sidestart|p2: Carnie Moe Sedah|move: Stealth Rock","|move|p2a: Hades|Flamethrower|p1a: Cobalion","|-crit|p1a: Cobalion","|-supereffective|p1a: Cobalion","|-damage|p1a: Cobalion|0 fnt","|-damage|p2a: Hades|261/325|[from] item: Life Orb","|faint|p1a: Cobalion","|","|","|switch|p1a: Heatran|Heatran, M|283/323","|-damage|p1a: Heatran|243/323|[from] Stealth Rock","|turn|19","|","|move|p1a: Heatran|Eruption|p2a: Hades","|-resisted|p2a: Hades","|-damage|p2a: Hades|147/325","|move|p2a: Hades|Dark Pulse|p1a: Heatran","|-damage|p1a: Heatran|78/323","|-damage|p2a: Hades|115/325|[from] item: Life Orb","|","|turn|20","|","|switch|p1a: Empoleon|Empoleon, M|5/372 brn","|-damage|p1a: Empoleon|0 fnt|[from] Stealth Rock","|faint|p1a: Empoleon","|move|p2a: Hades|Roost|p2a: Hades","|-heal|p2a: Hades|278/325","|","|","|switch|p1a: Excadrill|Excadrill, M|423/423","|-damage|p1a: Excadrill|410/423|[from] Stealth Rock","|-ability|p1a: Excadrill|Mold Breaker","|-item|p1a: Excadrill|Air Balloon","|turn|21","|","|move|p2a: Hades|Flamethrower|p1a: Excadrill","|-supereffective|p1a: Excadrill","|-damage|p1a: Excadrill|10/423","|-enditem|p1a: Excadrill|Air Balloon","|-status|p1a: Excadrill|brn","|-damage|p2a: Hades|246/325|[from] item: Life Orb","|move|p1a: Excadrill|Rapid Spin|p2a: Hades","|-damage|p2a: Hades|230/325","|-sideend|p1: Carnie Muffin|Stealth Rock|[from] move: Rapid Spin|[of] p1a: Excadrill","|","|-damage|p1a: Excadrill|0 fnt|[from] brn","|faint|p1a: Excadrill","|","|switch|p1a: Ferrothorn|Ferrothorn, F|351/351","|turn|22","|","|move|p2a: Hades|Flamethrower|p1a: Ferrothorn","|-supereffective|p1a: Ferrothorn","|-damage|p1a: Ferrothorn|0 fnt","|-damage|p2a: Hades|198/325|[from] item: Life Orb","|faint|p1a: Ferrothorn","|","|","|switch|p1a: Heatran|Heatran, M|78/323","|turn|23","|","|move|p1a: Heatran|Flamethrower|p2a: Hades","|-resisted|p2a: Hades","|-damage|p2a: Hades|105/325","|move|p2a: Hades|Dark Pulse|p1a: Heatran","|-damage|p1a: Heatran|0 fnt","|-damage|p2a: Hades|73/325|[from] item: Life Orb","|faint|p1a: Heatran","|","|win|Carnie Moe Sedah"],"p1rating":{"entryid":"6654185","serverid":"eos","formatid":"monotype","userid":"carniemuffin","username":"Carnie Muffin","w":"11","l":19,"t":"0","gxe":40,"r":1439.1840019003,"rd":68.404553941453,"sigma":"0","rptime":1438333200,"rpr":1422.1045355531,"rprd":67.330732639665,"rpsigma":"0","acre":1013.2029409406,"lacre":1013.2029409406,"oldacre":"1024.1083494897"},"p2rating":{"entryid":"7144790","serverid":"eos","formatid":"monotype","userid":"carniemoesedah","username":"Carnie Moe Sedah","w":7,"l":"16","t":"0","gxe":33.6,"r":1351.4995953092,"rd":71.71500962337,"sigma":"0","rptime":1438333200,"rpr":1369.4744347767,"rprd":70.409511304174,"rpsigma":"0","acre":1114.9329061853,"lacre":1114.9329061853,"oldacre":"1094.2151551118"},"endType":"normal"}