{"seed":[38041,59961,47111,60661],"turns":30,"p1":"Marx-Bot","p2":"Guard Mentalist","p1team":[{"name":"Darude Hailstorm","species":"abomasnow","item":"focussash","ability":"Snow Warning","moves":["blizzard","gigadrain","iceshard","shadowball"],"nature":"Mild","evs":{"hp":248,"atk":8,"def":0,"spa":252,"spd":0,"spe":0},"gender":"M","shiny":true,"ivs":{"hp":31,"atk":31,"def":31,"spa":31,"spd":31,"spe":31}},{"name":"Froslass","species":"Froslass","item":"focussash","ability":"Cursed Body","moves":["destinybond","icebeam","taunt","shadowball"],"nature":"Timid","evs":{"hp":0,"atk":0,"def":0,"spa":252,"spd":4,"spe":252},"ivs":{"hp":31,"atk":31,"def":31,"spa":31,"spd":31,"spe":31}},{"name":"Ice Age","species":"mamoswine","item":"choicescarf","ability":"Thick Fat","moves":["superpower","earthquake","iciclecrash","stoneedge"],"nature":"Jolly","evs":{"hp":0,"atk":252,"def":0,"spa":0,"spd":4,"spe":252},"gender":"M","shiny":true,"ivs":{"hp":31,"atk":31,"def":31,"spa":31,"spd":31,"spe":31}},{"name":"The Titanic","species":"avalugg","item":"rockyhelmet","ability":"Sturdy","moves":["rapidspin","toxic","recover","avalanche"],"nature":"Bold","evs":{"hp":248,"atk":0,"def":252,"spa":0,"spd":8,"spe":0},"gender":"M","shiny":true,"ivs":{"hp":31,"atk":31,"def":31,"spa":31,"spd":31,"spe":31}},{"name":"Kyurem-Black","species":"Kyurem-Black","item":"muscleband","ability":"Teravolt","moves":["fusionbolt","outrage","icebeam","shadowclaw"],"nature":"Naughty","evs":{"hp":248,"atk":252,"def":0,"spa":8,"spd":0,"spe":0},"ivs":{"hp":31,"atk":31,"def":31,"spa":31,"spd":31,"spe":31}},{"name":"King Kold","species":"rotomfrost","item":"leftovers","ability":"Levitate","moves":["discharge","willowisp","painsplit","charge"],"nature":"Calm","evs":{"hp":248,"atk":0,"def":0,"spa":252,"spd":8,"spe":0},"shiny":true,"ivs":{"hp":31,"atk":31,"def":31,"spa":31,"spd":31,"spe":31}}],"p2team":[{"name":"Jirachi","species":"Jirachi","item":"choicescarf","ability":"Serene Grace","moves":["ironhead","trick","healingwish","uturn"],"nature":"Jolly","evs":{"hp":0,"atk":252,"def":0,"spa":0,"spd":4,"spe":252},"ivs":{"hp":31,"atk":31,"def":31,"spa":31,"spd":31,"spe":31}},{"name":"Victini","species":"Victini","item":"choicescarf","ability":"Victory Star","moves":["vcreate","boltstrike","zenheadbutt","blueflare"],"nature":"Adamant","evs":{"hp":0,"atk":252,"def":0,"spa":0,"spd":4,"spe":252},"ivs":{"hp":31,"atk":31,"def":31,"spa":31,"spd":31,"spe":31}},{"name":"Mew","species":"Mew","item":"leftovers","ability":"Synchronize","moves":["roost","stealthrock","defog","willowisp"],"nature":"Calm","evs":{"hp":252,"atk":0,"def":4,"spa":0,"spd":144,"spe":108},"ivs":{"hp":31,"atk":31,"def":31,"spa":31,"spd":31,"spe":31}},{"name":"Gardevoir","species":"Gardevoir","item":"gardevoirite","ability":"Trace","moves":["hypervoice","psyshock","focusblast","substitute"],"nature":"Timid","evs":{"hp":0,"atk":0,"def":0,"spa":252,"spd":4,"spe":252},"ivs":{"hp":31,"atk":31,"def":31,"spa":31,"spd":31,"spe":31}},{"name":"Meloetta","species":"Meloetta","item":"assaultvest","ability":"Serene Grace","moves":["focusblast","psyshock","energyball","shadowball"],"nature":"Modest","evs":{"hp":248,"atk":0,"def":0,"spa":252,"spd":8,"spe":0},"ivs":{"hp":31,"atk":31,"def":31,"spa":31,"spd":31,"spe":31}},{"name":"Slowbro","species":"Slowbro","item":"rockyhelmet","ability":"Regenerator","moves":["slackoff","scald","fireblast","thunderwave"],"nature":"Bold","evs":{"hp":248,"atk":0,"def":252,"spa":8,"spd":0,"spe":0},"ivs":{"hp":31,"atk":31,"def":31,"spa":31,"spd":31,"spe":31}}],"log":["|player|p1|Marx-Bot|238","|player|p2|Guard Mentalist|184","|gametype|singles","|gen|6","|tier|Monotype","|rated","|rule|Baton Pass Clause: Limit one Baton Passer, can't pass Spe and other stats simultaneously","|rule|Swagger Clause: Swagger is banned","|rule|Same Type Clause: Pokémon in a team must share a type","|clearpoke","|poke|p1|Abomasnow, M, shiny","|poke|p1|Froslass, F","|poke|p1|Mamoswine, M, shiny","|poke|p1|Avalugg, M, shiny","|poke|p1|Kyurem-Black","|poke|p1|Rotom-Frost, shiny","|poke|p2|Jirachi","|poke|p2|Victini","|poke|p2|Mew","|poke|p2|Gardevoir, F","|poke|p2|Meloetta","|poke|p2|Slowbro, F","|rule|Sleep Clause Mod: Limit one foe put to sleep","|rule|Species Clause: Limit one of each Pokémon","|rule|OHKO Clause: OHKO moves are banned","|rule|Moody Clause: Moody is banned","|rule|Evasion Moves Clause: Evasion moves are banned","|rule|Endless Battle Clause: Forcing endless battles is banned","|rule|HP Percentage Mod: HP is shown in percentages","|teampreview","|","|start","|switch|p1a: Darude Hailstorm|Abomasnow, M, shiny|383/383","|switch|p2a: Mew|Mew|404/404","|-weather|Hail","|turn|1","|","|switch|p1a: King Kold|Rotom-Frost, shiny|303/303","|move|p2a: Mew|Stealth Rock|p1a: King Kold","|-sidestart|p1: Marx-Bot|move: Stealth Rock","|","|-weather|Hail|[upkeep]","|-damage|p2a: Mew|379/404|[from] hail","|-heal|p2a: Mew|404/404|[from] item: Leftovers","|turn|2","|","|switch|p2a: Jirachi|Jirachi|341/341","|move|p1a: King Kold|Will-O-Wisp|p2a: Jirachi","|-status|p2a: Jirachi|brn","|","|-weather|Hail|[upkeep]","|-damage|p2a: Jirachi|320/341 brn|[from] hail","|-damage|p2a: Jirachi|278/341 brn|[from] brn","|turn|3","|","|move|p2a: Jirachi|Iron Head|p1a: King Kold","|-damage|p1a: King Kold|246/303","|move|p1a: King Kold|Charge|p1a: King Kold","|-boost|p1a: King Kold|spd|1","|-activate|p1a: King Kold|move: Charge","|","|-weather|Hail|[upkeep]","|-damage|p2a: Jirachi|257/341 brn|[from] hail","|-heal|p1a: King Kold|264/303|[from] item: Leftovers","|-damage|p2a: Jirachi|215/341 brn|[from] brn","|turn|4","|","|switch|p2a: Victini|Victini|341/341","|move|p1a: King Kold|Discharge|p2a: Victini","|-damage|p2a: Victini|79/341","|","|-weather|Hail|[upkeep]","|-damage|p2a: Victini|58/341|[from] hail","|-heal|p1a: King Kold|282/303|[from] item: Leftovers","|turn|5","|","|move|p2a: Victini|V-create|p1a: King Kold","|-supereffective|p1a: King Kold","|-damage|p1a: King Kold|0 fnt","|-unboost|p2a: Victini|def|1","|-unboost|p2a: Victini|spd|1","|-unboost|p2a: Victini|spe|1","|faint|p1a: King Kold","|","|-weather|none","|","|switch|p1a: Froslass|Froslass, F|281/281","|-damage|p1a: Froslass|211/281|[from] Stealth Rock","|turn|6","|","|switch|p2a: Mew|Mew|404/404","|move|p1a: Froslass|Shadow Ball|p2a: Mew","|-supereffective|p2a: Mew","|-damage|p2a: Mew|234/404","|","|-heal|p2a: Mew|259/404|[from] item: Leftovers","|turn|7","|","|move|p1a: Froslass|Taunt|p2a: Mew","|-start|p2a: Mew|move: Taunt","|cant|p2a: Mew|move: Taunt|Will-O-Wisp","|","|-heal|p2a: Mew|284/404|[from] item: Leftovers","|turn|8","|","|switch|p2a: Meloetta|Meloetta|403/403","|move|p1a: Froslass|Shadow Ball|p2a: Meloetta","|-immune|p2a: Meloetta|[msg]","|","|turn|9","|","|switch|p2a: Mew|Mew|284/404","|move|p1a: Froslass|Ice Beam|p2a: Mew","|-damage|p2a: Mew|187/404","|","|-heal|p2a: Mew|212/404|[from] item: Leftovers","|turn|10","|","|switch|p2a: Jirachi|Jirachi|215/341 brn","|move|p1a: Froslass|Taunt|p2a: Jirachi","|-start|p2a: Jirachi|move: Taunt","|","|-damage|p2a: Jirachi|173/341 brn|[from] brn","|turn|11","|","|move|p2a: Jirachi|Iron Head|p1a: Froslass","|-supereffective|p1a: Froslass","|-damage|p1a: Froslass|51/281","|move|p1a: Froslass|Shadow Ball|p2a: Jirachi","|-supereffective|p2a: Jirachi","|-damage|p2a: Jirachi|0 fnt","|faint|p2a: Jirachi","|","|","|switch|p2a: Meloetta|Meloetta|403/403","|turn|12","|","|move|p1a: Froslass|Destiny Bond|p1a: Froslass","|-singlemove|p1a: Froslass|Destiny Bond","|move|p2a: Meloetta|Psyshock|p1a: Froslass","|-damage|p1a: Froslass|0 fnt","|-start|p2a: Meloetta|Disable|Psyshock","|faint|p1a: Froslass","|-activate|p1a: Froslass|Destiny Bond","|faint|p2a: Meloetta","|","|","|switch|p2a: Victini|Victini|58/341","|switch|p1a: The Titanic|Avalugg, M, shiny|393/393","|-damage|p1a: The Titanic|295/393|[from] Stealth Rock","|turn|13","|","|move|p2a: Victini|Blue Flare|p1a: The Titanic","|-supereffective|p1a: The Titanic","|-damage|p1a: The Titanic|0 fnt","|faint|p1a: The Titanic","|","|","|switch|p1a: Ice Age|Mamoswine, M, shiny|361/361","|-damage|p1a: Ice Age|316/361|[from] Stealth Rock","|turn|14","|","|move|p2a: Victini|Blue Flare|p1a: Ice Age","|-supereffective|p1a: Ice Age","|-damage|p1a: Ice Age|110/361","|move|p1a: Ice Age|Earthquake|p2a: Victini","|-supereffective|p2a: Victini","|-damage|p2a: Victini|0 fnt","|faint|p2a: Victini","|","|","|switch|p2a: Slowbro|Slowbro, F|393/393","|turn|15","|","|switch|p1a: Kyurem-Black|Kyurem-Black|453/453","|-damage|p1a: Kyurem-Black|340/453|[from] Stealth Rock","|-ability|p1a: Kyurem-Black|Teravolt","|move|p2a: Slowbro|Scald|p1a: Kyurem-Black","|-resisted|p1a: Kyurem-Black","|-damage|p1a: Kyurem-Black|284/453","|","|turn|16","|","|move|p1a: Kyurem-Black|Shadow Claw|p2a: Slowbro","|-supereffective|p2a: Slowbro","|-damage|p2a: Slowbro|233/393","|-damage|p1a: Kyurem-Black|209/453|[from] item: Rocky Helmet|[of] p2a: Slowbro","|move|p2a: Slowbro|Thunder Wave|p1a: Kyurem-Black","|-status|p1a: Kyurem-Black|par","|","|turn|17","|","|move|p2a: Slowbro|Slack Off|p2a: Slowbro","|-heal|p2a: Slowbro|393/393","|cant|p1a: Kyurem-Black|par","|","|turn|18","|","|move|p2a: Slowbro|Fire Blast|p1a: Kyurem-Black","|-damage|p1a: Kyurem-Black|108/453 par","|move|p1a: Kyurem-Black|Fusion Bolt|p2a: Slowbro","|-supereffective|p2a: Slowbro","|-damage|p2a: Slowbro|143/393","|","|turn|19","|","|switch|p2a: Mew|Mew|212/404","|switch|p1a: Darude Hailstorm|Abomasnow, M, shiny|383/383","|-damage|p1a: Darude Hailstorm|288/383|[from] Stealth Rock","|-weather|Hail","|","|-weather|Hail|[upkeep]","|-damage|p2a: Mew|187/404|[from] hail","|-heal|p2a: Mew|212/404|[from] item: Leftovers","|turn|20","|","|move|p2a: Mew|Will-O-Wisp|p1a: Darude Hailstorm","|-status|p1a: Darude Hailstorm|brn","|move|p1a: Darude Hailstorm|Giga Drain|p2a: Mew","|-damage|p2a: Mew|112/404","|-heal|p1a: Darude Hailstorm|338/383 brn|[from] drain|[of] p2a: Mew","|","|-weather|Hail|[upkeep]","|-damage|p2a: Mew|87/404|[from] hail","|-heal|p2a: Mew|112/404|[from] item: Leftovers","|-damage|p1a: Darude Hailstorm|291/383 brn|[from] brn","|turn|21","|","|move|p2a: Mew|Roost|p2a: Mew","|-heal|p2a: Mew|314/404","|move|p1a: Darude Hailstorm|Blizzard|p2a: Mew","|-damage|p2a: Mew|185/404","|","|-weather|Hail|[upkeep]","|-damage|p2a: Mew|160/404|[from] hail","|-heal|p2a: Mew|185/404|[from] item: Leftovers","|-damage|p1a: Darude Hailstorm|244/383 brn|[from] brn","|turn|22","|","|move|p2a: Mew|Roost|p2a: Mew","|-heal|p2a: Mew|387/404","|move|p1a: Darude Hailstorm|Shadow Ball|p2a: Mew","|-supereffective|p2a: Mew","|-damage|p2a: Mew|255/404","|","|-weather|Hail|[upkeep]","|-damage|p2a: Mew|230/404|[from] hail","|-heal|p2a: Mew|255/404|[from] item: Leftovers","|-damage|p1a: Darude Hailstorm|197/383 brn|[from] brn","|turn|23","|","|move|p2a: Mew|Roost|p2a: Mew","|-heal|p2a: Mew|404/404","|move|p1a: Darude Hailstorm|Shadow Ball|p2a: Mew","|-supereffective|p2a: Mew","|-damage|p2a: Mew|280/404","|","|-weather|none","|-heal|p2a: Mew|305/404|[from] item: Leftovers","|-damage|p1a: Darude Hailstorm|150/383 brn|[from] brn","|turn|24","|","|move|p2a: Mew|Will-O-Wisp|p1a: Darude Hailstorm","|-fail|p1a: Darude Hailstorm|brn","|move|p1a: Darude Hailstorm|Shadow Ball|p2a: Mew","|-supereffective|p2a: Mew","|-damage|p2a: Mew|169/404","|","|-heal|p2a: Mew|194/404|[from] item: Leftovers","|-damage|p1a: Darude Hailstorm|103/383 brn|[from] brn","|turn|25","|","|move|p2a: Mew|Roost|p2a: Mew","|-heal|p2a: Mew|396/404","|move|p1a: Darude Hailstorm|Shadow Ball|p2a: Mew","|-supereffective|p2a: Mew","|-damage|p2a: Mew|260/404","|","|-heal|p2a: Mew|285/404|[from] item: Leftovers","|-damage|p1a: Darude Hailstorm|56/383 brn|[from] brn","|turn|26","|","|move|p2a: Mew|Roost|p2a: Mew","|-heal|p2a: Mew|404/404","|move|p1a: Darude Hailstorm|Shadow Ball|p2a: Mew","|-supereffective|p2a: Mew","|-damage|p2a: Mew|270/404","|","|-heal|p2a: Mew|295/404|[from] item: Leftovers","|-damage|p1a: Darude Hailstorm|9/383 brn|[from] brn","|turn|27","|","|move|p2a: Mew|Stealth Rock|p1a: Darude Hailstorm","|-fail|p1a: Darude Hailstorm","|move|p1a: Darude Hailstorm|Giga Drain|p2a: Mew","|-damage|p2a: Mew|208/404","|-heal|p1a: Darude Hailstorm|53/383 brn|[from] drain|[of] p2a: Mew","|","|-heal|p2a: Mew|233/404|[from] item: Leftovers","|-damage|p1a: Darude Hailstorm|6/383 brn|[from] brn","|turn|28","|","|move|p2a: Mew|Roost|p2a: Mew","|-heal|p2a: Mew|404/404","|move|p1a: Darude Hailstorm|Giga Drain|p2a: Mew","|-damage|p2a: Mew|313/404","|-heal|p1a: Darude Hailstorm|52/383 brn|[from] drain|[of] p2a: Mew","|","|-heal|p2a: Mew|338/404|[from] item: Leftovers","|-damage|p1a: Darude Hailstorm|5/383 brn|[from] brn","|turn|29","|","|move|p2a: Mew|Roost|p2a: Mew","|-heal|p2a: Mew|404/404","|move|p1a: Darude Hailstorm|Giga Drain|p2a: Mew","|-damage|p2a: Mew|308/404","|-heal|p1a: Darude Hailstorm|53/383 brn|[from] drain|[of] p2a: Mew","|","|-heal|p2a: Mew|333/404|[from] item: Leftovers","|-damage|p1a: Darude Hailstorm|6/383 brn|[from] brn","|turn|30","|","|win|Guard Mentalist"],"p1rating":{"entryid":"5765428","serverid":"eos","formatid":"monotype","userid":"marxbot","username":"Marx Bot","w":"193","l":285,"t":"0","gxe":41.7,"r":"1433.9593012272","rd":"25.017950769485","sigma":"0","rptime":"1438333200","rpr":1436.6013903628,"rprd":25,"rpsigma":"0","acre":1120.5327928495,"lacre":1120.5327928495,"oldacre":"1144.5128284915"},"p2rating":{"entryid":"6929172","serverid":"eos","formatid":"monotype","userid":"guardmentalist","username":"Guard Mentalist","w":6,"l":"1","t":"0","gxe":66.1,"r":"1599.3158172508","rd":"103.65549106529","sigma":"0","rptime":"1438333200","rpr":1630.2196756864,"rprd":97.213116733056,"rpsigma":"0","acre":1182.675613361,"lacre":1182.675613361,"oldacre":"1158.695577719"},"endType":"forfeit"}