{"seed":[54194,45437,9827,12800],"turns":33,"p1":"Alliance ♥ Gamma~","p2":"Recruiter♕Kingdra","p1team":[{"name":"Tyranitar","species":"Tyranitar","item":"leftovers","ability":"Sand Stream","moves":["stealthrock","thunderwave","darkpulse","earthpower"],"nature":"Calm","evs":{"hp":252,"atk":0,"def":0,"spa":0,"spd":252,"spe":0},"ivs":{"hp":31,"atk":0,"def":31,"spa":31,"spd":31,"spe":31}},{"name":"Sableye","species":"Sableye","item":"leftovers","ability":"Prankster","moves":["willowisp","recover","snarl","taunt"],"nature":"Calm","evs":{"hp":252,"atk":0,"def":0,"spa":4,"spd":252,"spe":0},"ivs":{"hp":31,"atk":0,"def":31,"spa":31,"spd":31,"spe":31}},{"name":"Mandibuzz","species":"Mandibuzz","item":"rockyhelmet","ability":"Overcoat","moves":["foulplay","toxic","defog","roost"],"nature":"Bold","evs":{"hp":248,"atk":0,"def":252,"spa":0,"spd":8,"spe":0},"ivs":{"hp":31,"atk":31,"def":31,"spa":0,"spd":31,"spe":31}},{"name":"Absol","species":"Absol","item":"absolite","ability":"Pressure","moves":["swordsdance","suckerpunch","playrough","superpower"],"nature":"Jolly","evs":{"hp":0,"atk":252,"def":0,"spa":0,"spd":4,"spe":252},"ivs":{"hp":31,"atk":31,"def":31,"spa":0,"spd":31,"spe":31}},{"name":"Bisharp","species":"Bisharp","item":"leftovers","ability":"Defiant","moves":["swordsdance","substitute","suckerpunch","ironhead"],"nature":"Impish","evs":{"hp":252,"atk":0,"def":252,"spa":0,"spd":4,"spe":0},"ivs":{"hp":31,"atk":31,"def":31,"spa":0,"spd":31,"spe":31}},{"name":"Hydreigon","species":"Hydreigon","item":"choicescarf","ability":"Levitate","moves":["dracometeor","darkpulse","flamethrower","flashcannon"],"nature":"Timid","evs":{"hp":0,"atk":0,"def":0,"spa":252,"spd":4,"spe":252},"ivs":{"hp":31,"atk":0,"def":31,"spa":31,"spd":31,"spe":31}}],"p2team":[{"name":"Scolipede","species":"Scolipede","item":"focussash","ability":"Speed Boost","moves":["toxicspikes","protect","batonpass","pinmissile"],"nature":"","evs":{"hp":0,"atk":0,"def":0,"spa":0,"spd":0,"spe":0},"ivs":{"hp":31,"atk":31,"def":31,"spa":31,"spd":31,"spe":31}},{"name":"Beedrill","species":"Beedrill","item":"beedrillite","ability":"Swarm","moves":["fellstinger","xscissor","poisonjab","frustration"],"nature":"Adamant","evs":{"hp":252,"atk":252,"def":0,"spa":0,"spd":0,"spe":4},"happiness":0,"ivs":{"hp":31,"atk":31,"def":31,"spa":31,"spd":31,"spe":31}},{"name":"Gengar","species":"Gengar","item":"focussash","ability":"Levitate","moves":["venoshock","shadowball","hiddenpowerfire","energyball"],"nature":"Timid","evs":{"hp":0,"atk":0,"def":0,"spa":252,"spd":4,"spe":252},"ivs":{"hp":31,"atk":30,"def":31,"spa":30,"spd":31,"spe":30}},{"name":"Weezing","species":"Weezing","item":"blacksludge","ability":"Levitate","moves":["willowisp","sludgebomb","painsplit","flamethrower"],"nature":"Bold","evs":{"hp":248,"atk":0,"def":252,"spa":0,"spd":8,"spe":0},"ivs":{"hp":31,"atk":31,"def":31,"spa":31,"spd":31,"spe":31}},{"name":"Tentacool","species":"Tentacool","item":"eviolite","ability":"Clear Body","moves":["aquaring","rest","toxic","sleeptalk"],"nature":"Calm","evs":{"hp":252,"atk":0,"def":0,"spa":0,"spd":252,"spe":4},"ivs":{"hp":31,"atk":31,"def":31,"spa":31,"spd":31,"spe":31}},{"name":"Drapion","species":"Drapion","item":"lumberry","ability":"Battle Armor","moves":["swordsdance","poisonjab","crunch","pursuit"],"nature":"Impish","evs":{"hp":252,"atk":4,"def":252,"spa":0,"spd":0,"spe":0},"ivs":{"hp":31,"atk":31,"def":31,"spa":31,"spd":31,"spe":31}}],"log":["|player|p1|Alliance ♥ Gamma~|alliancegamma.gif","|player|p2|Recruiter♕Kingdra|40","|gametype|singles","|gen|6","|tier|Monotype","|rated","|rule|Baton Pass Clause: Limit one Baton Passer, can't pass Spe and other stats simultaneously","|rule|Swagger Clause: Swagger is banned","|rule|Same Type Clause: Pokémon in a team must share a type","|clearpoke","|poke|p1|Tyranitar, F","|poke|p1|Sableye, F","|poke|p1|Mandibuzz, F","|poke|p1|Absol, F","|poke|p1|Bisharp, F","|poke|p1|Hydreigon, F","|poke|p2|Scolipede, F","|poke|p2|Beedrill, M","|poke|p2|Gengar, M","|poke|p2|Weezing, M","|poke|p2|Tentacool, F","|poke|p2|Drapion, M","|rule|Sleep Clause Mod: Limit one foe put to sleep","|rule|Species Clause: Limit one of each Pokémon","|rule|OHKO Clause: OHKO moves are banned","|rule|Moody Clause: Moody is banned","|rule|Evasion Moves Clause: Evasion moves are banned","|rule|Endless Battle Clause: Forcing endless battles is banned","|rule|HP Percentage Mod: HP is shown in percentages","|teampreview","|","|start","|switch|p1a: Sableye|Sableye, F|304/304","|switch|p2a: Scolipede|Scolipede, F|261/261","|turn|1","|","|move|p1a: Sableye|Taunt|p2a: Scolipede","|-start|p2a: Scolipede|move: Taunt","|cant|p2a: Scolipede|move: Taunt|Toxic Spikes","|","|-boost|p2a: Scolipede|spe|1|[from] ability: Speed Boost","|turn|2","|","|move|p1a: Sableye|Will-O-Wisp|p2a: Scolipede","|-status|p2a: Scolipede|brn","|move|p2a: Scolipede|Pin Missile|p1a: Sableye","|-damage|p1a: Sableye|287/304","|-damage|p1a: Sableye|269/304","|-hitcount|p1a: Sableye|2","|","|-heal|p1a: Sableye|288/304|[from] item: Leftovers","|-damage|p2a: Scolipede|229/261 brn|[from] brn","|-boost|p2a: Scolipede|spe|1|[from] ability: Speed Boost","|turn|3","|","|move|p2a: Scolipede|Pin Missile|p1a: Sableye","|-damage|p1a: Sableye|269/304","|-damage|p1a: Sableye|251/304","|-hitcount|p1a: Sableye|2","|move|p1a: Sableye|Snarl|p2a: Scolipede","|-damage|p2a: Scolipede|162/261 brn","|-unboost|p2a: Scolipede|spa|1","|","|-heal|p1a: Sableye|270/304|[from] item: Leftovers","|-damage|p2a: Scolipede|130/261 brn|[from] brn","|-end|p2a: Scolipede|move: Taunt","|-boost|p2a: Scolipede|spe|1|[from] ability: Speed Boost","|turn|4","|","|move|p2a: Scolipede|Protect|p2a: Scolipede","|-singleturn|p2a: Scolipede|Protect","|move|p1a: Sableye|Taunt|p2a: Scolipede","|-activate|p2a: Scolipede|Protect","|","|-heal|p1a: Sableye|289/304|[from] item: Leftovers","|-damage|p2a: Scolipede|98/261 brn|[from] brn","|-boost|p2a: Scolipede|spe|1|[from] ability: Speed Boost","|turn|5","|","|move|p1a: Sableye|Taunt|p2a: Scolipede","|-start|p2a: Scolipede|move: Taunt","|cant|p2a: Scolipede|move: Taunt|Baton Pass","|","|-heal|p1a: Sableye|304/304|[from] item: Leftovers","|-damage|p2a: Scolipede|66/261 brn|[from] brn","|-boost|p2a: Scolipede|spe|1|[from] ability: Speed Boost","|turn|6","|","|move|p2a: Scolipede|Pin Missile|p1a: Sableye","|-damage|p1a: Sableye|286/304","|-damage|p1a: Sableye|265/304","|-hitcount|p1a: Sableye|2","|move|p1a: Sableye|Snarl|p2a: Scolipede","|-damage|p2a: Scolipede|3/261 brn","|-unboost|p2a: Scolipede|spa|1","|","|-heal|p1a: Sableye|284/304|[from] item: Leftovers","|-damage|p2a: Scolipede|0 fnt|[from] brn","|faint|p2a: Scolipede","|","|switch|p2a: Tentacool|Tentacool, F|284/284","|turn|7","|","|move|p1a: Sableye|Taunt|p2a: Tentacool","|-start|p2a: Tentacool|move: Taunt","|cant|p2a: Tentacool|move: Taunt|Toxic","|","|-heal|p1a: Sableye|303/304|[from] item: Leftovers","|turn|8","|","|switch|p2a: Drapion|Drapion, M|344/344","|move|p1a: Sableye|Snarl|p2a: Drapion","|-resisted|p2a: Drapion","|-damage|p2a: Drapion|317/344","|-unboost|p2a: Drapion|spa|1","|","|-heal|p1a: Sableye|304/304|[from] item: Leftovers","|turn|9","|","|move|p1a: Sableye|Will-O-Wisp|p2a: Drapion","|-status|p2a: Drapion|brn","|-enditem|p2a: Drapion|Lum Berry|[eat]","|-curestatus|p2a: Drapion|brn","|move|p2a: Drapion|Crunch|p1a: Sableye","|-damage|p1a: Sableye|186/304","|","|-heal|p1a: Sableye|205/304|[from] item: Leftovers","|turn|10","|","|move|p1a: Sableye|Will-O-Wisp|p2a: Drapion|[miss]","|-miss|p1a: Sableye|p2a: Drapion","|move|p2a: Drapion|Crunch|p1a: Sableye","|-damage|p1a: Sableye|88/304","|","|-heal|p1a: Sableye|107/304|[from] item: Leftovers","|turn|11","|","|move|p1a: Sableye|Recover|p1a: Sableye","|-heal|p1a: Sableye|259/304","|move|p2a: Drapion|Swords Dance|p2a: Drapion","|-boost|p2a: Drapion|atk|2","|","|-heal|p1a: Sableye|278/304|[from] item: Leftovers","|turn|12","|","|move|p1a: Sableye|Will-O-Wisp|p2a: Drapion","|-status|p2a: Drapion|brn","|move|p2a: Drapion|Swords Dance|p2a: Drapion","|-boost|p2a: Drapion|atk|2","|","|-heal|p1a: Sableye|297/304|[from] item: Leftovers","|-damage|p2a: Drapion|274/344 brn|[from] brn","|turn|13","|","|switch|p1a: Mandibuzz|Mandibuzz, F|423/423","|move|p2a: Drapion|Crunch|p1a: Mandibuzz","|-resisted|p1a: Mandibuzz","|-damage|p1a: Mandibuzz|376/423","|-damage|p2a: Drapion|217/344 brn|[from] item: Rocky Helmet|[of] p1a: Mandibuzz","|-unboost|p1a: Mandibuzz|def|1","|","|-damage|p2a: Drapion|174/344 brn|[from] brn","|turn|14","|","|move|p2a: Drapion|Poison Jab|p1a: Mandibuzz","|-damage|p1a: Mandibuzz|233/423","|-damage|p2a: Drapion|117/344 brn|[from] item: Rocky Helmet|[of] p1a: Mandibuzz","|-status|p1a: Mandibuzz|psn","|move|p1a: Mandibuzz|Foul Play|p2a: Drapion","|-resisted|p2a: Drapion","|-damage|p2a: Drapion|14/344 brn","|","|-damage|p2a: Drapion|0 fnt|[from] brn","|-damage|p1a: Mandibuzz|181/423 psn|[from] psn","|faint|p2a: Drapion","|","|switch|p2a: Beedrill|Beedrill, M|334/334","|turn|15","|","|switch|p1a: Bisharp|Bisharp, F|334/334","|detailschange|p2a: Beedrill|Beedrill-Mega, M","|-mega|p2a: Beedrill|Beedrill|Beedrillite","|move|p2a: Beedrill|Fell Stinger|p1a: Bisharp","|-damage|p1a: Bisharp|268/334","|","|-heal|p1a: Bisharp|288/334|[from] item: Leftovers","|turn|16","|","|switch|p1a: Tyranitar|Tyranitar, F|404/404","|-weather|Sandstorm","|move|p2a: Beedrill|X-Scissor|p1a: Tyranitar","|-supereffective|p1a: Tyranitar","|-damage|p1a: Tyranitar|0 fnt","|faint|p1a: Tyranitar","|","|-weather|Sandstorm|[upkeep]","|-damage|p2a: Beedrill|314/334|[from] sandstorm","|","|switch|p1a: Bisharp|Bisharp, F|288/334","|turn|17","|","|move|p1a: Bisharp|Sucker Punch|p2a: Beedrill","|-damage|p2a: Beedrill|92/334","|move|p2a: Beedrill|X-Scissor|p1a: Bisharp","|-damage|p1a: Bisharp|120/334","|","|-weather|Sandstorm|[upkeep]","|-damage|p2a: Beedrill|72/334|[from] sandstorm","|-heal|p1a: Bisharp|140/334|[from] item: Leftovers","|turn|18","|","|switch|p2a: Weezing|Weezing, M|333/333","|move|p1a: Bisharp|Iron Head|p2a: Weezing","|-damage|p2a: Weezing|260/333","|","|-weather|Sandstorm|[upkeep]","|-damage|p2a: Weezing|240/333|[from] sandstorm","|-heal|p1a: Bisharp|160/334|[from] item: Leftovers","|-heal|p2a: Weezing|260/333|[from] item: Black Sludge","|turn|19","|","|switch|p1a: Hydreigon|Hydreigon, F|325/325","|move|p2a: Weezing|Will-O-Wisp|p1a: Hydreigon","|-status|p1a: Hydreigon|brn","|","|-weather|Sandstorm|[upkeep]","|-damage|p1a: Hydreigon|305/325 brn|[from] sandstorm","|-damage|p2a: Weezing|240/333|[from] sandstorm","|-heal|p2a: Weezing|260/333|[from] item: Black Sludge","|-damage|p1a: Hydreigon|265/325 brn|[from] brn","|turn|20","|","|switch|p2a: Tentacool|Tentacool, F|284/284","|move|p1a: Hydreigon|Draco Meteor|p2a: Tentacool","|-damage|p2a: Tentacool|170/284","|-unboost|p1a: Hydreigon|spa|2","|","|-weather|none","|-damage|p1a: Hydreigon|225/325 brn|[from] brn","|turn|21","|","|switch|p1a: Bisharp|Bisharp, F|160/334","|move|p2a: Tentacool|Aqua Ring|p2a: Tentacool","|-start|p2a: Tentacool|Aqua Ring","|","|-heal|p1a: Bisharp|180/334|[from] item: Leftovers","|-heal|p2a: Tentacool|187/284|[from] Aqua Ring","|turn|22","|","|move|p2a: Tentacool|Rest|p2a: Tentacool","|-status|p2a: Tentacool|slp","|-heal|p2a: Tentacool|284/284 slp|[silent]","|-status|p2a: Tentacool|slp|[from] move: Rest","|move|p1a: Bisharp|Substitute|p1a: Bisharp","|-start|p1a: Bisharp|Substitute","|-damage|p1a: Bisharp|97/334","|","|-heal|p1a: Bisharp|117/334|[from] item: Leftovers","|turn|23","|","|switch|p2a: Weezing|Weezing, M|260/333","|move|p1a: Bisharp|Swords Dance|p1a: Bisharp","|-boost|p1a: Bisharp|atk|2","|","|-heal|p1a: Bisharp|137/334|[from] item: Leftovers","|-heal|p2a: Weezing|280/333|[from] item: Black Sludge","|turn|24","|","|move|p1a: Bisharp|Iron Head|p2a: Weezing","|-damage|p2a: Weezing|139/333","|cant|p2a: Weezing|flinch","|","|-heal|p1a: Bisharp|157/334|[from] item: Leftovers","|-heal|p2a: Weezing|159/333|[from] item: Black Sludge","|turn|25","|","|move|p1a: Bisharp|Iron Head|p2a: Weezing","|-damage|p2a: Weezing|24/333","|cant|p2a: Weezing|flinch","|","|-heal|p1a: Bisharp|177/334|[from] item: Leftovers","|-heal|p2a: Weezing|44/333|[from] item: Black Sludge","|turn|26","|","|move|p1a: Bisharp|Iron Head|p2a: Weezing","|-damage|p2a: Weezing|0 fnt","|faint|p2a: Weezing","|","|-heal|p1a: Bisharp|197/334|[from] item: Leftovers","|","|switch|p2a: Gengar|Gengar, M|261/261","|turn|27","|","|move|p1a: Bisharp|Sucker Punch|p2a: Gengar","|-supereffective|p2a: Gengar","|-enditem|p2a: Gengar|Focus Sash","|-damage|p2a: Gengar|1/261","|move|p2a: Gengar|Hidden Power|p1a: Bisharp","|-supereffective|p1a: Bisharp","|-end|p1a: Bisharp|Substitute","|","|-heal|p1a: Bisharp|217/334|[from] item: Leftovers","|turn|28","|","|switch|p2a: Tentacool|Tentacool, F|284/284 slp","|move|p1a: Bisharp|Substitute|p1a: Bisharp","|-start|p1a: Bisharp|Substitute","|-damage|p1a: Bisharp|134/334","|","|-heal|p1a: Bisharp|154/334|[from] item: Leftovers","|turn|29","|","|cant|p2a: Tentacool|slp","|move|p2a: Tentacool|Sleep Talk|p2a: Tentacool","|move|p2a: Tentacool|Toxic|p1a: Bisharp|[from]Sleep Talk","|-fail|p1a: Bisharp","|move|p1a: Bisharp|Swords Dance|p1a: Bisharp","|-boost|p1a: Bisharp|atk|2","|","|-heal|p1a: Bisharp|174/334|[from] item: Leftovers","|turn|30","|","|switch|p2a: Gengar|Gengar, M|1/261","|move|p1a: Bisharp|Iron Head|p2a: Gengar","|-damage|p2a: Gengar|0 fnt","|faint|p2a: Gengar","|","|-heal|p1a: Bisharp|194/334|[from] item: Leftovers","|","|switch|p2a: Beedrill|Beedrill-Mega, M|72/334","|turn|31","|","|move|p1a: Bisharp|Sucker Punch|p2a: Beedrill","|-damage|p2a: Beedrill|0 fnt","|faint|p2a: Beedrill","|","|-heal|p1a: Bisharp|214/334|[from] item: Leftovers","|","|switch|p2a: Tentacool|Tentacool, F|284/284 slp","|turn|32","|","|cant|p2a: Tentacool|slp","|move|p2a: Tentacool|Sleep Talk|p2a: Tentacool","|move|p2a: Tentacool|Rest|p2a: Tentacool|[from]Sleep Talk","|-fail|p2a: Tentacool","|move|p1a: Bisharp|Iron Head|p2a: Tentacool","|-resisted|p2a: Tentacool","|-damage|p2a: Tentacool|50/284 slp","|","|-heal|p1a: Bisharp|234/334|[from] item: Leftovers","|turn|33","|","|-curestatus|p2a: Tentacool|slp","|move|p2a: Tentacool|Sleep Talk|p2a: Tentacool","|-fail|p2a: Tentacool","|move|p1a: Bisharp|Iron Head|p2a: Tentacool","|-resisted|p2a: Tentacool","|-damage|p2a: Tentacool|0 fnt","|faint|p2a: Tentacool","|","|win|Alliance ♥ Gamma~"],"p1rating":{"entryid":"7175041","serverid":"eos","formatid":"monotype","userid":"alliancegamma","username":"Alliance ♥ Gamma","w":8,"l":"1","t":"0","gxe":68.5,"r":"1460.7971311935","rd":"122.91204601559","sigma":"0","rptime":"1438333200","rpr":1651.2150833048,"rprd":89.279405166392,"rpsigma":"0","acre":1192.8985063735,"lacre":1192.8985063735,"oldacre":"1171.5723181875"},"p2rating":{"entryid":"7080447","serverid":"eos","formatid":"monotype","userid":"recruiterkingdra","username":"Recruiter♕Kingdra","w":"55","l":53,"t":"0","gxe":51.9,"r":"1518.7032948422","rd":"36.546749320857","sigma":"0","rptime":"1438333200","rpr":1514.6085025161,"rprd":36.37661869811,"rpsigma":"0","acre":1098.8172526162,"lacre":1098.8172526162,"oldacre":"1120.1434408022"},"endType":"normal"}