{"seed":[409,11395,13077,14942],"turns":29,"p1":"Crystal glaceon13","p2":"Metalyte","p1team":[{"name":"Diancie","species":"Diancie","item":"diancite","ability":"Clear Body","moves":["earthpower","moonblast","diamondstorm","protect"],"nature":"Naive","evs":{"hp":0,"atk":4,"def":0,"spa":252,"spd":0,"spe":252},"ivs":{"hp":31,"atk":31,"def":31,"spa":31,"spd":31,"spe":31}},{"name":"Togekiss","species":"Togekiss","item":"leftovers","ability":"Serene Grace","moves":["nastyplot","batonpass","airslash","flamethrower"],"nature":"Calm","evs":{"hp":248,"atk":0,"def":0,"spa":0,"spd":240,"spe":20},"ivs":{"hp":31,"atk":31,"def":31,"spa":31,"spd":31,"spe":31}},{"name":"Klefki","species":"Klefki","item":"lightclay","ability":"Prankster","moves":["reflect","lightscreen","thunderwave","foulplay"],"nature":"Bold","evs":{"hp":252,"atk":0,"def":64,"spa":0,"spd":192,"spe":0},"ivs":{"hp":31,"atk":31,"def":31,"spa":31,"spd":31,"spe":31}},{"name":"Azumarill","species":"Azumarill","item":"assaultvest","ability":"Huge Power","moves":["playrough","aquajet","waterfall","poweruppunch"],"nature":"Adamant","evs":{"hp":248,"atk":252,"def":0,"spa":0,"spd":0,"spe":8},"gender":"M","ivs":{"hp":31,"atk":31,"def":31,"spa":31,"spd":31,"spe":31}},{"name":"Gardevoir","species":"Gardevoir","item":"choicescarf","ability":"Trace","moves":["thunderbolt","energyball","moonblast","psyshock"],"nature":"Timid","evs":{"hp":0,"atk":0,"def":4,"spa":252,"spd":0,"spe":252},"ivs":{"hp":31,"atk":31,"def":31,"spa":31,"spd":31,"spe":31}},{"name":"Granbull","species":"Granbull","item":"leftovers","ability":"Intimidate","moves":["earthquake","firepunch","healbell","playrough"],"nature":"Adamant","evs":{"hp":188,"atk":200,"def":120,"spa":0,"spd":0,"spe":0},"ivs":{"hp":31,"atk":31,"def":31,"spa":31,"spd":31,"spe":31}}],"p2team":[{"name":"Beedrill","species":"Beedrill","item":"beedrillite","ability":"Swarm","moves":["protect","uturn","poisonjab","knockoff"],"nature":"Jolly","evs":{"hp":0,"atk":252,"def":0,"spa":0,"spd":4,"spe":252},"ivs":{"hp":31,"atk":31,"def":31,"spa":31,"spd":31,"spe":31}},{"name":"Weezing","species":"Weezing","item":"blacksludge","ability":"Levitate","moves":["painsplit","willowisp","sludgebomb","toxicspikes"],"nature":"Bold","evs":{"hp":252,"atk":0,"def":252,"spa":0,"spd":4,"spe":0},"ivs":{"hp":31,"atk":31,"def":31,"spa":31,"spd":31,"spe":31}},{"name":"Tentacruel","species":"Tentacruel","item":"assaultvest","ability":"Liquid Ooze","moves":["scald","acidspray","gigadrain","icebeam"],"nature":"Modest","evs":{"hp":240,"atk":0,"def":0,"spa":252,"spd":0,"spe":16},"ivs":{"hp":31,"atk":31,"def":31,"spa":31,"spd":31,"spe":31}},{"name":"Nidoking","species":"Nidoking","item":"lifeorb","ability":"Sheer Force","moves":["sludgewave","earthpower","thunderbolt","icebeam"],"nature":"Timid","evs":{"hp":0,"atk":0,"def":0,"spa":252,"spd":4,"spe":252},"ivs":{"hp":31,"atk":31,"def":31,"spa":31,"spd":31,"spe":31}},{"name":"Gengar","species":"Gengar","item":"lifeorb","ability":"Levitate","moves":["shadowball","sludgewave","focusblast","energyball"],"nature":"Timid","evs":{"hp":0,"atk":0,"def":0,"spa":252,"spd":4,"spe":252},"ivs":{"hp":31,"atk":31,"def":31,"spa":31,"spd":31,"spe":31}},{"name":"Skuntank","species":"Skuntank","item":"blacksludge","ability":"Aftermath","moves":["defog","suckerpunch","snatch","shadowclaw"],"nature":"Adamant","evs":{"hp":252,"atk":252,"def":0,"spa":0,"spd":4,"spe":0},"ivs":{"hp":31,"atk":31,"def":31,"spa":31,"spd":31,"spe":31}}],"log":["|player|p1|Crystal glaceon13|32","|player|p2|Metalyte|165","|gametype|singles","|gen|6","|tier|Monotype","|rated","|rule|Baton Pass Clause: Limit one Baton Passer, can't pass Spe and other stats simultaneously","|rule|Swagger Clause: Swagger is banned","|rule|Same Type Clause: Pokémon in a team must share a type","|clearpoke","|poke|p1|Diancie","|poke|p1|Togekiss, M","|poke|p1|Klefki, F","|poke|p1|Azumarill, M","|poke|p1|Gardevoir, M","|poke|p1|Granbull, M","|poke|p2|Beedrill, F","|poke|p2|Weezing, F","|poke|p2|Tentacruel, M","|poke|p2|Nidoking, M","|poke|p2|Gengar, F","|poke|p2|Skuntank, F","|rule|Sleep Clause Mod: Limit one foe put to sleep","|rule|Species Clause: Limit one of each Pokémon","|rule|OHKO Clause: OHKO moves are banned","|rule|Moody Clause: Moody is banned","|rule|Evasion Moves Clause: Evasion moves are banned","|rule|Endless Battle Clause: Forcing endless battles is banned","|rule|HP Percentage Mod: HP is shown in percentages","|teampreview","|","|start","|switch|p1a: Klefki|Klefki, F|318/318","|switch|p2a: Nidoking|Nidoking, M|303/303","|turn|1","|","|move|p1a: Klefki|Light Screen|p1a: Klefki","|-sidestart|p1: Crystal glaceon13|move: Light Screen","|move|p2a: Nidoking|Earth Power|p1a: Klefki","|-supereffective|p1a: Klefki","|-damage|p1a: Klefki|119/318","|","|turn|2","|","|switch|p1a: Togekiss|Togekiss, M|373/373","|move|p2a: Nidoking|Earth Power|p1a: Togekiss","|-immune|p1a: Togekiss|[msg]","|","|turn|3","|","|switch|p2a: Tentacruel|Tentacruel, M|361/361","|move|p1a: Togekiss|Nasty Plot|p1a: Togekiss","|-boost|p1a: Togekiss|spa|2","|","|turn|4","|","|move|p2a: Tentacruel|Acid Spray|p1a: Togekiss","|-supereffective|p1a: Togekiss","|-damage|p1a: Togekiss|339/373","|-unboost|p1a: Togekiss|spd|2","|move|p1a: Togekiss|Air Slash|p2a: Tentacruel","|-damage|p2a: Tentacruel|247/361","|","|-heal|p1a: Togekiss|362/373|[from] item: Leftovers","|turn|5","|","|move|p2a: Tentacruel|Acid Spray|p1a: Togekiss","|-crit|p1a: Togekiss","|-supereffective|p1a: Togekiss","|-damage|p1a: Togekiss|122/373","|-unboost|p1a: Togekiss|spd|2","|move|p1a: Togekiss|Baton Pass|p1a: Togekiss","|","|switch|p1a: Gardevoir|Gardevoir, M|277/277","|-ability|p1a: Gardevoir|Liquid Ooze|[from] ability: Trace|[of] p2a: Tentacruel","|","|turn|6","|","|switch|p2a: Skuntank|Skuntank, F|410/410","|move|p1a: Gardevoir|Psyshock|p2a: Skuntank","|-immune|p2a: Skuntank|[msg]","|","|turn|7","|","|switch|p1a: Klefki|Klefki, F|119/318","|move|p2a: Skuntank|Sucker Punch|p1a: Klefki","|-fail|p2a: Skuntank","|","|turn|8","|","|move|p1a: Klefki|Reflect|p1a: Klefki","|-sidestart|p1: Crystal glaceon13|Reflect","|move|p2a: Skuntank|Defog|p1a: Klefki","|-unboost|p1a: Klefki|evasion|1","|-sideend|p1: Crystal glaceon13|Reflect","|-sideend|p1: Crystal glaceon13|move: Light Screen","|","|turn|9","|","|switch|p2a: Nidoking|Nidoking, M|303/303","|move|p1a: Klefki|Reflect|p1a: Klefki","|-sidestart|p1: Crystal glaceon13|Reflect","|","|turn|10","|","|move|p1a: Klefki|Light Screen|p1a: Klefki","|-sidestart|p1: Crystal glaceon13|move: Light Screen","|move|p2a: Nidoking|Thunderbolt|p1a: Klefki","|-damage|p1a: Klefki|57/318","|","|turn|11","|","|switch|p1a: Gardevoir|Gardevoir, M|277/277","|-ability|p1a: Gardevoir|Sheer Force|[from] ability: Trace|[of] p2a: Nidoking","|move|p2a: Nidoking|Thunderbolt|p1a: Gardevoir","|-damage|p1a: Gardevoir|220/277","|","|turn|12","|","|switch|p2a: Tentacruel|Tentacruel, M|247/361","|move|p1a: Gardevoir|Moonblast|p2a: Tentacruel","|-resisted|p2a: Tentacruel","|-damage|p2a: Tentacruel|190/361","|","|turn|13","|","|switch|p1a: Klefki|Klefki, F|57/318","|move|p2a: Tentacruel|Giga Drain|p1a: Klefki","|-crit|p1a: Klefki","|-resisted|p1a: Klefki","|-damage|p1a: Klefki|8/318","|-heal|p2a: Tentacruel|215/361|[from] drain|[of] p1a: Klefki","|","|turn|14","|","|move|p1a: Klefki|Thunder Wave|p2a: Tentacruel","|-status|p2a: Tentacruel|par","|move|p2a: Tentacruel|Giga Drain|p1a: Klefki","|-resisted|p1a: Klefki","|-damage|p1a: Klefki|0 fnt","|-heal|p2a: Tentacruel|219/361 par|[from] drain|[of] p1a: Klefki","|faint|p1a: Klefki","|","|","|switch|p1a: Togekiss|Togekiss, M|122/373","|turn|15","|","|move|p1a: Togekiss|Nasty Plot|p1a: Togekiss","|-boost|p1a: Togekiss|spa|2","|move|p2a: Tentacruel|Acid Spray|p1a: Togekiss","|-supereffective|p1a: Togekiss","|-damage|p1a: Togekiss|86/373","|-unboost|p1a: Togekiss|spd|2","|","|-heal|p1a: Togekiss|109/373|[from] item: Leftovers","|turn|16","|","|move|p1a: Togekiss|Baton Pass|p1a: Togekiss","|","|switch|p1a: Diancie|Diancie|241/241","|move|p2a: Tentacruel|Ice Beam|p1a: Diancie","|-damage|p1a: Diancie|178/241","|","|-sideend|p1: Crystal glaceon13|Reflect","|turn|17","|","|detailschange|p1a: Diancie|Diancie-Mega","|-mega|p1a: Diancie|Diancie|Diancite","|move|p1a: Diancie|Earth Power|p2a: Tentacruel","|-supereffective|p2a: Tentacruel","|-damage|p2a: Tentacruel|0 fnt","|faint|p2a: Tentacruel","|","|-sideend|p1: Crystal glaceon13|move: Light Screen","|","|switch|p2a: Gengar|Gengar, F|261/261","|turn|18","|","|move|p1a: Diancie|Protect|p1a: Diancie","|-singleturn|p1a: Diancie|Protect","|move|p2a: Gengar|Energy Ball|p1a: Diancie","|-activate|p1a: Diancie|Protect","|","|turn|19","|","|switch|p1a: Gardevoir|Gardevoir, M|220/277","|-ability|p1a: Gardevoir|Levitate|[from] ability: Trace|[of] p2a: Gengar","|move|p2a: Gengar|Sludge Wave|p1a: Gardevoir","|-supereffective|p1a: Gardevoir","|-damage|p1a: Gardevoir|0 fnt","|-damage|p2a: Gengar|235/261|[from] item: Life Orb","|faint|p1a: Gardevoir","|","|","|switch|p1a: Azumarill|Azumarill, M|403/403","|turn|20","|","|move|p2a: Gengar|Sludge Wave|p1a: Azumarill","|-supereffective|p1a: Azumarill","|-damage|p1a: Azumarill|60/403","|-status|p1a: Azumarill|psn","|-damage|p2a: Gengar|209/261|[from] item: Life Orb","|move|p1a: Azumarill|Waterfall|p2a: Gengar","|-crit|p2a: Gengar","|-damage|p2a: Gengar|0 fnt","|faint|p2a: Gengar","|","|-damage|p1a: Azumarill|10/403 psn|[from] psn","|","|switch|p2a: Beedrill|Beedrill, F|271/271","|turn|21","|","|switch|p1a: Granbull|Granbull, M|368/368","|-ability|p1a: Granbull|Intimidate","|-unboost|p2a: Beedrill|atk|1","|detailschange|p2a: Beedrill|Beedrill-Mega, F","|-mega|p2a: Beedrill|Beedrill|Beedrillite","|move|p2a: Beedrill|Protect|p2a: Beedrill","|-fail|p2a: Beedrill","|","|turn|22","|","|switch|p1a: Azumarill|Azumarill, M|10/403 psn","|move|p2a: Beedrill|U-turn|p1a: Azumarill","|-resisted|p1a: Azumarill","|-damage|p1a: Azumarill|0 fnt","|faint|p1a: Azumarill","|","|switch|p2a: Skuntank|Skuntank, F|410/410","|","|","|switch|p1a: Granbull|Granbull, M|368/368","|-ability|p1a: Granbull|Intimidate","|-unboost|p2a: Skuntank|atk|1","|turn|23","|","|move|p2a: Skuntank|Snatch|p2a: Skuntank","|-singleturn|p2a: Skuntank|Snatch","|move|p1a: Granbull|Earthquake|p2a: Skuntank","|-supereffective|p2a: Skuntank","|-damage|p2a: Skuntank|62/410","|","|-heal|p2a: Skuntank|87/410|[from] item: Black Sludge","|turn|24","|","|move|p2a: Skuntank|Shadow Claw|p1a: Granbull","|-crit|p1a: Granbull","|-damage|p1a: Granbull|240/368","|move|p1a: Granbull|Play Rough|p2a: Skuntank","|-damage|p2a: Skuntank|0 fnt","|-damage|p1a: Granbull|148/368|[from] ability: Aftermath|[of] p2a: Skuntank","|faint|p2a: Skuntank","|","|-heal|p1a: Granbull|171/368|[from] item: Leftovers","|","|switch|p2a: Nidoking|Nidoking, M|303/303","|turn|25","|","|move|p2a: Nidoking|Sludge Wave|p1a: Granbull","|-supereffective|p1a: Granbull","|-damage|p1a: Granbull|0 fnt","|faint|p1a: Granbull","|","|","|switch|p1a: Diancie|Diancie-Mega|178/241","|turn|26","|","|switch|p2a: Weezing|Weezing, F|334/334","|move|p1a: Diancie|Earth Power|p2a: Weezing","|-immune|p2a: Weezing|[msg]","|","|turn|27","|","|switch|p1a: Togekiss|Togekiss, M|109/373","|move|p2a: Weezing|Sludge Bomb|p1a: Togekiss","|-supereffective|p1a: Togekiss","|-damage|p1a: Togekiss|0 fnt","|faint|p1a: Togekiss","|","|","|switch|p1a: Diancie|Diancie-Mega|178/241","|turn|28","|","|move|p1a: Diancie|Diamond Storm|p2a: Weezing","|-damage|p2a: Weezing|211/334","|move|p2a: Weezing|Sludge Bomb|p1a: Diancie","|-damage|p1a: Diancie|87/241","|","|-heal|p2a: Weezing|231/334|[from] item: Black Sludge","|turn|29","|","|move|p1a: Diancie|Diamond Storm|p2a: Weezing","|-miss|p1a: Diancie|p2a: Weezing","|move|p2a: Weezing|Sludge Bomb|p1a: Diancie","|-damage|p1a: Diancie|0 fnt","|faint|p1a: Diancie","|","|win|Metalyte"],"p1rating":{"entryid":"5815193","serverid":"eos","formatid":"monotype","userid":"crystalglaceon13","username":"Crystal glaceon13","w":"30","l":13,"t":"0","gxe":65,"r":"1629.0521120265","rd":"57.391409030187","sigma":"0","rptime":"1438333200","rpr":1617.861954013,"rprd":56.681067010663,"rpsigma":"0","acre":1296.1933502927,"lacre":1296.1933502927,"oldacre":"1321.1633548077"},"p2rating":{"entryid":"6571486","serverid":"eos","formatid":"monotype","userid":"metalyte","username":"Metalyte","w":32,"l":"21","t":"0","gxe":57.4,"r":"1548.0608741386","rd":"51.348713129493","sigma":"0","rptime":"1438333200","rpr":1557.0299305201,"rprd":50.841122039859,"rpsigma":"0","acre":1264.1919521505,"lacre":1264.1919521505,"oldacre":"1232.9794465068"},"endType":"normal"}