{"seed":[29188,34355,7709,39272],"turns":29,"p1":"Prof ♅ Drix","p2":"Alliance - Gamma~","p1team":[{"name":"Hoopa-Unbound","species":"Hoopa-Unbound","item":"leftovers","ability":"Magician","moves":["hyperspacehole","darkpulse","focusblast","calmmind"],"nature":"Serious","evs":{"hp":252,"atk":0,"def":252,"spa":0,"spd":4,"spe":0},"ivs":{"hp":31,"atk":31,"def":31,"spa":31,"spd":31,"spe":31}},{"name":"Drapion","species":"Drapion","item":"blacksludge","ability":"Battle Armor","moves":["whirlwind","swordsdance","knockoff","poisonjab"],"nature":"Serious","evs":{"hp":252,"atk":0,"def":4,"spa":0,"spd":252,"spe":0},"ivs":{"hp":31,"atk":31,"def":31,"spa":31,"spd":31,"spe":31}},{"name":"Crawdaunt","species":"Crawdaunt","item":"focussash","ability":"Adaptability","moves":["swordsdance","aquajet","knockoff","rockslide"],"nature":"Adamant","evs":{"hp":248,"atk":252,"def":0,"spa":0,"spd":8,"spe":0},"ivs":{"hp":31,"atk":31,"def":31,"spa":31,"spd":31,"spe":31}},{"name":"Bisharp","species":"Bisharp","item":"choicescarf","ability":"Defiant","moves":["knockoff","ironhead","brickbreak","aerialace"],"nature":"Adamant","evs":{"hp":0,"atk":252,"def":0,"spa":0,"spd":4,"spe":252},"ivs":{"hp":31,"atk":31,"def":31,"spa":31,"spd":31,"spe":31}},{"name":"Murkrow","species":"Murkrow","item":"eviolite","ability":"Prankster","moves":["featherdance","perishsong","roost","meanlook"],"nature":"Calm","evs":{"hp":248,"atk":0,"def":8,"spa":0,"spd":252,"spe":0},"ivs":{"hp":31,"atk":31,"def":31,"spa":31,"spd":31,"spe":31}},{"name":"Sableye","species":"Sableye","item":"leftovers","ability":"Prankster","moves":["recover","willowisp","taunt","metalburst"],"nature":"Calm","evs":{"hp":252,"atk":0,"def":4,"spa":0,"spd":252,"spe":0},"ivs":{"hp":31,"atk":31,"def":31,"spa":31,"spd":31,"spe":31}}],"p2team":[{"name":"Tyranitar","species":"Tyranitar","item":"leftovers","ability":"Sand Stream","moves":["stealthrock","thunderwave","darkpulse","earthpower"],"nature":"Calm","evs":{"hp":252,"atk":0,"def":0,"spa":0,"spd":252,"spe":0},"ivs":{"hp":31,"atk":0,"def":31,"spa":31,"spd":31,"spe":31}},{"name":"Sableye","species":"Sableye","item":"leftovers","ability":"Prankster","moves":["willowisp","recover","snarl","taunt"],"nature":"Calm","evs":{"hp":252,"atk":0,"def":0,"spa":4,"spd":252,"spe":0},"ivs":{"hp":31,"atk":0,"def":31,"spa":31,"spd":31,"spe":31}},{"name":"Mandibuzz","species":"Mandibuzz","item":"rockyhelmet","ability":"Overcoat","moves":["foulplay","toxic","defog","roost"],"nature":"Bold","evs":{"hp":248,"atk":0,"def":252,"spa":0,"spd":8,"spe":0},"ivs":{"hp":31,"atk":31,"def":31,"spa":0,"spd":31,"spe":31}},{"name":"Absol","species":"Absol","item":"absolite","ability":"Pressure","moves":["swordsdance","suckerpunch","playrough","superpower"],"nature":"Jolly","evs":{"hp":0,"atk":252,"def":0,"spa":0,"spd":4,"spe":252},"ivs":{"hp":31,"atk":31,"def":31,"spa":0,"spd":31,"spe":31}},{"name":"Bisharp","species":"Bisharp","item":"leftovers","ability":"Defiant","moves":["swordsdance","substitute","suckerpunch","ironhead"],"nature":"Impish","evs":{"hp":252,"atk":0,"def":252,"spa":0,"spd":4,"spe":0},"ivs":{"hp":31,"atk":31,"def":31,"spa":0,"spd":31,"spe":31}},{"name":"Hydreigon","species":"Hydreigon","item":"choicescarf","ability":"Levitate","moves":["dracometeor","darkpulse","flamethrower","flashcannon"],"nature":"Timid","evs":{"hp":0,"atk":0,"def":0,"spa":252,"spd":4,"spe":252},"ivs":{"hp":31,"atk":0,"def":31,"spa":31,"spd":31,"spe":31}}],"log":["|player|p1|Prof ♅ Drix|profdrix.png","|player|p2|Alliance - Gamma~|alliancegamma.gif","|gametype|singles","|gen|6","|tier|Monotype","|rated","|rule|Baton Pass Clause: Limit one Baton Passer, can't pass Spe and other stats simultaneously","|rule|Swagger Clause: Swagger is banned","|rule|Same Type Clause: Pokémon in a team must share a type","|clearpoke","|poke|p1|Hoopa-Unbound","|poke|p1|Drapion, M","|poke|p1|Crawdaunt, M","|poke|p1|Bisharp, F","|poke|p1|Murkrow, F","|poke|p1|Sableye, M","|poke|p2|Tyranitar, M","|poke|p2|Sableye, F","|poke|p2|Mandibuzz, F","|poke|p2|Absol, F","|poke|p2|Bisharp, F","|poke|p2|Hydreigon, M","|rule|Sleep Clause Mod: Limit one foe put to sleep","|rule|Species Clause: Limit one of each Pokémon","|rule|OHKO Clause: OHKO moves are banned","|rule|Moody Clause: Moody is banned","|rule|Evasion Moves Clause: Evasion moves are banned","|rule|Endless Battle Clause: Forcing endless battles is banned","|rule|HP Percentage Mod: HP is shown in percentages","|teampreview","|","|start","|switch|p1a: Hoopa-Unbound|Hoopa-Unbound|364/364","|switch|p2a: Sableye|Sableye, F|304/304","|turn|1","|","|move|p2a: Sableye|Will-O-Wisp|p1a: Hoopa-Unbound","|-status|p1a: Hoopa-Unbound|brn","|move|p1a: Hoopa-Unbound|Calm Mind|p1a: Hoopa-Unbound","|-boost|p1a: Hoopa-Unbound|spa|1","|-boost|p1a: Hoopa-Unbound|spd|1","|","|-damage|p1a: Hoopa-Unbound|319/364 brn|[from] brn","|turn|2","|","|move|p2a: Sableye|Taunt|p1a: Hoopa-Unbound","|-start|p1a: Hoopa-Unbound|move: Taunt","|cant|p1a: Hoopa-Unbound|move: Taunt|Calm Mind","|","|-heal|p1a: Hoopa-Unbound|341/364 brn|[from] item: Leftovers","|-damage|p1a: Hoopa-Unbound|296/364 brn|[from] brn","|turn|3","|","|move|p1a: Hoopa-Unbound|Dark Pulse|p2a: Sableye","|-damage|p2a: Sableye|109/304","|move|p2a: Sableye|Snarl|p1a: Hoopa-Unbound","|-damage|p1a: Hoopa-Unbound|271/364 brn","|-unboost|p1a: Hoopa-Unbound|spa|1","|","|-heal|p1a: Hoopa-Unbound|293/364 brn|[from] item: Leftovers","|-heal|p2a: Sableye|128/304|[from] item: Leftovers","|-damage|p1a: Hoopa-Unbound|248/364 brn|[from] brn","|turn|4","|","|switch|p1a: Sableye|Sableye, M|304/304","|move|p2a: Sableye|Recover|p2a: Sableye","|-heal|p2a: Sableye|280/304","|","|-heal|p2a: Sableye|299/304|[from] item: Leftovers","|turn|5","|","|move|p1a: Sableye|Taunt|p2a: Sableye","|-start|p2a: Sableye|move: Taunt","|cant|p2a: Sableye|move: Taunt|Taunt","|","|-heal|p2a: Sableye|304/304|[from] item: Leftovers","|turn|6","|","|switch|p2a: Tyranitar|Tyranitar, M|404/404","|-weather|Sandstorm","|move|p1a: Sableye|Will-O-Wisp|p2a: Tyranitar","|-status|p2a: Tyranitar|brn","|","|-weather|Sandstorm|[upkeep]","|-damage|p1a: Sableye|285/304|[from] sandstorm","|-heal|p1a: Sableye|304/304|[from] item: Leftovers","|-damage|p2a: Tyranitar|354/404 brn|[from] brn","|turn|7","|","|switch|p1a: Hoopa-Unbound|Hoopa-Unbound|248/364 brn","|move|p2a: Tyranitar|Thunder Wave|p1a: Hoopa-Unbound","|-fail|p1a: Hoopa-Unbound","|","|-weather|Sandstorm|[upkeep]","|-damage|p1a: Hoopa-Unbound|226/364 brn|[from] sandstorm","|-heal|p1a: Hoopa-Unbound|248/364 brn|[from] item: Leftovers","|-heal|p2a: Tyranitar|379/404 brn|[from] item: Leftovers","|-damage|p1a: Hoopa-Unbound|203/364 brn|[from] brn","|-damage|p2a: Tyranitar|329/404 brn|[from] brn","|turn|8","|","|move|p1a: Hoopa-Unbound|Focus Blast|p2a: Tyranitar","|-supereffective|p2a: Tyranitar","|-damage|p2a: Tyranitar|53/404 brn","|move|p2a: Tyranitar|Dark Pulse|p1a: Hoopa-Unbound","|-damage|p1a: Hoopa-Unbound|124/364 brn","|","|-weather|Sandstorm|[upkeep]","|-damage|p1a: Hoopa-Unbound|102/364 brn|[from] sandstorm","|-heal|p1a: Hoopa-Unbound|124/364 brn|[from] item: Leftovers","|-heal|p2a: Tyranitar|78/404 brn|[from] item: Leftovers","|-damage|p1a: Hoopa-Unbound|79/364 brn|[from] brn","|-damage|p2a: Tyranitar|28/404 brn|[from] brn","|turn|9","|","|move|p1a: Hoopa-Unbound|Dark Pulse|p2a: Tyranitar","|-resisted|p2a: Tyranitar","|-damage|p2a: Tyranitar|0 fnt","|faint|p2a: Tyranitar","|","|-weather|Sandstorm|[upkeep]","|-damage|p1a: Hoopa-Unbound|57/364 brn|[from] sandstorm","|-heal|p1a: Hoopa-Unbound|79/364 brn|[from] item: Leftovers","|-damage|p1a: Hoopa-Unbound|34/364 brn|[from] brn","|","|switch|p2a: Absol|Absol, F|271/271","|-ability|p2a: Absol|Pressure","|turn|10","|","|switch|p1a: Murkrow|Murkrow, F|323/323","|detailschange|p2a: Absol|Absol-Mega, F","|-mega|p2a: Absol|Absol|Absolite","|move|p2a: Absol|Sucker Punch|p1a: Murkrow","|-fail|p2a: Absol","|","|-weather|none","|turn|11","|","|move|p1a: Murkrow|Perish Song|p1a: Murkrow","|-start|p1a: Murkrow|perish3|[silent]","|-start|p2a: Absol|perish3|[silent]","|-fieldactivate|move: Perish Song","|move|p2a: Absol|Swords Dance|p2a: Absol","|-boost|p2a: Absol|atk|2","|","|-start|p2a: Absol|perish3","|-start|p1a: Murkrow|perish3","|turn|12","|","|switch|p1a: Hoopa-Unbound|Hoopa-Unbound|34/364 brn","|move|p2a: Absol|Play Rough|p1a: Hoopa-Unbound","|-supereffective|p1a: Hoopa-Unbound","|-damage|p1a: Hoopa-Unbound|0 fnt","|faint|p1a: Hoopa-Unbound","|","|-start|p2a: Absol|perish2","|","|switch|p1a: Bisharp|Bisharp, F|271/271","|turn|13","|","|move|p2a: Absol|Superpower|p1a: Bisharp","|-supereffective|p1a: Bisharp","|-damage|p1a: Bisharp|0 fnt","|-unboost|p2a: Absol|atk|1","|-unboost|p2a: Absol|def|1","|faint|p1a: Bisharp","|","|-start|p2a: Absol|perish1","|","|switch|p1a: Crawdaunt|Crawdaunt, M|329/329","|turn|14","|","|switch|p2a: Mandibuzz|Mandibuzz, F|423/423","|move|p1a: Crawdaunt|Swords Dance|p1a: Crawdaunt","|-boost|p1a: Crawdaunt|atk|2","|","|turn|15","|","|move|p2a: Mandibuzz|Foul Play|p1a: Crawdaunt","|-resisted|p1a: Crawdaunt","|-damage|p1a: Crawdaunt|132/329","|move|p1a: Crawdaunt|Rock Slide|p2a: Mandibuzz","|-supereffective|p2a: Mandibuzz","|-damage|p2a: Mandibuzz|143/423","|","|turn|16","|","|move|p1a: Crawdaunt|Aqua Jet|p2a: Mandibuzz","|-damage|p2a: Mandibuzz|5/423","|-damage|p1a: Crawdaunt|78/329|[from] item: Rocky Helmet|[of] p2a: Mandibuzz","|move|p2a: Mandibuzz|Roost|p2a: Mandibuzz","|-heal|p2a: Mandibuzz|217/423","|","|turn|17","|","|move|p2a: Mandibuzz|Roost|p2a: Mandibuzz","|-heal|p2a: Mandibuzz|423/423","|move|p1a: Crawdaunt|Swords Dance|p1a: Crawdaunt","|-boost|p1a: Crawdaunt|atk|2","|","|turn|18","|","|switch|p2a: Bisharp|Bisharp, F|334/334","|move|p1a: Crawdaunt|Aqua Jet|p2a: Bisharp","|-damage|p2a: Bisharp|120/334","|","|-heal|p2a: Bisharp|140/334|[from] item: Leftovers","|turn|19","|","|move|p2a: Bisharp|Sucker Punch|p1a: Crawdaunt","|-resisted|p1a: Crawdaunt","|-damage|p1a: Crawdaunt|13/329","|move|p1a: Crawdaunt|Aqua Jet|p2a: Bisharp","|-damage|p2a: Bisharp|0 fnt","|faint|p2a: Bisharp","|","|","|switch|p2a: Absol|Absol-Mega, F|271/271","|turn|20","|","|move|p2a: Absol|Sucker Punch|p1a: Crawdaunt","|-fail|p2a: Absol","|move|p1a: Crawdaunt|Swords Dance|p1a: Crawdaunt","|-boost|p1a: Crawdaunt|atk|2","|","|turn|21","|","|move|p2a: Absol|Sucker Punch|p1a: Crawdaunt","|-resisted|p1a: Crawdaunt","|-damage|p1a: Crawdaunt|0 fnt","|faint|p1a: Crawdaunt","|","|","|switch|p1a: Drapion|Drapion, M|344/344","|turn|22","|","|switch|p2a: Mandibuzz|Mandibuzz, F|423/423","|move|p1a: Drapion|Poison Jab|p2a: Mandibuzz","|-damage|p2a: Mandibuzz|365/423","|-damage|p1a: Drapion|287/344|[from] item: Rocky Helmet|[of] p2a: Mandibuzz","|","|-heal|p1a: Drapion|308/344|[from] item: Black Sludge","|turn|23","|","|move|p2a: Mandibuzz|Foul Play|p1a: Drapion","|-resisted|p1a: Drapion","|-damage|p1a: Drapion|262/344","|move|p1a: Drapion|Whirlwind|p2a: Mandibuzz","|drag|p2a: Hydreigon|Hydreigon, M|325/325","|","|-heal|p1a: Drapion|283/344|[from] item: Black Sludge","|turn|24","|","|move|p2a: Hydreigon|Draco Meteor|p1a: Drapion","|-damage|p1a: Drapion|72/344","|-unboost|p2a: Hydreigon|spa|2","|move|p1a: Drapion|Poison Jab|p2a: Hydreigon","|-damage|p2a: Hydreigon|235/325","|","|-heal|p1a: Drapion|93/344|[from] item: Black Sludge","|turn|25","|","|move|p2a: Hydreigon|Draco Meteor|p1a: Drapion","|-damage|p1a: Drapion|0 fnt","|-unboost|p2a: Hydreigon|spa|2","|faint|p1a: Drapion","|","|","|switch|p1a: Murkrow|Murkrow, F|323/323","|turn|26","|","|switch|p2a: Absol|Absol-Mega, F|271/271","|move|p1a: Murkrow|Mean Look|p2a: Absol","|move|p2a: Absol|Mean Look|p1a: Murkrow|[from]Magic Bounce","|-activate|p1a: Murkrow|trapped","|","|turn|27","|","|move|p1a: Murkrow|Perish Song|p1a: Murkrow","|-start|p1a: Murkrow|perish3|[silent]","|-start|p2a: Absol|perish3|[silent]","|-fieldactivate|move: Perish Song","|move|p2a: Absol|Play Rough|p1a: Murkrow","|-supereffective|p1a: Murkrow","|-damage|p1a: Murkrow|11/323","|","|-start|p2a: Absol|perish3","|-start|p1a: Murkrow|perish3","|turn|28","|","|move|p1a: Murkrow|Roost|p1a: Murkrow","|-heal|p1a: Murkrow|173/323","|move|p2a: Absol|Play Rough|p1a: Murkrow","|-supereffective|p1a: Murkrow","|-damage|p1a: Murkrow|0 fnt","|faint|p1a: Murkrow","|","|-start|p2a: Absol|perish2","|","|switch|p1a: Sableye|Sableye, M|304/304","|turn|29","|","|move|p2a: Absol|Play Rough|p1a: Sableye","|-supereffective|p1a: Sableye","|-damage|p1a: Sableye|0 fnt","|faint|p1a: Sableye","|","|win|Alliance - Gamma~"],"p1rating":{"entryid":"7129025","serverid":"eos","formatid":"monotype","userid":"profdrix","username":"Prof ♅ Drix","w":"0","l":2,"t":"0","gxe":40.4,"r":1454.4672665723,"rd":123.21072993058,"sigma":"0","rptime":1438333200,"rpr":1422.347153133,"rprd":117.16270667365,"rpsigma":"0","acre":1000,"lacre":1000,"oldacre":"1000"},"p2rating":{"entryid":"7175041","serverid":"eos","formatid":"monotype","userid":"alliancegamma","username":"Alliance ♥ Gamma","w":1,"l":"1","t":"0","gxe":50.1,"r":1460.7971311935,"rd":122.91204601559,"sigma":"0","rptime":1438333200,"rpr":1500.9251578015,"rprd":116.88468804424,"rpsigma":"0","acre":1040,"lacre":1040,"oldacre":"1000"},"endType":"normal"}