{"seed":[46938,44662,2005,15194],"turns":22,"p1":"Sovereign♕Mafetan","p2":"Sovereign♕Noble","p1team":[{"name":"Mamoswine","species":"Mamoswine","item":"leftovers","ability":"Thick Fat","moves":["iceshard","ironhead","earthquake","knockoff"],"nature":"Adamant","evs":{"hp":120,"atk":136,"def":0,"spa":0,"spd":0,"spe":252},"gender":"F","shiny":true,"ivs":{"hp":31,"atk":31,"def":31,"spa":31,"spd":31,"spe":31}},{"name":"Garchomp","species":"Garchomp","item":"garchompite","ability":"Rough Skin","moves":["outrage","crunch","earthquake","brickbreak"],"nature":"Jolly","evs":{"hp":0,"atk":252,"def":0,"spa":0,"spd":4,"spe":252},"gender":"M","shiny":true,"ivs":{"hp":31,"atk":31,"def":31,"spa":31,"spd":31,"spe":31}},{"name":"Gliscor","species":"Gliscor","item":"toxicorb","ability":"Poison Heal","moves":["toxic","protect","taunt","stealthrock"],"nature":"Bold","evs":{"hp":248,"atk":0,"def":188,"spa":0,"spd":0,"spe":72},"gender":"F","shiny":true,"ivs":{"hp":31,"atk":31,"def":31,"spa":31,"spd":31,"spe":31}},{"name":"Lethal","species":"nidoking","item":"leftovers","ability":"Poison Point","moves":["toxicspikes","venoshock","thunderbolt","flamethrower"],"nature":"Modest","evs":{"hp":248,"atk":0,"def":0,"spa":252,"spd":8,"spe":0},"ivs":{"hp":31,"atk":31,"def":31,"spa":31,"spd":31,"spe":31}},{"name":"Landorus-Therian","species":"Landorus-Therian","item":"leftovers","ability":"Intimidate","moves":["calmmind","psychic","grassknot","earthpower"],"nature":"Modest","evs":{"hp":248,"atk":0,"def":0,"spa":252,"spd":8,"spe":0},"ivs":{"hp":31,"atk":31,"def":31,"spa":31,"spd":31,"spe":31}},{"name":"Gastrodon","species":"Gastrodon","item":"leftovers","ability":"Storm Drain","moves":["recover","scald","icebeam","toxic"],"nature":"Modest","evs":{"hp":100,"atk":0,"def":252,"spa":140,"spd":0,"spe":0},"gender":"F","ivs":{"hp":31,"atk":31,"def":31,"spa":31,"spd":31,"spe":31}}],"p2team":[{"name":"Volcarona","species":"Volcarona","item":"passhoberry","ability":"Flame Body","moves":["quiverdance","fireblast","gigadrain","bugbuzz"],"nature":"Timid","evs":{"hp":72,"atk":0,"def":0,"spa":252,"spd":0,"spe":184},"ivs":{"hp":31,"atk":31,"def":31,"spa":31,"spd":31,"spe":31}},{"name":"Charizard","species":"Charizard","item":"charizarditex","ability":"Blaze","moves":["dragondance","flareblitz","dragonclaw","earthquake"],"nature":"Jolly","evs":{"hp":72,"atk":252,"def":0,"spa":0,"spd":0,"spe":184},"ivs":{"hp":31,"atk":31,"def":31,"spa":31,"spd":31,"spe":31}},{"name":"Infernape","species":"Infernape","item":"lifeorb","ability":"Iron Fist","moves":["fireblast","closecombat","machpunch","hiddenpowerice"],"nature":"Naive","evs":{"hp":0,"atk":168,"def":0,"spa":88,"spd":0,"spe":252},"ivs":{"hp":31,"atk":30,"def":30,"spa":31,"spd":31,"spe":31}},{"name":"Heatran","species":"Heatran","item":"leftovers","ability":"Flash Fire","moves":["lavaplume","toxic","taunt","stealthrock"],"nature":"Calm","evs":{"hp":248,"atk":0,"def":0,"spa":0,"spd":192,"spe":68},"ivs":{"hp":31,"atk":31,"def":31,"spa":31,"spd":31,"spe":31}},{"name":"Rotom-Heat","species":"Rotom-Heat","item":"leftovers","ability":"Levitate","moves":["overheat","voltswitch","willowisp","painsplit"],"nature":"Bold","evs":{"hp":252,"atk":0,"def":252,"spa":0,"spd":4,"spe":0},"ivs":{"hp":31,"atk":31,"def":31,"spa":31,"spd":31,"spe":31}},{"name":"Chandelure","species":"Chandelure","item":"choicescarf","ability":"Flash Fire","moves":["fireblast","shadowball","energyball","trick"],"nature":"Timid","evs":{"hp":0,"atk":0,"def":0,"spa":252,"spd":4,"spe":252},"ivs":{"hp":31,"atk":31,"def":31,"spa":31,"spd":31,"spe":31}}],"log":["|player|p1|Sovereign♕Mafetan|161","|player|p2|Sovereign♕Noble|153","|gametype|singles","|gen|6","|tier|Monotype","|rated","|rule|Baton Pass Clause: Limit one Baton Passer, can't pass Spe and other stats simultaneously","|rule|Swagger Clause: Swagger is banned","|rule|Same Type Clause: Pokémon in a team must share a type","|clearpoke","|poke|p1|Mamoswine, F, shiny","|poke|p1|Garchomp, M, shiny","|poke|p1|Gliscor, F, shiny","|poke|p1|Nidoking, M","|poke|p1|Landorus-Therian, M","|poke|p1|Gastrodon, F","|poke|p2|Volcarona, M","|poke|p2|Charizard, F","|poke|p2|Infernape, F","|poke|p2|Heatran, M","|poke|p2|Rotom-Heat","|poke|p2|Chandelure, F","|rule|Sleep Clause Mod: Limit one foe put to sleep","|rule|Species Clause: Limit one of each Pokémon","|rule|OHKO Clause: OHKO moves are banned","|rule|Moody Clause: Moody is banned","|rule|Evasion Moves Clause: Evasion moves are banned","|rule|Endless Battle Clause: Forcing endless battles is banned","|rule|HP Percentage Mod: HP is shown in percentages","|teampreview","|","|start","|switch|p1a: Lethal|Nidoking, M|365/365","|switch|p2a: Heatran|Heatran, M|385/385","|turn|1","|","|move|p2a: Heatran|Stealth Rock|p1a: Lethal","|-sidestart|p1: Sovereign♕Mafetan|move: Stealth Rock","|move|p1a: Lethal|Toxic Spikes|p2a: Heatran","|-sidestart|p2: Sovereign♕Noble|move: Toxic Spikes","|","|turn|2","|","|move|p2a: Heatran|Taunt|p1a: Lethal","|-start|p1a: Lethal|move: Taunt","|cant|p1a: Lethal|move: Taunt|Toxic Spikes","|","|turn|3","|","|switch|p1a: Landorus-Therian|Landorus-Therian, M|381/381","|-damage|p1a: Landorus-Therian|334/381|[from] Stealth Rock","|-ability|p1a: Landorus-Therian|Intimidate","|-unboost|p2a: Heatran|atk|1","|move|p2a: Heatran|Lava Plume|p1a: Landorus-Therian","|-damage|p1a: Landorus-Therian|201/381","|","|-heal|p1a: Landorus-Therian|224/381|[from] item: Leftovers","|turn|4","|","|switch|p2a: Rotom-Heat|Rotom-Heat|304/304","|move|p1a: Landorus-Therian|Calm Mind|p1a: Landorus-Therian","|-boost|p1a: Landorus-Therian|spa|1","|-boost|p1a: Landorus-Therian|spd|1","|","|-heal|p1a: Landorus-Therian|247/381|[from] item: Leftovers","|turn|5","|","|move|p1a: Landorus-Therian|Psychic|p2a: Rotom-Heat","|-damage|p2a: Rotom-Heat|165/304","|move|p2a: Rotom-Heat|Will-O-Wisp|p1a: Landorus-Therian","|-status|p1a: Landorus-Therian|brn","|","|-heal|p1a: Landorus-Therian|270/381 brn|[from] item: Leftovers","|-heal|p2a: Rotom-Heat|184/304|[from] item: Leftovers","|-damage|p1a: Landorus-Therian|223/381 brn|[from] brn","|turn|6","|","|switch|p2a: Heatran|Heatran, M|385/385","|move|p1a: Landorus-Therian|Calm Mind|p1a: Landorus-Therian","|-boost|p1a: Landorus-Therian|spa|1","|-boost|p1a: Landorus-Therian|spd|1","|","|-heal|p1a: Landorus-Therian|246/381 brn|[from] item: Leftovers","|-damage|p1a: Landorus-Therian|199/381 brn|[from] brn","|turn|7","|","|move|p1a: Landorus-Therian|Earth Power|p2a: Heatran","|-supereffective|p2a: Heatran","|-damage|p2a: Heatran|0 fnt","|faint|p2a: Heatran","|","|-heal|p1a: Landorus-Therian|222/381 brn|[from] item: Leftovers","|-damage|p1a: Landorus-Therian|175/381 brn|[from] brn","|","|switch|p2a: Volcarona|Volcarona, M|329/329","|-status|p2a: Volcarona|psn","|turn|8","|","|move|p2a: Volcarona|Giga Drain|p1a: Landorus-Therian","|-damage|p1a: Landorus-Therian|121/381 brn","|move|p1a: Landorus-Therian|Earth Power|p2a: Volcarona","|-damage|p2a: Volcarona|37/329 psn","|","|-heal|p1a: Landorus-Therian|144/381 brn|[from] item: Leftovers","|-damage|p2a: Volcarona|0 fnt|[from] psn","|-damage|p1a: Landorus-Therian|97/381 brn|[from] brn","|faint|p2a: Volcarona","|","|switch|p2a: Infernape|Infernape, F|293/293","|-status|p2a: Infernape|psn","|turn|9","|","|move|p2a: Infernape|Hidden Power|p1a: Landorus-Therian","|-supereffective|p1a: Landorus-Therian","|-damage|p1a: Landorus-Therian|0 fnt","|-damage|p2a: Infernape|264/293 psn|[from] item: Life Orb","|faint|p1a: Landorus-Therian","|","|-damage|p2a: Infernape|228/293 psn|[from] psn","|","|switch|p1a: Lethal|Nidoking, M|365/365","|-damage|p1a: Lethal|343/365|[from] Stealth Rock","|turn|10","|","|move|p2a: Infernape|Close Combat|p1a: Lethal","|-resisted|p1a: Lethal","|-damage|p1a: Lethal|213/365","|-unboost|p2a: Infernape|def|1","|-unboost|p2a: Infernape|spd|1","|-damage|p2a: Infernape|199/293 psn|[from] item: Life Orb","|move|p1a: Lethal|Venoshock|p2a: Infernape","|-damage|p2a: Infernape|0 fnt","|faint|p2a: Infernape","|","|-heal|p1a: Lethal|235/365|[from] item: Leftovers","|","|switch|p2a: Charizard|Charizard, F|315/315","|turn|11","|","|detailschange|p2a: Charizard|Charizard-Mega-X, F","|-mega|p2a: Charizard|Charizard|Charizardite X","|move|p2a: Charizard|Earthquake|p1a: Lethal","|-supereffective|p1a: Lethal","|-damage|p1a: Lethal|0 fnt","|faint|p1a: Lethal","|","|","|switch|p1a: Garchomp|Garchomp, M, shiny|357/357","|-damage|p1a: Garchomp|335/357|[from] Stealth Rock","|turn|12","|","|switch|p2a: Rotom-Heat|Rotom-Heat|184/304","|detailschange|p1a: Garchomp|Garchomp-Mega, M, shiny","|-mega|p1a: Garchomp|Garchomp|Garchompite","|move|p1a: Garchomp|Outrage|p2a: Rotom-Heat","|-damage|p2a: Rotom-Heat|12/304","|","|-heal|p2a: Rotom-Heat|31/304|[from] item: Leftovers","|turn|13","|","|move|p1a: Garchomp|Outrage|p2a: Rotom-Heat","|-damage|p2a: Rotom-Heat|0 fnt","|-start|p1a: Garchomp|confusion|[fatigue]","|faint|p2a: Rotom-Heat","|","|","|switch|p2a: Chandelure|Chandelure, F|261/261","|-status|p2a: Chandelure|psn","|turn|14","|","|move|p2a: Chandelure|Shadow Ball|p1a: Garchomp","|-damage|p1a: Garchomp|163/357","|-activate|p1a: Garchomp|confusion","|-damage|p1a: Garchomp|114/357|[from] confusion","|","|-damage|p2a: Chandelure|229/261 psn|[from] psn","|turn|15","|","|switch|p1a: Gastrodon|Gastrodon, F|388/388","|-damage|p1a: Gastrodon|364/388|[from] Stealth Rock","|move|p2a: Chandelure|Shadow Ball|p1a: Gastrodon","|-damage|p1a: Gastrodon|177/388","|","|-heal|p1a: Gastrodon|201/388|[from] item: Leftovers","|-damage|p2a: Chandelure|197/261 psn|[from] psn","|turn|16","|","|move|p2a: Chandelure|Shadow Ball|p1a: Gastrodon","|-damage|p1a: Gastrodon|24/388","|move|p1a: Gastrodon|Scald|p2a: Chandelure","|-supereffective|p2a: Chandelure","|-damage|p2a: Chandelure|0 fnt","|faint|p2a: Chandelure","|","|-heal|p1a: Gastrodon|48/388|[from] item: Leftovers","|","|switch|p2a: Charizard|Charizard-Mega-X, F|315/315","|-status|p2a: Charizard|psn","|turn|17","|","|move|p2a: Charizard|Dragon Dance|p2a: Charizard","|-boost|p2a: Charizard|atk|1","|-boost|p2a: Charizard|spe|1","|move|p1a: Gastrodon|Ice Beam|p2a: Charizard","|-damage|p2a: Charizard|211/315 psn","|","|-heal|p1a: Gastrodon|72/388|[from] item: Leftovers","|-damage|p2a: Charizard|172/315 psn|[from] psn","|turn|18","|","|move|p2a: Charizard|Dragon Claw|p1a: Gastrodon","|-damage|p1a: Gastrodon|0 fnt","|faint|p1a: Gastrodon","|","|-damage|p2a: Charizard|133/315 psn|[from] psn","|","|switch|p1a: Gliscor|Gliscor, F, shiny|353/353","|-damage|p1a: Gliscor|309/353|[from] Stealth Rock","|turn|19","|","|move|p2a: Charizard|Dragon Claw|p1a: Gliscor","|-damage|p1a: Gliscor|137/353","|move|p1a: Gliscor|Taunt|p2a: Charizard","|-start|p2a: Charizard|move: Taunt","|","|-damage|p2a: Charizard|94/315 psn|[from] psn","|-status|p1a: Gliscor|tox|[from] item: Toxic Orb","|turn|20","|","|move|p1a: Gliscor|Protect|p1a: Gliscor","|-singleturn|p1a: Gliscor|Protect","|move|p2a: Charizard|Dragon Claw|p1a: Gliscor","|-activate|p1a: Gliscor|Protect","|","|-damage|p2a: Charizard|55/315 psn|[from] psn","|-heal|p1a: Gliscor|181/353 tox|[from] ability: Poison Heal","|turn|21","|","|move|p1a: Gliscor|Protect|p1a: Gliscor","|-fail|p1a: Gliscor","|move|p2a: Charizard|Dragon Claw|p1a: Gliscor","|-damage|p1a: Gliscor|0 fnt","|faint|p1a: Gliscor","|","|-damage|p2a: Charizard|16/315 psn|[from] psn","|","|switch|p1a: Mamoswine|Mamoswine, F, shiny|391/391","|-damage|p1a: Mamoswine|343/391|[from] Stealth Rock","|turn|22","|","|move|p1a: Mamoswine|Ice Shard|p2a: Charizard","|-damage|p2a: Charizard|0 fnt","|faint|p2a: Charizard","|","|win|Sovereign♕Mafetan"],"p1rating":{"entryid":"7289901","serverid":"eos","formatid":"monotype","userid":"sovereignmafetan","username":"Sovereign♕Mafetan","w":1,"l":"1","t":"0","gxe":50.6,"r":"1500","rd":"130","sigma":"0","rptime":"1438333200","rpr":1504.8397900296,"rprd":116.31729681441,"rpsigma":"0","acre":1040.7241914565,"lacre":1040.7241914565,"oldacre":"1000"},"p2rating":{"entryid":"6572937","serverid":"eos","formatid":"monotype","userid":"sovereignnoble","username":"Sovereign♕Noble","w":"21","l":31,"t":"0","gxe":39.1,"r":"1441.7700364556","rd":"59.060334391019","sigma":"0","rptime":"1438333200","rpr":1415.4327260619,"rprd":56.825862667116,"rpsigma":"0","acre":1000,"lacre":1000,"oldacre":"1006.2909344824"},"endType":"normal"}