{"seed":[533,53950,35986,64532],"turns":33,"p1":"Alliance-C-Control","p2":"Hypershaymin","p1team":[{"name":"Electrode","species":"Electrode","item":"choicescarf","ability":"Soundproof","moves":["electroball","voltswitch","taunt","explosion"],"nature":"Hasty","evs":{"hp":0,"atk":4,"def":0,"spa":252,"spd":0,"spe":252},"ivs":{"hp":31,"atk":31,"def":31,"spa":31,"spd":31,"spe":31}},{"name":"Zapdos","species":"Zapdos","item":"leftovers","ability":"Pressure","moves":["defog","heatwave","voltswitch","roost"],"nature":"Modest","evs":{"hp":252,"atk":0,"def":0,"spa":252,"spd":4,"spe":0},"ivs":{"hp":31,"atk":31,"def":31,"spa":31,"spd":31,"spe":31}},{"name":"Electivire","species":"Electivire","item":"custapberry","ability":"Vital Spirit","moves":["brickbreak","earthquake","icepunch","thunderpunch"],"nature":"Adamant","evs":{"hp":248,"atk":252,"def":0,"spa":0,"spd":8,"spe":0},"ivs":{"hp":31,"atk":31,"def":31,"spa":31,"spd":31,"spe":31}},{"name":"Ampharos","species":"Ampharos","item":"ampharosite","ability":"Static","moves":["focusblast","dragonpulse","thunderbolt","powergem"],"nature":"Modest","evs":{"hp":248,"atk":0,"def":100,"spa":60,"spd":100,"spe":0},"ivs":{"hp":31,"atk":31,"def":31,"spa":31,"spd":31,"spe":31}},{"name":"Electabuzz","species":"Electabuzz","item":"eviolite","ability":"Static","moves":["hiddenpowerfire","psychic","magnetrise","thunderwave"],"nature":"Timid","evs":{"hp":0,"atk":0,"def":0,"spa":252,"spd":4,"spe":252},"ivs":{"hp":31,"atk":30,"def":31,"spa":30,"spd":31,"spe":30}},{"name":"Rotom-Wash","species":"Rotom-Wash","item":"rockyhelmet","ability":"Levitate","moves":["hydropump","willowisp","voltswitch","painsplit"],"nature":"Bold","evs":{"hp":2,"atk":0,"def":252,"spa":8,"spd":0,"spe":0},"ivs":{"hp":31,"atk":31,"def":31,"spa":31,"spd":31,"spe":31}}],"p2team":[{"name":"Skarmory","species":"Skarmory","item":"rockyhelmet","ability":"Sturdy","moves":["stealthrock","defog","roost","bravebird"],"nature":"Impish","evs":{"hp":248,"atk":0,"def":236,"spa":0,"spd":0,"spe":24},"ivs":{"hp":31,"atk":31,"def":31,"spa":31,"spd":31,"spe":31}},{"name":"Heatran","species":"Heatran","item":"leftovers","ability":"Flash Fire","moves":["toxic","magmastorm","flashcannon","protect"],"nature":"Calm","evs":{"hp":252,"atk":0,"def":0,"spa":4,"spd":252,"spe":0},"ivs":{"hp":31,"atk":31,"def":31,"spa":31,"spd":31,"spe":31}},{"name":"Scizor","species":"Scizor","item":"scizorite","ability":"Technician","moves":["swordsdance","roost","bulletpunch","bugbite"],"nature":"Adamant","evs":{"hp":248,"atk":252,"def":0,"spa":0,"spd":8,"spe":0},"ivs":{"hp":31,"atk":31,"def":31,"spa":31,"spd":31,"spe":31}},{"name":"Bisharp","species":"Bisharp","item":"focussash","ability":"Defiant","moves":["swordsdance","suckerpunch","knockoff","ironhead"],"nature":"Adamant","evs":{"hp":248,"atk":252,"def":0,"spa":0,"spd":8,"spe":0},"ivs":{"hp":31,"atk":31,"def":31,"spa":31,"spd":31,"spe":31}},{"name":"Doublade","species":"Doublade","item":"eviolite","ability":"No Guard","moves":["swordsdance","sacredsword","shadowsneak","ironhead"],"nature":"Adamant","evs":{"hp":248,"atk":252,"def":0,"spa":0,"spd":8,"spe":0},"ivs":{"hp":31,"atk":31,"def":31,"spa":31,"spd":31,"spe":31}},{"name":"Magnezone","species":"Magnezone","item":"choicescarf","ability":"Sturdy","moves":["thunderbolt","voltswitch","flashcannon","hiddenpowerice"],"nature":"Timid","evs":{"hp":0,"atk":0,"def":0,"spa":252,"spd":4,"spe":252},"ivs":{"hp":31,"atk":30,"def":30,"spa":31,"spd":31,"spe":31}}],"log":["|player|p1|Alliance-C-Control|190","|player|p2|Hypershaymin|hypershaymin.gif","|gametype|singles","|gen|6","|tier|Monotype","|rated","|rule|Baton Pass Clause: Limit one Baton Passer, can't pass Spe and other stats simultaneously","|rule|Swagger Clause: Swagger is banned","|rule|Same Type Clause: Pokémon in a team must share a type","|clearpoke","|poke|p1|Electrode","|poke|p1|Zapdos","|poke|p1|Electivire, M","|poke|p1|Ampharos, F","|poke|p1|Electabuzz, M","|poke|p1|Rotom-Wash","|poke|p2|Skarmory, M","|poke|p2|Heatran, M","|poke|p2|Scizor, M","|poke|p2|Bisharp, F","|poke|p2|Doublade, M","|poke|p2|Magnezone","|rule|Sleep Clause Mod: Limit one foe put to sleep","|rule|Species Clause: Limit one of each Pokémon","|rule|OHKO Clause: OHKO moves are banned","|rule|Moody Clause: Moody is banned","|rule|Evasion Moves Clause: Evasion moves are banned","|rule|Endless Battle Clause: Forcing endless battles is banned","|rule|HP Percentage Mod: HP is shown in percentages","|teampreview","|","|start","|switch|p1a: Electrode|Electrode|261/261","|switch|p2a: Skarmory|Skarmory, M|333/333","|turn|1","|","|move|p1a: Electrode|Volt Switch|p2a: Skarmory","|-supereffective|p2a: Skarmory","|-damage|p2a: Skarmory|79/333","|","|switch|p1a: Zapdos|Zapdos|384/384","|-ability|p1a: Zapdos|Pressure","|move|p2a: Skarmory|Stealth Rock|p1a: Zapdos","|-sidestart|p1: Alliance-C-Control|move: Stealth Rock","|","|turn|2","|","|switch|p2a: Bisharp|Bisharp, F|333/333","|move|p1a: Zapdos|Heat Wave|p2a: Bisharp","|-supereffective|p2a: Bisharp","|-damage|p2a: Bisharp|13/333","|","|turn|3","|","|move|p1a: Zapdos|Volt Switch|p2a: Bisharp","|-damage|p2a: Bisharp|0 fnt","|faint|p2a: Bisharp","|","|switch|p1a: Rotom-Wash|Rotom-Wash|241/241","|-damage|p1a: Rotom-Wash|211/241|[from] Stealth Rock","|","|","|switch|p2a: Heatran|Heatran, M|386/386","|turn|4","|","|move|p1a: Rotom-Wash|Hydro Pump|p2a: Heatran|[miss]","|-miss|p1a: Rotom-Wash|p2a: Heatran","|move|p2a: Heatran|Toxic|p1a: Rotom-Wash","|-status|p1a: Rotom-Wash|tox","|","|-damage|p1a: Rotom-Wash|196/241 tox|[from] psn","|turn|5","|","|move|p2a: Heatran|Protect|p2a: Heatran","|-singleturn|p2a: Heatran|Protect","|move|p1a: Rotom-Wash|Volt Switch|p2a: Heatran","|-activate|p2a: Heatran|Protect","|","|-damage|p1a: Rotom-Wash|166/241 tox|[from] psn","|turn|6","|","|move|p1a: Rotom-Wash|Hydro Pump|p2a: Heatran","|-supereffective|p2a: Heatran","|-damage|p2a: Heatran|180/386","|move|p2a: Heatran|Magma Storm|p1a: Rotom-Wash","|-resisted|p1a: Rotom-Wash","|-damage|p1a: Rotom-Wash|94/241 tox","|-activate|p1a: Rotom-Wash|move: Magma Storm|[of] p2a: Heatran","|","|-heal|p2a: Heatran|204/386|[from] item: Leftovers","|-damage|p1a: Rotom-Wash|49/241 tox|[from] psn","|-damage|p1a: Rotom-Wash|19/241 tox|[from] move: Magma Storm|[partiallytrapped]","|turn|7","|","|move|p2a: Heatran|Protect|p2a: Heatran","|-singleturn|p2a: Heatran|Protect","|move|p1a: Rotom-Wash|Pain Split|p2a: Heatran","|-activate|p2a: Heatran|Protect","|","|-heal|p2a: Heatran|228/386|[from] item: Leftovers","|-damage|p1a: Rotom-Wash|0 fnt|[from] psn","|faint|p1a: Rotom-Wash","|","|switch|p1a: Electivire|Electivire, M|353/353","|-damage|p1a: Electivire|309/353|[from] Stealth Rock","|turn|8","|","|switch|p2a: Doublade|Doublade, M|321/321","|move|p1a: Electivire|Earthquake|p2a: Doublade","|-supereffective|p2a: Doublade","|-damage|p2a: Doublade|205/321","|","|turn|9","|","|switch|p2a: Skarmory|Skarmory, M|79/333","|move|p1a: Electivire|Earthquake|p2a: Skarmory","|-immune|p2a: Skarmory|[msg]","|","|turn|10","|","|move|p1a: Electivire|Thunder Punch|p2a: Skarmory","|-supereffective|p2a: Skarmory","|-damage|p2a: Skarmory|0 fnt","|-damage|p1a: Electivire|251/353|[from] item: Rocky Helmet|[of] p2a: Skarmory","|faint|p2a: Skarmory","|","|","|switch|p2a: Doublade|Doublade, M|205/321","|turn|11","|","|move|p1a: Electivire|Thunder Punch|p2a: Doublade","|-damage|p2a: Doublade|133/321","|move|p2a: Doublade|Swords Dance|p2a: Doublade","|-boost|p2a: Doublade|atk|2","|","|turn|12","|","|move|p2a: Doublade|Shadow Sneak|p1a: Electivire","|-damage|p1a: Electivire|61/353","|move|p1a: Electivire|Earthquake|p2a: Doublade","|-supereffective|p2a: Doublade","|-damage|p2a: Doublade|17/321","|","|turn|13","|","|switch|p1a: Electabuzz|Electabuzz, M|271/271","|-damage|p1a: Electabuzz|238/271|[from] Stealth Rock","|move|p2a: Doublade|Shadow Sneak|p1a: Electabuzz","|-damage|p1a: Electabuzz|79/271","|","|turn|14","|","|move|p2a: Doublade|Shadow Sneak|p1a: Electabuzz","|-damage|p1a: Electabuzz|0 fnt","|faint|p1a: Electabuzz","|","|","|switch|p1a: Ampharos|Ampharos, F|383/383","|-damage|p1a: Ampharos|336/383|[from] Stealth Rock","|turn|15","|","|detailschange|p1a: Ampharos|Ampharos-Mega, F","|-mega|p1a: Ampharos|Ampharos|Ampharosite","|-ability|p1a: Ampharos|Mold Breaker","|move|p2a: Doublade|Shadow Sneak|p1a: Ampharos","|-damage|p1a: Ampharos|222/383","|move|p1a: Ampharos|Thunderbolt|p2a: Doublade","|-damage|p2a: Doublade|0 fnt","|faint|p2a: Doublade","|","|","|switch|p2a: Heatran|Heatran, M|228/386","|turn|16","|","|move|p2a: Heatran|Magma Storm|p1a: Ampharos","|-resisted|p1a: Ampharos","|-damage|p1a: Ampharos|159/383","|-activate|p1a: Ampharos|move: Magma Storm|[of] p2a: Heatran","|move|p1a: Ampharos|Focus Blast|p2a: Heatran|[miss]","|-miss|p1a: Ampharos|p2a: Heatran","|","|-heal|p2a: Heatran|252/386|[from] item: Leftovers","|-damage|p1a: Ampharos|112/383|[from] move: Magma Storm|[partiallytrapped]","|turn|17","|","|move|p2a: Heatran|Protect|p2a: Heatran","|-singleturn|p2a: Heatran|Protect","|move|p1a: Ampharos|Focus Blast|p2a: Heatran","|-activate|p2a: Heatran|Protect","|","|-heal|p2a: Heatran|276/386|[from] item: Leftovers","|-damage|p1a: Ampharos|65/383|[from] move: Magma Storm|[partiallytrapped]","|turn|18","|","|move|p2a: Heatran|Flash Cannon|p1a: Ampharos","|-resisted|p1a: Ampharos","|-damage|p1a: Ampharos|18/383","|move|p1a: Ampharos|Thunderbolt|p2a: Heatran","|-damage|p2a: Heatran|143/386","|","|-heal|p2a: Heatran|167/386|[from] item: Leftovers","|-damage|p1a: Ampharos|0 fnt|[from] move: Magma Storm|[partiallytrapped]","|faint|p1a: Ampharos","|","|switch|p1a: Electrode|Electrode|261/261","|-damage|p1a: Electrode|229/261|[from] Stealth Rock","|turn|19","|","|move|p2a: Heatran|Protect|p2a: Heatran","|-singleturn|p2a: Heatran|Protect","|move|p1a: Electrode|Electro Ball|p2a: Heatran","|-activate|p2a: Heatran|Protect","|","|-heal|p2a: Heatran|191/386|[from] item: Leftovers","|turn|20","|","|switch|p1a: Zapdos|Zapdos|384/384","|-damage|p1a: Zapdos|288/384|[from] Stealth Rock","|-ability|p1a: Zapdos|Pressure","|move|p2a: Heatran|Toxic|p1a: Zapdos","|-status|p1a: Zapdos|tox","|","|-heal|p1a: Zapdos|312/384 tox|[from] item: Leftovers","|-heal|p2a: Heatran|215/386|[from] item: Leftovers","|-damage|p1a: Zapdos|288/384 tox|[from] psn","|turn|21","|","|move|p1a: Zapdos|Defog|p2a: Heatran","|-unboost|p2a: Heatran|evasion|1","|-sideend|p1: Alliance-C-Control|Stealth Rock|[from] move: Defog|[of] p1a: Zapdos","|move|p2a: Heatran|Magma Storm|p1a: Zapdos","|-damage|p1a: Zapdos|125/384 tox","|-activate|p1a: Zapdos|move: Magma Storm|[of] p2a: Heatran","|","|-heal|p1a: Zapdos|149/384 tox|[from] item: Leftovers","|-heal|p2a: Heatran|239/386|[from] item: Leftovers","|-damage|p1a: Zapdos|101/384 tox|[from] psn","|-damage|p1a: Zapdos|53/384 tox|[from] move: Magma Storm|[partiallytrapped]","|turn|22","|","|move|p2a: Heatran|Protect|p2a: Heatran","|-singleturn|p2a: Heatran|Protect","|move|p1a: Zapdos|Roost|p1a: Zapdos","|-heal|p1a: Zapdos|245/384 tox","|","|-heal|p1a: Zapdos|269/384 tox|[from] item: Leftovers","|-heal|p2a: Heatran|263/386|[from] item: Leftovers","|-damage|p1a: Zapdos|197/384 tox|[from] psn","|-damage|p1a: Zapdos|149/384 tox|[from] move: Magma Storm|[partiallytrapped]","|turn|23","|","|move|p1a: Zapdos|Volt Switch|p2a: Heatran","|-damage|p2a: Heatran|163/386","|","|switch|p1a: Electrode|Electrode|229/261","|move|p2a: Heatran|Flash Cannon|p1a: Electrode","|-resisted|p1a: Electrode","|-damage|p1a: Electrode|156/261","|","|-heal|p2a: Heatran|187/386|[from] item: Leftovers","|turn|24","|","|move|p2a: Heatran|Protect|p2a: Heatran","|-singleturn|p2a: Heatran|Protect","|move|p1a: Electrode|Electro Ball|p2a: Heatran","|-activate|p2a: Heatran|Protect","|","|-heal|p2a: Heatran|211/386|[from] item: Leftovers","|turn|25","|","|move|p1a: Electrode|Electro Ball|p2a: Heatran","|-damage|p2a: Heatran|109/386","|move|p2a: Heatran|Toxic|p1a: Electrode","|-status|p1a: Electrode|tox","|","|-heal|p2a: Heatran|133/386|[from] item: Leftovers","|-damage|p1a: Electrode|140/261 tox|[from] psn","|turn|26","|","|move|p2a: Heatran|Protect|p2a: Heatran","|-singleturn|p2a: Heatran|Protect","|move|p1a: Electrode|Electro Ball|p2a: Heatran","|-activate|p2a: Heatran|Protect","|","|-heal|p2a: Heatran|157/386|[from] item: Leftovers","|-damage|p1a: Electrode|108/261 tox|[from] psn","|turn|27","|","|switch|p2a: Magnezone|Magnezone|281/281","|move|p1a: Electrode|Electro Ball|p2a: Magnezone","|-resisted|p2a: Magnezone","|-damage|p2a: Magnezone|236/281","|","|-damage|p1a: Electrode|60/261 tox|[from] psn","|turn|28","|","|move|p1a: Electrode|Electro Ball|p2a: Magnezone","|-resisted|p2a: Magnezone","|-damage|p2a: Magnezone|193/281","|move|p2a: Magnezone|Flash Cannon|p1a: Electrode","|-resisted|p1a: Electrode","|-damage|p1a: Electrode|0 fnt","|faint|p1a: Electrode","|","|","|switch|p1a: Electivire|Electivire, M|61/353","|turn|29","|-enditem|p1a: Electivire|Custap Berry|[eat]","|-activate|p1a: Electivire|Custap Berry","|","|move|p1a: Electivire|Earthquake|p2a: Magnezone","|-supereffective|p2a: Magnezone","|-damage|p2a: Magnezone|0 fnt","|faint|p2a: Magnezone","|","|","|switch|p2a: Scizor|Scizor, M|343/343","|turn|30","|","|switch|p1a: Zapdos|Zapdos|149/384 tox","|-ability|p1a: Zapdos|Pressure","|detailschange|p2a: Scizor|Scizor-Mega, M","|-mega|p2a: Scizor|Scizor|Scizorite","|move|p2a: Scizor|Bullet Punch|p1a: Zapdos","|-resisted|p1a: Zapdos","|-damage|p1a: Zapdos|78/384 tox","|","|-heal|p1a: Zapdos|102/384 tox|[from] item: Leftovers","|-damage|p1a: Zapdos|78/384 tox|[from] psn","|turn|31","|","|move|p2a: Scizor|Bullet Punch|p1a: Zapdos","|-resisted|p1a: Zapdos","|-damage|p1a: Zapdos|6/384 tox","|move|p1a: Zapdos|Volt Switch|p2a: Scizor","|-crit|p2a: Scizor","|-damage|p2a: Scizor|141/343","|","|switch|p1a: Electivire|Electivire, M|61/353","|","|turn|32","|","|move|p2a: Scizor|Bullet Punch|p1a: Electivire","|-crit|p1a: Electivire","|-resisted|p1a: Electivire","|-damage|p1a: Electivire|0 fnt","|faint|p1a: Electivire","|","|","|switch|p1a: Zapdos|Zapdos|6/384 tox","|-ability|p1a: Zapdos|Pressure","|turn|33","|","|move|p2a: Scizor|Bullet Punch|p1a: Zapdos","|-resisted|p1a: Zapdos","|-damage|p1a: Zapdos|0 fnt","|faint|p1a: Zapdos","|","|win|Hypershaymin"],"p1rating":{"entryid":"6440455","serverid":"eos","formatid":"monotype","userid":"allianceccontrol","username":"Alliance-C-Control","w":"214","l":285,"t":"0","gxe":41.5,"r":"1435.8579604977","rd":"25","sigma":"0","rptime":"1438246800","rpr":1435.2559415259,"rprd":25,"rpsigma":"0","acre":1082.9009713793,"lacre":1082.9009713793,"oldacre":"1115.9475425213"},"p2rating":{"entryid":"6057309","serverid":"eos","formatid":"monotype","userid":"hypershaymin","username":"hypershaymin","w":1,"l":"5","t":"0","gxe":36.8,"r":"1395.7503930563","rd":"117.91367496974","sigma":"0","rptime":"1438246800","rpr":1393.7387990459,"rprd":104.08016799369,"rpsigma":"0","acre":1052.8745138272,"lacre":1052.8745138272,"oldacre":"1000"},"endType":"normal"}