{"seed":[63598,48407,19451,39892],"turns":35,"p1":"yung draco - ⓝⓔⓞ","p2":"Metalyte","p1team":[{"name":"Altaria","species":"Altaria","item":"altarianite","ability":"Natural Cure","moves":["refresh","dragondance","roost","return"],"nature":"Adamant","evs":{"hp":0,"atk":252,"def":0,"spa":0,"spd":96,"spe":160},"ivs":{"hp":31,"atk":31,"def":31,"spa":31,"spd":31,"spe":31}},{"name":"Garchomp","species":"Garchomp","item":"rockyhelmet","ability":"Rough Skin","moves":["stealthrock","dragontail","fireblast","earthquake"],"nature":"Serious","evs":{"hp":144,"atk":16,"def":252,"spa":0,"spd":0,"spe":96},"ivs":{"hp":31,"atk":31,"def":31,"spa":31,"spd":31,"spe":31}},{"name":"Goodra","species":"Goodra","item":"assaultvest","ability":"Gooey","moves":["sludgewave","dragonpulse","thunderbolt","flamethrower"],"nature":"Calm","evs":{"hp":248,"atk":0,"def":0,"spa":8,"spd":252,"spe":0},"ivs":{"hp":31,"atk":31,"def":31,"spa":31,"spd":31,"spe":31}},{"name":"Kyurem-Black","species":"Kyurem-Black","item":"choicescarf","ability":"Teravolt","moves":["ironhead","icebeam","fusionbolt","outrage"],"nature":"Naive","evs":{"hp":0,"atk":252,"def":0,"spa":4,"spd":0,"spe":252},"ivs":{"hp":31,"atk":31,"def":31,"spa":31,"spd":31,"spe":31}},{"name":"Kingdra","species":"Kingdra","item":"scopelens","ability":"Sniper","moves":["focusenergy","agility","dracometeor","surf"],"nature":"Timid","evs":{"hp":0,"atk":0,"def":0,"spa":252,"spd":4,"spe":252},"ivs":{"hp":31,"atk":31,"def":31,"spa":31,"spd":31,"spe":31}},{"name":"Dragonite","species":"Dragonite","item":"weaknesspolicy","ability":"Multiscale","moves":["roost","earthquake","dragonclaw","dragondance"],"nature":"Jolly","evs":{"hp":0,"atk":252,"def":0,"spa":0,"spd":4,"spe":252},"ivs":{"hp":31,"atk":31,"def":31,"spa":31,"spd":31,"spe":31}}],"p2team":[{"name":"Diggersby","species":"Diggersby","item":"choiceband","ability":"Huge Power","moves":["frustration","wildcharge","earthquake","quickattack"],"nature":"Adamant","evs":{"hp":5,"atk":252,"def":0,"spa":0,"spd":0,"spe":252},"happiness":0,"ivs":{"hp":31,"atk":31,"def":31,"spa":31,"spd":31,"spe":31}},{"name":"Porygon2","species":"Porygon2","item":"eviolite","ability":"Trace","moves":["recover","thunderwave","thunderbolt","icebeam"],"nature":"Calm","evs":{"hp":248,"atk":0,"def":0,"spa":8,"spd":252,"spe":0},"ivs":{"hp":31,"atk":31,"def":31,"spa":31,"spd":31,"spe":31}},{"name":"Regigigas","species":"Regigigas","item":"leftovers","ability":"Slow Start","moves":["thunderwave","drainpunch","earthquake","return"],"nature":"Adamant","evs":{"hp":252,"atk":252,"def":0,"spa":0,"spd":4,"spe":0},"ivs":{"hp":31,"atk":31,"def":31,"spa":31,"spd":31,"spe":31}},{"name":"Meloetta","species":"Meloetta","item":"assaultvest","ability":"Serene Grace","moves":["psychic","hypervoice","thunderbolt","shadowball"],"nature":"Modest","evs":{"hp":248,"atk":0,"def":0,"spa":252,"spd":8,"spe":0},"ivs":{"hp":31,"atk":31,"def":31,"spa":31,"spd":31,"spe":31}},{"name":"Staraptor","species":"Staraptor","item":"choicescarf","ability":"Reckless","moves":["bravebird","return","closecombat","uturn"],"nature":"Jolly","evs":{"hp":0,"atk":252,"def":0,"spa":0,"spd":4,"spe":252},"ivs":{"hp":31,"atk":31,"def":31,"spa":31,"spd":31,"spe":31}},{"name":"Audino","species":"Audino","item":"audinite","ability":"Regenerator","moves":["wish","protect","healbell","dazzlinggleam"],"nature":"Bold","evs":{"hp":248,"atk":0,"def":252,"spa":8,"spd":0,"spe":0},"ivs":{"hp":31,"atk":31,"def":31,"spa":31,"spd":31,"spe":31}}],"log":["|player|p1|yung draco - ⓝⓔⓞ|143","|player|p2|Metalyte|165","|gametype|singles","|gen|6","|tier|Monotype","|rated","|rule|Baton Pass Clause: Limit one Baton Passer, can't pass Spe and other stats simultaneously","|rule|Swagger Clause: Swagger is banned","|rule|Same Type Clause: Pokémon in a team must share a type","|clearpoke","|poke|p1|Altaria, F","|poke|p1|Garchomp, M","|poke|p1|Goodra, M","|poke|p1|Kyurem-Black","|poke|p1|Kingdra, F","|poke|p1|Dragonite, F","|poke|p2|Diggersby, M","|poke|p2|Porygon2","|poke|p2|Regigigas","|poke|p2|Meloetta","|poke|p2|Staraptor, F","|poke|p2|Audino, F","|rule|Sleep Clause Mod: Limit one foe put to sleep","|rule|Species Clause: Limit one of each Pokémon","|rule|OHKO Clause: OHKO moves are banned","|rule|Moody Clause: Moody is banned","|rule|Evasion Moves Clause: Evasion moves are banned","|rule|Endless Battle Clause: Forcing endless battles is banned","|rule|HP Percentage Mod: HP is shown in percentages","|teampreview","|","|start","|switch|p1a: Garchomp|Garchomp, M|393/393","|switch|p2a: Staraptor|Staraptor, F|311/311","|turn|1","|","|move|p2a: Staraptor|U-turn|p1a: Garchomp","|-damage|p1a: Garchomp|333/393","|-damage|p2a: Staraptor|273/311|[from] ability: Rough Skin|[of] p1a: Garchomp","|-damage|p2a: Staraptor|222/311|[from] item: Rocky Helmet|[of] p1a: Garchomp","|","|switch|p2a: Audino|Audino, F|409/409","|move|p1a: Garchomp|Stealth Rock|p2a: Audino","|-sidestart|p2: Metalyte|move: Stealth Rock","|","|turn|2","|","|detailschange|p2a: Audino|Audino-Mega, F","|-mega|p2a: Audino|Audino|Audinite","|move|p1a: Garchomp|Earthquake|p2a: Audino","|-damage|p2a: Audino|322/409","|move|p2a: Audino|Dazzling Gleam|p1a: Garchomp","|-supereffective|p1a: Garchomp","|-damage|p1a: Garchomp|147/393","|","|turn|3","|","|move|p1a: Garchomp|Earthquake|p2a: Audino","|-damage|p2a: Audino|222/409","|move|p2a: Audino|Wish|p2a: Audino","|","|turn|4","|","|move|p1a: Garchomp|Earthquake|p2a: Audino","|-damage|p2a: Audino|132/409","|move|p2a: Audino|Dazzling Gleam|p1a: Garchomp","|-supereffective|p1a: Garchomp","|-damage|p1a: Garchomp|0 fnt","|faint|p1a: Garchomp","|","|-heal|p2a: Audino|336/409|[from] move: Wish|[wisher] Audino","|","|switch|p1a: Goodra|Goodra, M|383/383","|turn|5","|","|move|p1a: Goodra|Sludge Wave|p2a: Audino","|-supereffective|p2a: Audino","|-damage|p2a: Audino|204/409","|move|p2a: Audino|Dazzling Gleam|p1a: Goodra","|-supereffective|p1a: Goodra","|-damage|p1a: Goodra|321/383","|","|turn|6","|","|move|p1a: Goodra|Sludge Wave|p2a: Audino","|-supereffective|p2a: Audino","|-damage|p2a: Audino|58/409","|-status|p2a: Audino|psn","|move|p2a: Audino|Wish|p2a: Audino","|","|-damage|p2a: Audino|7/409 psn|[from] psn","|turn|7","|","|move|p2a: Audino|Protect|p2a: Audino","|-singleturn|p2a: Audino|Protect","|move|p1a: Goodra|Sludge Wave|p2a: Audino","|-activate|p2a: Audino|Protect","|","|-heal|p2a: Audino|211/409 psn|[from] move: Wish|[wisher] Audino","|-damage|p2a: Audino|160/409 psn|[from] psn","|turn|8","|","|move|p1a: Goodra|Sludge Wave|p2a: Audino","|-supereffective|p2a: Audino","|-damage|p2a: Audino|20/409 psn","|move|p2a: Audino|Heal Bell|p2a: Audino","|-cureteam|p2a: Audino|[from] move: HealBell","|","|turn|9","|","|move|p1a: Goodra|Sludge Wave|p2a: Audino","|-supereffective|p2a: Audino","|-damage|p2a: Audino|0 fnt","|faint|p2a: Audino","|","|","|switch|p2a: Diggersby|Diggersby, M|312/312","|-damage|p2a: Diggersby|293/312|[from] Stealth Rock","|turn|10","|","|move|p2a: Diggersby|Frustration|p1a: Goodra","|-crit|p1a: Goodra","|-damage|p1a: Goodra|0 fnt","|-unboost|p2a: Diggersby|spe|1","|faint|p1a: Goodra","|","|","|switch|p1a: Kingdra|Kingdra, F|291/291","|turn|11","|","|switch|p2a: Meloetta|Meloetta|403/403","|-damage|p2a: Meloetta|353/403|[from] Stealth Rock","|move|p1a: Kingdra|Surf|p2a: Meloetta","|-damage|p2a: Meloetta|278/403","|","|turn|12","|","|switch|p1a: Dragonite|Dragonite, F|323/323","|move|p2a: Meloetta|Hyper Voice|p1a: Dragonite","|-damage|p1a: Dragonite|239/323","|","|turn|13","|","|move|p1a: Dragonite|Dragon Dance|p1a: Dragonite","|-boost|p1a: Dragonite|atk|1","|-boost|p1a: Dragonite|spe|1","|move|p2a: Meloetta|Thunderbolt|p1a: Dragonite","|-crit|p1a: Dragonite","|-damage|p1a: Dragonite|54/323","|","|turn|14","|","|move|p1a: Dragonite|Dragon Claw|p2a: Meloetta","|-damage|p2a: Meloetta|17/403","|move|p2a: Meloetta|Thunderbolt|p1a: Dragonite","|-damage|p1a: Dragonite|0 fnt","|faint|p1a: Dragonite","|","|","|switch|p1a: Kingdra|Kingdra, F|291/291","|turn|15","|","|move|p1a: Kingdra|Agility|p1a: Kingdra","|-boost|p1a: Kingdra|spe|2","|move|p2a: Meloetta|Hyper Voice|p1a: Kingdra","|-damage|p1a: Kingdra|125/291","|","|turn|16","|","|move|p1a: Kingdra|Surf|p2a: Meloetta","|-damage|p2a: Meloetta|0 fnt","|faint|p2a: Meloetta","|","|","|switch|p2a: Diggersby|Diggersby, M|293/312","|-damage|p2a: Diggersby|274/312|[from] Stealth Rock","|turn|17","|","|move|p2a: Diggersby|Quick Attack|p1a: Kingdra","|-damage|p1a: Kingdra|0 fnt","|faint|p1a: Kingdra","|","|","|switch|p1a: Altaria|Altaria, F|291/291","|turn|18","|","|detailschange|p1a: Altaria|Altaria-Mega, F","|-mega|p1a: Altaria|Altaria|Altarianite","|move|p2a: Diggersby|Quick Attack|p1a: Altaria","|-damage|p1a: Altaria|159/291","|move|p1a: Altaria|Return|p2a: Diggersby","|-damage|p2a: Diggersby|0 fnt","|faint|p2a: Diggersby","|","|","|switch|p2a: Porygon2|Porygon2|373/373","|-damage|p2a: Porygon2|327/373|[from] Stealth Rock","|-ability|p2a: Porygon2|Pixilate|[from] ability: Trace|[of] p1a: Altaria","|turn|19","|","|move|p1a: Altaria|Roost|p1a: Altaria","|-heal|p1a: Altaria|291/291","|move|p2a: Porygon2|Thunder Wave|p1a: Altaria","|-status|p1a: Altaria|par","|","|turn|20","|","|move|p2a: Porygon2|Ice Beam|p1a: Altaria","|-supereffective|p1a: Altaria","|-damage|p1a: Altaria|161/291 par","|move|p1a: Altaria|Dragon Dance|p1a: Altaria","|-boost|p1a: Altaria|atk|1","|-boost|p1a: Altaria|spe|1","|","|turn|21","|","|move|p2a: Porygon2|Ice Beam|p1a: Altaria","|-supereffective|p1a: Altaria","|-damage|p1a: Altaria|27/291 par","|move|p1a: Altaria|Refresh|p1a: Altaria","|-curestatus|p1a: Altaria|par","|","|turn|22","|","|switch|p2a: Staraptor|Staraptor, F|222/311","|-damage|p2a: Staraptor|145/311|[from] Stealth Rock","|move|p1a: Altaria|Return|p2a: Staraptor","|-damage|p2a: Staraptor|0 fnt","|faint|p2a: Staraptor","|","|","|switch|p2a: Regigigas|Regigigas|424/424","|-damage|p2a: Regigigas|371/424|[from] Stealth Rock","|-start|p2a: Regigigas|Slow Start","|turn|23","|","|move|p1a: Altaria|Return|p2a: Regigigas","|-damage|p2a: Regigigas|77/424","|move|p2a: Regigigas|Return|p1a: Altaria","|-damage|p1a: Altaria|0 fnt","|faint|p1a: Altaria","|","|-heal|p2a: Regigigas|103/424|[from] item: Leftovers","|","|switch|p1a: Kyurem-Black|Kyurem-Black|391/391","|-ability|p1a: Kyurem-Black|Teravolt","|turn|24","|","|move|p1a: Kyurem-Black|Outrage|p2a: Regigigas","|-damage|p2a: Regigigas|0 fnt","|faint|p2a: Regigigas","|-end|p2a: Regigigas|Slow Start|[silent]","|","|","|-end|p2: Regigigas|Slow Start|[silent]","|switch|p2a: Porygon2|Porygon2|327/373","|-damage|p2a: Porygon2|281/373|[from] Stealth Rock","|-ability|p2a: Porygon2|Teravolt|[from] ability: Trace|[of] p1a: Kyurem-Black","|-ability|p2a: Porygon2|Teravolt","|turn|25","|","|move|p1a: Kyurem-Black|Outrage|p2a: Porygon2","|-damage|p2a: Porygon2|89/373","|move|p2a: Porygon2|Thunder Wave|p1a: Kyurem-Black","|-status|p1a: Kyurem-Black|par","|","|turn|26","|","|move|p2a: Porygon2|Recover|p2a: Porygon2","|-heal|p2a: Porygon2|276/373","|cant|p1a: Kyurem-Black|par","|","|-start|p1a: Kyurem-Black|confusion|[fatigue]","|turn|27","|","|move|p2a: Porygon2|Recover|p2a: Porygon2","|-heal|p2a: Porygon2|373/373","|-activate|p1a: Kyurem-Black|confusion","|move|p1a: Kyurem-Black|Outrage|p2a: Porygon2","|-damage|p2a: Porygon2|190/373","|","|turn|28","|","|move|p2a: Porygon2|Recover|p2a: Porygon2","|-heal|p2a: Porygon2|373/373","|-activate|p1a: Kyurem-Black|confusion","|move|p1a: Kyurem-Black|Outrage|p2a: Porygon2","|-damage|p2a: Porygon2|169/373","|","|turn|29","|","|move|p2a: Porygon2|Recover|p2a: Porygon2","|-heal|p2a: Porygon2|356/373","|-activate|p1a: Kyurem-Black|confusion","|cant|p1a: Kyurem-Black|par","|","|turn|30","|","|move|p2a: Porygon2|Ice Beam|p1a: Kyurem-Black","|-damage|p1a: Kyurem-Black|294/391 par","|-activate|p1a: Kyurem-Black|confusion","|move|p1a: Kyurem-Black|Outrage|p2a: Porygon2","|-damage|p2a: Porygon2|175/373","|","|turn|31","|","|move|p2a: Porygon2|Recover|p2a: Porygon2","|-heal|p2a: Porygon2|362/373","|-end|p1a: Kyurem-Black|confusion","|move|p1a: Kyurem-Black|Outrage|p2a: Porygon2","|-damage|p2a: Porygon2|169/373","|","|turn|32","|","|move|p2a: Porygon2|Recover|p2a: Porygon2","|-heal|p2a: Porygon2|356/373","|cant|p1a: Kyurem-Black|par","|","|-start|p1a: Kyurem-Black|confusion|[fatigue]","|turn|33","|","|move|p2a: Porygon2|Ice Beam|p1a: Kyurem-Black","|-damage|p1a: Kyurem-Black|200/391 par","|-activate|p1a: Kyurem-Black|confusion","|-damage|p1a: Kyurem-Black|144/391 par|[from] confusion","|","|turn|34","|","|move|p2a: Porygon2|Ice Beam|p1a: Kyurem-Black","|-damage|p1a: Kyurem-Black|49/391 par","|-end|p1a: Kyurem-Black|confusion","|move|p1a: Kyurem-Black|Outrage|p2a: Porygon2","|-damage|p2a: Porygon2|157/373","|","|turn|35","|","|move|p2a: Porygon2|Ice Beam|p1a: Kyurem-Black","|-damage|p1a: Kyurem-Black|0 fnt","|faint|p1a: Kyurem-Black","|","|win|Metalyte"],"p1rating":{"entryid":"6653831","serverid":"eos","formatid":"monotype","userid":"yungdraco","username":"Yung draco - ⓦⓐⓘⓣ","w":"20","l":8,"t":"0","gxe":66,"r":"1651.3041119871","rd":"71.308485470839","sigma":"0","rptime":"1438333200","rpr":1627.1535776751,"rprd":64.687776207369,"rpsigma":"0","acre":1230.8931938761,"lacre":1230.8931938761,"oldacre":"1261.9572183121"},"p2rating":{"entryid":"6571486","serverid":"eos","formatid":"monotype","userid":"metalyte","username":"Metalyte","w":35,"l":"25","t":"0","gxe":55.8,"r":"1548.0608741386","rd":"51.348713129493","sigma":"0","rptime":"1438333200","rpr":1543.8530539733,"rprd":47.779120860509,"rpsigma":"0","acre":1207.0332288737,"lacre":1207.0332288737,"oldacre":"1175.9692044377"},"endType":"normal"}