{"seed":[13237,4532,44959,43310],"turns":23,"p1":"Deucez","p2":"Union✘Entropy","p1team":[{"name":"Aegislash","species":"Aegislash","item":"weaknesspolicy","ability":"Stance Change","moves":["kingsshield","swordsdance","shadowsneak","sacredsword"],"nature":"Adamant","evs":{"hp":208,"atk":252,"def":40,"spa":0,"spd":8,"spe":0},"gender":"M","ivs":{"hp":31,"atk":31,"def":31,"spa":31,"spd":31,"spe":0},"shiny":true},{"name":"Gengar","species":"Gengar","item":"focussash","ability":"Levitate","moves":["sludgewave","focusblast","shadowball","destinybond"],"nature":"Timid","evs":{"hp":0,"atk":0,"def":0,"spa":252,"spd":4,"spe":252},"gender":"M","shiny":true,"ivs":{"hp":31,"atk":31,"def":31,"spa":31,"spd":31,"spe":31}},{"name":"Jellicent","species":"Jellicent","item":"leftovers","ability":"Cursed Body","moves":["toxic","acidarmor","scald","recover"],"nature":"Calm","evs":{"hp":252,"atk":0,"def":4,"spa":0,"spd":252,"spe":0},"gender":"M","shiny":true,"ivs":{"hp":31,"atk":31,"def":31,"spa":31,"spd":31,"spe":31}},{"name":"Chandelure","species":"Chandelure","item":"choicescarf","ability":"Infiltrator","moves":["fireblast","energyball","darkpulse","shadowball"],"nature":"Modest","evs":{"hp":4,"atk":0,"def":0,"spa":252,"spd":0,"spe":252},"gender":"M","shiny":true,"ivs":{"hp":31,"atk":31,"def":31,"spa":31,"spd":31,"spe":31}},{"name":"Sableye","species":"Sableye","item":"sablenite","ability":"Prankster","moves":["calmmind","snarl","recover","willowisp"],"nature":"Bold","evs":{"hp":252,"atk":0,"def":252,"spa":0,"spd":4,"spe":0},"gender":"M","shiny":true,"ivs":{"hp":31,"atk":31,"def":31,"spa":31,"spd":31,"spe":31}},{"name":"Mismagius","species":"Mismagius","item":"leftovers","ability":"Levitate","moves":["taunt","willowisp","darkpulse","healbell"],"nature":"Timid","evs":{"hp":252,"atk":0,"def":40,"spa":0,"spd":0,"spe":216},"gender":"F","shiny":true,"ivs":{"hp":31,"atk":31,"def":31,"spa":31,"spd":31,"spe":31}}],"p2team":[{"name":"Rook","species":"golurk","item":"choiceband","ability":"No Guard","moves":["dynamicpunch","earthquake","shadowpunch","icepunch"],"nature":"Brave","evs":{"hp":248,"atk":252,"def":0,"spa":0,"spd":8,"spe":0},"ivs":{"hp":31,"atk":31,"def":30,"spa":31,"spd":30,"spe":31}},{"name":"Bishop","species":"trevenant","item":"sitrusberry","ability":"Harvest","moves":["hornleech","willowisp","substitute","leechseed"],"nature":"Careful","evs":{"hp":252,"atk":4,"def":0,"spa":0,"spd":252,"spe":0},"ivs":{"hp":31,"atk":31,"def":31,"spa":31,"spd":31,"spe":31}},{"name":"Knight","species":"aegislash","item":"leftovers","ability":"Stance Change","moves":["shadowball","shadowsneak","kingsshield","flashcannon"],"nature":"Quiet","evs":{"hp":244,"atk":0,"def":12,"spa":252,"spd":0,"spe":0},"ivs":{"hp":31,"atk":31,"def":31,"spa":31,"spd":31,"spe":31}},{"name":"King","species":"jellicent","item":"leftovers","ability":"Cursed Body","moves":["scald","toxic","trickroom","recover"],"nature":"Calm","evs":{"hp":252,"atk":0,"def":4,"spa":0,"spd":252,"spe":0},"gender":"M","ivs":{"hp":31,"atk":31,"def":31,"spa":31,"spd":31,"spe":0}},{"name":"Queen","species":"sableye","item":"sablenite","ability":"Prankster","moves":["recover","willowisp","darkpulse","calmmind"],"nature":"Bold","evs":{"hp":248,"atk":0,"def":252,"spa":8,"spd":0,"spe":0},"gender":"F","ivs":{"hp":31,"atk":31,"def":31,"spa":31,"spd":31,"spe":31}},{"name":"Pawn","species":"cofagrigus","item":"leftovers","ability":"Mummy","moves":["shadowball","willowisp","trickroom","destinybond"],"nature":"Sassy","evs":{"hp":252,"atk":0,"def":0,"spa":4,"spd":252,"spe":0},"ivs":{"hp":31,"atk":31,"def":31,"spa":31,"spd":31,"spe":0}}],"log":["|player|p1|Deucez|224","|player|p2|Union✘Entropy|290","|gametype|singles","|gen|6","|tier|Monotype","|rated","|rule|Baton Pass Clause: Limit one Baton Passer, can't pass Spe and other stats simultaneously","|rule|Swagger Clause: Swagger is banned","|rule|Same Type Clause: Pokémon in a team must share a type","|clearpoke","|poke|p1|Aegislash, M, shiny","|poke|p1|Gengar, M, shiny","|poke|p1|Jellicent, M, shiny","|poke|p1|Chandelure, M, shiny","|poke|p1|Sableye, M, shiny","|poke|p1|Mismagius, F, shiny","|poke|p2|Golurk","|poke|p2|Trevenant, M","|poke|p2|Aegislash, M","|poke|p2|Jellicent, M","|poke|p2|Sableye, F","|poke|p2|Cofagrigus, F","|rule|Sleep Clause Mod: Limit one foe put to sleep","|rule|Species Clause: Limit one of each Pokémon","|rule|OHKO Clause: OHKO moves are banned","|rule|Moody Clause: Moody is banned","|rule|Evasion Moves Clause: Evasion moves are banned","|rule|Endless Battle Clause: Forcing endless battles is banned","|rule|HP Percentage Mod: HP is shown in percentages","|teampreview","|","|start","|switch|p1a: Mismagius|Mismagius, F, shiny|324/324","|switch|p2a: Pawn|Cofagrigus, F|320/320","|turn|1","|","|move|p1a: Mismagius|Taunt|p2a: Pawn","|-start|p2a: Pawn|move: Taunt","|cant|p2a: Pawn|move: Taunt|Trick Room","|","|turn|2","|","|switch|p1a: Gengar|Gengar, M, shiny|261/261","|move|p2a: Pawn|Shadow Ball|p1a: Gengar","|-supereffective|p1a: Gengar","|-damage|p1a: Gengar|43/261","|-unboost|p1a: Gengar|spd|1","|","|turn|3","|","|move|p1a: Gengar|Shadow Ball|p2a: Pawn","|-supereffective|p2a: Pawn","|-damage|p2a: Pawn|110/320","|move|p2a: Pawn|Shadow Ball|p1a: Gengar","|-supereffective|p1a: Gengar","|-damage|p1a: Gengar|0 fnt","|faint|p1a: Gengar","|","|-heal|p2a: Pawn|130/320|[from] item: Leftovers","|-end|p2a: Pawn|move: Taunt","|","|switch|p1a: Chandelure|Chandelure, M, shiny|262/262","|turn|4","|","|move|p1a: Chandelure|Shadow Ball|p2a: Pawn","|-supereffective|p2a: Pawn","|-damage|p2a: Pawn|0 fnt","|faint|p2a: Pawn","|","|","|switch|p2a: King|Jellicent, M|404/404","|turn|5","|","|move|p1a: Chandelure|Shadow Ball|p2a: King","|-supereffective|p2a: King","|-damage|p2a: King|174/404","|-unboost|p2a: King|spd|1","|move|p2a: King|Trick Room|p2a: King","|-fieldstart|move: Trick Room|[of] p2a: King","|","|-heal|p2a: King|199/404|[from] item: Leftovers","|turn|6","|","|switch|p2a: Knight|Aegislash, M|322/322","|move|p1a: Chandelure|Shadow Ball|p2a: Knight","|-supereffective|p2a: Knight","|-damage|p2a: Knight|82/322","|","|-heal|p2a: Knight|102/322|[from] item: Leftovers","|turn|7","|","|-formechange|p2a: Knight|Aegislash-Blade","|move|p2a: Knight|Shadow Ball|p1a: Chandelure","|-supereffective|p1a: Chandelure","|-damage|p1a: Chandelure|0 fnt","|faint|p1a: Chandelure","|","|-heal|p2a: Knight|122/322|[from] item: Leftovers","|","|switch|p1a: Mismagius|Mismagius, F, shiny|324/324","|turn|8","|","|move|p2a: Knight|Shadow Ball|p1a: Mismagius","|-supereffective|p1a: Mismagius","|-damage|p1a: Mismagius|0 fnt","|faint|p1a: Mismagius","|","|-heal|p2a: Knight|142/322|[from] item: Leftovers","|","|switch|p1a: Jellicent|Jellicent, M, shiny|404/404","|turn|9","|","|switch|p2a: King|Jellicent, M|199/404","|move|p1a: Jellicent|Recover|p1a: Jellicent","|-fail|p1a: Jellicent","|","|-heal|p2a: King|224/404|[from] item: Leftovers","|-fieldend|move: Trick Room","|turn|10","|","|move|p1a: Jellicent|Scald|p2a: King","|-resisted|p2a: King","|-damage|p2a: King|197/404","|-status|p2a: King|brn","|move|p2a: King|Trick Room|p2a: King","|-fieldstart|move: Trick Room|[of] p2a: King","|","|-heal|p2a: King|222/404 brn|[from] item: Leftovers","|-damage|p2a: King|172/404 brn|[from] brn","|turn|11","|","|switch|p2a: Bishop|Trevenant, M|374/374","|move|p1a: Jellicent|Recover|p1a: Jellicent","|-fail|p1a: Jellicent","|","|turn|12","|","|move|p2a: Bishop|Substitute|p2a: Bishop","|-start|p2a: Bishop|Substitute","|-damage|p2a: Bishop|281/374","|move|p1a: Jellicent|Toxic|p2a: Bishop","|-fail|p2a: Bishop","|","|turn|13","|","|move|p2a: Bishop|Leech Seed|p1a: Jellicent","|-start|p1a: Jellicent|move: Leech Seed","|move|p1a: Jellicent|Scald|p2a: Bishop","|-resisted|p2a: Bishop","|-activate|p2a: Bishop|Substitute|[damage]","|","|-damage|p1a: Jellicent|354/404|[from] Leech Seed|[of] p2a: Bishop","|-heal|p2a: Bishop|331/374|[silent]","|turn|14","|","|move|p2a: Bishop|Horn Leech|p1a: Jellicent","|-supereffective|p1a: Jellicent","|-damage|p1a: Jellicent|108/404","|-heal|p2a: Bishop|374/374|[from] drain|[of] p1a: Jellicent","|-start|p2a: Bishop|Disable|Horn Leech","|move|p1a: Jellicent|Scald|p2a: Bishop","|-resisted|p2a: Bishop","|-activate|p2a: Bishop|Substitute|[damage]","|","|-heal|p1a: Jellicent|133/404|[from] item: Leftovers","|-damage|p1a: Jellicent|83/404|[from] Leech Seed|[of] p2a: Bishop","|-fieldend|move: Trick Room","|turn|15","|","|move|p1a: Jellicent|Scald|p2a: Bishop","|-resisted|p2a: Bishop","|-end|p2a: Bishop|Substitute","|move|p2a: Bishop|Substitute|p2a: Bishop","|-start|p2a: Bishop|Substitute","|-damage|p2a: Bishop|281/374","|","|-heal|p1a: Jellicent|108/404|[from] item: Leftovers","|-damage|p1a: Jellicent|58/404|[from] Leech Seed|[of] p2a: Bishop","|-heal|p2a: Bishop|331/374|[silent]","|turn|16","|","|move|p1a: Jellicent|Scald|p2a: Bishop","|-resisted|p2a: Bishop","|-activate|p2a: Bishop|Substitute|[damage]","|move|p2a: Bishop|Will-O-Wisp|p1a: Jellicent","|-status|p1a: Jellicent|brn","|","|-heal|p1a: Jellicent|83/404 brn|[from] item: Leftovers","|-damage|p1a: Jellicent|33/404 brn|[from] Leech Seed|[of] p2a: Bishop","|-heal|p2a: Bishop|374/374|[silent]","|-damage|p1a: Jellicent|0 fnt|[from] brn","|faint|p1a: Jellicent","|","|switch|p1a: Sableye|Sableye, M, shiny|304/304","|turn|17","|","|detailschange|p1a: Sableye|Sableye-Mega, M, shiny","|-mega|p1a: Sableye|Sableye|Sablenite","|move|p1a: Sableye|Calm Mind|p1a: Sableye","|-boost|p1a: Sableye|spa|1","|-boost|p1a: Sableye|spd|1","|move|p2a: Bishop|Leech Seed|p1a: Sableye","|move|p1a: Sableye|Leech Seed|p2a: Bishop|[from]Magic Bounce","|-immune|p2a: Bishop|[msg]","|","|turn|18","|","|move|p2a: Bishop|Substitute|p2a: Bishop","|-fail|p2a: Bishop|move: Substitute","|move|p1a: Sableye|Calm Mind|p1a: Sableye","|-boost|p1a: Sableye|spa|1","|-boost|p1a: Sableye|spd|1","|","|-end|p2a: Bishop|Disable","|turn|19","|","|move|p2a: Bishop|Horn Leech|p1a: Sableye","|-damage|p1a: Sableye|247/304","|move|p1a: Sableye|Calm Mind|p1a: Sableye","|-boost|p1a: Sableye|spa|1","|-boost|p1a: Sableye|spd|1","|","|turn|20","|","|switch|p2a: King|Jellicent, M|172/404 brn","|move|p1a: Sableye|Calm Mind|p1a: Sableye","|-boost|p1a: Sableye|spa|1","|-boost|p1a: Sableye|spd|1","|","|-heal|p2a: King|197/404 brn|[from] item: Leftovers","|-damage|p2a: King|147/404 brn|[from] brn","|turn|21","|","|move|p2a: King|Scald|p1a: Sableye","|-crit|p1a: Sableye","|-damage|p1a: Sableye|132/304","|-status|p1a: Sableye|brn","|move|p1a: Sableye|Snarl|p2a: King","|-supereffective|p2a: King","|-damage|p2a: King|0 fnt","|faint|p2a: King","|","|-damage|p1a: Sableye|94/304 brn|[from] brn","|","|switch|p2a: Rook|Golurk|381/381","|turn|22","|","|move|p2a: Rook|Earthquake|p1a: Sableye","|-damage|p1a: Sableye|0 fnt","|faint|p1a: Sableye","|","|","|switch|p1a: Aegislash|Aegislash, M, shiny|313/313","|turn|23","|","|move|p2a: Rook|Earthquake|p1a: Aegislash","|-supereffective|p1a: Aegislash","|-damage|p1a: Aegislash|0 fnt","|faint|p1a: Aegislash","|","|win|Union✘Entropy"],"p1rating":{"entryid":"7192012","serverid":"eos","formatid":"monotype","userid":"deucez","username":"Deucez","w":"13","l":14,"t":"0","gxe":49.6,"r":"1492.9988848144","rd":"66.768197845453","sigma":"0","rptime":"1438333200","rpr":1497.2838707918,"rprd":62.972928669843,"rpsigma":"0","acre":1160.578738685,"lacre":1160.578738685,"oldacre":"1198.4863846388"},"p2rating":{"entryid":"6825543","serverid":"eos","formatid":"monotype","userid":"unionentropy","username":"Union Entropy","w":13,"l":"33","t":"0","gxe":30,"r":"1369.8656192224","rd":"62.983365111144","sigma":"0","rptime":"1438333200","rpr":1338.8736787536,"rprd":55.980070475489,"rpsigma":"0","acre":1060.652233526,"lacre":1060.652233526,"oldacre":"1000"},"endType":"normal"}