{"seed":[57016,30667,61188,52714],"turns":25,"p1":"Marx-Bot","p2":"Carnie Marston","p1team":[{"name":"Shuckle","species":"Shuckle","item":"sitrusberry","ability":"Contrary","moves":["encore","toxic","rest","stealthrock"],"nature":"Calm","evs":{"hp":248,"atk":0,"def":8,"spa":0,"spd":252,"spe":0},"ivs":{"hp":31,"atk":31,"def":31,"spa":31,"spd":31,"spe":31}},{"name":"Terrakion","species":"Terrakion","item":"lifeorb","ability":"Justified","moves":["earthquake","stoneedge","sacredsword","xscissor"],"nature":"Jolly","evs":{"hp":0,"atk":252,"def":0,"spa":0,"spd":4,"spe":252},"ivs":{"hp":31,"atk":31,"def":31,"spa":31,"spd":31,"spe":31}},{"name":"Aerodactyl","species":"Aerodactyl","item":"aerodactylite","ability":"Rock Head","moves":["crunch","earthquake","rockslide","dragonclaw"],"nature":"Jolly","evs":{"hp":0,"atk":252,"def":0,"spa":0,"spd":4,"spe":252},"ivs":{"hp":31,"atk":31,"def":31,"spa":31,"spd":31,"spe":31}},{"name":"Cradily","species":"Cradily","item":"leftovers","ability":"Suction Cups","moves":["barrier","amnesia","toxic","hiddenpowerfire"],"nature":"Calm","evs":{"hp":252,"atk":0,"def":4,"spa":0,"spd":252,"spe":0},"gender":"F","ivs":{"atk":30,"spa":30,"spe":30,"hp":31,"def":31,"spd":31}},{"name":"Regirock","species":"Regirock","item":"rockyhelmet","ability":"Clear Body","moves":["earthquake","rockslide","thunderwave","stealthrock"],"nature":"Adamant","evs":{"hp":252,"atk":252,"def":0,"spa":0,"spd":4,"spe":0},"ivs":{"hp":31,"atk":31,"def":31,"spa":31,"spd":31,"spe":31}},{"name":"Tyranitar","species":"Tyranitar","item":"leftovers","ability":"Sand Stream","moves":["crunch","earthquake","firepunch","rockslide"],"nature":"Adamant","evs":{"hp":252,"atk":252,"def":0,"spa":0,"spd":4,"spe":0},"ivs":{"hp":31,"atk":31,"def":31,"spa":31,"spd":31,"spe":31}}],"p2team":[{"name":"Terrakion","species":"Terrakion","item":"focussash","ability":"Justified","moves":["earthquake","closecombat","ironhead","rockslide"],"nature":"Jolly","evs":{"hp":0,"atk":252,"def":0,"spa":0,"spd":4,"spe":252},"ivs":{"hp":31,"atk":31,"def":31,"spa":31,"spd":31,"spe":31}},{"name":"Tyranitar","species":"Tyranitar","item":"tyranitarite","ability":"Sand Stream","moves":["dragondance","rockslide","crunch","earthquake"],"nature":"Adamant","evs":{"hp":0,"atk":252,"def":0,"spa":0,"spd":4,"spe":252},"ivs":{"hp":31,"atk":31,"def":31,"spa":31,"spd":31,"spe":31}},{"name":"Rhyperior","species":"Rhyperior","item":"assaultvest","ability":"Solid Rock","moves":["earthquake","megahorn","icefang","rockwrecker"],"nature":"Adamant","evs":{"hp":248,"atk":252,"def":0,"spa":0,"spd":8,"spe":0},"ivs":{"hp":31,"atk":31,"def":31,"spa":31,"spd":31,"spe":31}},{"name":"Crustle","species":"Crustle","item":"airballoon","ability":"Sturdy","moves":["shellsmash","rockblast","xscissor","substitute"],"nature":"Adamant","evs":{"hp":0,"atk":252,"def":0,"spa":0,"spd":4,"spe":252},"ivs":{"hp":31,"atk":31,"def":31,"spa":31,"spd":31,"spe":31}},{"name":"Aerodactyl","species":"Aerodactyl","item":"expertbelt","ability":"Rock Head","moves":["earthquake","thunderfang","firefang","rockslide"],"nature":"Jolly","evs":{"hp":0,"atk":252,"def":0,"spa":0,"spd":4,"spe":252},"ivs":{"hp":31,"atk":31,"def":31,"spa":31,"spd":31,"spe":31}},{"name":"Cradily","species":"Cradily","item":"airballoon","ability":"Suction Cups","moves":["sludgewave","ancientpower","stealthrock","energyball"],"nature":"Modest","evs":{"hp":248,"atk":0,"def":0,"spa":252,"spd":8,"spe":0},"ivs":{"hp":31,"atk":31,"def":31,"spa":31,"spd":31,"spe":31}}],"log":["|player|p1|Marx-Bot|238","|player|p2|Carnie Marston|238","|gametype|singles","|gen|6","|tier|Monotype","|rated","|rule|Baton Pass Clause: Limit one Baton Passer, can't pass Spe and other stats simultaneously","|rule|Swagger Clause: Swagger is banned","|rule|Same Type Clause: Pokémon in a team must share a type","|clearpoke","|poke|p1|Shuckle, M","|poke|p1|Terrakion","|poke|p1|Aerodactyl, M","|poke|p1|Cradily, F","|poke|p1|Regirock","|poke|p1|Tyranitar, F","|poke|p2|Terrakion","|poke|p2|Tyranitar, F","|poke|p2|Rhyperior, F","|poke|p2|Crustle, M","|poke|p2|Aerodactyl, F","|poke|p2|Cradily, F","|rule|Sleep Clause Mod: Limit one foe put to sleep","|rule|Species Clause: Limit one of each Pokémon","|rule|OHKO Clause: OHKO moves are banned","|rule|Moody Clause: Moody is banned","|rule|Evasion Moves Clause: Evasion moves are banned","|rule|Endless Battle Clause: Forcing endless battles is banned","|rule|HP Percentage Mod: HP is shown in percentages","|teampreview","|","|start","|switch|p1a: Shuckle|Shuckle, M|243/243","|switch|p2a: Aerodactyl|Aerodactyl, F|301/301","|turn|1","|","|move|p2a: Aerodactyl|Fire Fang|p1a: Shuckle","|-damage|p1a: Shuckle|210/243","|move|p1a: Shuckle|Stealth Rock|p2a: Aerodactyl","|-sidestart|p2: Carnie Marston|move: Stealth Rock","|","|turn|2","|","|move|p2a: Aerodactyl|Earthquake|p1a: Shuckle","|-damage|p1a: Shuckle|160/243","|move|p1a: Shuckle|Toxic|p2a: Aerodactyl","|-status|p2a: Aerodactyl|tox","|","|-damage|p2a: Aerodactyl|283/301 tox|[from] psn","|turn|3","|","|switch|p2a: Terrakion|Terrakion|323/323","|-damage|p2a: Terrakion|303/323|[from] Stealth Rock","|switch|p1a: Aerodactyl|Aerodactyl, M|301/301","|","|turn|4","|","|detailschange|p1a: Aerodactyl|Aerodactyl-Mega, M","|-mega|p1a: Aerodactyl|Aerodactyl|Aerodactylite","|move|p1a: Aerodactyl|Earthquake|p2a: Terrakion","|-supereffective|p2a: Terrakion","|-damage|p2a: Terrakion|35/323","|move|p2a: Terrakion|Iron Head|p1a: Aerodactyl","|-supereffective|p1a: Aerodactyl","|-damage|p1a: Aerodactyl|99/301","|","|turn|5","|","|move|p1a: Aerodactyl|Earthquake|p2a: Terrakion","|-supereffective|p2a: Terrakion","|-damage|p2a: Terrakion|0 fnt","|faint|p2a: Terrakion","|","|","|switch|p2a: Cradily|Cradily, F|375/375","|-damage|p2a: Cradily|329/375|[from] Stealth Rock","|-item|p2a: Cradily|Air Balloon","|turn|6","|","|move|p1a: Aerodactyl|Rock Slide|p2a: Cradily","|-damage|p2a: Cradily|193/375","|-enditem|p2a: Cradily|Air Balloon","|cant|p2a: Cradily|flinch","|","|turn|7","|","|move|p1a: Aerodactyl|Crunch|p2a: Cradily","|-damage|p2a: Cradily|56/375","|-unboost|p2a: Cradily|def|1","|move|p2a: Cradily|Ancient Power|p1a: Aerodactyl","|-supereffective|p1a: Aerodactyl","|-damage|p1a: Aerodactyl|0 fnt","|faint|p1a: Aerodactyl","|","|","|switch|p1a: Terrakion|Terrakion|323/323","|turn|8","|","|move|p1a: Terrakion|Sacred Sword|p2a: Cradily","|-supereffective|p2a: Cradily","|-damage|p2a: Cradily|0 fnt","|-damage|p1a: Terrakion|291/323|[from] item: Life Orb","|faint|p2a: Cradily","|","|","|switch|p2a: Aerodactyl|Aerodactyl, F|283/301 tox","|-damage|p2a: Aerodactyl|208/301 tox|[from] Stealth Rock","|turn|9","|","|move|p2a: Aerodactyl|Earthquake|p1a: Terrakion","|-supereffective|p1a: Terrakion","|-damage|p1a: Terrakion|8/323","|move|p1a: Terrakion|Stone Edge|p2a: Aerodactyl","|-supereffective|p2a: Aerodactyl","|-damage|p2a: Aerodactyl|0 fnt","|-damage|p1a: Terrakion|0 fnt|[from] item: Life Orb","|faint|p2a: Aerodactyl","|faint|p1a: Terrakion","|","|","|switch|p2a: Crustle|Crustle, M|281/281","|switch|p1a: Cradily|Cradily, F|376/376","|-damage|p2a: Crustle|211/281|[from] Stealth Rock","|-item|p2a: Crustle|Air Balloon","|turn|10","|","|move|p2a: Crustle|Substitute|p2a: Crustle","|-start|p2a: Crustle|Substitute","|-damage|p2a: Crustle|141/281","|move|p1a: Cradily|Toxic|p2a: Crustle","|-fail|p2a: Crustle","|","|turn|11","|","|move|p2a: Crustle|Shell Smash|p2a: Crustle","|-boost|p2a: Crustle|atk|2","|-boost|p2a: Crustle|spa|2","|-boost|p2a: Crustle|spe|2","|-unboost|p2a: Crustle|def|1","|-unboost|p2a: Crustle|spd|1","|move|p1a: Cradily|Hidden Power|p2a: Crustle","|-end|p2a: Crustle|Substitute","|-enditem|p2a: Crustle|Air Balloon","|","|turn|12","|","|move|p2a: Crustle|X-Scissor|p1a: Cradily","|-supereffective|p1a: Cradily","|-damage|p1a: Cradily|0 fnt","|faint|p1a: Cradily","|","|","|switch|p1a: Regirock|Regirock|364/364","|turn|13","|","|switch|p2a: Rhyperior|Rhyperior, F|433/433","|-damage|p2a: Rhyperior|406/433|[from] Stealth Rock","|move|p1a: Regirock|Thunder Wave|p2a: Rhyperior","|-immune|p2a: Rhyperior|[msg]","|","|turn|14","|","|switch|p1a: Shuckle|Shuckle, M|160/243","|move|p2a: Rhyperior|Earthquake|p1a: Shuckle","|-damage|p1a: Shuckle|55/243","|-enditem|p1a: Shuckle|Sitrus Berry|[eat]","|-heal|p1a: Shuckle|115/243|[from] item: Sitrus Berry","|","|turn|15","|","|move|p2a: Rhyperior|Earthquake|p1a: Shuckle","|-damage|p1a: Shuckle|9/243","|move|p1a: Shuckle|Rest|p1a: Shuckle","|-status|p1a: Shuckle|slp","|-heal|p1a: Shuckle|243/243 slp|[silent]","|-status|p1a: Shuckle|slp|[from] move: Rest","|","|turn|16","|","|move|p2a: Rhyperior|Earthquake|p1a: Shuckle","|-damage|p1a: Shuckle|152/243 slp","|cant|p1a: Shuckle|slp","|","|turn|17","|","|move|p2a: Rhyperior|Earthquake|p1a: Shuckle","|-damage|p1a: Shuckle|47/243 slp","|cant|p1a: Shuckle|slp","|","|turn|18","|","|move|p2a: Rhyperior|Earthquake|p1a: Shuckle","|-damage|p1a: Shuckle|0 fnt","|faint|p1a: Shuckle","|","|","|switch|p1a: Tyranitar|Tyranitar, F|404/404","|-weather|Sandstorm","|turn|19","|","|move|p1a: Tyranitar|Earthquake|p2a: Rhyperior","|-supereffective|p2a: Rhyperior","|-damage|p2a: Rhyperior|232/433","|move|p2a: Rhyperior|Earthquake|p1a: Tyranitar","|-supereffective|p1a: Tyranitar","|-damage|p1a: Tyranitar|8/404","|","|-weather|Sandstorm|[upkeep]","|-heal|p1a: Tyranitar|33/404|[from] item: Leftovers","|turn|20","|","|move|p1a: Tyranitar|Rock Slide|p2a: Rhyperior","|-resisted|p2a: Rhyperior","|-damage|p2a: Rhyperior|167/433","|cant|p2a: Rhyperior|flinch","|","|-weather|Sandstorm|[upkeep]","|-heal|p1a: Tyranitar|58/404|[from] item: Leftovers","|turn|21","|","|move|p1a: Tyranitar|Earthquake|p2a: Rhyperior","|-supereffective|p2a: Rhyperior","|-damage|p2a: Rhyperior|0 fnt","|faint|p2a: Rhyperior","|","|-weather|Sandstorm|[upkeep]","|-heal|p1a: Tyranitar|83/404|[from] item: Leftovers","|","|switch|p2a: Crustle|Crustle, M|141/281","|-damage|p2a: Crustle|71/281|[from] Stealth Rock","|turn|22","|","|move|p2a: Crustle|X-Scissor|p1a: Tyranitar","|-supereffective|p1a: Tyranitar","|-damage|p1a: Tyranitar|0 fnt","|faint|p1a: Tyranitar","|","|-weather|Sandstorm|[upkeep]","|","|switch|p1a: Regirock|Regirock|364/364","|turn|23","|","|move|p2a: Crustle|Rock Blast|p1a: Regirock","|-damage|p1a: Regirock|342/364","|-damage|p1a: Regirock|320/364","|-damage|p1a: Regirock|296/364","|-damage|p1a: Regirock|274/364","|-damage|p1a: Regirock|250/364","|-hitcount|p1a: Regirock|5","|move|p1a: Regirock|Earthquake|p2a: Crustle","|-damage|p2a: Crustle|0 fnt","|faint|p2a: Crustle","|","|-weather|none","|","|switch|p2a: Tyranitar|Tyranitar, F|341/341","|-damage|p2a: Tyranitar|299/341|[from] Stealth Rock","|-weather|Sandstorm","|turn|24","|","|detailschange|p2a: Tyranitar|Tyranitar-Mega, F","|-mega|p2a: Tyranitar|Tyranitar|Tyranitarite","|move|p2a: Tyranitar|Earthquake|p1a: Regirock","|-supereffective|p1a: Regirock","|-damage|p1a: Regirock|70/364","|move|p1a: Regirock|Thunder Wave|p2a: Tyranitar","|-status|p2a: Tyranitar|par","|","|-weather|Sandstorm|[upkeep]","|turn|25","|","|move|p1a: Regirock|Earthquake|p2a: Tyranitar","|-crit|p2a: Tyranitar","|-supereffective|p2a: Tyranitar","|-damage|p2a: Tyranitar|55/341 par","|move|p2a: Tyranitar|Earthquake|p1a: Regirock","|-supereffective|p1a: Regirock","|-damage|p1a: Regirock|0 fnt","|faint|p1a: Regirock","|","|win|Carnie Marston"],"p1rating":{"entryid":"5765428","serverid":"eos","formatid":"monotype","userid":"marxbot","username":"Marx Bot","w":"193","l":286,"t":"0","gxe":41.4,"r":"1433.9593012272","rd":"25.017950769485","sigma":"0","rptime":"1438333200","rpr":1434.143634411,"rprd":25,"rpsigma":"0","acre":1092.3202023747,"lacre":1092.3202023747,"oldacre":"1120.5327928495"},"p2rating":{"entryid":"6128703","serverid":"eos","formatid":"monotype","userid":"carniemarston","username":"Carnie Marston","w":26,"l":"85","t":"0","gxe":26.6,"r":"1285.7298797747","rd":"47.839834010042","sigma":"0","rptime":"1438333200","rpr":1307.3357539426,"rprd":46.475324716603,"rpsigma":"0","acre":1107.9743529733,"lacre":1107.9743529733,"oldacre":"1075.6378455849"},"endType":"normal"}