{"seed":[37392,61056,1849,52761],"turns":25,"p1":"Void Chrono","p2":"Emg E4 Zap - ⓤⓣⓤⓑⓔ","p1team":[{"name":"Genesect‒Douse","species":"genesect","item":"choicescarf","ability":"Download","moves":["flamethrower","icebeam","thunderbolt","uturn"],"nature":"Hasty","evs":{"hp":0,"atk":32,"def":0,"spa":224,"spd":0,"spe":252},"ivs":{"hp":31,"atk":31,"def":31,"spa":31,"spd":31,"spe":31}},{"name":"Eternal Flame","species":"volcarona","item":"lumberry","ability":"Flame Body","moves":["quiverdance","fierydance","gigadrain","hiddenpowerground"],"nature":"Timid","evs":{"hp":64,"atk":0,"def":0,"spa":192,"spd":0,"spe":252},"ivs":{"hp":31,"atk":31,"def":31,"spa":30,"spd":30,"spe":31}},{"name":"Pinch Pinch~?","species":"pinsir","item":"pinsirite","ability":"Moxie","moves":["quickattack","frustration","earthquake","swordsdance"],"nature":"Jolly","evs":{"hp":4,"atk":252,"def":0,"spa":0,"spd":0,"spe":252},"happiness":0,"ivs":{"hp":31,"atk":31,"def":31,"spa":31,"spd":31,"spe":31}},{"name":"Anomalo","species":"armaldo","item":"leftovers","ability":"Battle Armor","moves":["rapidspin","stealthrock","rockblast","knockoff"],"nature":"Impish","evs":{"hp":252,"atk":0,"def":252,"spa":0,"spd":4,"spe":0},"ivs":{"hp":31,"atk":31,"def":31,"spa":31,"spd":31,"spe":31}},{"name":"Rock Paper","species":"scizor","item":"choiceband","ability":"Technician","moves":["uturn","knockoff","bulletpunch","superpower"],"nature":"Adamant","evs":{"hp":0,"atk":252,"def":152,"spa":0,"spd":0,"spe":104},"ivs":{"hp":31,"atk":31,"def":31,"spa":31,"spd":31,"spe":31}},{"name":"Debug","species":"galvantula","item":"lifeorb","ability":"Compound Eyes","moves":["voltswitch","thunder","hiddenpowerice","stickyweb"],"nature":"Timid","evs":{"hp":0,"atk":0,"def":0,"spa":252,"spd":4,"spe":252},"ivs":{"hp":31,"atk":30,"def":30,"spa":31,"spd":31,"spe":31}}],"p2team":[{"name":"Azumarill","species":"Azumarill","item":"sitrusberry","ability":"Huge Power","moves":["knockoff","aquajet","bellydrum","playrough"],"nature":"Adamant","evs":{"hp":252,"atk":252,"def":0,"spa":0,"spd":4,"spe":0},"ivs":{"hp":31,"atk":31,"def":31,"spa":31,"spd":31,"spe":31}},{"name":"Whimsicott","species":"Whimsicott","item":"leftovers","ability":"Prankster","moves":["substitute","encore","leechseed","moonblast"],"nature":"Bold","evs":{"hp":248,"atk":0,"def":252,"spa":8,"spd":0,"spe":0},"ivs":{"hp":31,"atk":30,"def":31,"spa":30,"spd":31,"spe":30}},{"name":"Sylveon","species":"Sylveon","item":"choicespecs","ability":"Pixilate","moves":["hyperbeam","hypervoice","hiddenpowerfire","psyshock"],"nature":"Calm","evs":{"hp":0,"atk":0,"def":0,"spa":252,"spd":252,"spe":4},"ivs":{"hp":31,"atk":30,"def":31,"spa":30,"spd":31,"spe":30}},{"name":"Klefki","species":"Klefki","item":"lightclay","ability":"Prankster","moves":["reflect","lightscreen","thunderwave","safeguard"],"nature":"Bold","evs":{"hp":248,"atk":0,"def":252,"spa":8,"spd":0,"spe":0},"ivs":{"hp":31,"atk":31,"def":31,"spa":31,"spd":31,"spe":31}},{"name":"Slurpuff","species":"Slurpuff","item":"sitrusberry","ability":"Unburden","moves":["bellydrum","playrough","drainpunch","facade"],"nature":"Jolly","evs":{"hp":4,"atk":252,"def":0,"spa":0,"spd":0,"spe":252},"ivs":{"hp":31,"atk":31,"def":31,"spa":31,"spd":31,"spe":31}},{"name":"Diancie","species":"Diancie","item":"diancite","ability":"Clear Body","moves":["diamondstorm","earthpower","protect","moonblast"],"nature":"Hasty","evs":{"hp":0,"atk":4,"def":0,"spa":252,"spd":0,"spe":252},"ivs":{"hp":31,"atk":31,"def":31,"spa":31,"spd":31,"spe":31}}],"log":["|player|p1|Void Chrono|voidchrono.png","|player|p2|Emg E4 Zap - ⓤⓣⓤⓑⓔ|224","|gametype|singles","|gen|6","|tier|Monotype","|rated","|rule|Baton Pass Clause: Limit one Baton Passer, can't pass Spe and other stats simultaneously","|rule|Swagger Clause: Swagger is banned","|rule|Same Type Clause: Pokémon in a team must share a type","|clearpoke","|poke|p1|Genesect-*","|poke|p1|Volcarona, M","|poke|p1|Pinsir, F","|poke|p1|Armaldo, M","|poke|p1|Scizor, F","|poke|p1|Galvantula, F","|poke|p2|Azumarill, M","|poke|p2|Whimsicott, F","|poke|p2|Sylveon, M","|poke|p2|Klefki, M","|poke|p2|Slurpuff, M","|poke|p2|Diancie","|rule|Sleep Clause Mod: Limit one foe put to sleep","|rule|Species Clause: Limit one of each Pokémon","|rule|OHKO Clause: OHKO moves are banned","|rule|Moody Clause: Moody is banned","|rule|Evasion Moves Clause: Evasion moves are banned","|rule|Endless Battle Clause: Forcing endless battles is banned","|rule|HP Percentage Mod: HP is shown in percentages","|teampreview","|","|start","|switch|p1a: Debug|Galvantula, F|281/281","|switch|p2a: Diancie|Diancie|241/241","|turn|1","|","|switch|p1a: Rock Paper|Scizor, F|281/281","|detailschange|p2a: Diancie|Diancie-Mega","|-mega|p2a: Diancie|Diancie|Diancite","|move|p2a: Diancie|Diamond Storm|p1a: Rock Paper","|-damage|p1a: Rock Paper|124/281","|-boost|p2a: Diancie|def|1","|","|turn|2","|","|switch|p2a: Klefki|Klefki, M|317/317","|move|p1a: Rock Paper|Bullet Punch|p2a: Klefki","|-damage|p2a: Klefki|182/317","|","|turn|3","|","|switch|p1a: Debug|Galvantula, F|281/281","|move|p2a: Klefki|Thunder Wave|p1a: Debug","|-immune|p1a: Debug|[msg]","|","|turn|4","|","|switch|p2a: Diancie|Diancie-Mega|241/241","|move|p1a: Debug|Thunder|p2a: Diancie","|-damage|p2a: Diancie|54/241","|-damage|p1a: Debug|253/281|[from] item: Life Orb","|","|turn|5","|","|switch|p1a: Genesect‒Douse|Genesect|283/283","|-boost|p1a: Genesect‒Douse|atk|1|[from] ability: Download","|move|p2a: Diancie|Diamond Storm|p1a: Genesect‒Douse","|-damage|p1a: Genesect‒Douse|69/283","|","|turn|6","|","|move|p2a: Diancie|Protect|p2a: Diancie","|-singleturn|p2a: Diancie|Protect","|move|p1a: Genesect‒Douse|U-turn|p2a: Diancie","|-activate|p2a: Diancie|Protect","|","|turn|7","|","|move|p1a: Genesect‒Douse|U-turn|p2a: Diancie","|-resisted|p2a: Diancie","|-damage|p2a: Diancie|0 fnt","|faint|p2a: Diancie","|","|switch|p1a: Debug|Galvantula, F|253/281","|","|","|switch|p2a: Sylveon|Sylveon, M|331/331","|turn|8","|","|move|p1a: Debug|Sticky Web|p2a: Sylveon","|-sidestart|p2: Emg E4 Zap - ⓤⓣⓤⓑⓔ|move: Sticky Web","|move|p2a: Sylveon|Hyper Voice|p1a: Debug","|-damage|p1a: Debug|0 fnt","|faint|p1a: Debug","|","|","|switch|p1a: Eternal Flame|Volcarona, M|327/327","|turn|9","|","|switch|p2a: Whimsicott|Whimsicott, F|323/323","|-activate|p2a: Whimsicott|move: Sticky Web","|-unboost|p2a: Whimsicott|spe|1","|move|p1a: Eternal Flame|Quiver Dance|p1a: Eternal Flame","|-boost|p1a: Eternal Flame|spa|1","|-boost|p1a: Eternal Flame|spd|1","|-boost|p1a: Eternal Flame|spe|1","|","|turn|10","|","|move|p2a: Whimsicott|Encore|p1a: Eternal Flame","|-start|p1a: Eternal Flame|Encore","|move|p1a: Eternal Flame|Quiver Dance|p1a: Eternal Flame","|-boost|p1a: Eternal Flame|spa|1","|-boost|p1a: Eternal Flame|spd|1","|-boost|p1a: Eternal Flame|spe|1","|","|turn|11","|","|switch|p1a: Anomalo|Armaldo, M|354/354","|move|p2a: Whimsicott|Leech Seed|p1a: Anomalo","|-start|p1a: Anomalo|move: Leech Seed","|","|-damage|p1a: Anomalo|310/354|[from] Leech Seed|[of] p2a: Whimsicott","|turn|12","|","|switch|p2a: Slurpuff|Slurpuff, M|306/306","|-activate|p2a: Slurpuff|move: Sticky Web","|-unboost|p2a: Slurpuff|spe|1","|move|p1a: Anomalo|Rock Blast|p2a: Slurpuff","|-damage|p2a: Slurpuff|261/306","|-damage|p2a: Slurpuff|219/306","|-damage|p2a: Slurpuff|176/306","|-damage|p2a: Slurpuff|134/306","|-enditem|p2a: Slurpuff|Sitrus Berry|[eat]","|-heal|p2a: Slurpuff|210/306|[from] item: Sitrus Berry","|-damage|p2a: Slurpuff|168/306","|-hitcount|p2a: Slurpuff|5","|","|-heal|p1a: Anomalo|332/354|[from] item: Leftovers","|-damage|p1a: Anomalo|288/354|[from] Leech Seed|[of] p2a: Slurpuff","|-heal|p2a: Slurpuff|212/306|[silent]","|turn|13","|","|move|p2a: Slurpuff|Belly Drum|p2a: Slurpuff","|-damage|p2a: Slurpuff|59/306","|-setboost|p2a: Slurpuff|atk|6|[from] move: Belly Drum","|move|p1a: Anomalo|Stealth Rock|p2a: Slurpuff","|-sidestart|p2: Emg E4 Zap - ⓤⓣⓤⓑⓔ|move: Stealth Rock","|","|-heal|p1a: Anomalo|310/354|[from] item: Leftovers","|-damage|p1a: Anomalo|266/354|[from] Leech Seed|[of] p2a: Slurpuff","|-heal|p2a: Slurpuff|103/306|[silent]","|turn|14","|","|move|p2a: Slurpuff|Drain Punch|p1a: Anomalo","|-damage|p1a: Anomalo|72/354","|-heal|p2a: Slurpuff|200/306|[from] drain|[of] p1a: Anomalo","|move|p1a: Anomalo|Rock Blast|p2a: Slurpuff|[miss]","|-miss|p1a: Anomalo|p2a: Slurpuff","|","|-heal|p1a: Anomalo|94/354|[from] item: Leftovers","|-damage|p1a: Anomalo|50/354|[from] Leech Seed|[of] p2a: Slurpuff","|-heal|p2a: Slurpuff|244/306|[silent]","|turn|15","|","|move|p2a: Slurpuff|Drain Punch|p1a: Anomalo","|-damage|p1a: Anomalo|0 fnt","|-heal|p2a: Slurpuff|269/306|[from] drain|[of] p1a: Anomalo","|faint|p1a: Anomalo","|","|","|switch|p1a: Rock Paper|Scizor, F|124/281","|turn|16","|","|move|p1a: Rock Paper|Bullet Punch|p2a: Slurpuff","|-supereffective|p2a: Slurpuff","|-damage|p2a: Slurpuff|0 fnt","|faint|p2a: Slurpuff","|","|","|switch|p2a: Klefki|Klefki, M|182/317","|-damage|p2a: Klefki|163/317|[from] Stealth Rock","|-activate|p2a: Klefki|move: Sticky Web","|-unboost|p2a: Klefki|spe|1","|turn|17","|","|switch|p1a: Genesect‒Douse|Genesect|69/283","|-boost|p1a: Genesect‒Douse|spa|1|[from] ability: Download","|move|p2a: Klefki|Reflect|p2a: Klefki","|-sidestart|p2: Emg E4 Zap - ⓤⓣⓤⓑⓔ|Reflect","|","|turn|18","|","|move|p2a: Klefki|Light Screen|p2a: Klefki","|-sidestart|p2: Emg E4 Zap - ⓤⓣⓤⓑⓔ|move: Light Screen","|move|p1a: Genesect‒Douse|Flamethrower|p2a: Klefki","|-supereffective|p2a: Klefki","|-damage|p2a: Klefki|0 fnt","|faint|p2a: Klefki","|","|","|switch|p2a: Azumarill|Azumarill, M|404/404","|-activate|p2a: Azumarill|move: Sticky Web","|-unboost|p2a: Azumarill|spe|1","|-damage|p2a: Azumarill|354/404|[from] Stealth Rock","|turn|19","|","|move|p1a: Genesect‒Douse|Flamethrower|p2a: Azumarill","|-resisted|p2a: Azumarill","|-damage|p2a: Azumarill|308/404","|move|p2a: Azumarill|Belly Drum|p2a: Azumarill","|-damage|p2a: Azumarill|106/404","|-setboost|p2a: Azumarill|atk|6|[from] move: Belly Drum","|-enditem|p2a: Azumarill|Sitrus Berry|[eat]","|-heal|p2a: Azumarill|207/404|[from] item: Sitrus Berry","|","|turn|20","|","|move|p2a: Azumarill|Aqua Jet|p1a: Genesect‒Douse","|-damage|p1a: Genesect‒Douse|0 fnt","|faint|p1a: Genesect‒Douse","|","|","|switch|p1a: Pinch Pinch~?|Pinsir, F|272/272","|turn|21","|","|detailschange|p1a: Pinch Pinch~?|Pinsir-Mega, F","|-mega|p1a: Pinch Pinch~?|Pinsir|Pinsirite","|move|p1a: Pinch Pinch~?|Quick Attack|p2a: Azumarill","|-damage|p2a: Azumarill|140/404","|move|p2a: Azumarill|Aqua Jet|p1a: Pinch Pinch~?","|-damage|p1a: Pinch Pinch~?|1/272","|","|turn|22","|","|move|p1a: Pinch Pinch~?|Quick Attack|p2a: Azumarill","|-damage|p2a: Azumarill|81/404","|move|p2a: Azumarill|Aqua Jet|p1a: Pinch Pinch~?","|-damage|p1a: Pinch Pinch~?|0 fnt","|faint|p1a: Pinch Pinch~?","|","|","|switch|p1a: Rock Paper|Scizor, F|124/281","|turn|23","|","|move|p1a: Rock Paper|Bullet Punch|p2a: Azumarill","|-damage|p2a: Azumarill|0 fnt","|faint|p2a: Azumarill","|","|","|switch|p2a: Whimsicott|Whimsicott, F|323/323","|-damage|p2a: Whimsicott|283/323|[from] Stealth Rock","|-activate|p2a: Whimsicott|move: Sticky Web","|-unboost|p2a: Whimsicott|spe|1","|turn|24","|","|move|p1a: Rock Paper|Bullet Punch|p2a: Whimsicott","|-crit|p2a: Whimsicott","|-supereffective|p2a: Whimsicott","|-damage|p2a: Whimsicott|0 fnt","|faint|p2a: Whimsicott","|","|-sideend|p2: Emg E4 Zap - ⓤⓣⓤⓑⓔ|Reflect","|","|switch|p2a: Sylveon|Sylveon, M|331/331","|-activate|p2a: Sylveon|move: Sticky Web","|-unboost|p2a: Sylveon|spe|1","|-damage|p2a: Sylveon|290/331|[from] Stealth Rock","|turn|25","|","|move|p1a: Rock Paper|Bullet Punch|p2a: Sylveon","|-supereffective|p2a: Sylveon","|-damage|p2a: Sylveon|0 fnt","|faint|p2a: Sylveon","|","|win|Void Chrono"],"p1rating":{"entryid":"5810362","serverid":"eos","formatid":"monotype","userid":"voidchrono","username":"Void Chrono ת_תת_ת","w":126,"l":"70","t":"0","gxe":63.2,"r":"1607.5941470882","rd":"28.685252187391","sigma":"0","rptime":"1438333200","rpr":1601.7687109952,"rprd":28.324365608779,"rpsigma":"0","acre":1175.6745685058,"lacre":1175.6745685058,"oldacre":"1158.5953519859"},"p2rating":{"entryid":"7302306","serverid":"eos","formatid":"monotype","userid":"emge4zap","username":"Emg E4 Zap - ⓤⓣⓤⓑⓔ","w":"1","l":1,"t":"0","gxe":50.2,"r":"1500","rd":"130","sigma":"0","rptime":"1438333200","rpr":1501.4790829351,"rprd":116.46351361644,"rpsigma":"0","acre":1033.192947013,"lacre":1033.192947013,"oldacre":"1044.5944647336"},"endType":"normal"}