{"seed":[30584,53347,35794,29356],"turns":28,"p1":"Adviser♕Boo","p2":"Crystal☪Zeno","p1team":[{"name":"Altaaaria","species":"altaria","item":"altarianite","ability":"Natural Cure","moves":["dragondance","earthquake","return","roost"],"nature":"Adamant","evs":{"hp":0,"atk":252,"def":0,"spa":0,"spd":4,"spe":252},"ivs":{"hp":31,"atk":31,"def":31,"spa":31,"spd":31,"spe":31}},{"name":"Skaamorey","species":"skarmory","item":"rockyhelmet","ability":"Sturdy","moves":["roost","whirlwind","stealthrock","spikes"],"nature":"Bold","evs":{"hp":248,"atk":0,"def":236,"spa":0,"spd":0,"spe":24},"ivs":{"hp":31,"atk":31,"def":31,"spa":31,"spd":31,"spe":31}},{"name":"Staaraapta","species":"staraptor","item":"choiceband","ability":"Reckless","moves":["bravebird","doubleedge","closecombat","uturn"],"nature":"Jolly","evs":{"hp":0,"atk":252,"def":0,"spa":0,"spd":4,"spe":252},"ivs":{"hp":31,"atk":31,"def":31,"spa":31,"spd":31,"spe":31}},{"name":"Leeandorus","species":"landorus","item":"lifeorb","ability":"Sheer Force","moves":["earthpower","sludgewave","knockoff","rockslide"],"nature":"Naive","evs":{"hp":0,"atk":136,"def":0,"spa":120,"spd":0,"spe":252},"ivs":{"hp":31,"atk":31,"def":31,"spa":31,"spd":31,"spe":31}},{"name":"Theeundorus","species":"thundurus","item":"lifeorb","ability":"Prankster","moves":["thunderwave","thunderbolt","taunt","hiddenpowerice"],"nature":"Timid","evs":{"hp":0,"atk":0,"def":0,"spa":252,"spd":4,"spe":252},"ivs":{"hp":31,"atk":30,"def":30,"spa":31,"spd":31,"spe":31}},{"name":"Hawlucha","species":"Hawlucha","item":"sitrusberry","ability":"Unburden","moves":["bulkup","roost","acrobatics","drainpunch"],"nature":"Adamant","evs":{"hp":0,"atk":252,"def":0,"spa":0,"spd":0,"spe":252},"ivs":{"hp":31,"atk":31,"def":31,"spa":31,"spd":31,"spe":31}}],"p2team":[{"name":"Hoopa-Unbound","species":"Hoopa-Unbound","item":"choicescarf","ability":"Magician","moves":["gunkshot","hyperspacefury","zenheadbutt","drainpunch"],"nature":"Jolly","evs":{"hp":0,"atk":252,"def":0,"spa":0,"spd":4,"spe":252},"ivs":{"hp":31,"atk":31,"def":31,"spa":31,"spd":31,"spe":31}},{"name":"Mandibuzz","species":"Mandibuzz","item":"leftovers","ability":"Overcoat","moves":["defog","foulplay","roost","toxic"],"nature":"Bold","evs":{"hp":252,"atk":0,"def":252,"spa":0,"spd":4,"spe":0},"ivs":{"hp":31,"atk":31,"def":31,"spa":31,"spd":31,"spe":31}},{"name":"Bisharp","species":"Bisharp","item":"lifeorb","ability":"Defiant","moves":["ironhead","poisonjab","suckerpunch","swordsdance"],"nature":"Jolly","evs":{"hp":0,"atk":252,"def":0,"spa":0,"spd":4,"spe":252},"ivs":{"hp":31,"atk":31,"def":31,"spa":31,"spd":31,"spe":31}},{"name":"Houndoom","species":"Houndoom","item":"houndoominite","ability":"Flash Fire","moves":["flamethrower","darkpulse","sludgebomb","destinybond"],"nature":"Timid","evs":{"hp":0,"atk":0,"def":0,"spa":252,"spd":4,"spe":252},"ivs":{"hp":31,"atk":31,"def":31,"spa":31,"spd":31,"spe":31}},{"name":"Hydreigon","species":"Hydreigon","item":"choicescarf","ability":"Levitate","moves":["darkpulse","earthpower","uturn","dracometeor"],"nature":"Timid","evs":{"hp":0,"atk":0,"def":0,"spa":252,"spd":4,"spe":252},"ivs":{"hp":31,"atk":31,"def":31,"spa":31,"spd":31,"spe":31}},{"name":"Sableye","species":"Sableye","item":"leftovers","ability":"Prankster","moves":["willowisp","recover","taunt","foulplay"],"nature":"Calm","evs":{"hp":252,"atk":0,"def":4,"spa":0,"spd":252,"spe":0},"ivs":{"hp":31,"atk":31,"def":31,"spa":31,"spd":31,"spe":31}}],"log":["|player|p1|Adviser♕Boo|3","|player|p2|Crystal☪Zeno|63","|gametype|singles","|gen|6","|tier|Monotype","|rated","|rule|Baton Pass Clause: Limit one Baton Passer, can't pass Spe and other stats simultaneously","|rule|Swagger Clause: Swagger is banned","|rule|Same Type Clause: Pokémon in a team must share a type","|clearpoke","|poke|p1|Altaria, M","|poke|p1|Skarmory, F","|poke|p1|Staraptor, F","|poke|p1|Landorus, M","|poke|p1|Thundurus, M","|poke|p1|Hawlucha, M","|poke|p2|Hoopa-Unbound","|poke|p2|Mandibuzz, F","|poke|p2|Bisharp, M","|poke|p2|Houndoom, F","|poke|p2|Hydreigon, F","|poke|p2|Sableye, F","|rule|Sleep Clause Mod: Limit one foe put to sleep","|rule|Species Clause: Limit one of each Pokémon","|rule|OHKO Clause: OHKO moves are banned","|rule|Moody Clause: Moody is banned","|rule|Evasion Moves Clause: Evasion moves are banned","|rule|Endless Battle Clause: Forcing endless battles is banned","|rule|HP Percentage Mod: HP is shown in percentages","|teampreview","|","|start","|switch|p1a: Theeundorus|Thundurus, M|299/299","|switch|p2a: Houndoom|Houndoom, F|291/291","|turn|1","|","|detailschange|p2a: Houndoom|Houndoom-Mega, F","|-mega|p2a: Houndoom|Houndoom|Houndoominite","|move|p1a: Theeundorus|Thunderbolt|p2a: Houndoom","|-damage|p2a: Houndoom|75/291","|-damage|p1a: Theeundorus|270/299|[from] item: Life Orb","|move|p2a: Houndoom|Dark Pulse|p1a: Theeundorus","|-damage|p1a: Theeundorus|95/299","|","|turn|2","|","|switch|p2a: Sableye|Sableye, F|304/304","|move|p1a: Theeundorus|Thunderbolt|p2a: Sableye","|-damage|p2a: Sableye|123/304","|-damage|p1a: Theeundorus|66/299|[from] item: Life Orb","|","|-heal|p2a: Sableye|142/304|[from] item: Leftovers","|turn|3","|","|move|p2a: Sableye|Recover|p2a: Sableye","|-heal|p2a: Sableye|294/304","|move|p1a: Theeundorus|Thunderbolt|p2a: Sableye","|-damage|p2a: Sableye|119/304","|-damage|p1a: Theeundorus|37/299|[from] item: Life Orb","|","|-heal|p2a: Sableye|138/304|[from] item: Leftovers","|turn|4","|","|move|p1a: Theeundorus|Taunt|p2a: Sableye","|-start|p2a: Sableye|move: Taunt","|cant|p2a: Sableye|move: Taunt|Recover","|","|-heal|p2a: Sableye|157/304|[from] item: Leftovers","|turn|5","|","|move|p1a: Theeundorus|Thunderbolt|p2a: Sableye","|-damage|p2a: Sableye|0 fnt","|-damage|p1a: Theeundorus|8/299|[from] item: Life Orb","|faint|p2a: Sableye","|","|","|switch|p2a: Bisharp|Bisharp, M|271/271","|turn|6","|","|move|p1a: Theeundorus|Thunder Wave|p2a: Bisharp","|-status|p2a: Bisharp|par","|move|p2a: Bisharp|Sucker Punch|p1a: Theeundorus","|-fail|p2a: Bisharp","|","|turn|7","|","|move|p2a: Bisharp|Sucker Punch|p1a: Theeundorus","|-damage|p1a: Theeundorus|0 fnt","|-damage|p2a: Bisharp|244/271 par|[from] item: Life Orb","|faint|p1a: Theeundorus","|","|","|switch|p1a: Hawlucha|Hawlucha, M|297/297","|turn|8","|","|move|p1a: Hawlucha|Bulk Up|p1a: Hawlucha","|-boost|p1a: Hawlucha|atk|1","|-boost|p1a: Hawlucha|def|1","|move|p2a: Bisharp|Swords Dance|p2a: Bisharp","|-boost|p2a: Bisharp|atk|2","|","|turn|9","|","|move|p1a: Hawlucha|Drain Punch|p2a: Bisharp","|-supereffective|p2a: Bisharp","|-damage|p2a: Bisharp|0 fnt","|faint|p2a: Bisharp","|","|","|switch|p2a: Houndoom|Houndoom-Mega, F|75/291","|turn|10","|","|move|p2a: Houndoom|Destiny Bond|p2a: Houndoom","|-singlemove|p2a: Houndoom|Destiny Bond","|move|p1a: Hawlucha|Bulk Up|p1a: Hawlucha","|-boost|p1a: Hawlucha|atk|1","|-boost|p1a: Hawlucha|def|1","|","|turn|11","|","|move|p2a: Houndoom|Destiny Bond|p2a: Houndoom","|-singlemove|p2a: Houndoom|Destiny Bond","|move|p1a: Hawlucha|Bulk Up|p1a: Hawlucha","|-boost|p1a: Hawlucha|atk|1","|-boost|p1a: Hawlucha|def|1","|","|turn|12","|","|switch|p1a: Skaamorey|Skarmory, F|333/333","|move|p2a: Houndoom|Destiny Bond|p2a: Houndoom","|-singlemove|p2a: Houndoom|Destiny Bond","|","|turn|13","|","|move|p2a: Houndoom|Flamethrower|p1a: Skaamorey","|-supereffective|p1a: Skaamorey","|-activate|p1a: Skaamorey|Sturdy","|-damage|p1a: Skaamorey|1/333","|move|p1a: Skaamorey|Stealth Rock|p2a: Houndoom","|-sidestart|p2: Crystal☪Zeno|move: Stealth Rock","|","|turn|14","|","|move|p2a: Houndoom|Flamethrower|p1a: Skaamorey","|-supereffective|p1a: Skaamorey","|-damage|p1a: Skaamorey|0 fnt","|faint|p1a: Skaamorey","|","|","|switch|p1a: Staaraapta|Staraptor, F|311/311","|turn|15","|","|move|p2a: Houndoom|Destiny Bond|p2a: Houndoom","|-singlemove|p2a: Houndoom|Destiny Bond","|move|p1a: Staaraapta|Close Combat|p2a: Houndoom","|-supereffective|p2a: Houndoom","|-damage|p2a: Houndoom|0 fnt","|-unboost|p1a: Staaraapta|def|1","|-unboost|p1a: Staaraapta|spd|1","|faint|p2a: Houndoom","|-activate|p2a: Houndoom|Destiny Bond","|faint|p1a: Staaraapta","|","|","|switch|p1a: Hawlucha|Hawlucha, M|297/297","|switch|p2a: Mandibuzz|Mandibuzz, F|424/424","|-damage|p2a: Mandibuzz|318/424|[from] Stealth Rock","|turn|16","|","|move|p1a: Hawlucha|Bulk Up|p1a: Hawlucha","|-boost|p1a: Hawlucha|atk|1","|-boost|p1a: Hawlucha|def|1","|move|p2a: Mandibuzz|Defog|p1a: Hawlucha","|-unboost|p1a: Hawlucha|evasion|1","|-sideend|p2: Crystal☪Zeno|Stealth Rock|[from] move: Defog|[of] p2a: Mandibuzz","|","|-heal|p2a: Mandibuzz|344/424|[from] item: Leftovers","|turn|17","|","|move|p1a: Hawlucha|Bulk Up|p1a: Hawlucha","|-boost|p1a: Hawlucha|atk|1","|-boost|p1a: Hawlucha|def|1","|move|p2a: Mandibuzz|Foul Play|p1a: Hawlucha","|-resisted|p1a: Hawlucha","|-damage|p1a: Hawlucha|204/297","|","|-heal|p2a: Mandibuzz|370/424|[from] item: Leftovers","|turn|18","|","|move|p1a: Hawlucha|Drain Punch|p2a: Mandibuzz","|-damage|p2a: Mandibuzz|204/424","|-heal|p1a: Hawlucha|287/297|[from] drain|[of] p2a: Mandibuzz","|move|p2a: Mandibuzz|Foul Play|p1a: Hawlucha","|-resisted|p1a: Hawlucha","|-damage|p1a: Hawlucha|194/297","|","|-heal|p2a: Mandibuzz|230/424|[from] item: Leftovers","|turn|19","|","|move|p1a: Hawlucha|Drain Punch|p2a: Mandibuzz","|-damage|p2a: Mandibuzz|74/424","|-heal|p1a: Hawlucha|272/297|[from] drain|[of] p2a: Mandibuzz","|move|p2a: Mandibuzz|Roost|p2a: Mandibuzz","|-heal|p2a: Mandibuzz|286/424","|","|-heal|p2a: Mandibuzz|312/424|[from] item: Leftovers","|turn|20","|","|move|p1a: Hawlucha|Bulk Up|p1a: Hawlucha","|-boost|p1a: Hawlucha|atk|1","|-boost|p1a: Hawlucha|def|1","|move|p2a: Mandibuzz|Foul Play|p1a: Hawlucha","|-resisted|p1a: Hawlucha","|-damage|p1a: Hawlucha|175/297","|","|-heal|p2a: Mandibuzz|338/424|[from] item: Leftovers","|turn|21","|","|move|p1a: Hawlucha|Drain Punch|p2a: Mandibuzz","|-damage|p2a: Mandibuzz|122/424","|-heal|p1a: Hawlucha|283/297|[from] drain|[of] p2a: Mandibuzz","|move|p2a: Mandibuzz|Toxic|p1a: Hawlucha","|-status|p1a: Hawlucha|tox","|","|-heal|p2a: Mandibuzz|148/424|[from] item: Leftovers","|-damage|p1a: Hawlucha|265/297 tox|[from] psn","|turn|22","|","|move|p1a: Hawlucha|Drain Punch|p2a: Mandibuzz","|-damage|p2a: Mandibuzz|0 fnt","|-heal|p1a: Hawlucha|297/297 tox|[from] drain|[of] p2a: Mandibuzz","|faint|p2a: Mandibuzz","|","|-damage|p1a: Hawlucha|261/297 tox|[from] psn","|","|switch|p2a: Hydreigon|Hydreigon, F|325/325","|turn|23","|","|move|p2a: Hydreigon|Draco Meteor|p1a: Hawlucha","|-damage|p1a: Hawlucha|0 fnt","|-unboost|p2a: Hydreigon|spa|2","|faint|p1a: Hawlucha","|","|","|switch|p1a: Altaaaria|Altaria, M|291/291","|turn|24","|","|switch|p2a: Hoopa-Unbound|Hoopa-Unbound|301/301","|detailschange|p1a: Altaaaria|Altaria-Mega, M","|-mega|p1a: Altaaaria|Altaria|Altarianite","|move|p1a: Altaaaria|Dragon Dance|p1a: Altaaaria","|-boost|p1a: Altaaaria|atk|1","|-boost|p1a: Altaaaria|spe|1","|","|turn|25","|","|move|p2a: Hoopa-Unbound|Gunk Shot|p1a: Altaaaria","|-supereffective|p1a: Altaaaria","|-damage|p1a: Altaaaria|3/291","|move|p1a: Altaaaria|Return|p2a: Hoopa-Unbound","|-supereffective|p2a: Hoopa-Unbound","|-damage|p2a: Hoopa-Unbound|0 fnt","|faint|p2a: Hoopa-Unbound","|","|","|switch|p2a: Hydreigon|Hydreigon, F|325/325","|turn|26","|","|move|p2a: Hydreigon|Dark Pulse|p1a: Altaaaria","|-resisted|p1a: Altaaaria","|-damage|p1a: Altaaaria|0 fnt","|faint|p1a: Altaaaria","|","|","|switch|p1a: Leeandorus|Landorus, M|319/319","|turn|27","|","|move|p2a: Hydreigon|Dark Pulse|p1a: Leeandorus","|-damage|p1a: Leeandorus|133/319","|move|p1a: Leeandorus|Sludge Wave|p2a: Hydreigon","|-damage|p2a: Hydreigon|142/325","|","|turn|28","|","|move|p2a: Hydreigon|Dark Pulse|p1a: Leeandorus","|-damage|p1a: Leeandorus|0 fnt","|faint|p1a: Leeandorus","|","|win|Crystal☪Zeno"],"p1rating":{"entryid":"7083956","serverid":"eos","formatid":"monotype","userid":"adviserboo","username":"Adviser♕Boo","w":"70","l":41,"t":"0","gxe":61.5,"r":"1598.1779220658","rd":"35.961550529897","sigma":"0","rptime":"1438333200","rpr":1588.3782565524,"rprd":35.648454282111,"rpsigma":"0","acre":1181.7067841862,"lacre":1181.7067841862,"oldacre":"1215.9103302981"},"p2rating":{"entryid":"7132953","serverid":"eos","formatid":"monotype","userid":"crystalzeno","username":"Crystal☪Zeno","w":10,"l":"9","t":"0","gxe":51,"r":1488.2642849519,"rd":73.300120349222,"sigma":"0","rptime":1438333200,"rpr":1507.5370355783,"rprd":71.881249287336,"rpsigma":"0","acre":1119.6636400787,"lacre":1119.6636400787,"oldacre":"1081.7057180742"},"endType":"normal"}