{"seed":[29011,10607,39848,40501],"turns":30,"p1":"Seven Swell","p2":"Sovereign♕Cactus","p1team":[{"name":"Mew","species":"Mew","item":"leftovers","ability":"Synchronize","moves":["roost","toxic","healbell","aurasphere"],"nature":"Calm","evs":{"hp":252,"atk":0,"def":0,"spa":4,"spd":252,"spe":0},"ivs":{"hp":31,"atk":31,"def":31,"spa":31,"spd":31,"spe":31}},{"name":"Slowbro","species":"Slowbro","item":"rockyhelmet","ability":"Regenerator","moves":["scald","yawn","flamethrower","slackoff"],"nature":"Bold","evs":{"hp":252,"atk":0,"def":252,"spa":4,"spd":0,"spe":0},"ivs":{"hp":31,"atk":31,"def":31,"spa":31,"spd":31,"spe":31}},{"name":"Deoxys-Speed","species":"Deoxys-Speed","item":"focussash","ability":"Pressure","moves":["stealthrock","spikes","thunderwave","icebeam"],"nature":"Timid","evs":{"hp":252,"atk":0,"def":44,"spa":0,"spd":0,"spe":212},"ivs":{"hp":31,"atk":31,"def":31,"spa":31,"spd":31,"spe":31}},{"name":"Gardevoir","species":"Gardevoir","item":"gardevoirite","ability":"Trace","moves":["hypervoice","psyshock","destinybond","thunderbolt"],"nature":"Timid","evs":{"hp":0,"atk":0,"def":0,"spa":252,"spd":0,"spe":252},"ivs":{"hp":31,"atk":0,"def":31,"spa":31,"spd":31,"spe":31}},{"name":"Latias","species":"Latias","item":"leftovers","ability":"Levitate","moves":["dracometeor","psyshock","roost","defog"],"nature":"Timid","evs":{"hp":252,"atk":0,"def":0,"spa":4,"spd":0,"spe":252},"ivs":{"hp":31,"atk":31,"def":31,"spa":31,"spd":31,"spe":31}},{"name":"Hoopa-Unbound","species":"Hoopa-Unbound","item":"focussash","ability":"Magician","moves":["hyperspacefury","drainpunch","firepunch","gunkshot"],"nature":"Adamant","evs":{"hp":0,"atk":252,"def":0,"spa":0,"spd":4,"spe":252},"ivs":{"hp":31,"atk":31,"def":31,"spa":31,"spd":31,"spe":31}}],"p2team":[{"name":"Kermit On Roids","species":"seismitoad","item":"assaultvest","ability":"Water Absorb","moves":["earthquake","scald","grassknot","sludgewave"],"nature":"Mild","evs":{"hp":252,"atk":4,"def":0,"spa":252,"spd":0,"spe":0},"shiny":true,"ivs":{"hp":31,"atk":31,"def":31,"spa":31,"spd":31,"spe":31}},{"name":"Barney On Roids","species":"garchomp","item":"garchompite","ability":"Sand Veil","moves":["dracometeor","stoneedge","fireblast","earthquake"],"nature":"Naive","evs":{"hp":248,"atk":252,"def":0,"spa":8,"spd":0,"spe":0},"shiny":true,"ivs":{"hp":31,"atk":31,"def":31,"spa":31,"spd":31,"spe":31}},{"name":"DigDug On Roids","species":"excadrill","item":"lifeorb","ability":"Sand Rush","moves":["earthquake","xscissor","swordsdance","ironhead"],"nature":"Adamant","evs":{"hp":0,"atk":252,"def":0,"spa":0,"spd":4,"spe":252},"shiny":true,"ivs":{"hp":31,"atk":31,"def":31,"spa":31,"spd":31,"spe":31}},{"name":"Sonic On Roids","species":"gliscor","item":"toxicorb","ability":"Poison Heal","moves":["protect","substitute","toxic","earthquake"],"nature":"Impish","evs":{"hp":248,"atk":0,"def":188,"spa":0,"spd":0,"spe":72},"shiny":true,"ivs":{"hp":31,"atk":31,"def":31,"spa":31,"spd":31,"spe":31}},{"name":"Hulk W/o Roids","species":"landorus","item":"lifeorb","ability":"Sheer Force","moves":["earthpower","focusblast","psychic","gravity"],"nature":"Timid","evs":{"hp":0,"atk":0,"def":0,"spa":252,"spd":4,"spe":252},"shiny":true,"ivs":{"hp":31,"atk":31,"def":31,"spa":31,"spd":31,"spe":31}},{"name":"Numel On Roids","species":"hippowdon","item":"leftovers","ability":"Sand Stream","moves":["earthquake","slackoff","stealthrock","whirlwind"],"nature":"Adamant","evs":{"hp":252,"atk":252,"def":0,"spa":0,"spd":4,"spe":0},"shiny":true,"ivs":{"hp":31,"atk":31,"def":31,"spa":31,"spd":31,"spe":31}}],"log":["|player|p1|Seven Swell|sevenswell.png","|player|p2|Sovereign♕Cactus|251","|gametype|singles","|gen|6","|tier|Monotype","|rated","|rule|Baton Pass Clause: Limit one Baton Passer, can't pass Spe and other stats simultaneously","|rule|Swagger Clause: Swagger is banned","|rule|Same Type Clause: Pokémon in a team must share a type","|clearpoke","|poke|p1|Mew","|poke|p1|Slowbro, F","|poke|p1|Deoxys-Speed","|poke|p1|Gardevoir, M","|poke|p1|Latias, F","|poke|p1|Hoopa-Unbound","|poke|p2|Seismitoad, M, shiny","|poke|p2|Garchomp, M, shiny","|poke|p2|Excadrill, F, shiny","|poke|p2|Gliscor, F, shiny","|poke|p2|Landorus, M, shiny","|poke|p2|Hippowdon, M, shiny","|rule|Sleep Clause Mod: Limit one foe put to sleep","|rule|Species Clause: Limit one of each Pokémon","|rule|OHKO Clause: OHKO moves are banned","|rule|Moody Clause: Moody is banned","|rule|Evasion Moves Clause: Evasion moves are banned","|rule|Endless Battle Clause: Forcing endless battles is banned","|rule|HP Percentage Mod: HP is shown in percentages","|teampreview","|","|start","|switch|p1a: Latias|Latias, F|364/364","|switch|p2a: Numel On Roids|Hippowdon, M, shiny|420/420","|-weather|Sandstorm","|turn|1","|","|move|p1a: Latias|Draco Meteor|p2a: Numel On Roids","|-damage|p2a: Numel On Roids|188/420","|-unboost|p1a: Latias|spa|2","|move|p2a: Numel On Roids|Stealth Rock|p1a: Latias","|-sidestart|p1: Seven Swell|move: Stealth Rock","|","|-weather|Sandstorm|[upkeep]","|-damage|p1a: Latias|342/364|[from] sandstorm","|-heal|p1a: Latias|364/364|[from] item: Leftovers","|-heal|p2a: Numel On Roids|214/420|[from] item: Leftovers","|turn|2","|","|move|p1a: Latias|Defog|p2a: Numel On Roids","|-unboost|p2a: Numel On Roids|evasion|1","|-sideend|p1: Seven Swell|Stealth Rock|[from] move: Defog|[of] p1a: Latias","|move|p2a: Numel On Roids|Slack Off|p2a: Numel On Roids","|-heal|p2a: Numel On Roids|420/420","|","|-weather|Sandstorm|[upkeep]","|-damage|p1a: Latias|342/364|[from] sandstorm","|-heal|p1a: Latias|364/364|[from] item: Leftovers","|turn|3","|","|switch|p1a: Mew|Mew|404/404","|move|p2a: Numel On Roids|Stealth Rock|p1a: Mew","|-sidestart|p1: Seven Swell|move: Stealth Rock","|","|-weather|Sandstorm|[upkeep]","|-damage|p1a: Mew|379/404|[from] sandstorm","|-heal|p1a: Mew|404/404|[from] item: Leftovers","|turn|4","|","|switch|p2a: Sonic On Roids|Gliscor, F, shiny|353/353","|move|p1a: Mew|Toxic|p2a: Sonic On Roids","|-status|p2a: Sonic On Roids|tox","|","|-weather|Sandstorm|[upkeep]","|-damage|p1a: Mew|379/404|[from] sandstorm","|-heal|p1a: Mew|404/404|[from] item: Leftovers","|turn|5","|","|switch|p1a: Slowbro|Slowbro, F|394/394","|-damage|p1a: Slowbro|345/394|[from] Stealth Rock","|move|p2a: Sonic On Roids|Substitute|p2a: Sonic On Roids","|-start|p2a: Sonic On Roids|Substitute","|-damage|p2a: Sonic On Roids|265/353 tox","|","|-weather|none","|-heal|p2a: Sonic On Roids|309/353 tox|[from] ability: Poison Heal","|turn|6","|","|move|p2a: Sonic On Roids|Toxic|p1a: Slowbro","|-status|p1a: Slowbro|tox","|move|p1a: Slowbro|Scald|p2a: Sonic On Roids","|-supereffective|p2a: Sonic On Roids","|-end|p2a: Sonic On Roids|Substitute","|","|-heal|p2a: Sonic On Roids|353/353 tox|[from] ability: Poison Heal","|-damage|p1a: Slowbro|321/394 tox|[from] psn","|turn|7","|","|switch|p1a: Deoxys-Speed|Deoxys-Speed|304/304","|-damage|p1a: Deoxys-Speed|266/304|[from] Stealth Rock","|-ability|p1a: Deoxys-Speed|Pressure","|move|p2a: Sonic On Roids|Protect|p2a: Sonic On Roids","|-fail|p2a: Sonic On Roids","|","|turn|8","|","|move|p1a: Deoxys-Speed|Ice Beam|p2a: Sonic On Roids","|-supereffective|p2a: Sonic On Roids","|-damage|p2a: Sonic On Roids|33/353 tox","|move|p2a: Sonic On Roids|Toxic|p1a: Deoxys-Speed","|-status|p1a: Deoxys-Speed|tox","|","|-damage|p1a: Deoxys-Speed|247/304 tox|[from] psn","|-heal|p2a: Sonic On Roids|77/353 tox|[from] ability: Poison Heal","|turn|9","|","|move|p2a: Sonic On Roids|Protect|p2a: Sonic On Roids","|-singleturn|p2a: Sonic On Roids|Protect","|move|p1a: Deoxys-Speed|Stealth Rock|p2a: Sonic On Roids","|-sidestart|p2: Sovereign♕Cactus|move: Stealth Rock","|","|-damage|p1a: Deoxys-Speed|209/304 tox|[from] psn","|-heal|p2a: Sonic On Roids|121/353 tox|[from] ability: Poison Heal","|turn|10","|","|switch|p2a: Numel On Roids|Hippowdon, M, shiny|420/420","|-damage|p2a: Numel On Roids|394/420|[from] Stealth Rock","|-weather|Sandstorm","|move|p1a: Deoxys-Speed|Ice Beam|p2a: Numel On Roids","|-supereffective|p2a: Numel On Roids","|-damage|p2a: Numel On Roids|210/420","|","|-weather|Sandstorm|[upkeep]","|-damage|p1a: Deoxys-Speed|190/304 tox|[from] sandstorm","|-heal|p2a: Numel On Roids|236/420|[from] item: Leftovers","|-damage|p1a: Deoxys-Speed|133/304 tox|[from] psn","|turn|11","|","|switch|p1a: Mew|Mew|404/404","|-damage|p1a: Mew|354/404|[from] Stealth Rock","|switch|p2a: Kermit On Roids|Seismitoad, M, shiny|414/414","|-damage|p2a: Kermit On Roids|389/414|[from] Stealth Rock","|","|-weather|Sandstorm|[upkeep]","|-damage|p1a: Mew|329/404|[from] sandstorm","|-heal|p1a: Mew|354/404|[from] item: Leftovers","|turn|12","|","|move|p1a: Mew|Heal Bell|p1a: Mew","|-cureteam|p1a: Mew|[from] move: HealBell","|move|p2a: Kermit On Roids|Earthquake|p1a: Mew","|-damage|p1a: Mew|239/404","|","|-weather|Sandstorm|[upkeep]","|-damage|p1a: Mew|214/404|[from] sandstorm","|-heal|p1a: Mew|239/404|[from] item: Leftovers","|turn|13","|","|switch|p1a: Slowbro|Slowbro, F|394/394","|-damage|p1a: Slowbro|345/394|[from] Stealth Rock","|move|p2a: Kermit On Roids|Scald|p1a: Slowbro","|-resisted|p1a: Slowbro","|-damage|p1a: Slowbro|271/394","|","|-weather|Sandstorm|[upkeep]","|-damage|p1a: Slowbro|247/394|[from] sandstorm","|turn|14","|","|move|p2a: Kermit On Roids|Grass Knot|p1a: Slowbro","|-supereffective|p1a: Slowbro","|-damage|p1a: Slowbro|55/394","|-damage|p2a: Kermit On Roids|320/414|[from] item: Rocky Helmet|[of] p1a: Slowbro","|move|p1a: Slowbro|Slack Off|p1a: Slowbro","|-heal|p1a: Slowbro|252/394","|","|-weather|none","|turn|15","|","|switch|p1a: Latias|Latias, F|364/364","|-damage|p1a: Latias|319/364|[from] Stealth Rock","|move|p2a: Kermit On Roids|Scald|p1a: Latias","|-resisted|p1a: Latias","|-damage|p1a: Latias|270/364","|-status|p1a: Latias|brn","|","|-heal|p1a: Latias|292/364 brn|[from] item: Leftovers","|-damage|p1a: Latias|247/364 brn|[from] brn","|turn|16","|","|switch|p2a: Numel On Roids|Hippowdon, M, shiny|236/420","|-damage|p2a: Numel On Roids|210/420|[from] Stealth Rock","|-weather|Sandstorm","|move|p1a: Latias|Defog|p2a: Numel On Roids","|-unboost|p2a: Numel On Roids|evasion|1","|-sideend|p2: Sovereign♕Cactus|Stealth Rock|[from] move: Defog|[of] p2a: Numel On Roids","|-sideend|p1: Seven Swell|Stealth Rock|[from] move: Defog|[of] p1a: Latias","|","|-weather|Sandstorm|[upkeep]","|-damage|p1a: Latias|225/364 brn|[from] sandstorm","|-heal|p1a: Latias|247/364 brn|[from] item: Leftovers","|-heal|p2a: Numel On Roids|236/420|[from] item: Leftovers","|-damage|p1a: Latias|202/364 brn|[from] brn","|turn|17","|","|switch|p2a: Sonic On Roids|Gliscor, F, shiny|121/353 tox","|move|p1a: Latias|Draco Meteor|p2a: Sonic On Roids","|-damage|p2a: Sonic On Roids|0 fnt","|-unboost|p1a: Latias|spa|2","|faint|p2a: Sonic On Roids","|","|-weather|Sandstorm|[upkeep]","|-damage|p1a: Latias|180/364 brn|[from] sandstorm","|-heal|p1a: Latias|202/364 brn|[from] item: Leftovers","|-damage|p1a: Latias|157/364 brn|[from] brn","|","|switch|p2a: Hulk W/o Roids|Landorus, M, shiny|319/319","|turn|18","|","|move|p1a: Latias|Roost|p1a: Latias","|-heal|p1a: Latias|339/364 brn","|move|p2a: Hulk W/o Roids|Gravity|p2a: Hulk W/o Roids","|-fieldstart|move: Gravity","|","|-weather|Sandstorm|[upkeep]","|-damage|p1a: Latias|317/364 brn|[from] sandstorm","|-heal|p1a: Latias|339/364 brn|[from] item: Leftovers","|-damage|p1a: Latias|294/364 brn|[from] brn","|turn|19","|","|move|p1a: Latias|Draco Meteor|p2a: Hulk W/o Roids","|-damage|p2a: Hulk W/o Roids|220/319","|-unboost|p1a: Latias|spa|2","|move|p2a: Hulk W/o Roids|Earth Power|p1a: Latias","|-crit|p1a: Latias","|-damage|p1a: Latias|0 fnt","|faint|p1a: Latias","|","|-weather|Sandstorm|[upkeep]","|","|switch|p1a: Deoxys-Speed|Deoxys-Speed|133/304","|-ability|p1a: Deoxys-Speed|Pressure","|turn|20","|","|move|p1a: Deoxys-Speed|Ice Beam|p2a: Hulk W/o Roids","|-supereffective|p2a: Hulk W/o Roids","|-damage|p2a: Hulk W/o Roids|0 fnt","|faint|p2a: Hulk W/o Roids","|","|-weather|none","|","|switch|p2a: Numel On Roids|Hippowdon, M, shiny|236/420","|-weather|Sandstorm","|turn|21","|","|move|p1a: Deoxys-Speed|Ice Beam|p2a: Numel On Roids","|-supereffective|p2a: Numel On Roids","|-damage|p2a: Numel On Roids|44/420","|move|p2a: Numel On Roids|Earthquake|p1a: Deoxys-Speed","|-damage|p1a: Deoxys-Speed|0 fnt","|faint|p1a: Deoxys-Speed","|","|-weather|Sandstorm|[upkeep]","|-heal|p2a: Numel On Roids|70/420|[from] item: Leftovers","|","|switch|p1a: Mew|Mew|239/404","|turn|22","|","|move|p1a: Mew|Aura Sphere|p2a: Numel On Roids","|-damage|p2a: Numel On Roids|0 fnt","|faint|p2a: Numel On Roids","|","|-weather|Sandstorm|[upkeep]","|-damage|p1a: Mew|214/404|[from] sandstorm","|-heal|p1a: Mew|239/404|[from] item: Leftovers","|-fieldend|move: Gravity","|","|switch|p2a: DigDug On Roids|Excadrill, F, shiny|361/361","|turn|23","|","|switch|p1a: Slowbro|Slowbro, F|383/394","|move|p2a: DigDug On Roids|X-Scissor|p1a: Slowbro","|-supereffective|p1a: Slowbro","|-damage|p1a: Slowbro|188/394","|-damage|p2a: DigDug On Roids|301/361|[from] item: Rocky Helmet|[of] p1a: Slowbro","|-damage|p2a: DigDug On Roids|265/361|[from] item: Life Orb","|","|-weather|Sandstorm|[upkeep]","|-damage|p1a: Slowbro|164/394|[from] sandstorm","|turn|24","|","|switch|p1a: Mew|Mew|239/404","|move|p2a: DigDug On Roids|X-Scissor|p1a: Mew","|-supereffective|p1a: Mew","|-damage|p1a: Mew|0 fnt","|-damage|p2a: DigDug On Roids|229/361|[from] item: Life Orb","|faint|p1a: Mew","|","|-weather|Sandstorm|[upkeep]","|","|switch|p1a: Gardevoir|Gardevoir, M|277/277","|-ability|p1a: Gardevoir|Sand Rush|[from] ability: Trace|[of] p2a: DigDug On Roids","|turn|25","|","|detailschange|p1a: Gardevoir|Gardevoir-Mega, M","|-mega|p1a: Gardevoir|Gardevoir|Gardevoirite","|move|p1a: Gardevoir|Psyshock|p2a: DigDug On Roids","|-resisted|p2a: DigDug On Roids","|-damage|p2a: DigDug On Roids|110/361","|move|p2a: DigDug On Roids|Iron Head|p1a: Gardevoir","|-supereffective|p1a: Gardevoir","|-damage|p1a: Gardevoir|0 fnt","|-damage|p2a: DigDug On Roids|74/361|[from] item: Life Orb","|faint|p1a: Gardevoir","|","|-weather|none","|","|switch|p1a: Slowbro|Slowbro, F|295/394","|turn|26","|","|move|p2a: DigDug On Roids|X-Scissor|p1a: Slowbro","|-supereffective|p1a: Slowbro","|-damage|p1a: Slowbro|121/394","|-damage|p2a: DigDug On Roids|14/361|[from] item: Rocky Helmet|[of] p1a: Slowbro","|-damage|p2a: DigDug On Roids|0 fnt|[from] item: Life Orb","|faint|p2a: DigDug On Roids","|move|p1a: Slowbro|Scald|p2: DigDug On Roids|[notarget]","|-notarget","|","|","|switch|p2a: Kermit On Roids|Seismitoad, M, shiny|320/414","|turn|27","|","|move|p2a: Kermit On Roids|Grass Knot|p1a: Slowbro","|-supereffective|p1a: Slowbro","|-damage|p1a: Slowbro|0 fnt","|-damage|p2a: Kermit On Roids|251/414|[from] item: Rocky Helmet|[of] p1a: Slowbro","|faint|p1a: Slowbro","|","|","|switch|p1a: Hoopa-Unbound|Hoopa-Unbound|301/301","|turn|28","|","|move|p1a: Hoopa-Unbound|Hyperspace Fury|p2a: Kermit On Roids","|-damage|p2a: Kermit On Roids|0 fnt","|-unboost|p1a: Hoopa-Unbound|def|1","|faint|p2a: Kermit On Roids","|","|","|switch|p2a: Barney On Roids|Garchomp, M, shiny|419/419","|turn|29","|","|detailschange|p2a: Barney On Roids|Garchomp-Mega, M, shiny","|-mega|p2a: Barney On Roids|Garchomp|Garchompite","|move|p2a: Barney On Roids|Earthquake|p1a: Hoopa-Unbound","|-enditem|p1a: Hoopa-Unbound|Focus Sash","|-damage|p1a: Hoopa-Unbound|1/301","|move|p1a: Hoopa-Unbound|Hyperspace Fury|p2a: Barney On Roids","|-damage|p2a: Barney On Roids|203/419","|-unboost|p1a: Hoopa-Unbound|def|1","|","|turn|30","|","|move|p1a: Hoopa-Unbound|Hyperspace Fury|p2a: Barney On Roids","|-damage|p2a: Barney On Roids|4/419","|-unboost|p1a: Hoopa-Unbound|def|1","|move|p2a: Barney On Roids|Earthquake|p1a: Hoopa-Unbound","|-crit|p1a: Hoopa-Unbound","|-damage|p1a: Hoopa-Unbound|0 fnt","|faint|p1a: Hoopa-Unbound","|","|win|Sovereign♕Cactus"],"p1rating":{"entryid":"7267988","serverid":"eos","formatid":"monotype","userid":"sevenswell","username":"Seven Swell","w":"11","l":7,"t":"0","gxe":58.6,"r":"1444.0503046494","rd":"123.17369180523","sigma":"0","rptime":"1438333200","rpr":1567.1915192808,"rprd":73.69736110994,"rpsigma":"0","acre":1183.6730830956,"lacre":1183.6730830956,"oldacre":"1211.1877791707"},"p2rating":{"entryid":"6867552","serverid":"eos","formatid":"monotype","userid":"sovereigncactus","username":"Sovereign♕Cactus","w":46,"l":"54","t":"0","gxe":45.6,"r":"1461.6956434101","rd":"40.32407721443","sigma":"0","rptime":"1438333200","rpr":1466.7119535455,"rprd":36.075782382085,"rpsigma":"0","acre":1203.6360920988,"lacre":1203.6360920988,"oldacre":"1176.1213960237"},"endType":"normal"}