{"seed":[56864,10290,22241,23926],"turns":31,"p1":"Yung draco","p2":"Alliance-C-Control","p1team":[{"name":"Skarmory","species":"Skarmory","item":"leftovers","ability":"Sturdy","moves":["bravebird","whirlwind","roost","stealthrock"],"nature":"Impish","evs":{"hp":252,"atk":0,"def":232,"spa":0,"spd":0,"spe":24},"ivs":{"hp":31,"atk":31,"def":31,"spa":31,"spd":31,"spe":31}},{"name":"Heatran","species":"Heatran","item":"airballoon","ability":"Flash Fire","moves":["willowisp","lavaplume","earthpower","ancientpower"],"nature":"Calm","evs":{"hp":248,"atk":0,"def":0,"spa":8,"spd":252,"spe":0},"ivs":{"hp":31,"atk":31,"def":31,"spa":31,"spd":31,"spe":31}},{"name":"Ferrothorn","species":"Ferrothorn","item":"leftovers","ability":"Iron Barbs","moves":["leechseed","protect","spikes","seedbomb"],"nature":"Impish","evs":{"hp":208,"atk":0,"def":200,"spa":0,"spd":100,"spe":0},"ivs":{"hp":31,"atk":31,"def":31,"spa":31,"spd":31,"spe":31}},{"name":"Bisharp","species":"Bisharp","item":"lifeorb","ability":"Defiant","moves":["swordsdance","suckerpunch","knockoff","ironhead"],"nature":"Jolly","evs":{"hp":0,"atk":252,"def":0,"spa":0,"spd":4,"spe":252},"ivs":{"hp":31,"atk":31,"def":31,"spa":31,"spd":31,"spe":31}},{"name":"Scizor","species":"Scizor","item":"scizorite","ability":"Technician","moves":["swordsdance","bulletpunch","bugbite","superpower"],"nature":"Adamant","evs":{"hp":248,"atk":252,"def":0,"spa":0,"spd":8,"spe":0},"ivs":{"hp":31,"atk":31,"def":31,"spa":31,"spd":31,"spe":31}},{"name":"Magnezone","species":"Magnezone","item":"choicescarf","ability":"Magnet Pull","moves":["flashcannon","thunderbolt","hiddenpowerwater","voltswitch"],"nature":"Timid","evs":{"hp":0,"atk":0,"def":0,"spa":252,"spd":4,"spe":252},"ivs":{"hp":31,"atk":30,"def":30,"spa":30,"spd":31,"spe":31}}],"p2team":[{"name":"Magnezone","species":"Magnezone","item":"leftovers","ability":"Analytic","moves":["flashcannon","voltswitch","hiddenpowerfire","thunderwave"],"nature":"Bold","evs":{"hp":248,"atk":0,"def":252,"spa":8,"spd":0,"spe":0},"ivs":{"hp":31,"atk":30,"def":31,"spa":30,"spd":31,"spe":30}},{"name":"Thundurus","species":"Thundurus","item":"leftovers","ability":"Prankster","moves":["flashcannon","thunderwave","psychic","thunderbolt"],"nature":"Timid","evs":{"hp":0,"atk":0,"def":0,"spa":252,"spd":4,"spe":252},"ivs":{"hp":31,"atk":31,"def":31,"spa":31,"spd":31,"spe":31}},{"name":"Zapdos","species":"Zapdos","item":"rockyhelmet","ability":"Pressure","moves":["roost","defog","heatwave","voltswitch"],"nature":"Modest","evs":{"hp":248,"atk":0,"def":0,"spa":252,"spd":8,"spe":0},"ivs":{"hp":31,"atk":31,"def":31,"spa":31,"spd":31,"spe":31}},{"name":"Rotom-Wash","species":"Rotom-Wash","item":"rockyhelmet","ability":"Levitate","moves":["hydropump","painsplit","voltswitch","willowisp"],"nature":"Bold","evs":{"hp":248,"atk":0,"def":252,"spa":8,"spd":0,"spe":0},"ivs":{"hp":31,"atk":31,"def":31,"spa":31,"spd":31,"spe":31}},{"name":"Ampharos","species":"Ampharos","item":"ampharosite","ability":"Plus","moves":["dragonpulse","powergem","thunderbolt","focusblast"],"nature":"Modest","evs":{"hp":248,"atk":0,"def":0,"spa":8,"spd":252,"spe":0},"ivs":{"hp":31,"atk":31,"def":31,"spa":31,"spd":31,"spe":31}},{"name":"Electivire","species":"Electivire","item":"custapberry","ability":"Vital Spirit","moves":["brickbreak","thunderpunch","icepunch","earthquake"],"nature":"Adamant","evs":{"hp":248,"atk":252,"def":0,"spa":0,"spd":8,"spe":0},"ivs":{"hp":31,"atk":31,"def":31,"spa":31,"spd":31,"spe":31}}],"log":["|player|p1|Yung draco|143","|player|p2|Alliance-C-Control|190","|gametype|singles","|gen|6","|tier|Monotype","|rated","|rule|Baton Pass Clause: Limit one Baton Passer, can't pass Spe and other stats simultaneously","|rule|Swagger Clause: Swagger is banned","|rule|Same Type Clause: Pokémon in a team must share a type","|clearpoke","|poke|p1|Skarmory, M","|poke|p1|Heatran, M","|poke|p1|Ferrothorn, M","|poke|p1|Bisharp, F","|poke|p1|Scizor, M","|poke|p1|Magnezone","|poke|p2|Magnezone","|poke|p2|Thundurus, M","|poke|p2|Zapdos","|poke|p2|Rotom-Wash","|poke|p2|Ampharos, F","|poke|p2|Electivire, F","|rule|Sleep Clause Mod: Limit one foe put to sleep","|rule|Species Clause: Limit one of each Pokémon","|rule|OHKO Clause: OHKO moves are banned","|rule|Moody Clause: Moody is banned","|rule|Evasion Moves Clause: Evasion moves are banned","|rule|Endless Battle Clause: Forcing endless battles is banned","|rule|HP Percentage Mod: HP is shown in percentages","|teampreview","|","|start","|switch|p1a: Heatran|Heatran, M|385/385","|switch|p2a: Rotom-Wash|Rotom-Wash|303/303","|-item|p1a: Heatran|Air Balloon","|turn|1","|","|switch|p1a: Ferrothorn|Ferrothorn, M|341/341","|move|p2a: Rotom-Wash|Hydro Pump|p1a: Ferrothorn|[miss]","|-miss|p2a: Rotom-Wash|p1a: Ferrothorn","|","|turn|2","|","|move|p1a: Ferrothorn|Protect|p1a: Ferrothorn","|-singleturn|p1a: Ferrothorn|Protect","|move|p2a: Rotom-Wash|Volt Switch|p1a: Ferrothorn","|-activate|p1a: Ferrothorn|Protect","|","|turn|3","|","|move|p2a: Rotom-Wash|Hydro Pump|p1a: Ferrothorn","|-resisted|p1a: Ferrothorn","|-damage|p1a: Ferrothorn|290/341","|move|p1a: Ferrothorn|Leech Seed|p2a: Rotom-Wash|[miss]","|-miss|p1a: Ferrothorn|p2a: Rotom-Wash","|","|-heal|p1a: Ferrothorn|311/341|[from] item: Leftovers","|turn|4","|","|move|p1a: Ferrothorn|Protect|p1a: Ferrothorn","|-singleturn|p1a: Ferrothorn|Protect","|move|p2a: Rotom-Wash|Will-O-Wisp|p1a: Ferrothorn","|-activate|p1a: Ferrothorn|Protect","|","|-heal|p1a: Ferrothorn|332/341|[from] item: Leftovers","|turn|5","|","|move|p2a: Rotom-Wash|Volt Switch|p1a: Ferrothorn","|-resisted|p1a: Ferrothorn","|-damage|p1a: Ferrothorn|295/341","|","|switch|p2a: Thundurus|Thundurus, M|299/299","|move|p1a: Ferrothorn|Leech Seed|p2a: Thundurus","|-start|p2a: Thundurus|move: Leech Seed","|","|-heal|p1a: Ferrothorn|316/341|[from] item: Leftovers","|-damage|p2a: Thundurus|262/299|[from] Leech Seed|[of] p1a: Ferrothorn","|-heal|p1a: Ferrothorn|341/341|[silent]","|turn|6","|","|move|p1a: Ferrothorn|Protect|p1a: Ferrothorn","|-singleturn|p1a: Ferrothorn|Protect","|move|p2a: Thundurus|Thunder Wave|p1a: Ferrothorn","|-activate|p1a: Ferrothorn|Protect","|","|-heal|p2a: Thundurus|280/299|[from] item: Leftovers","|-damage|p2a: Thundurus|243/299|[from] Leech Seed|[of] p1a: Ferrothorn","|turn|7","|","|move|p2a: Thundurus|Thunder Wave|p1a: Ferrothorn","|-status|p1a: Ferrothorn|par","|move|p1a: Ferrothorn|Spikes|p2a: Thundurus","|-sidestart|p2: Alliance-C-Control|Spikes","|","|-heal|p2a: Thundurus|261/299|[from] item: Leftovers","|-damage|p2a: Thundurus|224/299|[from] Leech Seed|[of] p1a: Ferrothorn","|turn|8","|","|switch|p2a: Zapdos|Zapdos|383/383","|-ability|p2a: Zapdos|Pressure","|move|p1a: Ferrothorn|Spikes|p2a: Zapdos","|-sidestart|p2: Alliance-C-Control|Spikes","|","|turn|9","|","|switch|p1a: Heatran|Heatran, M|385/385","|-item|p1a: Heatran|Air Balloon","|move|p2a: Zapdos|Heat Wave|p1a: Heatran","|-start|p1a: Heatran|ability: Flash Fire","|","|turn|10","|","|move|p2a: Zapdos|Volt Switch|p1a: Heatran","|-damage|p1a: Heatran|294/385","|-enditem|p1a: Heatran|Air Balloon","|","|switch|p2a: Rotom-Wash|Rotom-Wash|303/303","|move|p1a: Heatran|Lava Plume|p2a: Rotom-Wash","|-crit|p2a: Rotom-Wash","|-resisted|p2a: Rotom-Wash","|-damage|p2a: Rotom-Wash|176/303","|","|turn|11","|","|-end|p1a: Heatran|ability: Flash Fire|[silent]","|switch|p1a: Ferrothorn|Ferrothorn, M|341/341 par","|move|p2a: Rotom-Wash|Pain Split|p1a: Ferrothorn","|-sethp|p1a: Ferrothorn|258/341 par|p2a: Rotom-Wash|258/303|[from] move: Pain Split","|","|-heal|p1a: Ferrothorn|279/341 par|[from] item: Leftovers","|turn|12","|","|move|p2a: Rotom-Wash|Volt Switch|p1a: Ferrothorn","|-resisted|p1a: Ferrothorn","|-damage|p1a: Ferrothorn|242/341 par","|","|switch|p2a: Zapdos|Zapdos|383/383","|-ability|p2a: Zapdos|Pressure","|cant|p1a: Ferrothorn|par","|","|-heal|p1a: Ferrothorn|263/341 par|[from] item: Leftovers","|turn|13","|","|move|p1a: Ferrothorn|Protect|p1a: Ferrothorn","|-singleturn|p1a: Ferrothorn|Protect","|move|p2a: Zapdos|Heat Wave|p1a: Ferrothorn","|-activate|p1a: Ferrothorn|Protect","|","|-heal|p1a: Ferrothorn|284/341 par|[from] item: Leftovers","|turn|14","|","|move|p2a: Zapdos|Heat Wave|p1a: Ferrothorn","|-supereffective|p1a: Ferrothorn","|-damage|p1a: Ferrothorn|0 fnt","|faint|p1a: Ferrothorn","|","|","|switch|p1a: Heatran|Heatran, M|294/385","|turn|15","|","|move|p2a: Zapdos|Volt Switch|p1a: Heatran","|-damage|p1a: Heatran|198/385","|","|switch|p2a: Rotom-Wash|Rotom-Wash|258/303","|move|p1a: Heatran|Will-O-Wisp|p2a: Rotom-Wash","|-status|p2a: Rotom-Wash|brn","|","|-damage|p2a: Rotom-Wash|221/303 brn|[from] brn","|turn|16","|","|switch|p1a: Magnezone|Magnezone|281/281","|move|p2a: Rotom-Wash|Volt Switch|p1a: Magnezone","|-resisted|p1a: Magnezone","|-damage|p1a: Magnezone|230/281","|","|switch|p2a: Zapdos|Zapdos|383/383","|-ability|p2a: Zapdos|Pressure","|","|turn|17","|","|switch|p1a: Heatran|Heatran, M|198/385","|move|p2a: Zapdos|Volt Switch|p1a: Heatran","|-damage|p1a: Heatran|102/385","|","|switch|p2a: Rotom-Wash|Rotom-Wash|221/303 brn","|","|-damage|p2a: Rotom-Wash|184/303 brn|[from] brn","|turn|18","|","|switch|p1a: Magnezone|Magnezone|230/281","|move|p2a: Rotom-Wash|Hydro Pump|p1a: Magnezone","|-damage|p1a: Magnezone|74/281","|","|-damage|p2a: Rotom-Wash|147/303 brn|[from] brn","|turn|19","|","|switch|p2a: Magnezone|Magnezone|343/343","|-damage|p2a: Magnezone|286/343|[from] Spikes","|move|p1a: Magnezone|Thunderbolt|p2a: Magnezone","|-resisted|p2a: Magnezone","|-damage|p2a: Magnezone|206/343","|","|-heal|p2a: Magnezone|227/343|[from] item: Leftovers","|turn|20","|","|switch|p1a: Heatran|Heatran, M|102/385","|move|p2a: Magnezone|Volt Switch|p1a: Heatran","|-damage|p1a: Heatran|5/385","|","|switch|p2a: Electivire|Electivire, F|353/353","|-damage|p2a: Electivire|295/353|[from] Spikes","|","|turn|21","|","|move|p2a: Electivire|Thunder Punch|p1a: Heatran","|-damage|p1a: Heatran|0 fnt","|faint|p1a: Heatran","|","|","|switch|p1a: Scizor|Scizor, M|343/343","|turn|22","|","|switch|p2a: Rotom-Wash|Rotom-Wash|147/303 brn","|detailschange|p1a: Scizor|Scizor-Mega, M","|-mega|p1a: Scizor|Scizor|Scizorite","|move|p1a: Scizor|Bug Bite|p2a: Rotom-Wash","|-damage|p2a: Rotom-Wash|3/303 brn","|-damage|p1a: Scizor|286/343|[from] item: Rocky Helmet|[of] p2a: Rotom-Wash","|","|-damage|p2a: Rotom-Wash|0 fnt|[from] brn","|faint|p2a: Rotom-Wash","|","|switch|p2a: Zapdos|Zapdos|383/383","|-ability|p2a: Zapdos|Pressure","|turn|23","|","|move|p1a: Scizor|Bullet Punch|p2a: Zapdos","|-resisted|p2a: Zapdos","|-damage|p2a: Zapdos|305/383","|-damage|p1a: Scizor|229/343|[from] item: Rocky Helmet|[of] p2a: Zapdos","|move|p2a: Zapdos|Heat Wave|p1a: Scizor","|-supereffective|p1a: Scizor","|-damage|p1a: Scizor|0 fnt","|faint|p1a: Scizor","|","|","|switch|p1a: Magnezone|Magnezone|74/281","|turn|24","|","|switch|p2a: Magnezone|Magnezone|227/343","|-damage|p2a: Magnezone|170/343|[from] Spikes","|move|p1a: Magnezone|Flash Cannon|p2a: Magnezone","|-resisted|p2a: Magnezone","|-damage|p2a: Magnezone|134/343","|","|-heal|p2a: Magnezone|155/343|[from] item: Leftovers","|turn|25","|","|move|p1a: Magnezone|Flash Cannon|p2a: Magnezone","|-resisted|p2a: Magnezone","|-damage|p2a: Magnezone|119/343","|move|p2a: Magnezone|Volt Switch|p1a: Magnezone","|-resisted|p1a: Magnezone","|-damage|p1a: Magnezone|0 fnt","|faint|p1a: Magnezone","|","|switch|p2a: Zapdos|Zapdos|305/383","|-ability|p2a: Zapdos|Pressure","|","|","|switch|p1a: Bisharp|Bisharp, F|271/271","|turn|26","|","|move|p1a: Bisharp|Sucker Punch|p2a: Zapdos","|-crit|p2a: Zapdos","|-damage|p2a: Zapdos|0 fnt","|-damage|p1a: Bisharp|226/271|[from] item: Rocky Helmet|[of] p2a: Zapdos","|-damage|p1a: Bisharp|199/271|[from] item: Life Orb","|faint|p2a: Zapdos","|","|","|switch|p2a: Thundurus|Thundurus, M|224/299","|turn|27","|","|move|p2a: Thundurus|Thunder Wave|p1a: Bisharp","|-status|p1a: Bisharp|par","|move|p1a: Bisharp|Knock Off|p2a: Thundurus","|-damage|p2a: Thundurus|0 fnt","|-enditem|p2a: Thundurus|Leftovers|[from] move: Knock Off|[of] p1a: Bisharp","|-damage|p1a: Bisharp|172/271 par|[from] item: Life Orb","|faint|p2a: Thundurus","|","|","|switch|p2a: Magnezone|Magnezone|119/343","|-damage|p2a: Magnezone|62/343|[from] Spikes","|turn|28","|","|cant|p1a: Bisharp|par","|move|p2a: Magnezone|Thunder Wave|p1a: Bisharp","|-fail|p1a: Bisharp|par","|","|-heal|p2a: Magnezone|83/343|[from] item: Leftovers","|turn|29","|","|move|p2a: Magnezone|Hidden Power|p1a: Bisharp","|-crit|p1a: Bisharp","|-supereffective|p1a: Bisharp","|-damage|p1a: Bisharp|0 fnt","|faint|p1a: Bisharp","|","|-heal|p2a: Magnezone|104/343|[from] item: Leftovers","|","|switch|p1a: Skarmory|Skarmory, M|334/334","|turn|30","|","|move|p1a: Skarmory|Brave Bird|p2a: Magnezone","|-resisted|p2a: Magnezone","|-damage|p2a: Magnezone|86/343","|-damage|p1a: Skarmory|328/334|[from] recoil|[of] p2a: Magnezone","|move|p2a: Magnezone|Hidden Power|p1a: Skarmory","|-supereffective|p1a: Skarmory","|-damage|p1a: Skarmory|132/334","|","|-heal|p1a: Skarmory|152/334|[from] item: Leftovers","|-heal|p2a: Magnezone|107/343|[from] item: Leftovers","|turn|31","|","|move|p1a: Skarmory|Brave Bird|p2a: Magnezone","|-resisted|p2a: Magnezone","|-damage|p2a: Magnezone|89/343","|-damage|p1a: Skarmory|146/334|[from] recoil|[of] p2a: Magnezone","|move|p2a: Magnezone|Volt Switch|p1a: Skarmory","|-supereffective|p1a: Skarmory","|-damage|p1a: Skarmory|0 fnt","|faint|p1a: Skarmory","|","|win|Alliance-C-Control"],"p1rating":{"entryid":"6653831","serverid":"eos","formatid":"monotype","userid":"yungdraco","username":"Yung draco - ⓦⓐⓘⓣ","w":"20","l":9,"t":"0","gxe":63.9,"r":"1651.3041119871","rd":"71.308485470839","sigma":"0","rptime":"1438333200","rpr":1609.4668377374,"rprd":63.931551473329,"rpsigma":"0","acre":1193.8963780453,"lacre":1193.8963780453,"oldacre":"1230.8931938761"},"p2rating":{"entryid":"6440455","serverid":"eos","formatid":"monotype","userid":"allianceccontrol","username":"Alliance-C-Control","w":216,"l":"290","t":"0","gxe":41.3,"r":"1432.7425864753","rd":"25","sigma":"0","rptime":"1438333200","rpr":1433.760722162,"rprd":25,"rpsigma":"0","acre":1097.5102769358,"lacre":1097.5102769358,"oldacre":"1049.2473402768"},"endType":"normal"}