{"seed":[24850,59071,33391,30053],"turns":21,"p1":"Nyan Loki","p2":"Inferno Cradily","p1team":[{"name":"Gastrodon","species":"Gastrodon","item":"lifeorb","ability":"Sticky Hold","moves":["earthpower","recover","surf","icebeam"],"nature":"Modest","evs":{"hp":248,"atk":0,"def":0,"spa":252,"spd":8,"spe":0},"ivs":{"hp":31,"atk":31,"def":31,"spa":31,"spd":31,"spe":31}},{"name":"Azumarill","species":"Azumarill","item":"lifeorb","ability":"Sap Sipper","moves":["aquajet","knockoff","playrough","poweruppunch"],"nature":"Adamant","evs":{"hp":248,"atk":252,"def":0,"spa":0,"spd":8,"spe":0},"ivs":{"hp":31,"atk":31,"def":31,"spa":31,"spd":31,"spe":31}},{"name":"Seismitoad","species":"Seismitoad","item":"focussash","ability":"Swift Swim","moves":["stealthrock","raindance","rockslide","drainpunch"],"nature":"Adamant","evs":{"hp":0,"atk":252,"def":0,"spa":0,"spd":4,"spe":252},"ivs":{"hp":31,"atk":31,"def":31,"spa":31,"spd":31,"spe":31}},{"name":"Sharpedo","species":"Sharpedo","item":"sharpedonite","ability":"Speed Boost","moves":["protect","crunch","waterfall","destinybond"],"nature":"Adamant","evs":{"hp":0,"atk":252,"def":0,"spa":0,"spd":4,"spe":252},"ivs":{"hp":31,"atk":31,"def":31,"spa":31,"spd":31,"spe":31}},{"name":"Jellicent","species":"Jellicent","item":"lifeorb","ability":"Cursed Body","moves":["hydropump","gigadrain","dazzlinggleam","psychic"],"nature":"Modest","evs":{"hp":248,"atk":0,"def":0,"spa":252,"spd":8,"spe":0},"ivs":{"hp":31,"atk":31,"def":31,"spa":31,"spd":31,"spe":31}},{"name":"Ludicolo","species":"Ludicolo","item":"lifeorb","ability":"Swift Swim","moves":["hydropump","energyball","gigadrain","icebeam"],"nature":"Modest","evs":{"hp":0,"atk":0,"def":0,"spa":252,"spd":4,"spe":252},"ivs":{"hp":31,"atk":31,"def":31,"spa":31,"spd":31,"spe":31}}],"p2team":[{"name":"Lucario","species":"Lucario","item":"lumberry","ability":"Justified","moves":["extremespeed","bulletpunch","earthquake","drainpunch"],"nature":"Adamant","evs":{"hp":120,"atk":252,"def":0,"spa":0,"spd":8,"spe":128},"ivs":{"hp":31,"atk":31,"def":31,"spa":31,"spd":31,"spe":31}},{"name":"Aggron","species":"Aggron","item":"focusband","ability":"Sturdy","moves":["icepunch","earthquake","rockpolish","heavyslam"],"nature":"Adamant","evs":{"hp":0,"atk":252,"def":0,"spa":0,"spd":4,"spe":252},"ivs":{"hp":31,"atk":31,"def":31,"spa":31,"spd":31,"spe":31}},{"name":"Steelix","species":"Steelix","item":"steelixite","ability":"Rock Head","moves":["sleeptalk","rest","heavyslam","curse"],"nature":"Impish","evs":{"hp":180,"atk":0,"def":76,"spa":0,"spd":252,"spe":0},"ivs":{"hp":31,"atk":31,"def":31,"spa":31,"spd":31,"spe":31}},{"name":"Heatran","species":"Heatran","item":"airballoon","ability":"Flash Fire","moves":["lavaplume","earthpower","willowisp","taunt"],"nature":"Bold","evs":{"hp":248,"atk":0,"def":108,"spa":8,"spd":144,"spe":0},"ivs":{"hp":31,"atk":31,"def":31,"spa":31,"spd":31,"spe":31}},{"name":"Empoleon","species":"Empoleon","item":"liechiberry","ability":"Torrent","moves":["avalanche","steelwing","swordsdance","agility"],"nature":"Brave","evs":{"hp":248,"atk":252,"def":0,"spa":0,"spd":8,"spe":0},"ivs":{"hp":31,"atk":31,"def":31,"spa":31,"spd":31,"spe":31}},{"name":"Ferrothorn","species":"Ferrothorn","item":"rockyhelmet","ability":"Iron Barbs","moves":["spikes","ironhead","leechseed","grassknot"],"nature":"Lax","evs":{"hp":248,"atk":8,"def":252,"spa":0,"spd":0,"spe":0},"ivs":{"hp":31,"atk":31,"def":31,"spa":31,"spd":31,"spe":31}}],"log":["|player|p1|Nyan Loki|222","|player|p2|Inferno Cradily|290","|gametype|singles","|gen|6","|tier|Monotype","|rated","|rule|Baton Pass Clause: Limit one Baton Passer, can't pass Spe and other stats simultaneously","|rule|Swagger Clause: Swagger is banned","|rule|Same Type Clause: Pokémon in a team must share a type","|clearpoke","|poke|p1|Gastrodon, F","|poke|p1|Azumarill, F","|poke|p1|Seismitoad, M","|poke|p1|Sharpedo, M","|poke|p1|Jellicent, F","|poke|p1|Ludicolo, M","|poke|p2|Lucario, F","|poke|p2|Aggron, F","|poke|p2|Steelix, M","|poke|p2|Heatran, M","|poke|p2|Empoleon, M","|poke|p2|Ferrothorn, M","|rule|Sleep Clause Mod: Limit one foe put to sleep","|rule|Species Clause: Limit one of each Pokémon","|rule|OHKO Clause: OHKO moves are banned","|rule|Moody Clause: Moody is banned","|rule|Evasion Moves Clause: Evasion moves are banned","|rule|Endless Battle Clause: Forcing endless battles is banned","|rule|HP Percentage Mod: HP is shown in percentages","|teampreview","|","|start","|switch|p1a: Seismitoad|Seismitoad, M|351/351","|switch|p2a: Aggron|Aggron, F|281/281","|turn|1","|","|move|p1a: Seismitoad|Rain Dance|p1a: Seismitoad","|-weather|RainDance","|move|p2a: Aggron|Rock Polish|p2a: Aggron","|-boost|p2a: Aggron|spe|2","|","|-weather|RainDance|[upkeep]","|turn|2","|","|move|p1a: Seismitoad|Stealth Rock|p2a: Aggron","|-sidestart|p2: Inferno Cradily|move: Stealth Rock","|move|p2a: Aggron|Earthquake|p1a: Seismitoad","|-damage|p1a: Seismitoad|211/351","|","|-weather|RainDance|[upkeep]","|turn|3","|","|move|p1a: Seismitoad|Drain Punch|p2a: Aggron","|-supereffective|p2a: Aggron","|-damage|p2a: Aggron|101/281","|-heal|p1a: Seismitoad|301/351|[from] drain|[of] p2a: Aggron","|move|p2a: Aggron|Ice Punch|p1a: Seismitoad","|-damage|p1a: Seismitoad|197/351","|","|-weather|RainDance|[upkeep]","|turn|4","|","|move|p1a: Seismitoad|Drain Punch|p2a: Aggron","|-supereffective|p2a: Aggron","|-damage|p2a: Aggron|0 fnt","|-heal|p1a: Seismitoad|248/351|[from] drain|[of] p2a: Aggron","|faint|p2a: Aggron","|","|-weather|RainDance|[upkeep]","|","|switch|p2a: Empoleon|Empoleon, M|371/371","|-damage|p2a: Empoleon|348/371|[from] Stealth Rock","|turn|5","|","|move|p1a: Seismitoad|Drain Punch|p2a: Empoleon","|-supereffective|p2a: Empoleon","|-damage|p2a: Empoleon|172/371","|-heal|p1a: Seismitoad|336/351|[from] drain|[of] p2a: Empoleon","|move|p2a: Empoleon|Swords Dance|p2a: Empoleon","|-boost|p2a: Empoleon|atk|2","|","|-weather|none","|turn|6","|","|move|p1a: Seismitoad|Drain Punch|p2a: Empoleon","|-supereffective|p2a: Empoleon","|-damage|p2a: Empoleon|6/371","|-heal|p1a: Seismitoad|351/351|[from] drain|[of] p2a: Empoleon","|-enditem|p2a: Empoleon|Liechi Berry|[eat]","|-boost|p2a: Empoleon|atk|1|[from] item: Liechi Berry","|move|p2a: Empoleon|Agility|p2a: Empoleon","|-boost|p2a: Empoleon|spe|2","|","|turn|7","|","|move|p2a: Empoleon|Steel Wing|p1a: Seismitoad","|-crit|p1a: Seismitoad","|-resisted|p1a: Seismitoad","|-damage|p1a: Seismitoad|120/351","|move|p1a: Seismitoad|Drain Punch|p2a: Empoleon","|-supereffective|p2a: Empoleon","|-damage|p2a: Empoleon|0 fnt","|-heal|p1a: Seismitoad|123/351|[from] drain|[of] p2a: Empoleon","|faint|p2a: Empoleon","|","|","|switch|p2a: Ferrothorn|Ferrothorn, M|351/351","|-damage|p2a: Ferrothorn|330/351|[from] Stealth Rock","|turn|8","|","|move|p1a: Seismitoad|Rain Dance|p1a: Seismitoad","|-weather|RainDance","|move|p2a: Ferrothorn|Grass Knot|p1a: Seismitoad","|-supereffective|p1a: Seismitoad","|-damage|p1a: Seismitoad|0 fnt","|faint|p1a: Seismitoad","|","|-weather|RainDance|[upkeep]","|","|switch|p1a: Ludicolo|Ludicolo, M|301/301","|turn|9","|","|move|p1a: Ludicolo|Hydro Pump|p2a: Ferrothorn","|-resisted|p2a: Ferrothorn","|-damage|p2a: Ferrothorn|158/351","|-damage|p1a: Ludicolo|271/301|[from] item: Life Orb","|move|p2a: Ferrothorn|Spikes|p1a: Ludicolo","|-sidestart|p1: Nyan Loki|Spikes","|","|-weather|RainDance|[upkeep]","|turn|10","|","|move|p1a: Ludicolo|Hydro Pump|p2a: Ferrothorn","|-resisted|p2a: Ferrothorn","|-damage|p2a: Ferrothorn|10/351","|-damage|p1a: Ludicolo|241/301|[from] item: Life Orb","|move|p2a: Ferrothorn|Iron Head|p1a: Ludicolo","|-resisted|p1a: Ludicolo","|-damage|p1a: Ludicolo|181/301","|","|-weather|RainDance|[upkeep]","|turn|11","|","|move|p1a: Ludicolo|Hydro Pump|p2a: Ferrothorn|[miss]","|-miss|p1a: Ludicolo|p2a: Ferrothorn","|move|p2a: Ferrothorn|Iron Head|p1a: Ludicolo","|-resisted|p1a: Ludicolo","|-damage|p1a: Ludicolo|118/301","|","|-weather|RainDance|[upkeep]","|turn|12","|","|move|p1a: Ludicolo|Energy Ball|p2a: Ferrothorn","|-resisted|p2a: Ferrothorn","|-damage|p2a: Ferrothorn|0 fnt","|-damage|p1a: Ludicolo|88/301|[from] item: Life Orb","|faint|p2a: Ferrothorn","|","|-weather|none","|","|switch|p2a: Lucario|Lucario, F|311/311","|-damage|p2a: Lucario|302/311|[from] Stealth Rock","|turn|13","|","|move|p2a: Lucario|Extreme Speed|p1a: Ludicolo","|-damage|p1a: Ludicolo|0 fnt","|faint|p1a: Ludicolo","|","|","|switch|p1a: Jellicent|Jellicent, F|403/403","|-damage|p1a: Jellicent|353/403|[from] Spikes","|turn|14","|","|move|p2a: Lucario|Bullet Punch|p1a: Jellicent","|-resisted|p1a: Jellicent","|-damage|p1a: Jellicent|308/403","|move|p1a: Jellicent|Hydro Pump|p2a: Lucario|[miss]","|-miss|p1a: Jellicent|p2a: Lucario","|","|turn|15","|","|move|p2a: Lucario|Earthquake|p1a: Jellicent","|-damage|p1a: Jellicent|153/403","|move|p1a: Jellicent|Hydro Pump|p2a: Lucario","|-damage|p2a: Lucario|16/311","|-damage|p1a: Jellicent|113/403|[from] item: Life Orb","|","|turn|16","|","|move|p2a: Lucario|Earthquake|p1a: Jellicent","|-damage|p1a: Jellicent|0 fnt","|faint|p1a: Jellicent","|","|","|switch|p1a: Azumarill|Azumarill, F|403/403","|-damage|p1a: Azumarill|353/403|[from] Spikes","|turn|17","|","|move|p2a: Lucario|Bullet Punch|p1a: Azumarill","|-damage|p1a: Azumarill|268/403","|move|p1a: Azumarill|Power-Up Punch|p2a: Lucario","|-supereffective|p2a: Lucario","|-damage|p2a: Lucario|0 fnt","|-boost|p1a: Azumarill|atk|1","|-damage|p1a: Azumarill|228/403|[from] item: Life Orb","|faint|p2a: Lucario","|","|","|switch|p2a: Steelix|Steelix, M|336/336","|-damage|p2a: Steelix|326/336|[from] Stealth Rock","|turn|18","|","|detailschange|p2a: Steelix|Steelix-Mega, M","|-mega|p2a: Steelix|Steelix|Steelixite","|move|p1a: Azumarill|Power-Up Punch|p2a: Steelix","|-supereffective|p2a: Steelix","|-damage|p2a: Steelix|279/336","|-boost|p1a: Azumarill|atk|1","|-damage|p1a: Azumarill|188/403|[from] item: Life Orb","|move|p2a: Steelix|Heavy Slam|p1a: Azumarill","|-damage|p1a: Azumarill|0 fnt","|faint|p1a: Azumarill","|","|","|switch|p1a: Gastrodon|Gastrodon, F|425/425","|-damage|p1a: Gastrodon|372/425|[from] Spikes","|turn|19","|","|move|p1a: Gastrodon|Surf|p2a: Steelix","|-supereffective|p2a: Steelix","|-damage|p2a: Steelix|0 fnt","|-damage|p1a: Gastrodon|330/425|[from] item: Life Orb","|faint|p2a: Steelix","|","|","|switch|p2a: Heatran|Heatran, M|385/385","|-damage|p2a: Heatran|337/385|[from] Stealth Rock","|-item|p2a: Heatran|Air Balloon","|turn|20","|","|move|p2a: Heatran|Earth Power|p1a: Gastrodon","|-damage|p1a: Gastrodon|221/425","|move|p1a: Gastrodon|Surf|p2a: Heatran","|-supereffective|p2a: Heatran","|-damage|p2a: Heatran|15/385","|-enditem|p2a: Heatran|Air Balloon","|-damage|p1a: Gastrodon|179/425|[from] item: Life Orb","|","|turn|21","|","|move|p2a: Heatran|Lava Plume|p1a: Gastrodon","|-resisted|p1a: Gastrodon","|-damage|p1a: Gastrodon|112/425","|-status|p1a: Gastrodon|brn","|move|p1a: Gastrodon|Ice Beam|p2a: Heatran","|-resisted|p2a: Heatran","|-damage|p2a: Heatran|0 fnt","|-damage|p1a: Gastrodon|70/425 brn|[from] item: Life Orb","|faint|p2a: Heatran","|","|win|Nyan Loki"],"p1rating":{"entryid":"6540883","serverid":"eos","formatid":"monotype","userid":"nyanloki","username":"Nyan Loki","w":11,"l":"18","t":"0","gxe":40,"r":"1420.8727002544","rd":"71.729371641343","sigma":"0","rptime":"1438333200","rpr":1422.6244976523,"rprd":61.584897116143,"rpsigma":"0","acre":1104.7301594166,"lacre":1104.7301594166,"oldacre":"1083.7886313767"},"p2rating":{"entryid":"7203568","serverid":"eos","formatid":"monotype","userid":"infernocradily","username":"Inferno Cradily","w":"0","l":2,"t":"0","gxe":39.8,"r":1459.8393856612,"rd":123.40150317887,"sigma":"0","rptime":1438333200,"rpr":1417.4696570724,"rprd":116.68094319885,"rpsigma":"0","acre":1000,"lacre":1000,"oldacre":"1000"},"endType":"normal"}