{"seed":[26718,42869,878,64863],"turns":20,"p1":"MasterMonocle","p2":"Inferno Mamoswine","p1team":[{"name":"Terrakion","species":"Terrakion","item":"choicescarf","ability":"Justified","moves":["earthquake","closecombat","xscissor","poisonjab"],"nature":"Jolly","evs":{"hp":0,"atk":252,"def":0,"spa":0,"spd":4,"spe":252},"ivs":{"hp":31,"atk":31,"def":31,"spa":31,"spd":31,"spe":31}},{"name":"Relicanth","species":"Relicanth","item":"chestoberry","ability":"Sturdy","moves":["stoneedge","waterfall","toxic","rest"],"nature":"Impish","evs":{"hp":248,"atk":8,"def":252,"spa":0,"spd":0,"spe":0},"ivs":{"hp":31,"atk":31,"def":31,"spa":31,"spd":31,"spe":31}},{"name":"Carracosta","species":"Carracosta","item":"whiteherb","ability":"Sturdy","moves":["aquajet","shellsmash","knockoff","earthquake"],"nature":"Adamant","evs":{"hp":0,"atk":252,"def":0,"spa":0,"spd":4,"spe":252},"ivs":{"hp":31,"atk":31,"def":31,"spa":31,"spd":31,"spe":31}},{"name":"Cradily","species":"Cradily","item":"leftovers","ability":"Storm Drain","moves":["ancientpower","gigadrain","recover","toxic"],"nature":"Calm","evs":{"hp":252,"atk":0,"def":0,"spa":4,"spd":252,"spe":0},"ivs":{"hp":31,"atk":31,"def":31,"spa":31,"spd":31,"spe":31}},{"name":"Tyrantrum","species":"Tyrantrum","item":"choicescarf","ability":"Strong Jaw","moves":["crunch","icefang","firefang","dragonclaw"],"nature":"Jolly","evs":{"hp":0,"atk":252,"def":0,"spa":0,"spd":4,"spe":252},"ivs":{"hp":31,"atk":31,"def":31,"spa":31,"spd":31,"spe":31}},{"name":"Tyranitar","species":"Tyranitar","item":"focussash","ability":"Sand Stream","moves":["crunch","stealthrock","earthquake","superpower"],"nature":"Adamant","evs":{"hp":248,"atk":252,"def":0,"spa":0,"spd":8,"spe":0},"ivs":{"hp":31,"atk":31,"def":31,"spa":31,"spd":31,"spe":31}}],"p2team":[{"name":"Torkoal","species":"Torkoal","item":"leftovers","ability":"White Smoke","moves":["stealthrock","rapidspin","clearsmog","toxic"],"nature":"Bold","evs":{"hp":252,"atk":0,"def":252,"spa":4,"spd":0,"spe":0},"ivs":{"hp":31,"atk":31,"def":31,"spa":31,"spd":31,"spe":31}},{"name":"Rotom-Heat","species":"Rotom-Heat","item":"lightclay","ability":"Levitate","moves":["reflect","lightscreen","sunnyday","voltswitch"],"nature":"Calm","evs":{"hp":252,"atk":0,"def":4,"spa":0,"spd":252,"spe":0},"shiny":true,"ivs":{"hp":31,"atk":31,"def":31,"spa":31,"spd":31,"spe":31}},{"name":"Charizard","species":"Charizard","item":"charizarditex","ability":"Blaze","moves":["dragondance","dragonclaw","earthquake","flareblitz"],"nature":"Adamant","evs":{"hp":0,"atk":252,"def":0,"spa":0,"spd":4,"spe":252},"shiny":true,"ivs":{"hp":31,"atk":31,"def":31,"spa":31,"spd":31,"spe":31}},{"name":"Victini","species":"Victini","item":"choicescarf","ability":"Victory Star","moves":["vcreate","zenheadbutt","boltstrike","uturn"],"nature":"Jolly","evs":{"hp":0,"atk":252,"def":0,"spa":0,"spd":4,"spe":252},"ivs":{"hp":31,"atk":31,"def":31,"spa":31,"spd":31,"spe":31}},{"name":"Volcarona","species":"Volcarona","item":"focussash","ability":"Flame Body","moves":["quiverdance","gigadrain","bugbuzz","fierydance"],"nature":"Modest","evs":{"hp":0,"atk":0,"def":0,"spa":252,"spd":4,"spe":252},"shiny":true,"ivs":{"hp":31,"atk":31,"def":31,"spa":31,"spd":31,"spe":31}},{"name":"Infernape","species":"Infernape","item":"lifeorb","ability":"Iron Fist","moves":["machpunch","closecombat","flareblitz","earthquake"],"nature":"Jolly","evs":{"hp":0,"atk":252,"def":0,"spa":0,"spd":4,"spe":252},"ivs":{"hp":31,"atk":31,"def":31,"spa":31,"spd":31,"spe":31}}],"log":["|player|p1|MasterMonocle|2","|player|p2|Inferno Mamoswine|2","|gametype|singles","|gen|6","|tier|Monotype","|rated","|rule|Baton Pass Clause: Limit one Baton Passer, can't pass Spe and other stats simultaneously","|rule|Swagger Clause: Swagger is banned","|rule|Same Type Clause: Pokémon in a team must share a type","|clearpoke","|poke|p1|Terrakion","|poke|p1|Relicanth, M","|poke|p1|Carracosta, M","|poke|p1|Cradily, F","|poke|p1|Tyrantrum, F","|poke|p1|Tyranitar, F","|poke|p2|Torkoal, M","|poke|p2|Rotom-Heat, shiny","|poke|p2|Charizard, F, shiny","|poke|p2|Victini","|poke|p2|Volcarona, F, shiny","|poke|p2|Infernape, M","|rule|Sleep Clause Mod: Limit one foe put to sleep","|rule|Species Clause: Limit one of each Pokémon","|rule|OHKO Clause: OHKO moves are banned","|rule|Moody Clause: Moody is banned","|rule|Evasion Moves Clause: Evasion moves are banned","|rule|Endless Battle Clause: Forcing endless battles is banned","|rule|HP Percentage Mod: HP is shown in percentages","|teampreview","|","|start","|switch|p1a: Tyranitar|Tyranitar, F|403/403","|switch|p2a: Torkoal|Torkoal, M|344/344","|-weather|Sandstorm","|turn|1","|","|move|p1a: Tyranitar|Earthquake|p2a: Torkoal","|-supereffective|p2a: Torkoal","|-damage|p2a: Torkoal|198/344","|move|p2a: Torkoal|Stealth Rock|p1a: Tyranitar","|-sidestart|p1: MasterMonocle|move: Stealth Rock","|","|-weather|Sandstorm|[upkeep]","|-damage|p2a: Torkoal|177/344|[from] sandstorm","|-heal|p2a: Torkoal|198/344|[from] item: Leftovers","|turn|2","|","|switch|p2a: Rotom-Heat|Rotom-Heat, shiny|304/304","|move|p1a: Tyranitar|Earthquake|p2a: Rotom-Heat","|-immune|p2a: Rotom-Heat|[msg]","|","|-weather|Sandstorm|[upkeep]","|-damage|p2a: Rotom-Heat|285/304|[from] sandstorm","|turn|3","|","|move|p2a: Rotom-Heat|Reflect|p2a: Rotom-Heat","|-sidestart|p2: Inferno Mamoswine|Reflect","|move|p1a: Tyranitar|Stealth Rock|p2a: Rotom-Heat","|-sidestart|p2: Inferno Mamoswine|move: Stealth Rock","|","|-weather|Sandstorm|[upkeep]","|-damage|p2a: Rotom-Heat|266/304|[from] sandstorm","|turn|4","|","|move|p2a: Rotom-Heat|Sunny Day|p2a: Rotom-Heat","|-weather|SunnyDay","|move|p1a: Tyranitar|Crunch|p2a: Rotom-Heat","|-damage|p2a: Rotom-Heat|191/304","|-unboost|p2a: Rotom-Heat|def|1","|","|-weather|SunnyDay|[upkeep]","|turn|5","|","|move|p2a: Rotom-Heat|Light Screen|p2a: Rotom-Heat","|-sidestart|p2: Inferno Mamoswine|move: Light Screen","|move|p1a: Tyranitar|Crunch|p2a: Rotom-Heat","|-damage|p2a: Rotom-Heat|76/304","|-unboost|p2a: Rotom-Heat|def|1","|","|-weather|SunnyDay|[upkeep]","|turn|6","|","|move|p2a: Rotom-Heat|Volt Switch|p1a: Tyranitar","|-damage|p1a: Tyranitar|319/403","|","|switch|p2a: Infernape|Infernape, M|293/293","|-damage|p2a: Infernape|257/293|[from] Stealth Rock","|move|p1a: Tyranitar|Crunch|p2a: Infernape","|-resisted|p2a: Infernape","|-damage|p2a: Infernape|203/293","|","|-weather|SunnyDay|[upkeep]","|turn|7","|","|switch|p1a: Relicanth|Relicanth, M|403/403","|-damage|p1a: Relicanth|353/403|[from] Stealth Rock","|move|p2a: Infernape|Close Combat|p1a: Relicanth","|-supereffective|p1a: Relicanth","|-damage|p1a: Relicanth|54/403","|-unboost|p2a: Infernape|def|1","|-unboost|p2a: Infernape|spd|1","|-damage|p2a: Infernape|174/293|[from] item: Life Orb","|","|-weather|SunnyDay|[upkeep]","|turn|8","|","|move|p2a: Infernape|Mach Punch|p1a: Relicanth","|-supereffective|p1a: Relicanth","|-damage|p1a: Relicanth|0 fnt","|-damage|p2a: Infernape|145/293|[from] item: Life Orb","|faint|p1a: Relicanth","|","|-weather|none","|","|switch|p1a: Carracosta|Carracosta, M|289/289","|-damage|p1a: Carracosta|253/289|[from] Stealth Rock","|turn|9","|","|move|p1a: Carracosta|Aqua Jet|p2a: Infernape","|-supereffective|p2a: Infernape","|-damage|p2a: Infernape|1/293","|move|p2a: Infernape|Close Combat|p1a: Carracosta","|-supereffective|p1a: Carracosta","|-damage|p1a: Carracosta|0 fnt","|-unboost|p2a: Infernape|def|1","|-unboost|p2a: Infernape|spd|1","|-damage|p2a: Infernape|0 fnt|[from] item: Life Orb","|faint|p1a: Carracosta","|faint|p2a: Infernape","|","|","|switch|p2a: Victini|Victini|341/341","|switch|p1a: Tyranitar|Tyranitar, F|319/403","|-damage|p2a: Victini|256/341|[from] Stealth Rock","|-damage|p1a: Tyranitar|269/403|[from] Stealth Rock","|-weather|Sandstorm","|turn|10","|","|move|p2a: Victini|V-create|p1a: Tyranitar","|-resisted|p1a: Tyranitar","|-damage|p1a: Tyranitar|152/403","|-unboost|p2a: Victini|def|1","|-unboost|p2a: Victini|spd|1","|-unboost|p2a: Victini|spe|1","|move|p1a: Tyranitar|Crunch|p2a: Victini","|-supereffective|p2a: Victini","|-damage|p2a: Victini|33/341","|","|-weather|Sandstorm|[upkeep]","|-damage|p2a: Victini|12/341|[from] sandstorm","|-sideend|p2: Inferno Mamoswine|Reflect","|turn|11","|","|switch|p1a: Tyrantrum|Tyrantrum, F|305/305","|-damage|p1a: Tyrantrum|267/305|[from] Stealth Rock","|move|p2a: Victini|V-create|p1a: Tyrantrum","|-resisted|p1a: Tyrantrum","|-damage|p1a: Tyrantrum|210/305","|-unboost|p2a: Victini|def|1","|-unboost|p2a: Victini|spd|1","|-unboost|p2a: Victini|spe|1","|","|-weather|Sandstorm|[upkeep]","|-damage|p2a: Victini|0 fnt|[from] sandstorm","|faint|p2a: Victini","|","|switch|p2a: Torkoal|Torkoal, M|198/344","|-damage|p2a: Torkoal|112/344|[from] Stealth Rock","|turn|12","|","|move|p1a: Tyrantrum|Dragon Claw|p2a: Torkoal","|-damage|p2a: Torkoal|34/344","|move|p2a: Torkoal|Rapid Spin|p1a: Tyrantrum","|-resisted|p1a: Tyrantrum","|-damage|p1a: Tyrantrum|205/305","|-sideend|p2: Inferno Mamoswine|Stealth Rock|[from] move: Rapid Spin|[of] p2a: Torkoal","|","|-weather|Sandstorm|[upkeep]","|-damage|p2a: Torkoal|13/344|[from] sandstorm","|-heal|p2a: Torkoal|34/344|[from] item: Leftovers","|-sideend|p2: Inferno Mamoswine|move: Light Screen","|turn|13","|","|move|p1a: Tyrantrum|Dragon Claw|p2a: Torkoal","|-damage|p2a: Torkoal|0 fnt","|faint|p2a: Torkoal","|","|-weather|Sandstorm|[upkeep]","|","|switch|p2a: Charizard|Charizard, F, shiny|297/297","|turn|14","|","|detailschange|p2a: Charizard|Charizard-Mega-X, F, shiny","|-mega|p2a: Charizard|Charizard|Charizardite X","|move|p1a: Tyrantrum|Dragon Claw|p2a: Charizard","|-supereffective|p2a: Charizard","|-damage|p2a: Charizard|61/297","|move|p2a: Charizard|Dragon Dance|p2a: Charizard","|-boost|p2a: Charizard|atk|1","|-boost|p2a: Charizard|spe|1","|","|-weather|none","|turn|15","|","|move|p2a: Charizard|Earthquake|p1a: Tyrantrum","|-supereffective|p1a: Tyrantrum","|-damage|p1a: Tyrantrum|0 fnt","|faint|p1a: Tyrantrum","|","|","|switch|p1a: Tyranitar|Tyranitar, F|152/403","|-damage|p1a: Tyranitar|102/403|[from] Stealth Rock","|-weather|Sandstorm","|turn|16","|","|move|p2a: Charizard|Earthquake|p1a: Tyranitar","|-supereffective|p1a: Tyranitar","|-damage|p1a: Tyranitar|0 fnt","|faint|p1a: Tyranitar","|","|-weather|Sandstorm|[upkeep]","|-damage|p2a: Charizard|43/297|[from] sandstorm","|","|switch|p1a: Terrakion|Terrakion|323/323","|-damage|p1a: Terrakion|303/323|[from] Stealth Rock","|turn|17","|","|switch|p2a: Rotom-Heat|Rotom-Heat, shiny|76/304","|move|p1a: Terrakion|Close Combat|p2a: Rotom-Heat","|-damage|p2a: Rotom-Heat|0 fnt","|-unboost|p1a: Terrakion|def|1","|-unboost|p1a: Terrakion|spd|1","|faint|p2a: Rotom-Heat","|","|-weather|Sandstorm|[upkeep]","|","|switch|p2a: Volcarona|Volcarona, F, shiny|311/311","|turn|18","|","|move|p1a: Terrakion|Close Combat|p2a: Volcarona","|-resisted|p2a: Volcarona","|-damage|p2a: Volcarona|166/311","|-unboost|p1a: Terrakion|def|1","|-unboost|p1a: Terrakion|spd|1","|move|p2a: Volcarona|Quiver Dance|p2a: Volcarona","|-boost|p2a: Volcarona|spa|1","|-boost|p2a: Volcarona|spd|1","|-boost|p2a: Volcarona|spe|1","|","|-weather|Sandstorm|[upkeep]","|-damage|p2a: Volcarona|147/311|[from] sandstorm","|turn|19","|","|move|p1a: Terrakion|Close Combat|p2a: Volcarona","|-resisted|p2a: Volcarona","|-damage|p2a: Volcarona|0 fnt","|-unboost|p1a: Terrakion|def|1","|-unboost|p1a: Terrakion|spd|1","|faint|p2a: Volcarona","|","|-weather|Sandstorm|[upkeep]","|","|switch|p2a: Charizard|Charizard-Mega-X, F, shiny|43/297","|turn|20","|","|move|p1a: Terrakion|Close Combat|p2a: Charizard","|-damage|p2a: Charizard|0 fnt","|-unboost|p1a: Terrakion|def|1","|-unboost|p1a: Terrakion|spd|1","|faint|p2a: Charizard","|","|win|MasterMonocle"],"p1rating":{"entryid":"7284071","serverid":"eos","formatid":"monotype","userid":"mastermonocle","username":"MasterMonocle","w":3,"l":"0","t":"0","gxe":61.3,"r":"1536.2287903847","rd":"122.94759854436","sigma":"0","rptime":"1438333200","rpr":1591.0656596122,"rprd":111.41655773396,"rpsigma":"0","acre":1104.9659332073,"lacre":1104.9659332073,"oldacre":"1084.0793199767"},"p2rating":{"entryid":"7297985","serverid":"eos","formatid":"monotype","userid":"infernomamoswine","username":"Inferno Mamoswine","w":"0","l":2,"t":"0","gxe":40.6,"r":"1500","rd":"130","sigma":"0","rptime":"1438333200","rpr":1424.8450823852,"rprd":115.97544424488,"rpsigma":"0","acre":1000,"lacre":1000,"oldacre":"1000"},"endType":"normal"}