{"seed":[21537,11599,11108,14726],"turns":48,"p1":"nick151🌙","p2":"Alliance - Gamma~","p1team":[{"name":"Amoonguss","species":"Amoonguss","item":"chestoberry","ability":"Effect Spore","moves":["gigadrain","rest","sleeptalk","spore"],"nature":"","evs":{"hp":252,"atk":0,"def":4,"spa":0,"spd":252,"spe":0},"ivs":{"hp":31,"atk":31,"def":31,"spa":31,"spd":31,"spe":31}},{"name":"Venusaur","species":"Venusaur","item":"venusaurite","ability":"Overgrow","moves":["leechseed","gigadrain","protect","earthquake"],"nature":"Gentle","evs":{"hp":248,"atk":8,"def":0,"spa":0,"spd":252,"spe":0},"ivs":{"hp":31,"atk":31,"def":31,"spa":31,"spd":31,"spe":31}},{"name":"Beedrill","species":"Beedrill","item":"stickybarb","ability":"Swarm","moves":["uturn","drillrun","knockoff","poisonjab"],"nature":"Jolly","evs":{"hp":0,"atk":252,"def":0,"spa":0,"spd":4,"spe":252},"ivs":{"hp":31,"atk":31,"def":31,"spa":31,"spd":31,"spe":31}},{"name":"Scolipede","species":"Scolipede","item":"focussash","ability":"Speed Boost","moves":["protect","swordsdance","poisonjab","megahorn"],"nature":"Adamant","evs":{"hp":0,"atk":252,"def":0,"spa":0,"spd":4,"spe":252},"ivs":{"hp":31,"atk":31,"def":31,"spa":31,"spd":31,"spe":31}},{"name":"Drapion","species":"Drapion","item":"","ability":"Battle Armor","moves":["crunch","toxicspikes","earthquake","honeclaws"],"nature":"Adamant","evs":{"hp":248,"atk":252,"def":0,"spa":0,"spd":8,"spe":0},"ivs":{"hp":31,"atk":31,"def":31,"spa":31,"spd":31,"spe":31}},{"name":"Crobat","species":"Crobat","item":"expertbelt","ability":"Infiltrator","moves":["bravebird","darkpulse","nastyplot","heatwave"],"nature":"Hasty","evs":{"hp":0,"atk":156,"def":0,"spa":100,"spd":0,"spe":252},"ivs":{"hp":31,"atk":31,"def":31,"spa":31,"spd":31,"spe":31}}],"p2team":[{"name":"Tyranitar","species":"Tyranitar","item":"leftovers","ability":"Sand Stream","moves":["stealthrock","thunderwave","darkpulse","earthpower"],"nature":"Calm","evs":{"hp":252,"atk":0,"def":0,"spa":0,"spd":252,"spe":0},"ivs":{"hp":31,"atk":0,"def":31,"spa":31,"spd":31,"spe":31}},{"name":"Sableye","species":"Sableye","item":"leftovers","ability":"Prankster","moves":["willowisp","recover","snarl","taunt"],"nature":"Calm","evs":{"hp":252,"atk":0,"def":0,"spa":4,"spd":252,"spe":0},"ivs":{"hp":31,"atk":0,"def":31,"spa":31,"spd":31,"spe":31}},{"name":"Mandibuzz","species":"Mandibuzz","item":"rockyhelmet","ability":"Overcoat","moves":["foulplay","toxic","defog","roost"],"nature":"Bold","evs":{"hp":248,"atk":0,"def":252,"spa":0,"spd":8,"spe":0},"ivs":{"hp":31,"atk":31,"def":31,"spa":0,"spd":31,"spe":31}},{"name":"Absol","species":"Absol","item":"absolite","ability":"Pressure","moves":["swordsdance","suckerpunch","playrough","superpower"],"nature":"Jolly","evs":{"hp":0,"atk":252,"def":0,"spa":0,"spd":4,"spe":252},"ivs":{"hp":31,"atk":31,"def":31,"spa":0,"spd":31,"spe":31}},{"name":"Bisharp","species":"Bisharp","item":"leftovers","ability":"Defiant","moves":["swordsdance","substitute","suckerpunch","ironhead"],"nature":"Impish","evs":{"hp":252,"atk":0,"def":252,"spa":0,"spd":4,"spe":0},"ivs":{"hp":31,"atk":31,"def":31,"spa":0,"spd":31,"spe":31}},{"name":"Hydreigon","species":"Hydreigon","item":"choicescarf","ability":"Levitate","moves":["dracometeor","darkpulse","flamethrower","flashcannon"],"nature":"Timid","evs":{"hp":0,"atk":0,"def":0,"spa":252,"spd":4,"spe":252},"ivs":{"hp":31,"atk":0,"def":31,"spa":31,"spd":31,"spe":31}}],"log":["|player|p1|nick151🌙|nick151.gif","|player|p2|Alliance - Gamma~|alliancegamma.gif","|gametype|singles","|gen|6","|tier|Monotype","|rated","|rule|Baton Pass Clause: Limit one Baton Passer, can't pass Spe and other stats simultaneously","|rule|Swagger Clause: Swagger is banned","|rule|Same Type Clause: Pokémon in a team must share a type","|clearpoke","|poke|p1|Amoonguss, M","|poke|p1|Venusaur, F","|poke|p1|Beedrill, M","|poke|p1|Scolipede, M","|poke|p1|Drapion, M","|poke|p1|Crobat, F","|poke|p2|Tyranitar, M","|poke|p2|Sableye, M","|poke|p2|Mandibuzz, F","|poke|p2|Absol, M","|poke|p2|Bisharp, M","|poke|p2|Hydreigon, M","|rule|Sleep Clause Mod: Limit one foe put to sleep","|rule|Species Clause: Limit one of each Pokémon","|rule|OHKO Clause: OHKO moves are banned","|rule|Moody Clause: Moody is banned","|rule|Evasion Moves Clause: Evasion moves are banned","|rule|Endless Battle Clause: Forcing endless battles is banned","|rule|HP Percentage Mod: HP is shown in percentages","|teampreview","|","|start","|switch|p1a: Scolipede|Scolipede, M|261/261","|switch|p2a: Sableye|Sableye, M|304/304","|turn|1","|","|move|p1a: Scolipede|Protect|p1a: Scolipede","|-singleturn|p1a: Scolipede|Protect","|move|p2a: Sableye|Taunt|p1a: Scolipede","|-activate|p1a: Scolipede|Protect","|","|-boost|p1a: Scolipede|spe|1|[from] ability: Speed Boost","|turn|2","|","|move|p2a: Sableye|Taunt|p1a: Scolipede","|-start|p1a: Scolipede|move: Taunt","|move|p1a: Scolipede|Poison Jab|p2a: Sableye","|-crit|p2a: Sableye","|-resisted|p2a: Sableye","|-damage|p2a: Sableye|190/304","|-status|p2a: Sableye|psn","|","|-heal|p2a: Sableye|209/304 psn|[from] item: Leftovers","|-damage|p2a: Sableye|171/304 psn|[from] psn","|-boost|p1a: Scolipede|spe|1|[from] ability: Speed Boost","|turn|3","|","|move|p2a: Sableye|Will-O-Wisp|p1a: Scolipede|[miss]","|-miss|p2a: Sableye|p1a: Scolipede","|move|p1a: Scolipede|Megahorn|p2a: Sableye","|-damage|p2a: Sableye|0 fnt","|faint|p2a: Sableye","|","|-boost|p1a: Scolipede|spe|1|[from] ability: Speed Boost","|","|switch|p2a: Mandibuzz|Mandibuzz, F|423/423","|turn|4","|","|move|p1a: Scolipede|Poison Jab|p2a: Mandibuzz","|-damage|p2a: Mandibuzz|335/423","|-damage|p1a: Scolipede|218/261|[from] item: Rocky Helmet|[of] p2a: Mandibuzz","|move|p2a: Mandibuzz|Foul Play|p1a: Scolipede","|-damage|p1a: Scolipede|52/261","|","|-end|p1a: Scolipede|move: Taunt","|-boost|p1a: Scolipede|spe|1|[from] ability: Speed Boost","|turn|5","|","|move|p1a: Scolipede|Protect|p1a: Scolipede","|-singleturn|p1a: Scolipede|Protect","|move|p2a: Mandibuzz|Foul Play|p1a: Scolipede","|-activate|p1a: Scolipede|Protect","|","|-boost|p1a: Scolipede|spe|1|[from] ability: Speed Boost","|turn|6","|","|move|p1a: Scolipede|Megahorn|p2a: Mandibuzz","|-damage|p2a: Mandibuzz|197/423","|-damage|p1a: Scolipede|9/261|[from] item: Rocky Helmet|[of] p2a: Mandibuzz","|move|p2a: Mandibuzz|Foul Play|p1a: Scolipede","|-damage|p1a: Scolipede|0 fnt","|faint|p1a: Scolipede","|","|","|switch|p1a: Crobat|Crobat, F|311/311","|turn|7","|","|move|p1a: Crobat|Heat Wave|p2a: Mandibuzz","|-damage|p2a: Mandibuzz|126/423","|move|p2a: Mandibuzz|Roost|p2a: Mandibuzz","|-heal|p2a: Mandibuzz|338/423","|","|turn|8","|","|switch|p1a: Beedrill|Beedrill, M|271/271","|move|p2a: Mandibuzz|Foul Play|p1a: Beedrill","|-damage|p1a: Beedrill|0 fnt","|faint|p1a: Beedrill","|","|","|switch|p1a: Venusaur|Venusaur, F|363/363","|turn|9","|","|switch|p2a: Tyranitar|Tyranitar, M|404/404","|-weather|Sandstorm","|detailschange|p1a: Venusaur|Venusaur-Mega, F","|-mega|p1a: Venusaur|Venusaur|Venusaurite","|move|p1a: Venusaur|Leech Seed|p2a: Tyranitar","|-start|p2a: Tyranitar|move: Leech Seed","|","|-weather|Sandstorm|[upkeep]","|-damage|p1a: Venusaur|341/363|[from] sandstorm","|-damage|p2a: Tyranitar|354/404|[from] Leech Seed|[of] p1a: Venusaur","|-heal|p1a: Venusaur|363/363|[silent]","|turn|10","|","|move|p1a: Venusaur|Earthquake|p2a: Tyranitar","|-supereffective|p2a: Tyranitar","|-damage|p2a: Tyranitar|216/404","|move|p2a: Tyranitar|Thunder Wave|p1a: Venusaur","|-status|p1a: Venusaur|par","|","|-weather|Sandstorm|[upkeep]","|-damage|p1a: Venusaur|341/363 par|[from] sandstorm","|-heal|p2a: Tyranitar|241/404|[from] item: Leftovers","|-damage|p2a: Tyranitar|191/404|[from] Leech Seed|[of] p1a: Venusaur","|-heal|p1a: Venusaur|363/363 par|[silent]","|turn|11","|","|switch|p2a: Hydreigon|Hydreigon, M|325/325","|cant|p1a: Venusaur|par","|","|-weather|Sandstorm|[upkeep]","|-damage|p2a: Hydreigon|305/325|[from] sandstorm","|-damage|p1a: Venusaur|341/363 par|[from] sandstorm","|turn|12","|","|move|p2a: Hydreigon|Flamethrower|p1a: Venusaur","|-supereffective|p1a: Venusaur","|-damage|p1a: Venusaur|269/363 par","|move|p1a: Venusaur|Earthquake|p2a: Hydreigon","|-immune|p2a: Hydreigon|[msg]","|","|-weather|Sandstorm|[upkeep]","|-damage|p2a: Hydreigon|285/325|[from] sandstorm","|-damage|p1a: Venusaur|247/363 par|[from] sandstorm","|turn|13","|","|switch|p2a: Mandibuzz|Mandibuzz, F|338/423","|move|p1a: Venusaur|Giga Drain|p2a: Mandibuzz","|-resisted|p2a: Mandibuzz","|-damage|p2a: Mandibuzz|282/423","|-heal|p1a: Venusaur|275/363 par|[from] drain|[of] p2a: Mandibuzz","|","|-weather|none","|turn|14","|","|switch|p1a: Amoonguss|Amoonguss, M|432/432","|move|p2a: Mandibuzz|Foul Play|p1a: Amoonguss","|-damage|p1a: Amoonguss|300/432","|","|turn|15","|","|switch|p2a: Tyranitar|Tyranitar, M|191/404","|-weather|Sandstorm","|move|p1a: Amoonguss|Spore|p2a: Tyranitar","|-status|p2a: Tyranitar|slp","|","|-weather|Sandstorm|[upkeep]","|-damage|p1a: Amoonguss|273/432|[from] sandstorm","|-heal|p2a: Tyranitar|216/404 slp|[from] item: Leftovers","|turn|16","|","|switch|p2a: Bisharp|Bisharp, M|334/334","|move|p1a: Amoonguss|Giga Drain|p2a: Bisharp","|-resisted|p2a: Bisharp","|-damage|p2a: Bisharp|280/334","|-heal|p1a: Amoonguss|300/432|[from] drain|[of] p2a: Bisharp","|","|-weather|Sandstorm|[upkeep]","|-damage|p1a: Amoonguss|273/432|[from] sandstorm","|-heal|p2a: Bisharp|300/334|[from] item: Leftovers","|turn|17","|","|move|p2a: Bisharp|Substitute|p2a: Bisharp","|-start|p2a: Bisharp|Substitute","|-damage|p2a: Bisharp|217/334","|move|p1a: Amoonguss|Spore|p2a: Bisharp","|-fail|p2a: Bisharp","|","|-weather|Sandstorm|[upkeep]","|-damage|p1a: Amoonguss|246/432|[from] sandstorm","|-heal|p2a: Bisharp|237/334|[from] item: Leftovers","|turn|18","|","|switch|p1a: Crobat|Crobat, F|311/311","|move|p2a: Bisharp|Swords Dance|p2a: Bisharp","|-boost|p2a: Bisharp|atk|2","|","|-weather|Sandstorm|[upkeep]","|-damage|p1a: Crobat|292/311|[from] sandstorm","|-heal|p2a: Bisharp|257/334|[from] item: Leftovers","|turn|19","|","|move|p2a: Bisharp|Sucker Punch|p1a: Crobat","|-damage|p1a: Crobat|9/311","|move|p1a: Crobat|Heat Wave|p2a: Bisharp","|-supereffective|p2a: Bisharp","|-damage|p2a: Bisharp|39/334","|","|-weather|none","|-heal|p2a: Bisharp|59/334|[from] item: Leftovers","|turn|20","|","|move|p2a: Bisharp|Sucker Punch|p1a: Crobat","|-fail|p2a: Bisharp","|move|p1a: Crobat|Nasty Plot|p1a: Crobat","|-boost|p1a: Crobat|spa|2","|","|-heal|p2a: Bisharp|79/334|[from] item: Leftovers","|turn|21","|","|move|p1a: Crobat|Heat Wave|p2a: Bisharp","|-supereffective|p2a: Bisharp","|-damage|p2a: Bisharp|0 fnt","|faint|p2a: Bisharp","|","|","|switch|p2a: Mandibuzz|Mandibuzz, F|282/423","|turn|22","|","|move|p1a: Crobat|Dark Pulse|p2a: Mandibuzz","|-resisted|p2a: Mandibuzz","|-damage|p2a: Mandibuzz|228/423","|move|p2a: Mandibuzz|Foul Play|p1a: Crobat","|-damage|p1a: Crobat|0 fnt","|faint|p1a: Crobat","|","|","|switch|p1a: Venusaur|Venusaur-Mega, F|275/363 par","|turn|23","|","|move|p2a: Mandibuzz|Foul Play|p1a: Venusaur","|-damage|p1a: Venusaur|170/363 par","|move|p1a: Venusaur|Giga Drain|p2a: Mandibuzz","|-resisted|p2a: Mandibuzz","|-damage|p2a: Mandibuzz|178/423","|-heal|p1a: Venusaur|195/363 par|[from] drain|[of] p2a: Mandibuzz","|","|turn|24","|","|move|p2a: Mandibuzz|Roost|p2a: Mandibuzz","|-heal|p2a: Mandibuzz|390/423","|cant|p1a: Venusaur|par","|","|turn|25","|","|move|p2a: Mandibuzz|Foul Play|p1a: Venusaur","|-damage|p1a: Venusaur|90/363 par","|move|p1a: Venusaur|Leech Seed|p2a: Mandibuzz","|-start|p2a: Mandibuzz|move: Leech Seed","|","|-damage|p2a: Mandibuzz|338/423|[from] Leech Seed|[of] p1a: Venusaur","|-heal|p1a: Venusaur|142/363 par|[silent]","|turn|26","|","|move|p2a: Mandibuzz|Defog|p1a: Venusaur","|-unboost|p1a: Venusaur|evasion|1","|move|p1a: Venusaur|Earthquake|p2a: Mandibuzz","|-immune|p2a: Mandibuzz|[msg]","|","|-damage|p2a: Mandibuzz|286/423|[from] Leech Seed|[of] p1a: Venusaur","|-heal|p1a: Venusaur|194/363 par|[silent]","|turn|27","|","|switch|p2a: Hydreigon|Hydreigon, M|285/325","|move|p1a: Venusaur|Giga Drain|p2a: Hydreigon","|-resisted|p2a: Hydreigon","|-damage|p2a: Hydreigon|229/325","|-heal|p1a: Venusaur|222/363 par|[from] drain|[of] p2a: Hydreigon","|","|turn|28","|","|switch|p1a: Drapion|Drapion, M|343/343","|move|p2a: Hydreigon|Draco Meteor|p1a: Drapion","|-damage|p1a: Drapion|37/343","|-unboost|p2a: Hydreigon|spa|2","|","|turn|29","|","|move|p2a: Hydreigon|Draco Meteor|p1a: Drapion","|-damage|p1a: Drapion|0 fnt","|-unboost|p2a: Hydreigon|spa|2","|faint|p1a: Drapion","|","|","|switch|p1a: Amoonguss|Amoonguss, M|246/432","|turn|30","|","|switch|p2a: Tyranitar|Tyranitar, M|216/404 slp","|-weather|Sandstorm","|move|p1a: Amoonguss|Spore|p2a: Tyranitar","|-fail|p2a: Tyranitar|slp","|","|-weather|Sandstorm|[upkeep]","|-damage|p1a: Amoonguss|219/432|[from] sandstorm","|-heal|p2a: Tyranitar|241/404 slp|[from] item: Leftovers","|turn|31","|","|switch|p2a: Absol|Absol, M|271/271","|-ability|p2a: Absol|Pressure","|move|p1a: Amoonguss|Giga Drain|p2a: Absol","|-damage|p2a: Absol|153/271","|-heal|p1a: Amoonguss|278/432|[from] drain|[of] p2a: Absol","|","|-weather|Sandstorm|[upkeep]","|-damage|p2a: Absol|137/271|[from] sandstorm","|-damage|p1a: Amoonguss|251/432|[from] sandstorm","|turn|32","|","|detailschange|p2a: Absol|Absol-Mega, M","|-mega|p2a: Absol|Absol|Absolite","|move|p2a: Absol|Swords Dance|p2a: Absol","|-boost|p2a: Absol|atk|2","|move|p1a: Amoonguss|Giga Drain|p2a: Absol","|-damage|p2a: Absol|31/271","|-heal|p1a: Amoonguss|304/432|[from] drain|[of] p2a: Absol","|","|-weather|Sandstorm|[upkeep]","|-damage|p2a: Absol|15/271|[from] sandstorm","|-damage|p1a: Amoonguss|277/432|[from] sandstorm","|turn|33","|","|move|p2a: Absol|Sucker Punch|p1a: Amoonguss","|-fail|p2a: Absol","|move|p1a: Amoonguss|Rest|p1a: Amoonguss","|-status|p1a: Amoonguss|slp","|-heal|p1a: Amoonguss|432/432 slp|[silent]","|-status|p1a: Amoonguss|slp|[from] move: Rest","|-enditem|p1a: Amoonguss|Chesto Berry|[eat]","|-curestatus|p1a: Amoonguss|slp","|","|-weather|Sandstorm|[upkeep]","|-damage|p2a: Absol|0 fnt|[from] sandstorm","|-damage|p1a: Amoonguss|405/432|[from] sandstorm","|faint|p2a: Absol","|","|switch|p2a: Hydreigon|Hydreigon, M|229/325","|turn|34","|","|move|p2a: Hydreigon|Draco Meteor|p1a: Amoonguss","|-damage|p1a: Amoonguss|216/432","|-unboost|p2a: Hydreigon|spa|2","|move|p1a: Amoonguss|Giga Drain|p2a: Hydreigon","|-resisted|p2a: Hydreigon","|-damage|p2a: Hydreigon|185/325","|-heal|p1a: Amoonguss|238/432|[from] drain|[of] p2a: Hydreigon","|","|-weather|none","|turn|35","|","|switch|p2a: Mandibuzz|Mandibuzz, F|286/423","|move|p1a: Amoonguss|Giga Drain|p2a: Mandibuzz","|-resisted|p2a: Mandibuzz","|-damage|p2a: Mandibuzz|247/423","|-heal|p1a: Amoonguss|258/432|[from] drain|[of] p2a: Mandibuzz","|","|turn|36","|","|move|p2a: Mandibuzz|Foul Play|p1a: Amoonguss","|-crit|p1a: Amoonguss","|-damage|p1a: Amoonguss|72/432","|move|p1a: Amoonguss|Giga Drain|p2a: Mandibuzz","|-resisted|p2a: Mandibuzz","|-damage|p2a: Mandibuzz|211/423","|-heal|p1a: Amoonguss|90/432|[from] drain|[of] p2a: Mandibuzz","|","|turn|37","|","|move|p2a: Mandibuzz|Foul Play|p1a: Amoonguss","|-damage|p1a: Amoonguss|0 fnt","|faint|p1a: Amoonguss","|","|","|switch|p1a: Venusaur|Venusaur-Mega, F|222/363 par","|turn|38","|","|move|p2a: Mandibuzz|Roost|p2a: Mandibuzz","|-heal|p2a: Mandibuzz|423/423","|move|p1a: Venusaur|Giga Drain|p2a: Mandibuzz","|-damage|p2a: Mandibuzz|312/423","|-heal|p1a: Venusaur|278/363 par|[from] drain|[of] p2a: Mandibuzz","|","|turn|39","|","|move|p2a: Mandibuzz|Foul Play|p1a: Venusaur","|-damage|p1a: Venusaur|178/363 par","|move|p1a: Venusaur|Giga Drain|p2a: Mandibuzz","|-resisted|p2a: Mandibuzz","|-damage|p2a: Mandibuzz|259/423","|-heal|p1a: Venusaur|205/363 par|[from] drain|[of] p2a: Mandibuzz","|","|turn|40","|","|switch|p2a: Hydreigon|Hydreigon, M|185/325","|move|p1a: Venusaur|Leech Seed|p2a: Hydreigon","|-start|p2a: Hydreigon|move: Leech Seed","|","|-damage|p2a: Hydreigon|145/325|[from] Leech Seed|[of] p1a: Venusaur","|-heal|p1a: Venusaur|245/363 par|[silent]","|turn|41","|","|move|p1a: Venusaur|Protect|p1a: Venusaur","|-singleturn|p1a: Venusaur|Protect","|move|p2a: Hydreigon|Draco Meteor|p1a: Venusaur","|-activate|p1a: Venusaur|Protect","|","|-damage|p2a: Hydreigon|105/325|[from] Leech Seed|[of] p1a: Venusaur","|-heal|p1a: Venusaur|285/363 par|[silent]","|turn|42","|","|move|p2a: Hydreigon|Draco Meteor|p1a: Venusaur","|-damage|p1a: Venusaur|137/363 par","|-unboost|p2a: Hydreigon|spa|2","|cant|p1a: Venusaur|par","|","|-damage|p2a: Hydreigon|65/325|[from] Leech Seed|[of] p1a: Venusaur","|-heal|p1a: Venusaur|177/363 par|[silent]","|turn|43","|","|switch|p2a: Tyranitar|Tyranitar, M|241/404 slp","|-weather|Sandstorm","|move|p1a: Venusaur|Leech Seed|p2a: Tyranitar","|-start|p2a: Tyranitar|move: Leech Seed","|","|-weather|Sandstorm|[upkeep]","|-damage|p1a: Venusaur|155/363 par|[from] sandstorm","|-heal|p2a: Tyranitar|266/404 slp|[from] item: Leftovers","|-damage|p2a: Tyranitar|216/404 slp|[from] Leech Seed|[of] p1a: Venusaur","|-heal|p1a: Venusaur|205/363 par|[silent]","|turn|44","|","|cant|p2a: Tyranitar|slp","|move|p1a: Venusaur|Giga Drain|p2a: Tyranitar","|-supereffective|p2a: Tyranitar","|-damage|p2a: Tyranitar|112/404 slp","|-heal|p1a: Venusaur|257/363 par|[from] drain|[of] p2a: Tyranitar","|","|-weather|Sandstorm|[upkeep]","|-damage|p1a: Venusaur|235/363 par|[from] sandstorm","|-heal|p2a: Tyranitar|137/404 slp|[from] item: Leftovers","|-damage|p2a: Tyranitar|87/404 slp|[from] Leech Seed|[of] p1a: Venusaur","|-heal|p1a: Venusaur|285/363 par|[silent]","|turn|45","|","|cant|p2a: Tyranitar|slp","|move|p1a: Venusaur|Earthquake|p2a: Tyranitar","|-supereffective|p2a: Tyranitar","|-damage|p2a: Tyranitar|0 fnt","|faint|p2a: Tyranitar","|","|-weather|Sandstorm|[upkeep]","|-damage|p1a: Venusaur|263/363 par|[from] sandstorm","|","|switch|p2a: Hydreigon|Hydreigon, M|65/325","|turn|46","|","|cant|p1a: Venusaur|par","|move|p2a: Hydreigon|Dark Pulse|p1a: Venusaur","|-damage|p1a: Venusaur|181/363 par","|","|-weather|Sandstorm|[upkeep]","|-damage|p2a: Hydreigon|45/325|[from] sandstorm","|-damage|p1a: Venusaur|159/363 par|[from] sandstorm","|turn|47","|","|move|p2a: Hydreigon|Dark Pulse|p1a: Venusaur","|-damage|p1a: Venusaur|71/363 par","|move|p1a: Venusaur|Giga Drain|p2a: Hydreigon","|-resisted|p2a: Hydreigon","|-damage|p2a: Hydreigon|0 fnt","|-heal|p1a: Venusaur|94/363 par|[from] drain|[of] p2a: Hydreigon","|faint|p2a: Hydreigon","|","|-weather|none","|","|switch|p2a: Mandibuzz|Mandibuzz, F|259/423","|turn|48","|","|move|p2a: Mandibuzz|Foul Play|p1a: Venusaur","|-damage|p1a: Venusaur|0 fnt","|faint|p1a: Venusaur","|","|win|Alliance - Gamma~"],"p1rating":{"entryid":7293154,"formatid":"monotype","userid":"nick151","username":"nick151🌙","r":1500,"rd":130,"sigma":0,"rpr":1455.3085198931,"rprd":122.82858309156,"rpsigma":0,"rptime":1438333200,"w":0,"l":1,"t":0,"gxe":44.4,"acre":1000,"lacre":1000,"oldacre":1000},"p2rating":{"entryid":"7175041","serverid":"eos","formatid":"monotype","userid":"alliancegamma","username":"Alliance ♥ Gamma","w":7,"l":"1","t":"0","gxe":66.8,"r":"1460.7971311935","rd":"122.91204601559","sigma":"0","rptime":"1438333200","rpr":1635.7815214233,"rprd":92.25174551714,"rpsigma":"0","acre":1171.5723181875,"lacre":1171.5723181875,"oldacre":"1157.1683861914"},"endType":"normal"}