{"seed":[43917,20843,46688,53523],"turns":30,"p1":"Leade✘ Viewz","p2":"Sovereign♕Cactus","p1team":[{"name":"Skarmory","species":"Skarmory","item":"leftovers","ability":"Sturdy","moves":["stealthrock","defog","roar","roost"],"nature":"Bold","evs":{"hp":252,"atk":0,"def":232,"spa":0,"spd":0,"spe":24},"ivs":{"hp":31,"atk":31,"def":31,"spa":31,"spd":31,"spe":31}},{"name":"Togekiss","species":"Togekiss","item":"leftovers","ability":"Serene Grace","moves":["thunderwave","airslash","roost","aurasphere"],"nature":"Calm","evs":{"hp":252,"atk":0,"def":0,"spa":4,"spd":252,"spe":0},"ivs":{"hp":31,"atk":31,"def":31,"spa":31,"spd":31,"spe":31}},{"name":"Charizard","species":"Charizard","item":"charizarditey","ability":"Blaze","moves":["fireblast","solarbeam","flamethrower","focusblast"],"nature":"Timid","evs":{"hp":0,"atk":0,"def":0,"spa":252,"spd":4,"spe":252},"ivs":{"hp":31,"atk":31,"def":31,"spa":31,"spd":31,"spe":31}},{"name":"Dragonite","species":"Dragonite","item":"choiceband","ability":"Multiscale","moves":["outrage","extremespeed","firepunch","earthquake"],"nature":"Adamant","evs":{"hp":248,"atk":252,"def":0,"spa":0,"spd":8,"spe":0},"ivs":{"hp":31,"atk":31,"def":31,"spa":31,"spd":31,"spe":31}},{"name":"Gyarados","species":"Gyarados","item":"leftovers","ability":"Intimidate","moves":["thunderwave","waterfall","taunt","dragontail"],"nature":"Adamant","evs":{"hp":252,"atk":0,"def":100,"spa":0,"spd":156,"spe":0},"ivs":{"hp":31,"atk":31,"def":31,"spa":31,"spd":31,"spe":31}},{"name":"Landorus","species":"Landorus","item":"lifeorb","ability":"Sheer Force","moves":["earthpower","hiddenpowerice","psychic","stoneedge"],"nature":"Naive","evs":{"hp":0,"atk":4,"def":0,"spa":252,"spd":0,"spe":252},"ivs":{"hp":31,"atk":30,"def":30,"spa":31,"spd":31,"spe":31}}],"p2team":[{"name":"Kermit On Roids","species":"seismitoad","item":"leftovers","ability":"Water Absorb","moves":["earthquake","scald","grassknot","sludgewave"],"nature":"Mild","evs":{"hp":252,"atk":4,"def":0,"spa":252,"spd":0,"spe":0},"shiny":true,"ivs":{"hp":31,"atk":31,"def":31,"spa":31,"spd":31,"spe":31}},{"name":"Barny On Roids","species":"garchomp","item":"choicescarf","ability":"Rough Skin","moves":["dragonclaw","earthquake","ironhead","stoneedge"],"nature":"Jolly","evs":{"hp":0,"atk":252,"def":0,"spa":0,"spd":4,"spe":252},"ivs":{"hp":31,"atk":31,"def":31,"spa":31,"spd":31,"spe":31}},{"name":"Excadrill","species":"Excadrill","item":"lifeorb","ability":"Sand Rush","moves":["earthquake","xscissor","swordsdance","ironhead"],"nature":"Adamant","evs":{"hp":0,"atk":252,"def":0,"spa":0,"spd":4,"spe":252},"ivs":{"hp":31,"atk":31,"def":31,"spa":31,"spd":31,"spe":31}},{"name":"Sonic-On-Roids","species":"nidoking","item":"choicescarf","ability":"Sheer Force","moves":["shadowball","earthpower","sludgewave","thunderbolt"],"nature":"Timid","evs":{"hp":0,"atk":0,"def":0,"spa":252,"spd":4,"spe":252},"shiny":true,"ivs":{"hp":31,"atk":31,"def":31,"spa":31,"spd":31,"spe":31}},{"name":"Hulk W/o Roids","species":"landorus","item":"choicescarf","ability":"Sheer Force","moves":["earthpower","focusblast","grassknot","uturn"],"nature":"Naive","evs":{"hp":0,"atk":252,"def":0,"spa":4,"spd":0,"spe":252},"shiny":true,"ivs":{"hp":31,"atk":31,"def":31,"spa":31,"spd":31,"spe":31}},{"name":"Numel On Roids","species":"hippowdon","item":"leftovers","ability":"Sand Stream","moves":["earthquake","stoneedge","stealthrock","whirlwind"],"nature":"Adamant","evs":{"hp":252,"atk":252,"def":0,"spa":0,"spd":4,"spe":0},"shiny":true,"ivs":{"hp":31,"atk":31,"def":31,"spa":31,"spd":31,"spe":31}}],"log":["|player|p1|Leade✘ Viewz|265","|player|p2|Sovereign♕Cactus|251","|gametype|singles","|gen|6","|tier|Monotype","|rated","|rule|Baton Pass Clause: Limit one Baton Passer, can't pass Spe and other stats simultaneously","|rule|Swagger Clause: Swagger is banned","|rule|Same Type Clause: Pokémon in a team must share a type","|clearpoke","|poke|p1|Skarmory, F","|poke|p1|Togekiss, M","|poke|p1|Charizard, M","|poke|p1|Dragonite, M","|poke|p1|Gyarados, F","|poke|p1|Landorus, M","|poke|p2|Seismitoad, F, shiny","|poke|p2|Garchomp, F","|poke|p2|Excadrill, F","|poke|p2|Nidoking, M, shiny","|poke|p2|Landorus, M, shiny","|poke|p2|Hippowdon, M, shiny","|rule|Sleep Clause Mod: Limit one foe put to sleep","|rule|Species Clause: Limit one of each Pokémon","|rule|OHKO Clause: OHKO moves are banned","|rule|Moody Clause: Moody is banned","|rule|Evasion Moves Clause: Evasion moves are banned","|rule|Endless Battle Clause: Forcing endless battles is banned","|rule|HP Percentage Mod: HP is shown in percentages","|teampreview","|","|start","|switch|p1a: Skarmory|Skarmory, F|334/334","|switch|p2a: Numel On Roids|Hippowdon, M, shiny|420/420","|-weather|Sandstorm","|turn|1","|","|move|p1a: Skarmory|Stealth Rock|p2a: Numel On Roids","|-sidestart|p2: Sovereign♕Cactus|move: Stealth Rock","|move|p2a: Numel On Roids|Stealth Rock|p1a: Skarmory","|-sidestart|p1: Leade✘ Viewz|move: Stealth Rock","|","|-weather|Sandstorm|[upkeep]","|turn|2","|","|move|p1a: Skarmory|Roar|p2a: Numel On Roids","|drag|p2a: Excadrill|Excadrill, F|361/361","|-damage|p2a: Excadrill|350/361|[from] Stealth Rock","|","|-weather|Sandstorm|[upkeep]","|turn|3","|","|move|p2a: Excadrill|Swords Dance|p2a: Excadrill","|-boost|p2a: Excadrill|atk|2","|move|p1a: Skarmory|Defog|p2a: Excadrill","|-unboost|p2a: Excadrill|evasion|1","|-sideend|p2: Sovereign♕Cactus|Stealth Rock|[from] move: Defog|[of] p2a: Excadrill","|-sideend|p1: Leade✘ Viewz|Stealth Rock|[from] move: Defog|[of] p1a: Skarmory","|","|-weather|Sandstorm|[upkeep]","|turn|4","|","|move|p2a: Excadrill|Swords Dance|p2a: Excadrill","|-boost|p2a: Excadrill|atk|2","|move|p1a: Skarmory|Stealth Rock|p2a: Excadrill","|-sidestart|p2: Sovereign♕Cactus|move: Stealth Rock","|","|-weather|Sandstorm|[upkeep]","|turn|5","|","|move|p2a: Excadrill|Swords Dance|p2a: Excadrill","|-boost|p2a: Excadrill|atk|2","|move|p1a: Skarmory|Roar|p2a: Excadrill","|drag|p2a: Kermit On Roids|Seismitoad, F, shiny|414/414","|-damage|p2a: Kermit On Roids|389/414|[from] Stealth Rock","|","|-weather|none","|-heal|p2a: Kermit On Roids|414/414|[from] item: Leftovers","|turn|6","|","|move|p2a: Kermit On Roids|Scald|p1a: Skarmory","|-damage|p1a: Skarmory|172/334","|move|p1a: Skarmory|Roar|p2a: Kermit On Roids","|drag|p2a: Excadrill|Excadrill, F|350/361","|-damage|p2a: Excadrill|339/361|[from] Stealth Rock","|","|-heal|p1a: Skarmory|192/334|[from] item: Leftovers","|turn|7","|","|switch|p2a: Numel On Roids|Hippowdon, M, shiny|420/420","|-damage|p2a: Numel On Roids|394/420|[from] Stealth Rock","|-weather|Sandstorm","|move|p1a: Skarmory|Roost|p1a: Skarmory","|-heal|p1a: Skarmory|334/334","|","|-weather|Sandstorm|[upkeep]","|-heal|p2a: Numel On Roids|420/420|[from] item: Leftovers","|turn|8","|","|move|p2a: Numel On Roids|Stealth Rock|p1a: Skarmory","|-sidestart|p1: Leade✘ Viewz|move: Stealth Rock","|move|p1a: Skarmory|Roar|p2a: Numel On Roids","|drag|p2a: Sonic-On-Roids|Nidoking, M, shiny|303/303","|-damage|p2a: Sonic-On-Roids|285/303|[from] Stealth Rock","|","|-weather|Sandstorm|[upkeep]","|turn|9","|","|move|p2a: Sonic-On-Roids|Thunderbolt|p1a: Skarmory","|-supereffective|p1a: Skarmory","|-damage|p1a: Skarmory|74/334","|move|p1a: Skarmory|Defog|p2a: Sonic-On-Roids","|-unboost|p2a: Sonic-On-Roids|evasion|1","|-sideend|p2: Sovereign♕Cactus|Stealth Rock|[from] move: Defog|[of] p2a: Sonic-On-Roids","|-sideend|p1: Leade✘ Viewz|Stealth Rock|[from] move: Defog|[of] p1a: Skarmory","|","|-weather|Sandstorm|[upkeep]","|-heal|p1a: Skarmory|94/334|[from] item: Leftovers","|turn|10","|","|move|p2a: Sonic-On-Roids|Thunderbolt|p1a: Skarmory","|-supereffective|p1a: Skarmory","|-damage|p1a: Skarmory|0 fnt","|faint|p1a: Skarmory","|","|-weather|Sandstorm|[upkeep]","|","|switch|p1a: Landorus|Landorus, M|319/319","|turn|11","|","|switch|p2a: Hulk W/o Roids|Landorus, M, shiny|319/319","|move|p1a: Landorus|Psychic|p2a: Hulk W/o Roids","|-damage|p2a: Hulk W/o Roids|106/319","|","|-weather|none","|turn|12","|","|switch|p1a: Togekiss|Togekiss, M|374/374","|move|p2a: Hulk W/o Roids|Focus Blast|p1a: Togekiss","|-resisted|p1a: Togekiss","|-damage|p1a: Togekiss|352/374","|","|-heal|p1a: Togekiss|374/374|[from] item: Leftovers","|turn|13","|","|switch|p2a: Numel On Roids|Hippowdon, M, shiny|420/420","|-weather|Sandstorm","|move|p1a: Togekiss|Air Slash|p2a: Numel On Roids","|-damage|p2a: Numel On Roids|276/420","|","|-weather|Sandstorm|[upkeep]","|-damage|p1a: Togekiss|351/374|[from] sandstorm","|-heal|p1a: Togekiss|374/374|[from] item: Leftovers","|-heal|p2a: Numel On Roids|302/420|[from] item: Leftovers","|turn|14","|","|move|p1a: Togekiss|Air Slash|p2a: Numel On Roids","|-damage|p2a: Numel On Roids|178/420","|cant|p2a: Numel On Roids|flinch","|","|-weather|Sandstorm|[upkeep]","|-damage|p1a: Togekiss|351/374|[from] sandstorm","|-heal|p1a: Togekiss|374/374|[from] item: Leftovers","|-heal|p2a: Numel On Roids|204/420|[from] item: Leftovers","|turn|15","|","|switch|p2a: Excadrill|Excadrill, F|339/361","|move|p1a: Togekiss|Air Slash|p2a: Excadrill","|-resisted|p2a: Excadrill","|-damage|p2a: Excadrill|260/361","|","|-weather|Sandstorm|[upkeep]","|-damage|p1a: Togekiss|351/374|[from] sandstorm","|-heal|p1a: Togekiss|374/374|[from] item: Leftovers","|turn|16","|","|switch|p1a: Gyarados|Gyarados, F|394/394","|-ability|p1a: Gyarados|Intimidate","|-unboost|p2a: Excadrill|atk|1","|move|p2a: Excadrill|Iron Head|p1a: Gyarados","|-resisted|p1a: Gyarados","|-damage|p1a: Gyarados|324/394","|-damage|p2a: Excadrill|224/361|[from] item: Life Orb","|","|-weather|Sandstorm|[upkeep]","|-damage|p1a: Gyarados|300/394|[from] sandstorm","|-heal|p1a: Gyarados|324/394|[from] item: Leftovers","|turn|17","|","|switch|p2a: Kermit On Roids|Seismitoad, F, shiny|414/414","|move|p1a: Gyarados|Waterfall|p2a: Kermit On Roids","|-immune|p2a: Kermit On Roids|[msg]","|","|-weather|none","|-heal|p1a: Gyarados|348/394|[from] item: Leftovers","|turn|18","|","|switch|p1a: Togekiss|Togekiss, M|374/374","|move|p2a: Kermit On Roids|Sludge Wave|p1a: Togekiss","|-supereffective|p1a: Togekiss","|-damage|p1a: Togekiss|250/374","|","|-heal|p1a: Togekiss|273/374|[from] item: Leftovers","|turn|19","|","|move|p1a: Togekiss|Air Slash|p2a: Kermit On Roids","|-damage|p2a: Kermit On Roids|278/414","|cant|p2a: Kermit On Roids|flinch","|","|-heal|p1a: Togekiss|296/374|[from] item: Leftovers","|-heal|p2a: Kermit On Roids|303/414|[from] item: Leftovers","|turn|20","|","|move|p1a: Togekiss|Air Slash|p2a: Kermit On Roids","|-damage|p2a: Kermit On Roids|180/414","|cant|p2a: Kermit On Roids|flinch","|","|-heal|p1a: Togekiss|319/374|[from] item: Leftovers","|-heal|p2a: Kermit On Roids|205/414|[from] item: Leftovers","|turn|21","|","|move|p1a: Togekiss|Air Slash|p2a: Kermit On Roids","|-damage|p2a: Kermit On Roids|76/414","|cant|p2a: Kermit On Roids|flinch","|","|-heal|p1a: Togekiss|342/374|[from] item: Leftovers","|-heal|p2a: Kermit On Roids|101/414|[from] item: Leftovers","|turn|22","|","|switch|p2a: Excadrill|Excadrill, F|224/361","|move|p1a: Togekiss|Air Slash|p2a: Excadrill","|-resisted|p2a: Excadrill","|-damage|p2a: Excadrill|149/361","|","|-heal|p1a: Togekiss|365/374|[from] item: Leftovers","|turn|23","|","|move|p2a: Excadrill|Iron Head|p1a: Togekiss","|-crit|p1a: Togekiss","|-supereffective|p1a: Togekiss","|-damage|p1a: Togekiss|0 fnt","|-damage|p2a: Excadrill|113/361|[from] item: Life Orb","|faint|p1a: Togekiss","|","|","|switch|p1a: Landorus|Landorus, M|319/319","|turn|24","|","|move|p1a: Landorus|Earth Power|p2a: Excadrill","|-supereffective|p2a: Excadrill","|-damage|p2a: Excadrill|0 fnt","|faint|p2a: Excadrill","|","|","|switch|p2a: Numel On Roids|Hippowdon, M, shiny|204/420","|-weather|Sandstorm","|turn|25","|","|move|p1a: Landorus|Earth Power|p2a: Numel On Roids","|-damage|p2a: Numel On Roids|0 fnt","|faint|p2a: Numel On Roids","|","|-weather|Sandstorm|[upkeep]","|","|switch|p2a: Hulk W/o Roids|Landorus, M, shiny|106/319","|turn|26","|","|move|p2a: Hulk W/o Roids|Focus Blast|p1a: Landorus","|-resisted|p1a: Landorus","|-damage|p1a: Landorus|221/319","|move|p1a: Landorus|Psychic|p2a: Hulk W/o Roids","|-damage|p2a: Hulk W/o Roids|0 fnt","|faint|p2a: Hulk W/o Roids","|","|-weather|Sandstorm|[upkeep]","|","|switch|p2a: Barny On Roids|Garchomp, F|357/357","|turn|27","|","|move|p2a: Barny On Roids|Dragon Claw|p1a: Landorus","|-damage|p1a: Landorus|55/319","|move|p1a: Landorus|Hidden Power|p2a: Barny On Roids","|-supereffective|p2a: Barny On Roids","|-damage|p2a: Barny On Roids|0 fnt","|-damage|p1a: Landorus|24/319|[from] item: Life Orb","|faint|p2a: Barny On Roids","|","|-weather|Sandstorm|[upkeep]","|","|switch|p2a: Kermit On Roids|Seismitoad, F, shiny|101/414","|turn|28","|","|move|p1a: Landorus|Earth Power|p2a: Kermit On Roids","|-damage|p2a: Kermit On Roids|0 fnt","|faint|p2a: Kermit On Roids","|","|-weather|Sandstorm|[upkeep]","|","|switch|p2a: Sonic-On-Roids|Nidoking, M, shiny|285/303","|turn|29","|","|move|p2a: Sonic-On-Roids|Sludge Wave|p1a: Landorus","|-resisted|p1a: Landorus","|-damage|p1a: Landorus|0 fnt","|faint|p1a: Landorus","|","|-weather|none","|","|switch|p1a: Dragonite|Dragonite, M|385/385","|turn|30","|","|move|p2a: Sonic-On-Roids|Sludge Wave|p1a: Dragonite","|-damage|p1a: Dragonite|307/385","|move|p1a: Dragonite|Earthquake|p2a: Sonic-On-Roids","|-supereffective|p2a: Sonic-On-Roids","|-damage|p2a: Sonic-On-Roids|0 fnt","|faint|p2a: Sonic-On-Roids","|","|win|Leade✘ Viewz"],"p1rating":{"entryid":"6898543","serverid":"eos","formatid":"monotype","userid":"leadeviewz","username":"Leade✘ Viewz","w":96,"l":"43","t":"0","gxe":70.9,"r":"1674.9800736494","rd":"35.279752811373","sigma":"0","rptime":"1438333200","rpr":1668.5248247576,"rprd":34.813716400703,"rpsigma":"0","acre":1341.3962619736,"lacre":1341.3962619736,"oldacre":"1331.3083292179"},"p2rating":{"entryid":"6867552","serverid":"eos","formatid":"monotype","userid":"sovereigncactus","username":"Sovereign♕Cactus","w":"43","l":54,"t":"0","gxe":44.2,"r":"1461.6956434101","rd":"40.32407721443","sigma":"0","rptime":"1438333200","rpr":1456.0940677466,"rprd":36.587586394815,"rpsigma":"0","acre":1129.8807133434,"lacre":1129.8807133434,"oldacre":"1142.490629288"},"endType":"normal"}