{"seed":[59200,25522,25836,52536],"turns":25,"p1":"Leade✘ Viewz","p2":"Neowulf","p1team":[{"name":"Shuckle","species":"Shuckle","item":"mentalherb","ability":"Sturdy","moves":["stealthrock","stickyweb","toxic","knockoff"],"nature":"Careful","evs":{"hp":248,"atk":8,"def":0,"spa":0,"spd":252,"spe":0},"ivs":{"hp":31,"atk":31,"def":31,"spa":31,"spd":31,"spe":31}},{"name":"Volcarona","species":"Volcarona","item":"leftovers","ability":"Flame Body","moves":["quiverdance","fierydance","bugbuzz","hiddenpowerground"],"nature":"Modest","evs":{"hp":0,"atk":0,"def":0,"spa":252,"spd":4,"spe":252},"ivs":{"hp":31,"atk":31,"def":31,"spa":30,"spd":30,"spe":31}},{"name":"Genesect","species":"Genesect","item":"lifeorb","ability":"Download","moves":["bugbuzz","icebeam","flamethrower","uturn"],"nature":"Hasty","evs":{"hp":0,"atk":0,"def":0,"spa":252,"spd":0,"spe":252},"ivs":{"hp":31,"atk":31,"def":31,"spa":31,"spd":31,"spe":31}},{"name":"Heracross","species":"Heracross","item":"heracronite","ability":"Moxie","moves":["closecombat","bulletseed","rockblast","substitute"],"nature":"Adamant","evs":{"hp":248,"atk":252,"def":0,"spa":0,"spd":8,"spe":0},"ivs":{"hp":31,"atk":31,"def":31,"spa":31,"spd":31,"spe":31}},{"name":"Scizor","species":"Scizor","item":"leftovers","ability":"Technician","moves":["defog","swordsdance","bulletpunch","knockoff"],"nature":"Adamant","evs":{"hp":252,"atk":252,"def":0,"spa":0,"spd":4,"spe":0},"ivs":{"hp":31,"atk":31,"def":31,"spa":31,"spd":31,"spe":31}},{"name":"Accelgor","species":"Accelgor","item":"petayaberry","ability":"Unburden","moves":["substitute","bugbuzz","focusblast","hiddenpowerice"],"nature":"Modest","evs":{"hp":4,"atk":0,"def":0,"spa":252,"spd":0,"spe":252},"ivs":{"hp":31,"atk":30,"def":30,"spa":31,"spd":31,"spe":31}}],"p2team":[{"name":"Landorus-Therian","species":"Landorus-Therian","item":"choicescarf","ability":"Intimidate","moves":["earthquake","stoneedge","knockoff","uturn"],"nature":"Jolly","evs":{"hp":0,"atk":252,"def":0,"spa":0,"spd":4,"spe":252},"ivs":{"hp":31,"atk":31,"def":31,"spa":31,"spd":31,"spe":31}},{"name":"Skarmory","species":"Skarmory","item":"leftovers","ability":"Sturdy","moves":["ironhead","roost","stealthrock","whirlwind"],"nature":"Impish","evs":{"hp":252,"atk":0,"def":232,"spa":0,"spd":0,"spe":24},"ivs":{"hp":31,"atk":31,"def":31,"spa":31,"spd":31,"spe":31}},{"name":"Mandibuzz","species":"Mandibuzz","item":"leftovers","ability":"Overcoat","moves":["toxic","roost","foulplay","defog"],"nature":"Careful","evs":{"hp":240,"atk":0,"def":16,"spa":0,"spd":252,"spe":0},"ivs":{"hp":31,"atk":31,"def":31,"spa":31,"spd":31,"spe":31}},{"name":"Tornadus-Therian","species":"Tornadus-Therian","item":"assaultvest","ability":"Regenerator","moves":["hurricane","heatwave","uturn","focusblast"],"nature":"Hasty","evs":{"hp":132,"atk":0,"def":0,"spa":160,"spd":0,"spe":216},"ivs":{"hp":31,"atk":31,"def":31,"spa":31,"spd":31,"spe":31}},{"name":"Charizard","species":"Charizard","item":"charizarditex","ability":"Blaze","moves":["dragondance","dragonclaw","firepunch","roost"],"nature":"Jolly","evs":{"hp":0,"atk":252,"def":0,"spa":0,"spd":4,"spe":252},"ivs":{"hp":31,"atk":31,"def":31,"spa":31,"spd":31,"spe":31}},{"name":"Thundurus","species":"Thundurus","item":"leftovers","ability":"Prankster","moves":["taunt","thunderwave","thunderbolt","hiddenpowerice"],"nature":"Timid","evs":{"hp":0,"atk":0,"def":0,"spa":252,"spd":4,"spe":252},"ivs":{"hp":31,"atk":30,"def":30,"spa":31,"spd":31,"spe":31}}],"log":["|player|p1|Leade✘ Viewz|265","|player|p2|Neowulf|143","|gametype|singles","|gen|6","|tier|Monotype","|rated","|rule|Baton Pass Clause: Limit one Baton Passer, can't pass Spe and other stats simultaneously","|rule|Swagger Clause: Swagger is banned","|rule|Same Type Clause: Pokémon in a team must share a type","|clearpoke","|poke|p1|Shuckle, M","|poke|p1|Volcarona, M","|poke|p1|Genesect-*","|poke|p1|Heracross, F","|poke|p1|Scizor, F","|poke|p1|Accelgor, F","|poke|p2|Landorus-Therian, M","|poke|p2|Skarmory, M","|poke|p2|Mandibuzz, F","|poke|p2|Tornadus-Therian, M","|poke|p2|Charizard, F","|poke|p2|Thundurus, M","|rule|Sleep Clause Mod: Limit one foe put to sleep","|rule|Species Clause: Limit one of each Pokémon","|rule|OHKO Clause: OHKO moves are banned","|rule|Moody Clause: Moody is banned","|rule|Evasion Moves Clause: Evasion moves are banned","|rule|Endless Battle Clause: Forcing endless battles is banned","|rule|HP Percentage Mod: HP is shown in percentages","|teampreview","|","|start","|switch|p1a: Genesect|Genesect|283/283","|switch|p2a: Thundurus|Thundurus, M|299/299","|-boost|p1a: Genesect|atk|1|[from] ability: Download","|turn|1","|","|switch|p2a: Mandibuzz|Mandibuzz, F|421/421","|switch|p1a: Shuckle|Shuckle, M|243/243","|","|turn|2","|","|move|p2a: Mandibuzz|Toxic|p1a: Shuckle|[miss]","|-miss|p2a: Mandibuzz|p1a: Shuckle","|move|p1a: Shuckle|Toxic|p2a: Mandibuzz","|-status|p2a: Mandibuzz|tox","|","|-damage|p2a: Mandibuzz|395/421 tox|[from] psn","|turn|3","|","|switch|p2a: Thundurus|Thundurus, M|299/299","|switch|p1a: Genesect|Genesect|283/283","|-boost|p1a: Genesect|atk|1|[from] ability: Download","|","|turn|4","|","|switch|p1a: Shuckle|Shuckle, M|243/243","|move|p2a: Thundurus|Thunder Wave|p1a: Shuckle","|-status|p1a: Shuckle|par","|","|turn|5","|","|move|p2a: Thundurus|Taunt|p1a: Shuckle","|-start|p1a: Shuckle|move: Taunt","|-enditem|p1a: Shuckle|Mental Herb","|-end|p1a: Shuckle|move: Attract|[from] item: Mental Herb","|-end|p1a: Shuckle|move: Taunt","|move|p1a: Shuckle|Stealth Rock|p2a: Thundurus","|-sidestart|p2: Neowulf|move: Stealth Rock","|","|turn|6","|","|move|p2a: Thundurus|Taunt|p1a: Shuckle","|-start|p1a: Shuckle|move: Taunt","|cant|p1a: Shuckle|par","|","|turn|7","|","|move|p2a: Thundurus|Thunderbolt|p1a: Shuckle","|-damage|p1a: Shuckle|188/243 par","|move|p1a: Shuckle|Knock Off|p2a: Thundurus","|-damage|p2a: Thundurus|271/299","|-enditem|p2a: Thundurus|Leftovers|[from] move: Knock Off|[of] p1a: Shuckle","|","|turn|8","|","|move|p2a: Thundurus|Thunderbolt|p1a: Shuckle","|-damage|p1a: Shuckle|131/243 par","|move|p1a: Shuckle|Knock Off|p2a: Thundurus","|-damage|p2a: Thundurus|251/299","|","|-end|p1a: Shuckle|move: Taunt","|turn|9","|","|move|p2a: Thundurus|Taunt|p1a: Shuckle","|-start|p1a: Shuckle|move: Taunt","|cant|p1a: Shuckle|move: Taunt|Toxic","|","|turn|10","|","|move|p2a: Thundurus|Thunderbolt|p1a: Shuckle","|-damage|p1a: Shuckle|74/243 par","|cant|p1a: Shuckle|par","|","|turn|11","|","|move|p2a: Thundurus|Thunderbolt|p1a: Shuckle","|-damage|p1a: Shuckle|16/243 par","|cant|p1a: Shuckle|par","|","|-end|p1a: Shuckle|move: Taunt","|turn|12","|","|switch|p2a: Mandibuzz|Mandibuzz, F|395/421 tox","|-damage|p2a: Mandibuzz|290/421 tox|[from] Stealth Rock","|move|p1a: Shuckle|Knock Off|p2a: Mandibuzz","|-resisted|p2a: Mandibuzz","|-damage|p2a: Mandibuzz|280/421 tox","|-enditem|p2a: Mandibuzz|Leftovers|[from] move: Knock Off|[of] p1a: Shuckle","|","|-damage|p2a: Mandibuzz|254/421 tox|[from] psn","|turn|13","|","|move|p2a: Mandibuzz|Defog|p1a: Shuckle","|-unboost|p1a: Shuckle|evasion|1","|-sideend|p2: Neowulf|Stealth Rock|[from] move: Defog|[of] p2a: Mandibuzz","|move|p1a: Shuckle|Stealth Rock|p2a: Mandibuzz","|-sidestart|p2: Neowulf|move: Stealth Rock","|","|-damage|p2a: Mandibuzz|202/421 tox|[from] psn","|turn|14","|","|move|p2a: Mandibuzz|Foul Play|p1a: Shuckle","|-damage|p1a: Shuckle|3/243 par","|move|p1a: Shuckle|Stealth Rock|p2a: Mandibuzz","|-fail|p2a: Mandibuzz","|","|-damage|p2a: Mandibuzz|124/421 tox|[from] psn","|turn|15","|","|move|p2a: Mandibuzz|Defog|p1a: Shuckle","|-unboost|p1a: Shuckle|evasion|1","|-sideend|p2: Neowulf|Stealth Rock|[from] move: Defog|[of] p2a: Mandibuzz","|cant|p1a: Shuckle|par","|","|-damage|p2a: Mandibuzz|20/421 tox|[from] psn","|turn|16","|","|move|p2a: Mandibuzz|Foul Play|p1a: Shuckle","|-damage|p1a: Shuckle|0 fnt","|faint|p1a: Shuckle","|","|-damage|p2a: Mandibuzz|0 fnt|[from] psn","|faint|p2a: Mandibuzz","|","|switch|p1a: Accelgor|Accelgor, F|302/302","|switch|p2a: Tornadus-Therian|Tornadus-Therian, M|332/332","|turn|17","|","|move|p1a: Accelgor|Substitute|p1a: Accelgor","|-start|p1a: Accelgor|Substitute","|-damage|p1a: Accelgor|227/302","|move|p2a: Tornadus-Therian|Heat Wave|p1a: Accelgor","|-supereffective|p1a: Accelgor","|-end|p1a: Accelgor|Substitute","|","|turn|18","|","|move|p1a: Accelgor|Substitute|p1a: Accelgor","|-start|p1a: Accelgor|Substitute","|-damage|p1a: Accelgor|152/302","|move|p2a: Tornadus-Therian|Heat Wave|p1a: Accelgor","|-supereffective|p1a: Accelgor","|-end|p1a: Accelgor|Substitute","|","|turn|19","|","|move|p1a: Accelgor|Substitute|p1a: Accelgor","|-start|p1a: Accelgor|Substitute","|-damage|p1a: Accelgor|77/302","|move|p2a: Tornadus-Therian|Heat Wave|p1a: Accelgor","|-supereffective|p1a: Accelgor","|-end|p1a: Accelgor|Substitute","|","|turn|20","|","|move|p1a: Accelgor|Substitute|p1a: Accelgor","|-start|p1a: Accelgor|Substitute","|-damage|p1a: Accelgor|2/302","|-enditem|p1a: Accelgor|Petaya Berry|[eat]","|-boost|p1a: Accelgor|spa|1|[from] item: Petaya Berry","|move|p2a: Tornadus-Therian|Heat Wave|p1a: Accelgor","|-supereffective|p1a: Accelgor","|-end|p1a: Accelgor|Substitute","|","|turn|21","|","|move|p1a: Accelgor|Hidden Power|p2a: Tornadus-Therian","|-supereffective|p2a: Tornadus-Therian","|-damage|p2a: Tornadus-Therian|192/332","|move|p2a: Tornadus-Therian|U-turn|p1a: Accelgor","|-damage|p1a: Accelgor|0 fnt","|faint|p1a: Accelgor","|","|switch|p2a: Thundurus|Thundurus, M|251/299","|","|","|switch|p1a: Heracross|Heracross, F|363/363","|turn|22","|","|detailschange|p1a: Heracross|Heracross-Mega, F","|-mega|p1a: Heracross|Heracross|Heracronite","|move|p2a: Thundurus|Thunderbolt|p1a: Heracross","|-damage|p1a: Heracross|219/363","|move|p1a: Heracross|Rock Blast|p2a: Thundurus","|-supereffective|p2a: Thundurus","|-damage|p2a: Thundurus|133/299","|-supereffective|p2a: Thundurus","|-damage|p2a: Thundurus|19/299","|-supereffective|p2a: Thundurus","|-damage|p2a: Thundurus|0 fnt","|-hitcount|p2a: Thundurus|3","|faint|p2a: Thundurus","|","|","|switch|p2a: Charizard|Charizard, F|297/297","|turn|23","|","|detailschange|p2a: Charizard|Charizard-Mega-X, F","|-mega|p2a: Charizard|Charizard|Charizardite X","|move|p2a: Charizard|Fire Punch|p1a: Heracross","|-supereffective|p1a: Heracross","|-damage|p1a: Heracross|0 fnt","|faint|p1a: Heracross","|","|","|switch|p1a: Volcarona|Volcarona, M|311/311","|turn|24","|","|move|p2a: Charizard|Dragon Dance|p2a: Charizard","|-boost|p2a: Charizard|atk|1","|-boost|p2a: Charizard|spe|1","|move|p1a: Volcarona|Quiver Dance|p1a: Volcarona","|-boost|p1a: Volcarona|spa|1","|-boost|p1a: Volcarona|spd|1","|-boost|p1a: Volcarona|spe|1","|","|turn|25","|","|move|p2a: Charizard|Dragon Claw|p1a: Volcarona","|-damage|p1a: Volcarona|0 fnt","|faint|p1a: Volcarona","|","|","|win|Neowulf"],"p1rating":{"entryid":"6898543","serverid":"eos","formatid":"monotype","userid":"leadeviewz","username":"Leade✘ Viewz","w":"95","l":43,"t":"0","gxe":70.8,"r":"1674.9800736494","rd":"35.279752811373","sigma":"0","rptime":"1438333200","rpr":1666.888445338,"rprd":34.935539919506,"rpsigma":"0","acre":1331.3083292179,"lacre":1331.3083292179,"oldacre":"1347.4334131738"},"p2rating":{"entryid":"6156418","serverid":"eos","formatid":"monotype","userid":"neowulf","username":"Neowulf","w":135,"l":"71","t":"0","gxe":68.1,"r":"1639.6333455878","rd":"32.328010100207","sigma":"0","rptime":"1438333200","rpr":1642.8963002375,"rprd":32.192063143864,"rpsigma":"0","acre":1431.7344445618,"lacre":1431.7344445618,"oldacre":"1415.6093606059"},"endType":"forfeit"}