{"seed":[3320,58754,2015,5245],"turns":38,"p1":"Soulwardeny","p2":"alliance-c-control","p1team":[{"name":"Claire Buggy","species":"galvantula","item":"focussash","ability":"Compound Eyes","moves":["stickyweb","bugbuzz","thunder","gigadrain"],"nature":"Timid","evs":{"hp":0,"atk":0,"def":0,"spa":252,"spd":4,"spe":252},"ivs":{"hp":31,"atk":0,"def":31,"spa":31,"spd":31,"spe":31}},{"name":"Claire Washy","species":"rotomwash","item":"leftovers","ability":"Levitate","moves":["hydropump","willowisp","voltswitch","painsplit"],"nature":"Bold","evs":{"hp":252,"atk":0,"def":252,"spa":4,"spd":0,"spe":0},"ivs":{"hp":31,"atk":0,"def":31,"spa":31,"spd":31,"spe":31}},{"name":"Claire Snakey","species":"eelektross","item":"choicescarf","ability":"Levitate","moves":["thunderpunch","aquatail","gigadrain","flamethrower"],"nature":"Hasty","evs":{"hp":0,"atk":0,"def":0,"spa":252,"spd":0,"spe":252},"ivs":{"hp":31,"atk":31,"def":31,"spa":31,"spd":31,"spe":31}},{"name":"Claire Fishy","species":"stunfisk","item":"leftovers","ability":"Limber","moves":["thunderwave","stealthrock","discharge","earthpower"],"nature":"Calm","evs":{"hp":252,"atk":0,"def":0,"spa":0,"spd":252,"spe":0},"ivs":{"hp":31,"atk":0,"def":31,"spa":31,"spd":31,"spe":31}},{"name":"Claire Thingy","species":"electivire","item":"choicescarf","ability":"Motor Drive","moves":["wildcharge","earthquake","icepunch","lowkick"],"nature":"Adamant","evs":{"hp":0,"atk":252,"def":0,"spa":0,"spd":4,"spe":252},"ivs":{"hp":31,"atk":31,"def":31,"spa":31,"spd":31,"spe":31}},{"name":"Thundurus","species":"Thundurus","item":"leftovers","ability":"Prankster","moves":["substitute","nastyplot","thunderbolt","hiddenpowerflying"],"nature":"Timid","evs":{"hp":0,"atk":0,"def":0,"spa":252,"spd":4,"spe":252},"ivs":{"hp":30,"atk":30,"def":30,"spa":30,"spd":30,"spe":31}}],"p2team":[{"name":"Beheeyem","species":"Beheeyem","item":"leftovers","ability":"Synchronize","moves":["shadowball","psychic","painsplit","recover"],"nature":"Calm","evs":{"hp":252,"atk":0,"def":0,"spa":4,"spd":252,"spe":0},"ivs":{"hp":31,"atk":31,"def":31,"spa":31,"spd":31,"spe":31}},{"name":"Azelf","species":"Azelf","item":"ejectbutton","ability":"Levitate","moves":["magicroom","acrobatics","stealthrock","explosion"],"nature":"Jolly","evs":{"hp":4,"atk":252,"def":0,"spa":0,"spd":0,"spe":252},"ivs":{"hp":31,"atk":31,"def":31,"spa":31,"spd":31,"spe":31}},{"name":"Jirachi","species":"Jirachi","item":"choicescarf","ability":"Serene Grace","moves":["cosmicpower","trick","moonblast","flashcannon"],"nature":"Timid","evs":{"hp":4,"atk":0,"def":0,"spa":252,"spd":0,"spe":252},"shiny":true,"ivs":{"hp":31,"atk":31,"def":31,"spa":31,"spd":31,"spe":31}},{"name":"Gardevoir","species":"Gardevoir","item":"gardevoirite","ability":"Trace","moves":["trickroom","doubleedge","zenheadbutt","bodyslam"],"nature":"Brave","evs":{"hp":252,"atk":252,"def":0,"spa":0,"spd":4,"spe":0},"ivs":{"hp":31,"atk":31,"def":31,"spa":31,"spd":31,"spe":0}},{"name":"Latias","species":"Latias","item":"leftovers","ability":"Levitate","moves":["defog","dracometeor","icebeam","healingwish"],"nature":"Timid","evs":{"hp":0,"atk":0,"def":0,"spa":252,"spd":4,"spe":252},"ivs":{"hp":31,"atk":31,"def":31,"spa":31,"spd":31,"spe":31}},{"name":"Slowbro","species":"Slowbro","item":"rockyhelmet","ability":"Regenerator","moves":["scald","slackoff","irondefense","calmmind"],"nature":"Bold","evs":{"hp":248,"atk":0,"def":252,"spa":0,"spd":8,"spe":0},"ivs":{"hp":31,"atk":31,"def":31,"spa":31,"spd":31,"spe":31}}],"log":["|player|p1|Soulwardeny|leaf20.gif","|player|p2|alliance-c-control|190","|gametype|singles","|gen|6","|tier|Monotype","|rated","|rule|Baton Pass Clause: Limit one Baton Passer, can't pass Spe and other stats simultaneously","|rule|Swagger Clause: Swagger is banned","|rule|Same Type Clause: Pokémon in a team must share a type","|clearpoke","|poke|p1|Galvantula, M","|poke|p1|Rotom-Wash","|poke|p1|Eelektross, M","|poke|p1|Stunfisk, F","|poke|p1|Electivire, F","|poke|p1|Thundurus, M","|poke|p2|Beheeyem, M","|poke|p2|Azelf","|poke|p2|Jirachi, shiny","|poke|p2|Gardevoir, F","|poke|p2|Latias, F","|poke|p2|Slowbro, M","|rule|Sleep Clause Mod: Limit one foe put to sleep","|rule|Species Clause: Limit one of each Pokémon","|rule|OHKO Clause: OHKO moves are banned","|rule|Moody Clause: Moody is banned","|rule|Evasion Moves Clause: Evasion moves are banned","|rule|Endless Battle Clause: Forcing endless battles is banned","|rule|HP Percentage Mod: HP is shown in percentages","|teampreview","|","|start","|switch|p1a: Claire Buggy|Galvantula, M|281/281","|switch|p2a: Azelf|Azelf|292/292","|turn|1","|","|move|p2a: Azelf|Acrobatics|p1a: Claire Buggy","|-damage|p1a: Claire Buggy|181/281","|move|p1a: Claire Buggy|Sticky Web|p2a: Azelf","|-sidestart|p2: alliance-c-control|move: Sticky Web","|","|turn|2","|","|move|p2a: Azelf|Stealth Rock|p1a: Claire Buggy","|-sidestart|p1: Soulwardeny|move: Stealth Rock","|move|p1a: Claire Buggy|Bug Buzz|p2a: Azelf","|-supereffective|p2a: Azelf","|-damage|p2a: Azelf|0 fnt","|faint|p2a: Azelf","|","|","|switch|p2a: Gardevoir|Gardevoir, F|340/340","|-activate|p2a: Gardevoir|move: Sticky Web","|-unboost|p2a: Gardevoir|spe|1","|-ability|p2a: Gardevoir|Compound Eyes|[from] ability: Trace|[of] p1a: Claire Buggy","|turn|3","|","|switch|p1a: Claire Fishy|Stunfisk, F|422/422","|-damage|p1a: Claire Fishy|396/422|[from] Stealth Rock","|detailschange|p2a: Gardevoir|Gardevoir-Mega, F","|-mega|p2a: Gardevoir|Gardevoir|Gardevoirite","|move|p2a: Gardevoir|Trick Room|p2a: Gardevoir","|-fieldstart|move: Trick Room|[of] p2a: Gardevoir","|","|-heal|p1a: Claire Fishy|422/422|[from] item: Leftovers","|turn|4","|","|move|p1a: Claire Fishy|Thunder Wave|p2a: Gardevoir","|-status|p2a: Gardevoir|par","|move|p2a: Gardevoir|Body Slam|p1a: Claire Fishy","|-damage|p1a: Claire Fishy|233/422","|","|-heal|p1a: Claire Fishy|259/422|[from] item: Leftovers","|turn|5","|","|move|p2a: Gardevoir|Body Slam|p1a: Claire Fishy","|-damage|p1a: Claire Fishy|75/422","|move|p1a: Claire Fishy|Stealth Rock|p2a: Gardevoir","|-sidestart|p2: alliance-c-control|move: Stealth Rock","|","|-heal|p1a: Claire Fishy|101/422|[from] item: Leftovers","|turn|6","|","|switch|p1a: Claire Thingy|Electivire, F|291/291","|-damage|p1a: Claire Thingy|255/291|[from] Stealth Rock","|cant|p2a: Gardevoir|par","|","|turn|7","|","|cant|p2a: Gardevoir|par","|move|p1a: Claire Thingy|Wild Charge|p2a: Gardevoir","|-damage|p2a: Gardevoir|103/340 par","|-damage|p1a: Claire Thingy|196/291|[from] recoil|[of] p2a: Gardevoir","|","|-fieldend|move: Trick Room","|turn|8","|","|switch|p2a: Slowbro|Slowbro, M|393/393","|-damage|p2a: Slowbro|344/393|[from] Stealth Rock","|-activate|p2a: Slowbro|move: Sticky Web","|-unboost|p2a: Slowbro|spe|1","|move|p1a: Claire Thingy|Wild Charge|p2a: Slowbro","|-supereffective|p2a: Slowbro","|-damage|p2a: Slowbro|126/393","|-damage|p1a: Claire Thingy|148/291|[from] item: Rocky Helmet|[of] p2a: Slowbro","|-damage|p1a: Claire Thingy|93/291|[from] recoil|[of] p2a: Slowbro","|","|turn|9","|","|switch|p2a: Latias|Latias, F|301/301","|-damage|p2a: Latias|264/301|[from] Stealth Rock","|move|p1a: Claire Thingy|Wild Charge|p2a: Latias","|-resisted|p2a: Latias","|-damage|p2a: Latias|166/301","|-damage|p1a: Claire Thingy|68/291|[from] recoil|[of] p2a: Latias","|","|-heal|p2a: Latias|184/301|[from] item: Leftovers","|turn|10","|","|switch|p1a: Claire Fishy|Stunfisk, F|101/422","|-damage|p1a: Claire Fishy|75/422|[from] Stealth Rock","|move|p2a: Latias|Defog|p1a: Claire Fishy","|-unboost|p1a: Claire Fishy|evasion|1","|-sideend|p1: Soulwardeny|Stealth Rock|[from] move: Defog|[of] p1a: Claire Fishy","|-sideend|p2: alliance-c-control|Stealth Rock|[from] move: Defog|[of] p2a: Latias","|-sideend|p2: alliance-c-control|Sticky Web|[from] move: Defog|[of] p2a: Latias","|","|-heal|p2a: Latias|202/301|[from] item: Leftovers","|-heal|p1a: Claire Fishy|101/422|[from] item: Leftovers","|turn|11","|","|switch|p2a: Gardevoir|Gardevoir-Mega, F|103/340 par","|move|p1a: Claire Fishy|Thunder Wave|p2a: Gardevoir","|-fail|p2a: Gardevoir|par","|","|-heal|p1a: Claire Fishy|127/422|[from] item: Leftovers","|turn|12","|","|move|p1a: Claire Fishy|Discharge|p2a: Gardevoir","|-damage|p2a: Gardevoir|43/340 par","|move|p2a: Gardevoir|Trick Room|p2a: Gardevoir","|-fieldstart|move: Trick Room|[of] p2a: Gardevoir","|","|-heal|p1a: Claire Fishy|153/422|[from] item: Leftovers","|turn|13","|","|move|p2a: Gardevoir|Body Slam|p1a: Claire Fishy","|-damage|p1a: Claire Fishy|0 fnt","|faint|p1a: Claire Fishy","|","|","|switch|p1a: Claire Washy|Rotom-Wash|304/304","|turn|14","|","|switch|p2a: Beheeyem|Beheeyem, M|354/354","|move|p1a: Claire Washy|Volt Switch|p2a: Beheeyem","|-damage|p2a: Beheeyem|290/354","|","|switch|p1a: Claire Buggy|Galvantula, M|181/281","|","|-heal|p2a: Beheeyem|312/354|[from] item: Leftovers","|turn|15","|","|move|p2a: Beheeyem|Psychic|p1a: Claire Buggy","|-damage|p1a: Claire Buggy|0 fnt","|faint|p1a: Claire Buggy","|","|-heal|p2a: Beheeyem|334/354|[from] item: Leftovers","|","|switch|p1a: Claire Snakey|Eelektross, M|311/311","|turn|16","|","|switch|p2a: Slowbro|Slowbro, M|257/393","|move|p1a: Claire Snakey|Thunder Punch|p2a: Slowbro","|-supereffective|p2a: Slowbro","|-damage|p2a: Slowbro|119/393","|-damage|p1a: Claire Snakey|260/311|[from] item: Rocky Helmet|[of] p2a: Slowbro","|","|-fieldend|move: Trick Room","|turn|17","|","|switch|p2a: Latias|Latias, F|202/301","|move|p1a: Claire Snakey|Thunder Punch|p2a: Latias","|-resisted|p2a: Latias","|-damage|p2a: Latias|146/301","|","|-heal|p2a: Latias|164/301|[from] item: Leftovers","|turn|18","|","|switch|p2a: Slowbro|Slowbro, M|250/393","|switch|p1a: Claire Washy|Rotom-Wash|304/304","|","|turn|19","|","|switch|p2a: Beheeyem|Beheeyem, M|334/354","|move|p1a: Claire Washy|Volt Switch|p2a: Beheeyem","|-damage|p2a: Beheeyem|268/354","|","|switch|p1a: Thundurus|Thundurus, M|298/298","|","|-heal|p2a: Beheeyem|290/354|[from] item: Leftovers","|turn|20","|","|move|p1a: Thundurus|Substitute|p1a: Thundurus","|-start|p1a: Thundurus|Substitute","|-damage|p1a: Thundurus|224/298","|move|p2a: Beheeyem|Psychic|p1a: Thundurus","|-end|p1a: Thundurus|Substitute","|","|-heal|p1a: Thundurus|242/298|[from] item: Leftovers","|-heal|p2a: Beheeyem|312/354|[from] item: Leftovers","|turn|21","|","|switch|p1a: Claire Washy|Rotom-Wash|304/304","|move|p2a: Beheeyem|Psychic|p1a: Claire Washy","|-damage|p1a: Claire Washy|181/304","|","|-heal|p1a: Claire Washy|200/304|[from] item: Leftovers","|-heal|p2a: Beheeyem|334/354|[from] item: Leftovers","|turn|22","|","|move|p1a: Claire Washy|Hydro Pump|p2a: Beheeyem","|-damage|p2a: Beheeyem|234/354","|move|p2a: Beheeyem|Psychic|p1a: Claire Washy","|-damage|p1a: Claire Washy|70/304","|","|-heal|p1a: Claire Washy|89/304|[from] item: Leftovers","|-heal|p2a: Beheeyem|256/354|[from] item: Leftovers","|turn|23","|","|move|p1a: Claire Washy|Pain Split|p2a: Beheeyem","|-sethp|p2a: Beheeyem|172/354|p1a: Claire Washy|172/304|[from] move: Pain Split","|move|p2a: Beheeyem|Psychic|p1a: Claire Washy","|-damage|p1a: Claire Washy|42/304","|-unboost|p1a: Claire Washy|spd|1","|","|-heal|p1a: Claire Washy|61/304|[from] item: Leftovers","|-heal|p2a: Beheeyem|194/354|[from] item: Leftovers","|turn|24","|","|move|p1a: Claire Washy|Volt Switch|p2a: Beheeyem","|-damage|p2a: Beheeyem|127/354","|","|switch|p1a: Claire Snakey|Eelektross, M|260/311","|move|p2a: Beheeyem|Recover|p2a: Beheeyem","|-heal|p2a: Beheeyem|304/354","|","|-heal|p2a: Beheeyem|326/354|[from] item: Leftovers","|turn|25","|","|switch|p2a: Slowbro|Slowbro, M|381/393","|move|p1a: Claire Snakey|Giga Drain|p2a: Slowbro","|-supereffective|p2a: Slowbro","|-damage|p2a: Slowbro|183/393","|-heal|p1a: Claire Snakey|311/311|[from] drain|[of] p2a: Slowbro","|","|turn|26","|","|switch|p1a: Claire Thingy|Electivire, F|68/291","|switch|p2a: Jirachi|Jirachi, shiny|342/342","|","|turn|27","|","|move|p2a: Jirachi|Moonblast|p1a: Claire Thingy","|-damage|p1a: Claire Thingy|0 fnt","|faint|p1a: Claire Thingy","|","|","|switch|p1a: Claire Snakey|Eelektross, M|311/311","|turn|28","|","|switch|p2a: Slowbro|Slowbro, M|314/393","|move|p1a: Claire Snakey|Flamethrower|p2a: Slowbro","|-resisted|p2a: Slowbro","|-damage|p2a: Slowbro|263/393","|","|turn|29","|","|switch|p1a: Claire Washy|Rotom-Wash|61/304","|switch|p2a: Jirachi|Jirachi, shiny|342/342","|","|-heal|p1a: Claire Washy|80/304|[from] item: Leftovers","|turn|30","|","|move|p2a: Jirachi|Moonblast|p1a: Claire Washy","|-damage|p1a: Claire Washy|0 fnt","|faint|p1a: Claire Washy","|","|","|switch|p1a: Thundurus|Thundurus, M|242/298","|turn|31","|","|switch|p2a: Beheeyem|Beheeyem, M|326/354","|move|p1a: Thundurus|Thunderbolt|p2a: Beheeyem","|-damage|p2a: Beheeyem|209/354","|","|-heal|p1a: Thundurus|260/298|[from] item: Leftovers","|-heal|p2a: Beheeyem|231/354|[from] item: Leftovers","|turn|32","|","|move|p1a: Thundurus|Nasty Plot|p1a: Thundurus","|-boost|p1a: Thundurus|spa|2","|move|p2a: Beheeyem|Psychic|p1a: Thundurus","|-damage|p1a: Thundurus|98/298","|","|-heal|p1a: Thundurus|116/298|[from] item: Leftovers","|-heal|p2a: Beheeyem|253/354|[from] item: Leftovers","|turn|33","|","|move|p1a: Thundurus|Thunderbolt|p2a: Beheeyem","|-damage|p2a: Beheeyem|13/354","|move|p2a: Beheeyem|Psychic|p1a: Thundurus","|-damage|p1a: Thundurus|0 fnt","|faint|p1a: Thundurus","|","|-heal|p2a: Beheeyem|35/354|[from] item: Leftovers","|","|switch|p1a: Claire Snakey|Eelektross, M|311/311","|turn|34","|","|move|p1a: Claire Snakey|Thunder Punch|p2a: Beheeyem","|-damage|p2a: Beheeyem|0 fnt","|faint|p2a: Beheeyem","|","|","|switch|p2a: Jirachi|Jirachi, shiny|342/342","|turn|35","|","|move|p2a: Jirachi|Trick|p1a: Claire Snakey","|-activate|p2a: Jirachi|move: Trick|[of] p1a: Claire Snakey","|-item|p1a: Claire Snakey|Choice Scarf|[from] move: Trick","|-item|p2a: Jirachi|Choice Scarf|[from] move: Trick","|move|p1a: Claire Snakey|Thunder Punch|p2a: Jirachi","|-damage|p2a: Jirachi|239/342","|","|turn|36","|","|move|p2a: Jirachi|Moonblast|p1a: Claire Snakey","|-damage|p1a: Claire Snakey|196/311","|move|p1a: Claire Snakey|Thunder Punch|p2a: Jirachi","|-damage|p2a: Jirachi|137/342","|","|turn|37","|","|move|p2a: Jirachi|Moonblast|p1a: Claire Snakey","|-damage|p1a: Claire Snakey|76/311","|-unboost|p1a: Claire Snakey|spa|1","|move|p1a: Claire Snakey|Thunder Punch|p2a: Jirachi","|-damage|p2a: Jirachi|35/342","|","|turn|38","|","|move|p2a: Jirachi|Moonblast|p1a: Claire Snakey","|-damage|p1a: Claire Snakey|0 fnt","|faint|p1a: Claire Snakey","|","|win|alliance-c-control"],"p1rating":{"entryid":7285354,"formatid":"monotype","userid":"soulwardeny","username":"Soulwardeny","r":1500,"rd":130,"sigma":0,"rpr":1449.4814948535,"rprd":122.04987862947,"rpsigma":0,"rptime":1438246800,"w":0,"l":1,"t":0,"gxe":43.7,"acre":1000,"lacre":1000,"oldacre":1000},"p2rating":{"entryid":"6440455","serverid":"eos","formatid":"monotype","userid":"allianceccontrol","username":"Alliance-C-Control","w":215,"l":"288","t":"0","gxe":41.2,"r":"1435.8579604977","rd":"25","sigma":"0","rptime":"1438246800","rpr":1432.7425864753,"rprd":25,"rpsigma":"0","acre":1066.2642108755,"lacre":1066.2642108755,"oldacre":"1035.0040022473"},"endType":"normal"}