{"seed":[966,27591,2164,32257],"turns":33,"p1":"samuelwade223","p2":"Emporer Galaxious","p1team":[{"name":"Ferrothorn","species":"Ferrothorn","item":"rockyhelmet","ability":"Iron Barbs","moves":["leechseed","protect","stealthrock","powerwhip"],"nature":"Sassy","evs":{"hp":252,"atk":0,"def":0,"spa":0,"spd":252,"spe":4},"shiny":true,"ivs":{"hp":31,"atk":31,"def":31,"spa":31,"spd":31,"spe":31}},{"name":"Skarmory","species":"Skarmory","item":"leftovers","ability":"Keen Eye","moves":["bravebird","spikes","whirlwind","roost"],"nature":"Impish","evs":{"hp":252,"atk":4,"def":252,"spa":0,"spd":0,"spe":0},"shiny":true,"ivs":{"hp":31,"atk":31,"def":31,"spa":31,"spd":31,"spe":31}},{"name":"Scizor","species":"Scizor","item":"scizorite","ability":"Technician","moves":["swordsdance","bulletpunch","bugbite","superpower"],"nature":"Adamant","evs":{"hp":96,"atk":252,"def":40,"spa":0,"spd":116,"spe":4},"shiny":true,"ivs":{"hp":31,"atk":31,"def":31,"spa":31,"spd":31,"spe":31}},{"name":"Metagross","species":"Metagross","item":"lifeorb","ability":"Clear Body","moves":["zenheadbutt","meteormash","earthquake","bulletpunch"],"nature":"Adamant","evs":{"hp":160,"atk":252,"def":0,"spa":0,"spd":0,"spe":96},"shiny":true,"ivs":{"hp":31,"atk":31,"def":31,"spa":31,"spd":31,"spe":31}},{"name":"Heatran","species":"Heatran","item":"choicescarf","ability":"Flash Fire","moves":["hiddenpowergrass","fireblast","earthpower","dragonpulse"],"nature":"Modest","evs":{"hp":4,"atk":0,"def":0,"spa":252,"spd":0,"spe":252},"ivs":{"hp":31,"atk":30,"def":31,"spa":30,"spd":31,"spe":31},"shiny":true},{"name":"Bisharp","species":"Bisharp","item":"lifeorb","ability":"Inner Focus","moves":["aerialace","nightslash","suckerpunch","ironhead"],"nature":"Jolly","evs":{"hp":4,"atk":252,"def":0,"spa":0,"spd":0,"spe":252},"shiny":true,"ivs":{"hp":31,"atk":31,"def":31,"spa":31,"spd":31,"spe":31}}],"p2team":[{"name":"Boss Cavebro","species":"conkeldurr","item":"assaultvest","ability":"Sheer Force","moves":["knockoff","icepunch","drainpunch","stoneedge"],"nature":"Careful","evs":{"hp":4,"atk":0,"def":252,"spa":0,"spd":252,"spe":0},"gender":"M","shiny":true,"ivs":{"hp":31,"atk":31,"def":31,"spa":31,"spd":31,"spe":31}},{"name":"Boss Brigdin","species":"scrafty","item":"quickclaw","ability":"Moxie","moves":["dragondance","outrage","knockoff","drainpunch"],"nature":"Impish","evs":{"hp":4,"atk":0,"def":252,"spa":0,"spd":252,"spe":0},"gender":"M","ivs":{"hp":31,"atk":31,"def":31,"spa":31,"spd":31,"spe":31}},{"name":"Boss Slick","species":"hawlucha","item":"focussash","ability":"Unburden","moves":["flyingpress","encore","substitute","focuspunch"],"nature":"Adamant","evs":{"hp":0,"atk":252,"def":24,"spa":0,"spd":120,"spe":112},"gender":"M","ivs":{"hp":31,"atk":31,"def":31,"spa":31,"spd":31,"spe":31}},{"name":"Boss Vortex","species":"gallade","item":"galladite","ability":"Justified","moves":["drainpunch","icepunch","psychocut","leafblade"],"nature":"Jolly","evs":{"hp":0,"atk":252,"def":0,"spa":0,"spd":4,"spe":252},"shiny":true,"ivs":{"hp":31,"atk":31,"def":31,"spa":31,"spd":31,"spe":31}},{"name":"Boss Buffetron","species":"terrakion","item":"choicescarf","ability":"Justified","moves":["ironhead","rockslide","closecombat","zenheadbutt"],"nature":"Adamant","evs":{"hp":0,"atk":252,"def":0,"spa":0,"spd":144,"spe":112},"shiny":true,"ivs":{"hp":31,"atk":31,"def":31,"spa":31,"spd":31,"spe":31}},{"name":"Boss Toxx","species":"toxicroak","item":"blacksludge","ability":"Anticipation","moves":["fakeout","toxic","protect","superfang"],"nature":"Careful","evs":{"hp":0,"atk":0,"def":252,"spa":0,"spd":252,"spe":0},"gender":"M","shiny":true,"ivs":{"hp":31,"atk":31,"def":31,"spa":31,"spd":31,"spe":31}}],"log":["|player|p1|samuelwade223|99","|player|p2|Emporer Galaxious|136","|gametype|singles","|gen|6","|tier|Monotype","|rated","|rule|Baton Pass Clause: Limit one Baton Passer, can't pass Spe and other stats simultaneously","|rule|Swagger Clause: Swagger is banned","|rule|Same Type Clause: Pokémon in a team must share a type","|clearpoke","|poke|p1|Ferrothorn, M, shiny","|poke|p1|Skarmory, M, shiny","|poke|p1|Scizor, M, shiny","|poke|p1|Metagross, shiny","|poke|p1|Heatran, M, shiny","|poke|p1|Bisharp, M, shiny","|poke|p2|Conkeldurr, M, shiny","|poke|p2|Scrafty, M","|poke|p2|Hawlucha, M","|poke|p2|Gallade, M, shiny","|poke|p2|Terrakion, shiny","|poke|p2|Toxicroak, M, shiny","|rule|Sleep Clause Mod: Limit one foe put to sleep","|rule|Species Clause: Limit one of each Pokémon","|rule|OHKO Clause: OHKO moves are banned","|rule|Moody Clause: Moody is banned","|rule|Evasion Moves Clause: Evasion moves are banned","|rule|Endless Battle Clause: Forcing endless battles is banned","|rule|HP Percentage Mod: HP is shown in percentages","|teampreview","|","|start","|switch|p1a: Ferrothorn|Ferrothorn, M, shiny|352/352","|switch|p2a: Boss Brigdin|Scrafty, M|272/272","|turn|1","|","|move|p2a: Boss Brigdin|Knock Off|p1a: Ferrothorn","|-damage|p1a: Ferrothorn|268/352","|-damage|p2a: Boss Brigdin|238/272|[from] ability: Iron Barbs|[of] p1a: Ferrothorn","|-damage|p2a: Boss Brigdin|193/272|[from] item: Rocky Helmet|[of] p1a: Ferrothorn","|-enditem|p1a: Ferrothorn|Rocky Helmet|[from] move: Knock Off|[of] p2a: Boss Brigdin","|move|p1a: Ferrothorn|Stealth Rock|p2a: Boss Brigdin","|-sidestart|p2: Emporer Galaxious|move: Stealth Rock","|","|turn|2","|-activate|p2a: Boss Brigdin|item: Quick Claw","|","|move|p2a: Boss Brigdin|Drain Punch|p1a: Ferrothorn","|-supereffective|p1a: Ferrothorn","|-damage|p1a: Ferrothorn|146/352","|-heal|p2a: Boss Brigdin|254/272|[from] drain|[of] p1a: Ferrothorn","|-damage|p2a: Boss Brigdin|220/272|[from] ability: Iron Barbs|[of] p1a: Ferrothorn","|move|p1a: Ferrothorn|Leech Seed|p2a: Boss Brigdin","|-start|p2a: Boss Brigdin|move: Leech Seed","|","|-damage|p2a: Boss Brigdin|186/272|[from] Leech Seed|[of] p1a: Ferrothorn","|-heal|p1a: Ferrothorn|180/352|[silent]","|turn|3","|","|move|p1a: Ferrothorn|Protect|p1a: Ferrothorn","|-singleturn|p1a: Ferrothorn|Protect","|move|p2a: Boss Brigdin|Drain Punch|p1a: Ferrothorn","|-activate|p1a: Ferrothorn|Protect","|","|-damage|p2a: Boss Brigdin|152/272|[from] Leech Seed|[of] p1a: Ferrothorn","|-heal|p1a: Ferrothorn|214/352|[silent]","|turn|4","|","|move|p2a: Boss Brigdin|Drain Punch|p1a: Ferrothorn","|-supereffective|p1a: Ferrothorn","|-damage|p1a: Ferrothorn|86/352","|-heal|p2a: Boss Brigdin|216/272|[from] drain|[of] p1a: Ferrothorn","|-damage|p2a: Boss Brigdin|182/272|[from] ability: Iron Barbs|[of] p1a: Ferrothorn","|move|p1a: Ferrothorn|Power Whip|p2a: Boss Brigdin","|-damage|p2a: Boss Brigdin|94/272","|","|-damage|p2a: Boss Brigdin|60/272|[from] Leech Seed|[of] p1a: Ferrothorn","|-heal|p1a: Ferrothorn|120/352|[silent]","|turn|5","|","|move|p1a: Ferrothorn|Protect|p1a: Ferrothorn","|-singleturn|p1a: Ferrothorn|Protect","|move|p2a: Boss Brigdin|Drain Punch|p1a: Ferrothorn","|-activate|p1a: Ferrothorn|Protect","|","|-damage|p2a: Boss Brigdin|26/272|[from] Leech Seed|[of] p1a: Ferrothorn","|-heal|p1a: Ferrothorn|154/352|[silent]","|turn|6","|","|move|p1a: Ferrothorn|Protect|p1a: Ferrothorn","|-singleturn|p1a: Ferrothorn|Protect","|move|p2a: Boss Brigdin|Drain Punch|p1a: Ferrothorn","|-activate|p1a: Ferrothorn|Protect","|","|-damage|p2a: Boss Brigdin|0 fnt|[from] Leech Seed|[of] p1a: Ferrothorn","|-heal|p1a: Ferrothorn|180/352|[silent]","|faint|p2a: Boss Brigdin","|","|switch|p2a: Boss Cavebro|Conkeldurr, M, shiny|352/352","|-damage|p2a: Boss Cavebro|330/352|[from] Stealth Rock","|turn|7","|","|move|p2a: Boss Cavebro|Drain Punch|p1a: Ferrothorn","|-supereffective|p1a: Ferrothorn","|-damage|p1a: Ferrothorn|0 fnt","|-heal|p2a: Boss Cavebro|352/352|[from] drain|[of] p1a: Ferrothorn","|-damage|p2a: Boss Cavebro|308/352|[from] ability: Iron Barbs|[of] p1a: Ferrothorn","|faint|p1a: Ferrothorn","|","|","|switch|p1a: Skarmory|Skarmory, M, shiny|334/334","|turn|8","|","|move|p1a: Skarmory|Spikes|p2a: Boss Cavebro","|-sidestart|p2: Emporer Galaxious|Spikes","|move|p2a: Boss Cavebro|Knock Off|p1a: Skarmory","|-damage|p1a: Skarmory|273/334","|-enditem|p1a: Skarmory|Leftovers|[from] move: Knock Off|[of] p2a: Boss Cavebro","|","|turn|9","|","|move|p1a: Skarmory|Spikes|p2a: Boss Cavebro","|-sidestart|p2: Emporer Galaxious|Spikes","|move|p2a: Boss Cavebro|Stone Edge|p1a: Skarmory","|-damage|p1a: Skarmory|218/334","|","|turn|10","|","|move|p1a: Skarmory|Spikes|p2a: Boss Cavebro","|-sidestart|p2: Emporer Galaxious|Spikes","|move|p2a: Boss Cavebro|Drain Punch|p1a: Skarmory","|-damage|p1a: Skarmory|151/334","|-heal|p2a: Boss Cavebro|342/352|[from] drain|[of] p1a: Skarmory","|","|turn|11","|","|move|p1a: Skarmory|Roost|p1a: Skarmory","|-heal|p1a: Skarmory|318/334","|move|p2a: Boss Cavebro|Ice Punch|p1a: Skarmory","|-resisted|p1a: Skarmory","|-damage|p1a: Skarmory|287/334","|","|turn|12","|","|switch|p2a: Boss Slick|Hawlucha, M|297/297","|-damage|p2a: Boss Slick|260/297|[from] Stealth Rock","|move|p1a: Skarmory|Whirlwind|p2a: Boss Slick","|drag|p2a: Boss Vortex|Gallade, M, shiny|277/277","|-damage|p2a: Boss Vortex|208/277|[from] Spikes","|-damage|p2a: Boss Vortex|191/277|[from] Stealth Rock","|","|turn|13","|","|detailschange|p2a: Boss Vortex|Gallade-Mega, M, shiny","|-mega|p2a: Boss Vortex|Gallade|Galladite","|move|p2a: Boss Vortex|Drain Punch|p1a: Skarmory","|-damage|p1a: Skarmory|202/334","|-heal|p2a: Boss Vortex|234/277|[from] drain|[of] p1a: Skarmory","|move|p1a: Skarmory|Whirlwind|p2a: Boss Vortex","|drag|p2a: Boss Buffetron|Terrakion, shiny|323/323","|-damage|p2a: Boss Buffetron|303/323|[from] Stealth Rock","|-damage|p2a: Boss Buffetron|223/323|[from] Spikes","|","|turn|14","|","|move|p2a: Boss Buffetron|Close Combat|p1a: Skarmory","|-damage|p1a: Skarmory|66/334","|-unboost|p2a: Boss Buffetron|def|1","|-unboost|p2a: Boss Buffetron|spd|1","|move|p1a: Skarmory|Whirlwind|p2a: Boss Buffetron","|drag|p2a: Boss Cavebro|Conkeldurr, M, shiny|342/352","|-damage|p2a: Boss Cavebro|254/352|[from] Spikes","|-damage|p2a: Boss Cavebro|232/352|[from] Stealth Rock","|","|turn|15","|","|move|p1a: Skarmory|Roost|p1a: Skarmory","|-heal|p1a: Skarmory|233/334","|move|p2a: Boss Cavebro|Drain Punch|p1a: Skarmory","|-supereffective|p1a: Skarmory","|-damage|p1a: Skarmory|105/334","|-heal|p2a: Boss Cavebro|296/352|[from] drain|[of] p1a: Skarmory","|","|turn|16","|","|move|p1a: Skarmory|Roost|p1a: Skarmory","|-heal|p1a: Skarmory|272/334","|move|p2a: Boss Cavebro|Drain Punch|p1a: Skarmory","|-supereffective|p1a: Skarmory","|-damage|p1a: Skarmory|134/334","|-heal|p2a: Boss Cavebro|352/352|[from] drain|[of] p1a: Skarmory","|","|turn|17","|","|move|p1a: Skarmory|Roost|p1a: Skarmory","|-heal|p1a: Skarmory|301/334","|move|p2a: Boss Cavebro|Drain Punch|p1a: Skarmory","|-supereffective|p1a: Skarmory","|-damage|p1a: Skarmory|173/334","|","|turn|18","|","|move|p2a: Boss Cavebro|Drain Punch|p1a: Skarmory","|-damage|p1a: Skarmory|110/334","|move|p1a: Skarmory|Whirlwind|p2a: Boss Cavebro","|drag|p2a: Boss Vortex|Gallade-Mega, M, shiny|234/277","|-damage|p2a: Boss Vortex|165/277|[from] Spikes","|-damage|p2a: Boss Vortex|148/277|[from] Stealth Rock","|","|turn|19","|","|move|p2a: Boss Vortex|Drain Punch|p1a: Skarmory","|-damage|p1a: Skarmory|13/334","|-heal|p2a: Boss Vortex|197/277|[from] drain|[of] p1a: Skarmory","|move|p1a: Skarmory|Roost|p1a: Skarmory","|-heal|p1a: Skarmory|180/334","|","|turn|20","|","|move|p2a: Boss Vortex|Drain Punch|p1a: Skarmory","|-damage|p1a: Skarmory|93/334","|-heal|p2a: Boss Vortex|241/277|[from] drain|[of] p1a: Skarmory","|move|p1a: Skarmory|Roost|p1a: Skarmory","|-heal|p1a: Skarmory|260/334","|","|turn|21","|","|move|p2a: Boss Vortex|Drain Punch|p1a: Skarmory","|-damage|p1a: Skarmory|166/334","|-heal|p2a: Boss Vortex|277/277|[from] drain|[of] p1a: Skarmory","|move|p1a: Skarmory|Whirlwind|p2a: Boss Vortex","|drag|p2a: Boss Toxx|Toxicroak, M, shiny|307/307","|-damage|p2a: Boss Toxx|231/307|[from] Spikes","|-damage|p2a: Boss Toxx|212/307|[from] Stealth Rock","|-activate|p2a: Boss Toxx|ability: Anticipation","|","|-heal|p2a: Boss Toxx|231/307|[from] item: Black Sludge","|turn|22","|","|move|p2a: Boss Toxx|Fake Out|p1a: Skarmory","|-resisted|p1a: Skarmory","|-damage|p1a: Skarmory|156/334","|cant|p1a: Skarmory|flinch","|","|-heal|p2a: Boss Toxx|250/307|[from] item: Black Sludge","|turn|23","|","|move|p2a: Boss Toxx|Super Fang|p1a: Skarmory","|-damage|p1a: Skarmory|78/334","|move|p1a: Skarmory|Roost|p1a: Skarmory","|-heal|p1a: Skarmory|245/334","|","|-heal|p2a: Boss Toxx|269/307|[from] item: Black Sludge","|turn|24","|","|move|p2a: Boss Toxx|Super Fang|p1a: Skarmory|[miss]","|-miss|p2a: Boss Toxx|p1a: Skarmory","|move|p1a: Skarmory|Brave Bird|p2a: Boss Toxx","|-supereffective|p2a: Boss Toxx","|-damage|p2a: Boss Toxx|23/307","|-damage|p1a: Skarmory|164/334|[from] recoil|[of] p2a: Boss Toxx","|","|-heal|p2a: Boss Toxx|42/307|[from] item: Black Sludge","|turn|25","|","|move|p2a: Boss Toxx|Super Fang|p1a: Skarmory","|-damage|p1a: Skarmory|82/334","|move|p1a: Skarmory|Roost|p1a: Skarmory","|-heal|p1a: Skarmory|249/334","|","|-heal|p2a: Boss Toxx|61/307|[from] item: Black Sludge","|turn|26","|","|move|p2a: Boss Toxx|Super Fang|p1a: Skarmory","|-damage|p1a: Skarmory|125/334","|move|p1a: Skarmory|Whirlwind|p2a: Boss Toxx","|drag|p2a: Boss Vortex|Gallade-Mega, M, shiny|277/277","|-damage|p2a: Boss Vortex|260/277|[from] Stealth Rock","|-damage|p2a: Boss Vortex|191/277|[from] Spikes","|","|turn|27","|","|move|p2a: Boss Vortex|Ice Punch|p1a: Skarmory","|-damage|p1a: Skarmory|62/334","|move|p1a: Skarmory|Brave Bird|p2a: Boss Vortex","|-supereffective|p2a: Boss Vortex","|-damage|p2a: Boss Vortex|0 fnt","|-damage|p1a: Skarmory|0 fnt|[from] recoil|[of] p2a: Boss Vortex","|faint|p2a: Boss Vortex","|faint|p1a: Skarmory","|","|","|switch|p2a: Boss Toxx|Toxicroak, M, shiny|61/307","|switch|p1a: Scizor|Scizor, M, shiny|305/305","|-damage|p2a: Boss Toxx|42/307|[from] Stealth Rock","|-damage|p2a: Boss Toxx|0 fnt|[from] Spikes","|faint|p2a: Boss Toxx","|","|switch|p2a: Boss Slick|Hawlucha, M|260/297","|-damage|p2a: Boss Slick|223/297|[from] Stealth Rock","|turn|28","|","|detailschange|p1a: Scizor|Scizor-Mega, M, shiny","|-mega|p1a: Scizor|Scizor|Scizorite","|move|p1a: Scizor|Bullet Punch|p2a: Boss Slick","|-damage|p2a: Boss Slick|64/297","|move|p2a: Boss Slick|Substitute|p2a: Boss Slick","|-fail|p2a: Boss Slick|move: Substitute|[weak]","|","|turn|29","|","|move|p1a: Scizor|Bullet Punch|p2a: Boss Slick","|-crit|p2a: Boss Slick","|-damage|p2a: Boss Slick|0 fnt","|faint|p2a: Boss Slick","|","|","|switch|p2a: Boss Cavebro|Conkeldurr, M, shiny|352/352","|-damage|p2a: Boss Cavebro|330/352|[from] Stealth Rock","|-damage|p2a: Boss Cavebro|242/352|[from] Spikes","|turn|30","|","|move|p1a: Scizor|Bullet Punch|p2a: Boss Cavebro","|-damage|p2a: Boss Cavebro|137/352","|move|p2a: Boss Cavebro|Knock Off|p1a: Scizor","|-damage|p1a: Scizor|251/305","|","|turn|31","|","|move|p1a: Scizor|Bullet Punch|p2a: Boss Cavebro","|-damage|p2a: Boss Cavebro|31/352","|move|p2a: Boss Cavebro|Drain Punch|p1a: Scizor","|-damage|p1a: Scizor|157/305","|-heal|p2a: Boss Cavebro|78/352|[from] drain|[of] p1a: Scizor","|","|turn|32","|","|move|p1a: Scizor|Bullet Punch|p2a: Boss Cavebro","|-damage|p2a: Boss Cavebro|0 fnt","|faint|p2a: Boss Cavebro","|","|","|switch|p2a: Boss Buffetron|Terrakion, shiny|223/323","|-damage|p2a: Boss Buffetron|203/323|[from] Stealth Rock","|-damage|p2a: Boss Buffetron|123/323|[from] Spikes","|turn|33","|","|move|p1a: Scizor|Bullet Punch|p2a: Boss Buffetron","|-supereffective|p2a: Boss Buffetron","|-damage|p2a: Boss Buffetron|0 fnt","|faint|p2a: Boss Buffetron","|","|win|samuelwade223"],"p1rating":{"entryid":"7061762","serverid":"eos","formatid":"monotype","userid":"samuelwade223","username":"samuelwade223","w":9,"l":"23","t":"0","gxe":34.1,"r":"1389.9010939128","rd":"65.242673404942","sigma":"0","rptime":"1438333200","rpr":1374.3317344242,"rprd":60.566662126996,"rpsigma":"0","acre":1063.8473370725,"lacre":1063.8473370725,"oldacre":"1023.2813468427"},"p2rating":{"entryid":"6733187","serverid":"eos","formatid":"monotype","userid":"emporergalaxious","username":"Emporer Galaxious","w":"13","l":21,"t":"0","gxe":37.1,"r":"1419.2700685741","rd":"61.204463183325","sigma":"0","rptime":"1438333200","rpr":1399.6074719202,"rprd":59.457051063688,"rpsigma":"0","acre":1040.6066274477,"lacre":1040.6066274477,"oldacre":"1062.0624098412"},"endType":"normal"}