{"seed":[3148,52824,39621,33069],"turns":20,"p1":"Neowulf","p2":"Rustic Espeon","p1team":[{"name":"Skarmory","species":"Skarmory","item":"leftovers","ability":"Sturdy","moves":["bravebird","whirlwind","roost","stealthrock"],"nature":"Impish","evs":{"hp":252,"atk":0,"def":232,"spa":0,"spd":0,"spe":24},"ivs":{"hp":31,"atk":31,"def":31,"spa":31,"spd":31,"spe":31}},{"name":"Heatran","species":"Heatran","item":"airballoon","ability":"Flash Fire","moves":["willowisp","lavaplume","earthpower","ancientpower"],"nature":"Calm","evs":{"hp":248,"atk":0,"def":0,"spa":8,"spd":252,"spe":0},"ivs":{"hp":31,"atk":31,"def":31,"spa":31,"spd":31,"spe":31}},{"name":"Ferrothorn","species":"Ferrothorn","item":"leftovers","ability":"Iron Barbs","moves":["leechseed","protect","spikes","seedbomb"],"nature":"Impish","evs":{"hp":208,"atk":0,"def":200,"spa":0,"spd":100,"spe":0},"ivs":{"hp":31,"atk":31,"def":31,"spa":31,"spd":31,"spe":31}},{"name":"Bisharp","species":"Bisharp","item":"lifeorb","ability":"Defiant","moves":["swordsdance","suckerpunch","knockoff","ironhead"],"nature":"Jolly","evs":{"hp":0,"atk":252,"def":0,"spa":0,"spd":4,"spe":252},"ivs":{"hp":31,"atk":31,"def":31,"spa":31,"spd":31,"spe":31}},{"name":"Scizor","species":"Scizor","item":"scizorite","ability":"Technician","moves":["swordsdance","bulletpunch","bugbite","superpower"],"nature":"Adamant","evs":{"hp":248,"atk":252,"def":0,"spa":0,"spd":8,"spe":0},"ivs":{"hp":31,"atk":31,"def":31,"spa":31,"spd":31,"spe":31}},{"name":"Magnezone","species":"Magnezone","item":"choicescarf","ability":"Magnet Pull","moves":["flashcannon","thunderbolt","hiddenpowerwater","voltswitch"],"nature":"Timid","evs":{"hp":0,"atk":0,"def":0,"spa":252,"spd":4,"spe":252},"ivs":{"hp":31,"atk":30,"def":30,"spa":30,"spd":31,"spe":31}}],"p2team":[{"name":"Torkoal","species":"Torkoal","item":"leftovers","ability":"White Smoke","moves":["rapidspin","lavaplume","stealthrock","yawn"],"nature":"Bold","evs":{"hp":252,"atk":0,"def":252,"spa":4,"spd":0,"spe":0},"ivs":{"hp":31,"atk":31,"def":31,"spa":31,"spd":31,"spe":31}},{"name":"Entei","species":"Entei","item":"choiceband","ability":"Pressure","moves":["stoneedge","sacredfire","bulldoze","ironhead"],"nature":"Jolly","evs":{"hp":4,"atk":252,"def":0,"spa":0,"spd":0,"spe":252},"ivs":{"hp":31,"atk":31,"def":31,"spa":31,"spd":31,"spe":31}},{"name":"Victini","species":"Victini","item":"choicescarf","ability":"Victory Star","moves":["boltstrike","blueflare","vcreate","uturn"],"nature":"Hasty","evs":{"hp":0,"atk":252,"def":0,"spa":4,"spd":0,"spe":252},"ivs":{"hp":31,"atk":31,"def":31,"spa":31,"spd":31,"spe":31}},{"name":"Charizard","species":"Charizard","item":"charizarditex","ability":"Blaze","moves":["dragondance","flareblitz","earthquake","dragonclaw"],"nature":"Adamant","evs":{"hp":0,"atk":252,"def":0,"spa":0,"spd":4,"spe":252},"ivs":{"hp":31,"atk":31,"def":31,"spa":31,"spd":31,"spe":31}},{"name":"Ninetales","species":"Ninetales","item":"choicespecs","ability":"Drought","moves":["overheat","solarbeam","psyshock","fireblast"],"nature":"Timid","evs":{"hp":0,"atk":0,"def":0,"spa":252,"spd":4,"spe":252},"ivs":{"hp":31,"atk":31,"def":31,"spa":31,"spd":31,"spe":31}},{"name":"Arcanine","species":"Arcanine","item":"rockyhelmet","ability":"Intimidate","moves":["flareblitz","extremespeed","wildcharge","closecombat"],"nature":"Lonely","evs":{"hp":248,"atk":252,"def":0,"spa":8,"spd":0,"spe":0},"ivs":{"hp":31,"atk":31,"def":31,"spa":31,"spd":31,"spe":31}}],"log":["|player|p1|Neowulf|143","|player|p2|Rustic Espeon|70","|gametype|singles","|gen|6","|tier|Monotype","|rated","|rule|Baton Pass Clause: Limit one Baton Passer, can't pass Spe and other stats simultaneously","|rule|Swagger Clause: Swagger is banned","|rule|Same Type Clause: Pokémon in a team must share a type","|clearpoke","|poke|p1|Skarmory, F","|poke|p1|Heatran, M","|poke|p1|Ferrothorn, F","|poke|p1|Bisharp, M","|poke|p1|Scizor, F","|poke|p1|Magnezone","|poke|p2|Torkoal, M","|poke|p2|Entei","|poke|p2|Victini","|poke|p2|Charizard, M","|poke|p2|Ninetales, M","|poke|p2|Arcanine, F","|rule|Sleep Clause Mod: Limit one foe put to sleep","|rule|Species Clause: Limit one of each Pokémon","|rule|OHKO Clause: OHKO moves are banned","|rule|Moody Clause: Moody is banned","|rule|Evasion Moves Clause: Evasion moves are banned","|rule|Endless Battle Clause: Forcing endless battles is banned","|rule|HP Percentage Mod: HP is shown in percentages","|teampreview","|","|start","|switch|p1a: Heatran|Heatran, M|385/385","|switch|p2a: Victini|Victini|341/341","|-item|p1a: Heatran|Air Balloon","|turn|1","|","|move|p2a: Victini|U-turn|p1a: Heatran","|-resisted|p1a: Heatran","|-damage|p1a: Heatran|368/385","|-enditem|p1a: Heatran|Air Balloon","|","|switch|p2a: Arcanine|Arcanine, F|383/383","|-ability|p2a: Arcanine|Intimidate","|-unboost|p1a: Heatran|atk|1","|move|p1a: Heatran|Earth Power|p2a: Arcanine","|-supereffective|p2a: Arcanine","|-damage|p2a: Arcanine|173/383","|","|turn|2","|","|switch|p1a: Ferrothorn|Ferrothorn, F|341/341","|move|p2a: Arcanine|Close Combat|p1a: Ferrothorn","|-supereffective|p1a: Ferrothorn","|-damage|p1a: Ferrothorn|171/341","|-damage|p2a: Arcanine|126/383|[from] ability: Iron Barbs|[of] p1a: Ferrothorn","|-unboost|p2a: Arcanine|def|1","|-unboost|p2a: Arcanine|spd|1","|","|-heal|p1a: Ferrothorn|192/341|[from] item: Leftovers","|turn|3","|","|switch|p2a: Charizard|Charizard, M|297/297","|move|p1a: Ferrothorn|Protect|p1a: Ferrothorn","|-fail|p1a: Ferrothorn","|","|-heal|p1a: Ferrothorn|213/341|[from] item: Leftovers","|turn|4","|","|detailschange|p2a: Charizard|Charizard-Mega-X, M","|-mega|p2a: Charizard|Charizard|Charizardite X","|move|p1a: Ferrothorn|Protect|p1a: Ferrothorn","|-singleturn|p1a: Ferrothorn|Protect","|move|p2a: Charizard|Dragon Dance|p2a: Charizard","|-boost|p2a: Charizard|atk|1","|-boost|p2a: Charizard|spe|1","|","|-heal|p1a: Ferrothorn|234/341|[from] item: Leftovers","|turn|5","|","|move|p2a: Charizard|Earthquake|p1a: Ferrothorn","|-damage|p1a: Ferrothorn|110/341","|move|p1a: Ferrothorn|Spikes|p2a: Charizard","|-sidestart|p2: Rustic Espeon|Spikes","|","|-heal|p1a: Ferrothorn|131/341|[from] item: Leftovers","|turn|6","|","|move|p1a: Ferrothorn|Protect|p1a: Ferrothorn","|-singleturn|p1a: Ferrothorn|Protect","|move|p2a: Charizard|Flare Blitz|p1a: Ferrothorn","|-activate|p1a: Ferrothorn|Protect","|","|-heal|p1a: Ferrothorn|152/341|[from] item: Leftovers","|turn|7","|","|move|p2a: Charizard|Flare Blitz|p1a: Ferrothorn","|-crit|p1a: Ferrothorn","|-supereffective|p1a: Ferrothorn","|-damage|p1a: Ferrothorn|0 fnt","|-damage|p2a: Charizard|260/297|[from] ability: Iron Barbs|[of] p1a: Ferrothorn","|-damage|p2a: Charizard|210/297|[from] recoil|[of] p1a: Ferrothorn","|faint|p1a: Ferrothorn","|","|","|switch|p1a: Skarmory|Skarmory, F|334/334","|turn|8","|","|move|p2a: Charizard|Flare Blitz|p1a: Skarmory","|-supereffective|p1a: Skarmory","|-activate|p1a: Skarmory|Sturdy","|-damage|p1a: Skarmory|1/334","|-damage|p2a: Charizard|100/297|[from] recoil|[of] p1a: Skarmory","|move|p1a: Skarmory|Whirlwind|p2a: Charizard","|drag|p2a: Ninetales|Ninetales, M|287/287","|-damage|p2a: Ninetales|252/287|[from] Spikes","|-weather|SunnyDay","|","|-weather|SunnyDay|[upkeep]","|-heal|p1a: Skarmory|21/334|[from] item: Leftovers","|turn|9","|","|move|p2a: Ninetales|Fire Blast|p1a: Skarmory","|-supereffective|p1a: Skarmory","|-damage|p1a: Skarmory|0 fnt","|faint|p1a: Skarmory","|","|-weather|SunnyDay|[upkeep]","|","|switch|p1a: Heatran|Heatran, M|368/385","|turn|10","|","|switch|p2a: Arcanine|Arcanine, F|126/383","|-damage|p2a: Arcanine|79/383|[from] Spikes","|-ability|p2a: Arcanine|Intimidate","|-unboost|p1a: Heatran|atk|1","|move|p1a: Heatran|Earth Power|p2a: Arcanine","|-supereffective|p2a: Arcanine","|-damage|p2a: Arcanine|0 fnt","|faint|p2a: Arcanine","|","|-weather|SunnyDay|[upkeep]","|","|switch|p2a: Entei|Entei|372/372","|-damage|p2a: Entei|326/372|[from] Spikes","|-ability|p2a: Entei|Pressure","|turn|11","|","|move|p2a: Entei|Bulldoze|p1a: Heatran","|-supereffective|p1a: Heatran","|-damage|p1a: Heatran|0 fnt","|faint|p1a: Heatran","|","|-weather|SunnyDay|[upkeep]","|","|switch|p1a: Magnezone|Magnezone|281/281","|turn|12","|","|move|p1a: Magnezone|Thunderbolt|p2a: Entei","|-crit|p2a: Entei","|-damage|p2a: Entei|23/372","|move|p2a: Entei|Bulldoze|p1a: Magnezone","|-supereffective|p1a: Magnezone","|-damage|p1a: Magnezone|0 fnt","|faint|p1a: Magnezone","|","|-weather|none","|","|switch|p1a: Scizor|Scizor, F|343/343","|turn|13","|","|detailschange|p1a: Scizor|Scizor-Mega, F","|-mega|p1a: Scizor|Scizor|Scizorite","|move|p2a: Entei|Bulldoze|p1a: Scizor","|-damage|p1a: Scizor|270/343","|-unboost|p1a: Scizor|spe|1","|move|p1a: Scizor|Swords Dance|p1a: Scizor","|-boost|p1a: Scizor|atk|2","|","|turn|14","|","|move|p2a: Entei|Bulldoze|p1a: Scizor","|-damage|p1a: Scizor|198/343","|-unboost|p1a: Scizor|spe|1","|move|p1a: Scizor|Swords Dance|p1a: Scizor","|-boost|p1a: Scizor|atk|2","|","|turn|15","|","|move|p2a: Entei|Bulldoze|p1a: Scizor","|-damage|p1a: Scizor|119/343","|-unboost|p1a: Scizor|spe|1","|move|p1a: Scizor|Swords Dance|p1a: Scizor","|-boost|p1a: Scizor|atk|2","|","|turn|16","|","|move|p1a: Scizor|Bullet Punch|p2a: Entei","|-resisted|p2a: Entei","|-damage|p2a: Entei|0 fnt","|faint|p2a: Entei","|","|","|switch|p2a: Torkoal|Torkoal, M|344/344","|-damage|p2a: Torkoal|301/344|[from] Spikes","|turn|17","|","|move|p1a: Scizor|Bullet Punch|p2a: Torkoal","|-resisted|p2a: Torkoal","|-damage|p2a: Torkoal|160/344","|move|p2a: Torkoal|Lava Plume|p1a: Scizor","|-supereffective|p1a: Scizor","|-damage|p1a: Scizor|0 fnt","|faint|p1a: Scizor","|","|-heal|p2a: Torkoal|181/344|[from] item: Leftovers","|","|switch|p1a: Bisharp|Bisharp, M|271/271","|turn|18","|player|p2","|player|p2|Rustic Espeon|70","|","|move|p1a: Bisharp|Knock Off|p2a: Torkoal","|-damage|p2a: Torkoal|59/344","|-enditem|p2a: Torkoal|Leftovers|[from] move: Knock Off|[of] p1a: Bisharp","|-damage|p1a: Bisharp|244/271|[from] item: Life Orb","|move|p2a: Torkoal|Lava Plume|p1a: Bisharp","|-supereffective|p1a: Bisharp","|-damage|p1a: Bisharp|28/271","|","|turn|19","|","|move|p1a: Bisharp|Knock Off|p2a: Torkoal","|-damage|p2a: Torkoal|0 fnt","|-damage|p1a: Bisharp|1/271|[from] item: Life Orb","|faint|p2a: Torkoal","|","|","|switch|p2a: Victini|Victini|341/341","|-damage|p2a: Victini|299/341|[from] Spikes","|turn|20","|","|move|p1a: Bisharp|Sucker Punch|p2a: Victini","|-supereffective|p2a: Victini","|-damage|p2a: Victini|0 fnt","|-damage|p1a: Bisharp|0 fnt|[from] item: Life Orb","|faint|p2a: Victini","|faint|p1a: Bisharp","|","|win|Rustic Espeon"],"p1rating":{"entryid":"6156418","serverid":"eos","formatid":"monotype","userid":"neowulf","username":"Neowulf","w":"136","l":72,"t":"0","gxe":68,"r":"1639.6333455878","rd":"32.328010100207","sigma":"0","rptime":"1438333200","rpr":1642.0275222574,"rprd":31.948596563005,"rpsigma":"0","acre":1406.8414515126,"lacre":1406.8414515126,"oldacre":"1438.373048759"},"p2rating":{"entryid":"7202561","serverid":"eos","formatid":"monotype","userid":"rusticespeon","username":"Rustic Espeon","w":9,"l":"1","t":"0","gxe":72,"r":"1627.026212089","rd":"96.716382564994","sigma":"0","rptime":"1438333200","rpr":1683.7120810012,"rprd":87.555456906716,"rpsigma":"0","acre":1249.4097589247,"lacre":1249.4097589247,"oldacre":"1209.9952623666"},"endType":"normal"}