{"seed":[8769,15824,9565,1145],"turns":49,"p1":"Sovereign♕Cactus","p2":"Seven Swell","p1team":[{"name":"Gastrodon","species":"Gastrodon","item":"leftovers","ability":"Storm Drain","moves":["scald","recover","clearsmog","earthpower"],"nature":"Bold","evs":{"hp":252,"atk":0,"def":252,"spa":4,"spd":0,"spe":0},"ivs":{"hp":31,"atk":31,"def":31,"spa":31,"spd":31,"spe":31}},{"name":"Garchomp","species":"Garchomp","item":"brightpowder","ability":"Sand Veil","moves":["dragonclaw","earthquake","swordsdance","ironhead"],"nature":"Jolly","evs":{"hp":0,"atk":252,"def":0,"spa":0,"spd":4,"spe":252},"ivs":{"hp":31,"atk":31,"def":31,"spa":31,"spd":31,"spe":31}},{"name":"Hippowdon","species":"Hippowdon","item":"sitrusberry","ability":"Sand Stream","moves":["earthquake","firefang","rockslide","slackoff"],"nature":"Adamant","evs":{"hp":248,"atk":252,"def":0,"spa":0,"spd":8,"spe":0},"ivs":{"hp":31,"atk":31,"def":31,"spa":31,"spd":31,"spe":31}},{"name":"Nidoking","species":"Nidoking","item":"choicescarf","ability":"Sheer Force","moves":["flamethrower","earthpower","sludgewave","thunderbolt"],"nature":"Timid","evs":{"hp":0,"atk":0,"def":0,"spa":252,"spd":4,"spe":252},"ivs":{"hp":31,"atk":31,"def":31,"spa":31,"spd":31,"spe":31}},{"name":"Landorus","species":"Landorus","item":"choicescarf","ability":"Sheer Force","moves":["earthquake","focusblast","stoneedge","uturn"],"nature":"Naive","evs":{"hp":0,"atk":252,"def":0,"spa":4,"spd":0,"spe":252},"ivs":{"hp":31,"atk":31,"def":31,"spa":31,"spd":31,"spe":31}},{"name":"Gliscor","species":"Gliscor","item":"toxicorb","ability":"Poison Heal","moves":["firefang","knockoff","xscissor","stoneedge"],"nature":"Adamant","evs":{"hp":184,"atk":252,"def":0,"spa":0,"spd":0,"spe":72},"ivs":{"hp":31,"atk":31,"def":31,"spa":31,"spd":31,"spe":31}}],"p2team":[{"name":"Mew","species":"Mew","item":"leftovers","ability":"Synchronize","moves":["roost","toxic","healbell","aurasphere"],"nature":"Calm","evs":{"hp":252,"atk":0,"def":0,"spa":4,"spd":252,"spe":0},"ivs":{"hp":31,"atk":31,"def":31,"spa":31,"spd":31,"spe":31}},{"name":"Slowbro","species":"Slowbro","item":"rockyhelmet","ability":"Regenerator","moves":["scald","yawn","flamethrower","slackoff"],"nature":"Bold","evs":{"hp":252,"atk":0,"def":252,"spa":4,"spd":0,"spe":0},"ivs":{"hp":31,"atk":31,"def":31,"spa":31,"spd":31,"spe":31}},{"name":"Deoxys-Speed","species":"Deoxys-Speed","item":"focussash","ability":"Pressure","moves":["stealthrock","spikes","thunderwave","icebeam"],"nature":"Timid","evs":{"hp":252,"atk":0,"def":44,"spa":0,"spd":0,"spe":212},"ivs":{"hp":31,"atk":31,"def":31,"spa":31,"spd":31,"spe":31}},{"name":"Gardevoir","species":"Gardevoir","item":"gardevoirite","ability":"Trace","moves":["hypervoice","psyshock","destinybond","thunderbolt"],"nature":"Timid","evs":{"hp":0,"atk":0,"def":0,"spa":252,"spd":0,"spe":252},"ivs":{"hp":31,"atk":0,"def":31,"spa":31,"spd":31,"spe":31}},{"name":"Latias","species":"Latias","item":"leftovers","ability":"Levitate","moves":["dracometeor","psyshock","roost","defog"],"nature":"Timid","evs":{"hp":252,"atk":0,"def":0,"spa":4,"spd":0,"spe":252},"ivs":{"hp":31,"atk":31,"def":31,"spa":31,"spd":31,"spe":31}},{"name":"Hoopa-Unbound","species":"Hoopa-Unbound","item":"focussash","ability":"Magician","moves":["hyperspacefury","drainpunch","firepunch","gunkshot"],"nature":"Adamant","evs":{"hp":0,"atk":252,"def":0,"spa":0,"spd":4,"spe":252},"ivs":{"hp":31,"atk":31,"def":31,"spa":31,"spd":31,"spe":31}}],"log":["|player|p1|Sovereign♕Cactus|251","|player|p2|Seven Swell|sevenswell.png","|gametype|singles","|gen|6","|tier|Monotype","|rated","|rule|Baton Pass Clause: Limit one Baton Passer, can't pass Spe and other stats simultaneously","|rule|Swagger Clause: Swagger is banned","|rule|Same Type Clause: Pokémon in a team must share a type","|clearpoke","|poke|p1|Gastrodon, M","|poke|p1|Garchomp, M","|poke|p1|Hippowdon, M","|poke|p1|Nidoking, M","|poke|p1|Landorus, M","|poke|p1|Gliscor, F","|poke|p2|Mew","|poke|p2|Slowbro, F","|poke|p2|Deoxys-Speed","|poke|p2|Gardevoir, F","|poke|p2|Latias, F","|poke|p2|Hoopa-Unbound","|rule|Sleep Clause Mod: Limit one foe put to sleep","|rule|Species Clause: Limit one of each Pokémon","|rule|OHKO Clause: OHKO moves are banned","|rule|Moody Clause: Moody is banned","|rule|Evasion Moves Clause: Evasion moves are banned","|rule|Endless Battle Clause: Forcing endless battles is banned","|rule|HP Percentage Mod: HP is shown in percentages","|teampreview","|","|start","|switch|p1a: Hippowdon|Hippowdon, M|419/419","|switch|p2a: Gardevoir|Gardevoir, F|277/277","|-ability|p2a: Gardevoir|Sand Stream|[from] ability: Trace|[of] p1a: Hippowdon","|-weather|Sandstorm","|turn|1","|","|detailschange|p2a: Gardevoir|Gardevoir-Mega, F","|-mega|p2a: Gardevoir|Gardevoir|Gardevoirite","|move|p2a: Gardevoir|Hyper Voice|p1a: Hippowdon","|-damage|p1a: Hippowdon|101/419","|-enditem|p1a: Hippowdon|Sitrus Berry|[eat]","|-heal|p1a: Hippowdon|205/419|[from] item: Sitrus Berry","|move|p1a: Hippowdon|Earthquake|p2a: Gardevoir","|-damage|p2a: Gardevoir|12/277","|","|-weather|Sandstorm|[upkeep]","|-damage|p2a: Gardevoir|0 fnt|[from] sandstorm","|faint|p2a: Gardevoir","|","|switch|p2a: Latias|Latias, F|364/364","|turn|2","|","|move|p2a: Latias|Draco Meteor|p1a: Hippowdon","|-damage|p1a: Hippowdon|0 fnt","|-unboost|p2a: Latias|spa|2","|faint|p1a: Hippowdon","|","|-weather|Sandstorm|[upkeep]","|-damage|p2a: Latias|342/364|[from] sandstorm","|-heal|p2a: Latias|364/364|[from] item: Leftovers","|","|switch|p1a: Garchomp|Garchomp, M|357/357","|turn|3","|","|switch|p2a: Slowbro|Slowbro, F|394/394","|move|p1a: Garchomp|Swords Dance|p1a: Garchomp","|-boost|p1a: Garchomp|atk|2","|","|-weather|Sandstorm|[upkeep]","|-damage|p2a: Slowbro|370/394|[from] sandstorm","|turn|4","|","|move|p1a: Garchomp|Swords Dance|p1a: Garchomp","|-boost|p1a: Garchomp|atk|2","|move|p2a: Slowbro|Yawn|p1a: Garchomp","|-start|p1a: Garchomp|move: Yawn|[of] p2a: Slowbro","|","|-weather|Sandstorm|[upkeep]","|-damage|p2a: Slowbro|346/394|[from] sandstorm","|turn|5","|","|switch|p1a: Gastrodon|Gastrodon, M|426/426","|switch|p2a: Latias|Latias, F|364/364","|","|-weather|none","|turn|6","|","|move|p2a: Latias|Psyshock|p1a: Gastrodon","|-damage|p1a: Gastrodon|329/426","|move|p1a: Gastrodon|Scald|p2a: Latias","|-crit|p2a: Latias","|-resisted|p2a: Latias","|-damage|p2a: Latias|309/364","|","|-heal|p2a: Latias|331/364|[from] item: Leftovers","|-heal|p1a: Gastrodon|355/426|[from] item: Leftovers","|turn|7","|","|move|p2a: Latias|Draco Meteor|p1a: Gastrodon","|-damage|p1a: Gastrodon|166/426","|-unboost|p2a: Latias|spa|2","|move|p1a: Gastrodon|Scald|p2a: Latias","|-resisted|p2a: Latias","|-damage|p2a: Latias|298/364","|","|-heal|p2a: Latias|320/364|[from] item: Leftovers","|-heal|p1a: Gastrodon|192/426|[from] item: Leftovers","|turn|8","|","|switch|p2a: Mew|Mew|404/404","|move|p1a: Gastrodon|Recover|p1a: Gastrodon","|-heal|p1a: Gastrodon|405/426","|","|-heal|p1a: Gastrodon|426/426|[from] item: Leftovers","|turn|9","|","|switch|p1a: Gliscor|Gliscor, F|337/337","|move|p2a: Mew|Toxic|p1a: Gliscor","|-status|p1a: Gliscor|tox","|","|turn|10","|","|switch|p2a: Slowbro|Slowbro, F|394/394","|move|p1a: Gliscor|Knock Off|p2a: Slowbro","|-supereffective|p2a: Slowbro","|-damage|p2a: Slowbro|268/394","|-damage|p1a: Gliscor|281/337 tox|[from] item: Rocky Helmet|[of] p2a: Slowbro","|-enditem|p2a: Slowbro|Rocky Helmet|[from] move: Knock Off|[of] p1a: Gliscor","|","|-heal|p1a: Gliscor|323/337 tox|[from] ability: Poison Heal","|turn|11","|","|switch|p1a: Gastrodon|Gastrodon, M|426/426","|move|p2a: Slowbro|Slack Off|p2a: Slowbro","|-heal|p2a: Slowbro|394/394","|","|turn|12","|","|switch|p1a: Nidoking|Nidoking, M|303/303","|move|p2a: Slowbro|Yawn|p1a: Nidoking","|-start|p1a: Nidoking|move: Yawn|[of] p2a: Slowbro","|","|turn|13","|","|switch|p1a: Gastrodon|Gastrodon, M|426/426","|move|p2a: Slowbro|Scald|p1a: Gastrodon","|-boost|p1a: Gastrodon|spa|1|[from] ability: Storm Drain","|","|turn|14","|","|move|p1a: Gastrodon|Scald|p2a: Slowbro","|-resisted|p2a: Slowbro","|-damage|p2a: Slowbro|311/394","|move|p2a: Slowbro|Yawn|p1a: Gastrodon","|-start|p1a: Gastrodon|move: Yawn|[of] p2a: Slowbro","|","|turn|15","|","|switch|p1a: Landorus|Landorus, M|319/319","|move|p2a: Slowbro|Scald|p1a: Landorus","|-supereffective|p1a: Landorus","|-damage|p1a: Landorus|65/319","|-status|p1a: Landorus|brn","|","|-damage|p1a: Landorus|26/319 brn|[from] brn","|turn|16","|","|switch|p2a: Mew|Mew|404/404","|move|p1a: Landorus|U-turn|p2a: Mew","|-supereffective|p2a: Mew","|-damage|p2a: Mew|324/404","|","|switch|p1a: Gliscor|Gliscor, F|323/337 tox","|","|-heal|p2a: Mew|349/404|[from] item: Leftovers","|-heal|p1a: Gliscor|337/337 tox|[from] ability: Poison Heal","|turn|17","|","|switch|p2a: Slowbro|Slowbro, F|394/394","|move|p1a: Gliscor|X-Scissor|p2a: Slowbro","|-supereffective|p2a: Slowbro","|-damage|p2a: Slowbro|284/394","|","|turn|18","|","|switch|p1a: Landorus|Landorus, M|26/319 brn","|move|p2a: Slowbro|Scald|p1a: Landorus","|-supereffective|p1a: Landorus","|-damage|p1a: Landorus|0 fnt","|faint|p1a: Landorus","|","|","|switch|p1a: Nidoking|Nidoking, M|303/303","|turn|19","|","|switch|p2a: Mew|Mew|349/404","|move|p1a: Nidoking|Thunderbolt|p2a: Mew","|-crit|p2a: Mew","|-damage|p2a: Mew|234/404","|","|-heal|p2a: Mew|259/404|[from] item: Leftovers","|turn|20","|","|switch|p1a: Gastrodon|Gastrodon, M|426/426","|move|p2a: Mew|Roost|p2a: Mew","|-heal|p2a: Mew|404/404","|","|turn|21","|","|move|p2a: Mew|Toxic|p1a: Gastrodon","|-status|p1a: Gastrodon|tox","|move|p1a: Gastrodon|Scald|p2a: Mew","|-damage|p2a: Mew|340/404","|-status|p2a: Mew|brn","|","|-heal|p2a: Mew|365/404 brn|[from] item: Leftovers","|-damage|p2a: Mew|315/404 brn|[from] brn","|-damage|p1a: Gastrodon|400/426 tox|[from] psn","|turn|22","|","|switch|p1a: Gliscor|Gliscor, F|337/337 tox","|move|p2a: Mew|Heal Bell|p2a: Mew","|-cureteam|p2a: Mew|[from] move: HealBell","|","|-heal|p2a: Mew|340/404|[from] item: Leftovers","|turn|23","|","|switch|p2a: Slowbro|Slowbro, F|394/394","|move|p1a: Gliscor|Knock Off|p2a: Slowbro","|-supereffective|p2a: Slowbro","|-damage|p2a: Slowbro|292/394","|","|turn|24","|","|move|p1a: Gliscor|X-Scissor|p2a: Slowbro","|-supereffective|p2a: Slowbro","|-damage|p2a: Slowbro|186/394","|move|p2a: Slowbro|Scald|p1a: Gliscor","|-supereffective|p1a: Gliscor","|-damage|p1a: Gliscor|83/337 tox","|","|-heal|p1a: Gliscor|125/337 tox|[from] ability: Poison Heal","|turn|25","|","|switch|p1a: Nidoking|Nidoking, M|303/303","|move|p2a: Slowbro|Slack Off|p2a: Slowbro","|-heal|p2a: Slowbro|383/394","|","|turn|26","|","|switch|p2a: Mew|Mew|340/404","|move|p1a: Nidoking|Thunderbolt|p2a: Mew","|-crit|p2a: Mew","|-damage|p2a: Mew|235/404","|","|-heal|p2a: Mew|260/404|[from] item: Leftovers","|turn|27","|","|switch|p1a: Gliscor|Gliscor, F|125/337 tox","|move|p2a: Mew|Roost|p2a: Mew","|-heal|p2a: Mew|404/404","|","|-heal|p1a: Gliscor|167/337 tox|[from] ability: Poison Heal","|turn|28","|","|switch|p2a: Slowbro|Slowbro, F|394/394","|move|p1a: Gliscor|X-Scissor|p2a: Slowbro","|-supereffective|p2a: Slowbro","|-damage|p2a: Slowbro|290/394","|","|-heal|p1a: Gliscor|209/337 tox|[from] ability: Poison Heal","|turn|29","|","|switch|p1a: Gastrodon|Gastrodon, M|400/426 tox","|move|p2a: Slowbro|Scald|p1a: Gastrodon","|-boost|p1a: Gastrodon|spa|1|[from] ability: Storm Drain","|","|-heal|p1a: Gastrodon|426/426 tox|[from] item: Leftovers","|-damage|p1a: Gastrodon|400/426 tox|[from] psn","|turn|30","|","|move|p1a: Gastrodon|Earth Power|p2a: Slowbro","|-damage|p2a: Slowbro|97/394","|move|p2a: Slowbro|Slack Off|p2a: Slowbro","|-heal|p2a: Slowbro|294/394","|","|-heal|p1a: Gastrodon|426/426 tox|[from] item: Leftovers","|-damage|p1a: Gastrodon|374/426 tox|[from] psn","|turn|31","|","|switch|p2a: Mew|Mew|404/404","|move|p1a: Gastrodon|Earth Power|p2a: Mew","|-damage|p2a: Mew|304/404","|","|-heal|p2a: Mew|329/404|[from] item: Leftovers","|-heal|p1a: Gastrodon|400/426 tox|[from] item: Leftovers","|-damage|p1a: Gastrodon|322/426 tox|[from] psn","|turn|32","|","|switch|p1a: Garchomp|Garchomp, M|357/357","|move|p2a: Mew|Aura Sphere|p1a: Garchomp","|-damage|p1a: Garchomp|286/357","|","|-heal|p2a: Mew|354/404|[from] item: Leftovers","|turn|33","|","|switch|p2a: Slowbro|Slowbro, F|394/394","|move|p1a: Garchomp|Swords Dance|p1a: Garchomp","|-boost|p1a: Garchomp|atk|2","|","|turn|34","|","|move|p1a: Garchomp|Swords Dance|p1a: Garchomp","|-boost|p1a: Garchomp|atk|2","|move|p2a: Slowbro|Yawn|p1a: Garchomp","|-start|p1a: Garchomp|move: Yawn|[of] p2a: Slowbro","|","|turn|35","|","|switch|p1a: Gastrodon|Gastrodon, M|322/426 tox","|switch|p2a: Latias|Latias, F|320/364","|","|-heal|p2a: Latias|342/364|[from] item: Leftovers","|-heal|p1a: Gastrodon|348/426 tox|[from] item: Leftovers","|-damage|p1a: Gastrodon|322/426 tox|[from] psn","|turn|36","|","|move|p2a: Latias|Psyshock|p1a: Gastrodon","|-damage|p1a: Gastrodon|226/426 tox","|move|p1a: Gastrodon|Scald|p2a: Latias","|-resisted|p2a: Latias","|-damage|p2a: Latias|306/364","|-status|p2a: Latias|brn","|","|-heal|p2a: Latias|328/364 brn|[from] item: Leftovers","|-heal|p1a: Gastrodon|252/426 tox|[from] item: Leftovers","|-damage|p2a: Latias|283/364 brn|[from] brn","|-damage|p1a: Gastrodon|200/426 tox|[from] psn","|turn|37","|","|switch|p1a: Gliscor|Gliscor, F|209/337 tox","|move|p2a: Latias|Draco Meteor|p1a: Gliscor","|-damage|p1a: Gliscor|0 fnt","|-unboost|p2a: Latias|spa|2","|faint|p1a: Gliscor","|","|-heal|p2a: Latias|305/364 brn|[from] item: Leftovers","|-damage|p2a: Latias|260/364 brn|[from] brn","|","|switch|p1a: Garchomp|Garchomp, M|286/357","|turn|38","|","|switch|p2a: Slowbro|Slowbro, F|394/394","|move|p1a: Garchomp|Swords Dance|p1a: Garchomp","|-boost|p1a: Garchomp|atk|2","|","|turn|39","|","|move|p1a: Garchomp|Earthquake|p2a: Slowbro","|-damage|p2a: Slowbro|136/394","|move|p2a: Slowbro|Yawn|p1a: Garchomp","|-start|p1a: Garchomp|move: Yawn|[of] p2a: Slowbro","|","|turn|40","|","|switch|p2a: Deoxys-Speed|Deoxys-Speed|304/304","|-ability|p2a: Deoxys-Speed|Pressure","|move|p1a: Garchomp|Earthquake|p2a: Deoxys-Speed","|-enditem|p2a: Deoxys-Speed|Focus Sash","|-damage|p2a: Deoxys-Speed|1/304","|","|-end|p1a: Garchomp|move: Yawn|[silent]","|-status|p1a: Garchomp|slp","|turn|41","|","|move|p2a: Deoxys-Speed|Stealth Rock|p1a: Garchomp","|-sidestart|p1: Sovereign♕Cactus|move: Stealth Rock","|cant|p1a: Garchomp|slp","|","|turn|42","|","|move|p2a: Deoxys-Speed|Ice Beam|p1a: Garchomp","|-supereffective|p1a: Garchomp","|-damage|p1a: Garchomp|0 fnt","|faint|p1a: Garchomp","|","|","|switch|p1a: Gastrodon|Gastrodon, M|200/426 tox","|-damage|p1a: Gastrodon|174/426 tox|[from] Stealth Rock","|turn|43","|","|move|p2a: Deoxys-Speed|Spikes|p1a: Gastrodon","|-sidestart|p1: Sovereign♕Cactus|Spikes","|move|p1a: Gastrodon|Recover|p1a: Gastrodon","|-heal|p1a: Gastrodon|387/426 tox","|","|-heal|p1a: Gastrodon|413/426 tox|[from] item: Leftovers","|-damage|p1a: Gastrodon|387/426 tox|[from] psn","|turn|44","|","|move|p2a: Deoxys-Speed|Spikes|p1a: Gastrodon","|-sidestart|p1: Sovereign♕Cactus|Spikes","|move|p1a: Gastrodon|Scald|p2a: Deoxys-Speed","|-damage|p2a: Deoxys-Speed|0 fnt","|faint|p2a: Deoxys-Speed","|","|-heal|p1a: Gastrodon|413/426 tox|[from] item: Leftovers","|-damage|p1a: Gastrodon|361/426 tox|[from] psn","|","|switch|p2a: Mew|Mew|354/404","|turn|45","|","|move|p2a: Mew|Aura Sphere|p1a: Gastrodon","|-damage|p1a: Gastrodon|284/426 tox","|move|p1a: Gastrodon|Earth Power|p2a: Mew","|-damage|p2a: Mew|285/404","|-unboost|p2a: Mew|spd|1","|","|-heal|p2a: Mew|310/404|[from] item: Leftovers","|-heal|p1a: Gastrodon|310/426 tox|[from] item: Leftovers","|-damage|p1a: Gastrodon|232/426 tox|[from] psn","|turn|46","|","|move|p2a: Mew|Aura Sphere|p1a: Gastrodon","|-damage|p1a: Gastrodon|155/426 tox","|move|p1a: Gastrodon|Earth Power|p2a: Mew","|-damage|p2a: Mew|202/404","|","|-heal|p2a: Mew|227/404|[from] item: Leftovers","|-heal|p1a: Gastrodon|181/426 tox|[from] item: Leftovers","|-damage|p1a: Gastrodon|77/426 tox|[from] psn","|turn|47","|","|move|p2a: Mew|Aura Sphere|p1a: Gastrodon","|-damage|p1a: Gastrodon|5/426 tox","|move|p1a: Gastrodon|Earth Power|p2a: Mew","|-damage|p2a: Mew|116/404","|","|-heal|p2a: Mew|141/404|[from] item: Leftovers","|-heal|p1a: Gastrodon|31/426 tox|[from] item: Leftovers","|-damage|p1a: Gastrodon|0 fnt|[from] psn","|faint|p1a: Gastrodon","|","|switch|p1a: Nidoking|Nidoking, M|303/303","|-damage|p1a: Nidoking|285/303|[from] Stealth Rock","|-damage|p1a: Nidoking|235/303|[from] Spikes","|turn|48","|","|move|p1a: Nidoking|Sludge Wave|p2a: Mew","|-damage|p2a: Mew|0 fnt","|faint|p2a: Mew","|","|","|switch|p2a: Hoopa-Unbound|Hoopa-Unbound|301/301","|turn|49","|","|move|p1a: Nidoking|Sludge Wave|p2a: Hoopa-Unbound","|-damage|p2a: Hoopa-Unbound|175/301","|move|p2a: Hoopa-Unbound|Hyperspace Fury|p1a: Nidoking","|-damage|p1a: Nidoking|0 fnt","|-unboost|p2a: Hoopa-Unbound|def|1","|faint|p1a: Nidoking","|","|win|Seven Swell"],"p1rating":{"entryid":"6867552","serverid":"eos","formatid":"monotype","userid":"sovereigncactus","username":"Sovereign♕Cactus","w":"36","l":48,"t":"0","gxe":43.3,"r":"1461.6956434101","rd":"40.32407721443","sigma":"0","rptime":"1438333200","rpr":1449.2587771835,"rprd":39.149902161618,"rpsigma":"0","acre":1066.3941075047,"lacre":1066.3941075047,"oldacre":"1090.4689251859"},"p2rating":{"entryid":"7267988","serverid":"eos","formatid":"monotype","userid":"sevenswell","username":"Seven Swell","w":3,"l":"1","t":"0","gxe":54.8,"r":"1444.0503046494","rd":"123.17369180523","sigma":"0","rptime":"1438333200","rpr":1537.6514599263,"rprd":106.24283643991,"rpsigma":"0","acre":1111.1663995402,"lacre":1111.1663995402,"oldacre":"1083.03158217"},"endType":"normal"}