{"seed":[13768,56420,19682,3349],"turns":21,"p1":"yung draco - ⓝⓔⓞ","p2":"Nyan Loki","p1team":[{"name":"Quagsire","species":"Quagsire","item":"leftovers","ability":"Unaware","moves":["curse","earthquake","toxic","recover"],"nature":"Relaxed","evs":{"hp":252,"atk":0,"def":252,"spa":0,"spd":4,"spe":0},"ivs":{"hp":31,"atk":31,"def":31,"spa":31,"spd":31,"spe":31}},{"name":"Keldeo-Resolute","species":"Keldeo-Resolute","item":"leftovers","ability":"Justified","moves":["substitute","calmmind","scald","secretsword"],"nature":"Timid","evs":{"hp":16,"atk":0,"def":0,"spa":252,"spd":16,"spe":224},"ivs":{"hp":31,"atk":31,"def":31,"spa":31,"spd":31,"spe":31}},{"name":"Tentacruel","species":"Tentacruel","item":"blacksludge","ability":"Liquid Ooze","moves":["rapidspin","toxicspikes","scald","haze"],"nature":"Calm","evs":{"hp":252,"atk":0,"def":0,"spa":4,"spd":252,"spe":0},"ivs":{"hp":31,"atk":31,"def":31,"spa":31,"spd":31,"spe":31}},{"name":"Politoed","species":"Politoed","item":"leftovers","ability":"Drizzle","moves":["encore","hydropump","toxic","icebeam"],"nature":"Calm","evs":{"hp":240,"atk":0,"def":0,"spa":16,"spd":252,"spe":0},"ivs":{"hp":31,"atk":31,"def":31,"spa":31,"spd":31,"spe":31}},{"name":"Azumarill","species":"Azumarill","item":"sitrusberry","ability":"Huge Power","moves":["bellydrum","aquajet","playrough","knockoff"],"nature":"Serious","evs":{"hp":92,"atk":252,"def":0,"spa":0,"spd":64,"spe":100},"ivs":{"hp":31,"atk":31,"def":31,"spa":31,"spd":31,"spe":31}},{"name":"Sharpedo","species":"Sharpedo","item":"sharpedonite","ability":"Speed Boost","moves":["protect","icefang","crunch","waterfall"],"nature":"Jolly","evs":{"hp":0,"atk":252,"def":0,"spa":0,"spd":4,"spe":252},"ivs":{"hp":31,"atk":31,"def":31,"spa":31,"spd":31,"spe":31}}],"p2team":[{"name":"Conkeldurr","species":"Conkeldurr","item":"lifeorb","ability":"Sheer Force","moves":["firepunch","icepunch","brickbreak","thunderpunch"],"nature":"Adamant","evs":{"hp":248,"atk":252,"def":0,"spa":0,"spd":8,"spe":0},"ivs":{"hp":31,"atk":31,"def":31,"spa":31,"spd":31,"spe":31}},{"name":"Infernape","species":"Infernape","item":"lifeorb","ability":"Iron Fist","moves":["stealthrock","fakeout","flareblitz","thunderpunch"],"nature":"Jolly","evs":{"hp":0,"atk":252,"def":0,"spa":0,"spd":4,"spe":252},"ivs":{"hp":31,"atk":31,"def":31,"spa":31,"spd":31,"spe":31}},{"name":"Gallade","species":"Gallade","item":"galladite","ability":"Justified","moves":["drainpunch","zenheadbutt","aerialace","leafblade"],"nature":"Adamant","evs":{"hp":248,"atk":252,"def":0,"spa":0,"spd":8,"spe":0},"ivs":{"hp":31,"atk":31,"def":31,"spa":31,"spd":31,"spe":31}},{"name":"Scrafty","species":"Scrafty","item":"choiceband","ability":"Moxie","moves":["highjumpkick","dragonclaw","knockoff","headsmash"],"nature":"Adamant","evs":{"hp":248,"atk":252,"def":0,"spa":0,"spd":8,"spe":0},"ivs":{"hp":31,"atk":31,"def":31,"spa":31,"spd":31,"spe":31}},{"name":"Poliwrath","species":"Poliwrath","item":"lifeorb","ability":"Water Absorb","moves":["bulkup","poweruppunch","waterfall","brickbreak"],"nature":"Adamant","evs":{"hp":248,"atk":252,"def":0,"spa":0,"spd":8,"spe":0},"ivs":{"hp":31,"atk":31,"def":31,"spa":31,"spd":31,"spe":31}},{"name":"Chesnaught","species":"Chesnaught","item":"choiceband","ability":"Overgrow","moves":["earthquake","drainpunch","ironhead","woodhammer"],"nature":"Adamant","evs":{"hp":248,"atk":252,"def":0,"spa":0,"spd":8,"spe":0},"ivs":{"hp":31,"atk":31,"def":31,"spa":31,"spd":31,"spe":31}}],"log":["|player|p1|yung draco - ⓝⓔⓞ|143","|player|p2|Nyan Loki|222","|gametype|singles","|gen|6","|tier|Monotype","|rated","|rule|Baton Pass Clause: Limit one Baton Passer, can't pass Spe and other stats simultaneously","|rule|Swagger Clause: Swagger is banned","|rule|Same Type Clause: Pokémon in a team must share a type","|clearpoke","|poke|p1|Quagsire, F","|poke|p1|Keldeo-Resolute","|poke|p1|Tentacruel, F","|poke|p1|Politoed, F","|poke|p1|Azumarill, F","|poke|p1|Sharpedo, F","|poke|p2|Conkeldurr, F","|poke|p2|Infernape, F","|poke|p2|Gallade, M","|poke|p2|Scrafty, M","|poke|p2|Poliwrath, F","|poke|p2|Chesnaught, M","|rule|Sleep Clause Mod: Limit one foe put to sleep","|rule|Species Clause: Limit one of each Pokémon","|rule|OHKO Clause: OHKO moves are banned","|rule|Moody Clause: Moody is banned","|rule|Evasion Moves Clause: Evasion moves are banned","|rule|Endless Battle Clause: Forcing endless battles is banned","|rule|HP Percentage Mod: HP is shown in percentages","|teampreview","|","|start","|switch|p1a: Tentacruel|Tentacruel, F|364/364","|switch|p2a: Infernape|Infernape, F|293/293","|turn|1","|","|move|p2a: Infernape|Fake Out|p1a: Tentacruel","|-damage|p1a: Tentacruel|293/364","|-damage|p2a: Infernape|264/293|[from] item: Life Orb","|cant|p1a: Tentacruel|flinch","|","|-heal|p1a: Tentacruel|315/364|[from] item: Black Sludge","|turn|2","|","|move|p2a: Infernape|Stealth Rock|p1a: Tentacruel","|-sidestart|p1: yung draco - ⓝⓔⓞ|move: Stealth Rock","|move|p1a: Tentacruel|Scald|p2a: Infernape","|-supereffective|p2a: Infernape","|-damage|p2a: Infernape|58/293","|","|-heal|p1a: Tentacruel|337/364|[from] item: Black Sludge","|turn|3","|","|move|p2a: Infernape|Thunder Punch|p1a: Tentacruel","|-supereffective|p1a: Tentacruel","|-damage|p1a: Tentacruel|0 fnt","|-damage|p2a: Infernape|29/293|[from] item: Life Orb","|faint|p1a: Tentacruel","|","|","|switch|p1a: Sharpedo|Sharpedo, F|281/281","|-damage|p1a: Sharpedo|246/281|[from] Stealth Rock","|turn|4","|","|switch|p2a: Poliwrath|Poliwrath, F|383/383","|move|p1a: Sharpedo|Protect|p1a: Sharpedo","|-fail|p1a: Sharpedo","|","|-boost|p1a: Sharpedo|spe|1|[from] ability: Speed Boost","|turn|5","|","|move|p1a: Sharpedo|Protect|p1a: Sharpedo","|-singleturn|p1a: Sharpedo|Protect","|move|p2a: Poliwrath|Bulk Up|p2a: Poliwrath","|-boost|p2a: Poliwrath|atk|1","|-boost|p2a: Poliwrath|def|1","|","|-boost|p1a: Sharpedo|spe|1|[from] ability: Speed Boost","|turn|6","|","|switch|p1a: Quagsire|Quagsire, F|394/394","|-damage|p1a: Quagsire|370/394|[from] Stealth Rock","|move|p2a: Poliwrath|Power-Up Punch|p1a: Quagsire","|-damage|p1a: Quagsire|302/394","|-boost|p2a: Poliwrath|atk|1","|-damage|p2a: Poliwrath|345/383|[from] item: Life Orb","|","|-heal|p1a: Quagsire|326/394|[from] item: Leftovers","|turn|7","|","|move|p2a: Poliwrath|Brick Break|p1a: Quagsire","|-damage|p1a: Quagsire|201/394","|-damage|p2a: Poliwrath|307/383|[from] item: Life Orb","|move|p1a: Quagsire|Curse|p1a: Quagsire","|-boost|p1a: Quagsire|atk|1","|-boost|p1a: Quagsire|def|1","|-unboost|p1a: Quagsire|spe|1","|","|-heal|p1a: Quagsire|225/394|[from] item: Leftovers","|turn|8","|","|move|p2a: Poliwrath|Brick Break|p1a: Quagsire","|-damage|p1a: Quagsire|139/394","|-damage|p2a: Poliwrath|269/383|[from] item: Life Orb","|move|p1a: Quagsire|Curse|p1a: Quagsire","|-boost|p1a: Quagsire|atk|1","|-boost|p1a: Quagsire|def|1","|-unboost|p1a: Quagsire|spe|1","|","|-heal|p1a: Quagsire|163/394|[from] item: Leftovers","|turn|9","|","|move|p2a: Poliwrath|Power-Up Punch|p1a: Quagsire","|-damage|p1a: Quagsire|131/394","|-boost|p2a: Poliwrath|atk|1","|-damage|p2a: Poliwrath|231/383|[from] item: Life Orb","|move|p1a: Quagsire|Recover|p1a: Quagsire","|-heal|p1a: Quagsire|328/394","|","|-heal|p1a: Quagsire|352/394|[from] item: Leftovers","|turn|10","|","|move|p2a: Poliwrath|Bulk Up|p2a: Poliwrath","|-boost|p2a: Poliwrath|atk|1","|-boost|p2a: Poliwrath|def|1","|move|p1a: Quagsire|Curse|p1a: Quagsire","|-boost|p1a: Quagsire|atk|1","|-boost|p1a: Quagsire|def|1","|-unboost|p1a: Quagsire|spe|1","|","|-heal|p1a: Quagsire|376/394|[from] item: Leftovers","|turn|11","|","|move|p2a: Poliwrath|Bulk Up|p2a: Poliwrath","|-boost|p2a: Poliwrath|atk|1","|-boost|p2a: Poliwrath|def|1","|move|p1a: Quagsire|Curse|p1a: Quagsire","|-boost|p1a: Quagsire|atk|1","|-boost|p1a: Quagsire|def|1","|-unboost|p1a: Quagsire|spe|1","|","|-heal|p1a: Quagsire|394/394|[from] item: Leftovers","|turn|12","|","|move|p2a: Poliwrath|Power-Up Punch|p1a: Quagsire","|-damage|p1a: Quagsire|371/394","|-boost|p2a: Poliwrath|atk|1","|-damage|p2a: Poliwrath|193/383|[from] item: Life Orb","|move|p1a: Quagsire|Curse|p1a: Quagsire","|-boost|p1a: Quagsire|atk|1","|-boost|p1a: Quagsire|def|1","|-unboost|p1a: Quagsire|spe|1","|","|-heal|p1a: Quagsire|394/394|[from] item: Leftovers","|turn|13","|","|switch|p2a: Chesnaught|Chesnaught, M|379/379","|move|p1a: Quagsire|Toxic|p2a: Chesnaught|[miss]","|-miss|p1a: Quagsire|p2a: Chesnaught","|","|turn|14","|","|move|p2a: Chesnaught|Wood Hammer|p1a: Quagsire","|-supereffective|p1a: Quagsire","|-damage|p1a: Quagsire|90/394","|-damage|p2a: Chesnaught|279/379|[from] recoil|[of] p1a: Quagsire","|move|p1a: Quagsire|Recover|p1a: Quagsire","|-heal|p1a: Quagsire|287/394","|","|-heal|p1a: Quagsire|311/394|[from] item: Leftovers","|turn|15","|","|switch|p1a: Sharpedo|Sharpedo, F|246/281","|-damage|p1a: Sharpedo|211/281|[from] Stealth Rock","|move|p2a: Chesnaught|Wood Hammer|p1a: Sharpedo","|-supereffective|p1a: Sharpedo","|-damage|p1a: Sharpedo|0 fnt","|-damage|p2a: Chesnaught|209/379|[from] recoil|[of] p1a: Sharpedo","|faint|p1a: Sharpedo","|","|","|switch|p1a: Keldeo-Resolute|Keldeo-Resolute|327/327","|-damage|p1a: Keldeo-Resolute|307/327|[from] Stealth Rock","|turn|16","|","|move|p1a: Keldeo-Resolute|Secret Sword|p2a: Chesnaught","|-damage|p2a: Chesnaught|73/379","|move|p2a: Chesnaught|Wood Hammer|p1a: Keldeo-Resolute","|-supereffective|p1a: Keldeo-Resolute","|-damage|p1a: Keldeo-Resolute|0 fnt","|-damage|p2a: Chesnaught|0 fnt|[from] recoil|[of] p1a: Keldeo-Resolute","|faint|p1a: Keldeo-Resolute","|faint|p2a: Chesnaught","|","|","|switch|p2a: Infernape|Infernape, F|29/293","|switch|p1a: Politoed|Politoed, F|381/381","|-damage|p1a: Politoed|334/381|[from] Stealth Rock","|-weather|RainDance","|turn|17","|","|switch|p1a: Quagsire|Quagsire, F|311/394","|-damage|p1a: Quagsire|287/394|[from] Stealth Rock","|move|p2a: Infernape|Fake Out|p1a: Quagsire","|-damage|p1a: Quagsire|247/394","|-damage|p2a: Infernape|0 fnt|[from] item: Life Orb","|faint|p2a: Infernape","|","|-weather|RainDance|[upkeep]","|-heal|p1a: Quagsire|271/394|[from] item: Leftovers","|","|switch|p2a: Gallade|Gallade, M|339/339","|turn|18","|","|detailschange|p2a: Gallade|Gallade-Mega, M","|-mega|p2a: Gallade|Gallade|Galladite","|move|p2a: Gallade|Leaf Blade|p1a: Quagsire","|-crit|p1a: Quagsire","|-supereffective|p1a: Quagsire","|-damage|p1a: Quagsire|0 fnt","|faint|p1a: Quagsire","|","|-weather|RainDance|[upkeep]","|","|switch|p1a: Azumarill|Azumarill, F|364/364","|-damage|p1a: Azumarill|319/364|[from] Stealth Rock","|turn|19","|","|move|p1a: Azumarill|Aqua Jet|p2a: Gallade","|-damage|p2a: Gallade|212/339","|move|p2a: Gallade|Aerial Ace|p1a: Azumarill","|-damage|p1a: Azumarill|200/364","|","|-weather|RainDance|[upkeep]","|turn|20","|","|move|p2a: Gallade|Zen Headbutt|p1a: Azumarill","|-damage|p1a: Azumarill|0 fnt","|faint|p1a: Azumarill","|","|-weather|RainDance|[upkeep]","|","|switch|p1a: Politoed|Politoed, F|334/381","|-damage|p1a: Politoed|287/381|[from] Stealth Rock","|turn|21","|","|move|p2a: Gallade|Leaf Blade|p1a: Politoed","|-crit|p1a: Politoed","|-supereffective|p1a: Politoed","|-damage|p1a: Politoed|0 fnt","|faint|p1a: Politoed","|","|win|Nyan Loki"],"p1rating":{"entryid":"6653831","serverid":"eos","formatid":"monotype","userid":"yungdraco","username":"Yung draco - ⓦⓐⓘⓣ","w":"19","l":6,"t":"0","gxe":69,"r":"1651.3041119871","rd":"71.308485470839","sigma":"0","rptime":"1438333200","rpr":1652.8446351247,"rprd":67.415194764983,"rpsigma":"0","acre":1288.9804217175,"lacre":1288.9804217175,"oldacre":"1318.4523373623"},"p2rating":{"entryid":"6540883","serverid":"eos","formatid":"monotype","userid":"nyanloki","username":"Nyan Loki","w":14,"l":"18","t":"0","gxe":44.7,"r":"1420.8727002544","rd":"71.729371641343","sigma":"0","rptime":"1438333200","rpr":1459.5320163711,"rprd":59.424480432098,"rpsigma":"0","acre":1176.4686281396,"lacre":1176.4686281396,"oldacre":"1139.6287335836"},"endType":"normal"}