{"seed":[18483,40374,20503,58800],"turns":25,"p1":"Alliance - Tsukasa","p2":"Intern Blu98","p1team":[{"name":"Skarmory","species":"Skarmory","item":"rockyhelmet","ability":"Sturdy","moves":["bravebird","roost","defog","whirlwind"],"nature":"Impish","evs":{"hp":248,"atk":0,"def":236,"spa":0,"spd":0,"spe":24},"ivs":{"hp":31,"atk":31,"def":31,"spa":31,"spd":31,"spe":31}},{"name":"Charizard","species":"Charizard","item":"charizarditex","ability":"Blaze","moves":["dragondance","firepunch","dragonclaw","roost"],"nature":"Adamant","evs":{"hp":52,"atk":252,"def":0,"spa":0,"spd":4,"spe":200},"ivs":{"hp":31,"atk":31,"def":31,"spa":31,"spd":31,"spe":31}},{"name":"Togekiss","species":"Togekiss","item":"leftovers","ability":"Serene Grace","moves":["defog","roost","airslash","thunderwave"],"nature":"Calm","evs":{"hp":252,"atk":0,"def":0,"spa":4,"spd":252,"spe":0},"ivs":{"hp":31,"atk":31,"def":31,"spa":31,"spd":31,"spe":31}},{"name":"Dragonite","species":"Dragonite","item":"choiceband","ability":"Multiscale","moves":["outrage","firepunch","extremespeed","earthquake"],"nature":"Adamant","evs":{"hp":248,"atk":252,"def":0,"spa":0,"spd":8,"spe":0},"ivs":{"hp":31,"atk":31,"def":31,"spa":31,"spd":31,"spe":31}},{"name":"Mandibuzz","species":"Mandibuzz","item":"leftovers","ability":"Overcoat","moves":["tailwind","toxic","roost","uturn"],"nature":"Impish","evs":{"hp":252,"atk":0,"def":252,"spa":0,"spd":4,"spe":0},"ivs":{"hp":31,"atk":31,"def":31,"spa":31,"spd":31,"spe":31}},{"name":"Sigilyph","species":"Sigilyph","item":"flameorb","ability":"Magic Guard","moves":["cosmicpower","storedpower","roost","psychoshift"],"nature":"Calm","evs":{"hp":248,"atk":0,"def":0,"spa":8,"spd":252,"spe":0},"ivs":{"hp":31,"atk":31,"def":31,"spa":31,"spd":31,"spe":31}}],"p2team":[{"name":"Blitzkreig","species":"charizard","item":"charizarditey","ability":"Blaze","moves":["fireblast","solarbeam","airslash","dragonpulse"],"nature":"Timid","evs":{"hp":0,"atk":0,"def":4,"spa":252,"spd":0,"spe":252},"ivs":{"hp":31,"atk":31,"def":31,"spa":31,"spd":31,"spe":31}},{"name":"Mineturtle","species":"torkoal","item":"leftovers","ability":"Shell Armor","moves":["stealthrock","lavaplume","willowisp","rapidspin"],"nature":"Bold","evs":{"hp":248,"atk":0,"def":232,"spa":0,"spd":28,"spe":0},"ivs":{"hp":31,"atk":31,"def":31,"spa":31,"spd":31,"spe":31}},{"name":"Firebrows","species":"darmanitan","item":"lifeorb","ability":"Sheer Force","moves":["flareblitz","rockslide","uturn","poweruppunch"],"nature":"Jolly","evs":{"hp":0,"atk":252,"def":0,"spa":0,"spd":4,"spe":252},"ivs":{"hp":31,"atk":31,"def":31,"spa":31,"spd":31,"spe":31}},{"name":"Furnace Boiiii","species":"rotomheat","item":"lightclay","ability":"Levitate","moves":["reflect","lightscreen","overheat","voltswitch"],"nature":"Bold","evs":{"hp":252,"atk":0,"def":128,"spa":0,"spd":128,"spe":0},"ivs":{"hp":31,"atk":30,"def":30,"spa":31,"spd":31,"spe":31}},{"name":"Ears","species":"victini","item":"choiceband","ability":"Victory Star","moves":["vcreate","boltstrike","uturn","zenheadbutt"],"nature":"Jolly","evs":{"hp":4,"atk":252,"def":0,"spa":0,"spd":0,"spe":252},"ivs":{"hp":31,"atk":31,"def":31,"spa":31,"spd":31,"spe":31}},{"name":"Iron Man","species":"heatran","item":"airballoon","ability":"Flash Fire","moves":["lavaplume","flashcannon","protect","toxic"],"nature":"Bold","evs":{"hp":248,"atk":0,"def":252,"spa":8,"spd":0,"spe":0},"ivs":{"hp":31,"atk":31,"def":31,"spa":31,"spd":31,"spe":31}}],"log":["|player|p1|Alliance - Tsukasa|277","|player|p2|Intern Blu98|1","|gametype|singles","|gen|6","|tier|Monotype","|rated","|rule|Baton Pass Clause: Limit one Baton Passer, can't pass Spe and other stats simultaneously","|rule|Swagger Clause: Swagger is banned","|rule|Same Type Clause: Pokémon in a team must share a type","|clearpoke","|poke|p1|Skarmory, F","|poke|p1|Charizard, F","|poke|p1|Togekiss, F","|poke|p1|Dragonite, F","|poke|p1|Mandibuzz, F","|poke|p1|Sigilyph, F","|poke|p2|Charizard, F","|poke|p2|Torkoal, F","|poke|p2|Darmanitan, F","|poke|p2|Rotom-Heat","|poke|p2|Victini","|poke|p2|Heatran, M","|rule|Sleep Clause Mod: Limit one foe put to sleep","|rule|Species Clause: Limit one of each Pokémon","|rule|OHKO Clause: OHKO moves are banned","|rule|Moody Clause: Moody is banned","|rule|Evasion Moves Clause: Evasion moves are banned","|rule|Endless Battle Clause: Forcing endless battles is banned","|rule|HP Percentage Mod: HP is shown in percentages","|teampreview","|","|start","|switch|p1a: Togekiss|Togekiss, F|374/374","|switch|p2a: Mineturtle|Torkoal, F|343/343","|turn|1","|","|move|p1a: Togekiss|Thunder Wave|p2a: Mineturtle","|-status|p2a: Mineturtle|par","|move|p2a: Mineturtle|Will-O-Wisp|p1a: Togekiss|[miss]","|-miss|p2a: Mineturtle|p1a: Togekiss","|","|turn|2","|","|move|p1a: Togekiss|Air Slash|p2a: Mineturtle","|-damage|p2a: Mineturtle|219/343 par","|cant|p2a: Mineturtle|flinch","|","|-heal|p2a: Mineturtle|240/343 par|[from] item: Leftovers","|turn|3","|","|move|p1a: Togekiss|Air Slash|p2a: Mineturtle","|-damage|p2a: Mineturtle|114/343 par","|move|p2a: Mineturtle|Stealth Rock|p1a: Togekiss","|-sidestart|p1: Alliance - Tsukasa|move: Stealth Rock","|","|-heal|p2a: Mineturtle|135/343 par|[from] item: Leftovers","|turn|4","|","|move|p1a: Togekiss|Defog|p2a: Mineturtle","|-unboost|p2a: Mineturtle|evasion|1","|-sideend|p1: Alliance - Tsukasa|Stealth Rock|[from] move: Defog|[of] p1a: Togekiss","|move|p2a: Mineturtle|Will-O-Wisp|p1a: Togekiss","|-status|p1a: Togekiss|brn","|","|-heal|p2a: Mineturtle|156/343 par|[from] item: Leftovers","|-damage|p1a: Togekiss|328/374 brn|[from] brn","|turn|5","|","|switch|p2a: Ears|Victini|342/342","|move|p1a: Togekiss|Air Slash|p2a: Ears","|-damage|p2a: Ears|242/342","|","|-heal|p1a: Togekiss|351/374 brn|[from] item: Leftovers","|-damage|p1a: Togekiss|305/374 brn|[from] brn","|turn|6","|","|switch|p1a: Mandibuzz|Mandibuzz, F|424/424","|move|p2a: Ears|Bolt Strike|p1a: Mandibuzz","|-supereffective|p1a: Mandibuzz","|-damage|p1a: Mandibuzz|176/424","|","|-heal|p1a: Mandibuzz|202/424|[from] item: Leftovers","|turn|7","|","|switch|p2a: Furnace Boiiii|Rotom-Heat|304/304","|move|p1a: Mandibuzz|U-turn|p2a: Furnace Boiiii","|-resisted|p2a: Furnace Boiiii","|-damage|p2a: Furnace Boiiii|290/304","|","|switch|p1a: Charizard|Charizard, F|310/310","|","|turn|8","|","|detailschange|p1a: Charizard|Charizard-Mega-X, F","|-mega|p1a: Charizard|Charizard|Charizardite X","|move|p1a: Charizard|Dragon Dance|p1a: Charizard","|-boost|p1a: Charizard|atk|1","|-boost|p1a: Charizard|spe|1","|move|p2a: Furnace Boiiii|Light Screen|p2a: Furnace Boiiii","|-sidestart|p2: Intern Blu98|move: Light Screen","|","|turn|9","|","|move|p1a: Charizard|Dragon Claw|p2a: Furnace Boiiii","|-damage|p2a: Furnace Boiiii|61/304","|move|p2a: Furnace Boiiii|Reflect|p2a: Furnace Boiiii","|-sidestart|p2: Intern Blu98|Reflect","|","|turn|10","|","|move|p1a: Charizard|Dragon Dance|p1a: Charizard","|-boost|p1a: Charizard|atk|1","|-boost|p1a: Charizard|spe|1","|move|p2a: Furnace Boiiii|Volt Switch|p1a: Charizard","|-resisted|p1a: Charizard","|-damage|p1a: Charizard|262/310","|","|switch|p2a: Ears|Victini|242/342","|","|turn|11","|","|move|p1a: Charizard|Dragon Dance|p1a: Charizard","|-boost|p1a: Charizard|atk|1","|-boost|p1a: Charizard|spe|1","|move|p2a: Ears|Bolt Strike|p1a: Charizard|[miss]","|-miss|p2a: Ears|p1a: Charizard","|","|turn|12","|","|move|p1a: Charizard|Dragon Dance|p1a: Charizard","|-boost|p1a: Charizard|atk|1","|-boost|p1a: Charizard|spe|1","|move|p2a: Ears|Bolt Strike|p1a: Charizard","|-resisted|p1a: Charizard","|-damage|p1a: Charizard|180/310","|","|turn|13","|","|move|p1a: Charizard|Roost|p1a: Charizard","|-heal|p1a: Charizard|310/310","|move|p2a: Ears|Bolt Strike|p1a: Charizard","|-resisted|p1a: Charizard","|-damage|p1a: Charizard|223/310","|-status|p1a: Charizard|par","|","|turn|14","|","|switch|p2a: Blitzkreig|Charizard, F|297/297","|move|p1a: Charizard|Dragon Claw|p2a: Blitzkreig","|-damage|p2a: Blitzkreig|0 fnt","|faint|p2a: Blitzkreig","|","|","|switch|p2a: Iron Man|Heatran, M|385/385","|-item|p2a: Iron Man|Air Balloon","|turn|15","|","|move|p1a: Charizard|Dragon Claw|p2a: Iron Man","|-resisted|p2a: Iron Man","|-damage|p2a: Iron Man|272/385","|-enditem|p2a: Iron Man|Air Balloon","|move|p2a: Iron Man|Flash Cannon|p1a: Charizard","|-resisted|p1a: Charizard","|-damage|p1a: Charizard|156/310 par","|","|-sideend|p2: Intern Blu98|move: Light Screen","|turn|16","|","|switch|p2a: Furnace Boiiii|Rotom-Heat|61/304","|move|p1a: Charizard|Roost|p1a: Charizard","|-heal|p1a: Charizard|310/310 par","|","|-sideend|p2: Intern Blu98|Reflect","|turn|17","|","|move|p1a: Charizard|Dragon Claw|p2a: Furnace Boiiii","|-damage|p2a: Furnace Boiiii|0 fnt","|faint|p2a: Furnace Boiiii","|","|","|switch|p2a: Mineturtle|Torkoal, F|156/343 par","|turn|18","|","|move|p1a: Charizard|Dragon Claw|p2a: Mineturtle","|-damage|p2a: Mineturtle|0 fnt","|faint|p2a: Mineturtle","|","|","|switch|p2a: Ears|Victini|242/342","|turn|19","|","|move|p2a: Ears|Zen Headbutt|p1a: Charizard","|-crit|p1a: Charizard","|-damage|p1a: Charizard|72/310 par","|cant|p1a: Charizard|par","|","|turn|20","|","|switch|p1a: Mandibuzz|Mandibuzz, F|202/424","|move|p2a: Ears|Zen Headbutt|p1a: Mandibuzz","|-immune|p1a: Mandibuzz|[msg]","|","|-heal|p1a: Mandibuzz|228/424|[from] item: Leftovers","|turn|21","|","|switch|p2a: Iron Man|Heatran, M|272/385","|move|p1a: Mandibuzz|U-turn|p2a: Iron Man","|-resisted|p2a: Iron Man","|-damage|p2a: Iron Man|266/385","|","|switch|p1a: Dragonite|Dragonite, F|385/385","|","|turn|22","|","|move|p1a: Dragonite|Earthquake|p2a: Iron Man","|-supereffective|p2a: Iron Man","|-damage|p2a: Iron Man|0 fnt","|faint|p2a: Iron Man","|","|","|switch|p2a: Ears|Victini|242/342","|turn|23","|","|move|p2a: Ears|V-create|p1a: Dragonite","|-resisted|p1a: Dragonite","|-damage|p1a: Dragonite|282/385","|-unboost|p2a: Ears|def|1","|-unboost|p2a: Ears|spd|1","|-unboost|p2a: Ears|spe|1","|move|p1a: Dragonite|Earthquake|p2a: Ears","|-supereffective|p2a: Ears","|-damage|p2a: Ears|0 fnt","|faint|p2a: Ears","|","|","|switch|p2a: Firebrows|Darmanitan, F|351/351","|turn|24","|","|switch|p1a: Charizard|Charizard-Mega-X, F|72/310 par","|move|p2a: Firebrows|Rock Slide|p1a: Charizard","|-supereffective|p1a: Charizard","|-damage|p1a: Charizard|0 fnt","|faint|p1a: Charizard","|","|","|switch|p1a: Skarmory|Skarmory, F|333/333","|turn|25","|","|move|p2a: Firebrows|Flare Blitz|p1a: Skarmory","|-supereffective|p1a: Skarmory","|-activate|p1a: Skarmory|Sturdy","|-damage|p1a: Skarmory|1/333","|-damage|p2a: Firebrows|293/351|[from] item: Rocky Helmet|[of] p1a: Skarmory","|-damage|p2a: Firebrows|183/351|[from] recoil|[of] p1a: Skarmory","|move|p1a: Skarmory|Brave Bird|p2a: Firebrows","|-damage|p2a: Firebrows|0 fnt","|-damage|p1a: Skarmory|0 fnt|[from] recoil|[of] p2a: Firebrows","|faint|p2a: Firebrows","|faint|p1a: Skarmory","|","|win|Alliance - Tsukasa"],"p1rating":{"entryid":7298221,"formatid":"monotype","userid":"alliancetsukasa","username":"Alliance - Tsukasa","r":1500,"rd":130,"sigma":0,"rpr":1538.9401099372,"rprd":122.6875590479,"rpsigma":0,"rptime":1438333200,"w":1,"l":0,"t":0,"gxe":54.9,"acre":1044.0400623052,"lacre":1044.0400623052,"oldacre":1000},"p2rating":{"entryid":"7271227","serverid":"eos","formatid":"monotype","userid":"internblu98","username":"Intern Blu98","w":"2","l":5,"t":"0","gxe":36.9,"r":"1484.8197004068","rd":"117.29773533473","sigma":"0","rptime":"1438333200","rpr":1395.5592293674,"rprd":95.366954096658,"rpsigma":"0","acre":1018.3863784941,"lacre":1018.3863784941,"oldacre":"1035.2115976491"},"endType":"normal"}