{"seed":[27006,5757,19911,44972],"turns":37,"p1":"Carnie Marston","p2":"Dusk Mistral","p1team":[{"name":"Terrakion","species":"Terrakion","item":"focussash","ability":"Justified","moves":["earthquake","closecombat","ironhead","rockslide"],"nature":"Jolly","evs":{"hp":0,"atk":252,"def":0,"spa":0,"spd":4,"spe":252},"ivs":{"hp":31,"atk":31,"def":31,"spa":31,"spd":31,"spe":31}},{"name":"Tyranitar","species":"Tyranitar","item":"tyranitarite","ability":"Sand Stream","moves":["dragondance","rockslide","crunch","earthquake"],"nature":"Adamant","evs":{"hp":0,"atk":252,"def":0,"spa":0,"spd":4,"spe":252},"ivs":{"hp":31,"atk":31,"def":31,"spa":31,"spd":31,"spe":31}},{"name":"Rhyperior","species":"Rhyperior","item":"assaultvest","ability":"Solid Rock","moves":["earthquake","megahorn","icefang","rockwrecker"],"nature":"Adamant","evs":{"hp":248,"atk":252,"def":0,"spa":0,"spd":8,"spe":0},"ivs":{"hp":31,"atk":31,"def":31,"spa":31,"spd":31,"spe":31}},{"name":"Crustle","species":"Crustle","item":"airballoon","ability":"Sturdy","moves":["shellsmash","rockblast","xscissor","earthquake"],"nature":"Adamant","evs":{"hp":0,"atk":252,"def":0,"spa":0,"spd":4,"spe":252},"ivs":{"hp":31,"atk":31,"def":31,"spa":31,"spd":31,"spe":31}},{"name":"Aerodactyl","species":"Aerodactyl","item":"expertbelt","ability":"Rock Head","moves":["earthquake","thunderfang","firefang","rockslide"],"nature":"Jolly","evs":{"hp":0,"atk":252,"def":0,"spa":0,"spd":4,"spe":252},"ivs":{"hp":31,"atk":31,"def":31,"spa":31,"spd":31,"spe":31}},{"name":"Cradily","species":"Cradily","item":"airballoon","ability":"Suction Cups","moves":["sludgewave","ancientpower","stealthrock","energyball"],"nature":"Modest","evs":{"hp":248,"atk":0,"def":0,"spa":252,"spd":8,"spe":0},"ivs":{"hp":31,"atk":31,"def":31,"spa":31,"spd":31,"spe":31}}],"p2team":[{"name":"Scarfy","species":"deoxysspeed","item":"lifeorb","ability":"Pressure","moves":["drainpunch","knockoff","icebeam","psychic"],"nature":"Hasty","evs":{"hp":0,"atk":252,"def":0,"spa":4,"spd":0,"spe":252},"shiny":true,"ivs":{"hp":31,"atk":31,"def":31,"spa":31,"spd":31,"spe":31}},{"name":"Kaiba Cosplay","species":"gardevoir","item":"gardevoirite","ability":"Trace","moves":["hypervoice","psyshock","focusblast","energyball"],"nature":"Timid","evs":{"hp":0,"atk":0,"def":4,"spa":252,"spd":0,"spe":252},"gender":"F","shiny":true,"ivs":{"hp":31,"atk":31,"def":31,"spa":31,"spd":31,"spe":31}},{"name":"Never Before","species":"hoopaunbound","item":"lifeorb","ability":"Magician","moves":["drainpunch","gunkshot","hyperspacefury","psychic"],"nature":"Hasty","evs":{"hp":0,"atk":252,"def":0,"spa":4,"spd":0,"spe":252},"ivs":{"hp":31,"atk":31,"def":31,"spa":31,"spd":31,"spe":31}},{"name":"Butt Tons","species":"jirachi","item":"choicescarf","ability":"Serene Grace","moves":["firepunch","ironhead","playrough","zenheadbutt"],"nature":"Jolly","evs":{"hp":0,"atk":252,"def":0,"spa":0,"spd":4,"spe":252},"shiny":true,"ivs":{"hp":31,"atk":31,"def":31,"spa":31,"spd":31,"spe":31}},{"name":"Wem","species":"mew","item":"leftovers","ability":"Synchronize","moves":["willowisp","stealthrock","roost","roar"],"nature":"Calm","evs":{"hp":252,"atk":0,"def":4,"spa":0,"spd":252,"spe":0},"shiny":true,"ivs":{"hp":31,"atk":31,"def":31,"spa":31,"spd":31,"spe":31}},{"name":"Bruhsef","species":"slowbro","item":"leftovers","ability":"Regenerator","moves":["scald","calmmind","slackoff","psyshock"],"nature":"Bold","evs":{"hp":252,"atk":0,"def":252,"spa":4,"spd":0,"spe":0},"gender":"F","shiny":true,"ivs":{"hp":31,"atk":31,"def":31,"spa":31,"spd":31,"spe":31}}],"log":["|player|p1|Carnie Marston|238","|player|p2|Dusk Mistral|52","|gametype|singles","|gen|6","|tier|Monotype","|rated","|rule|Baton Pass Clause: Limit one Baton Passer, can't pass Spe and other stats simultaneously","|rule|Swagger Clause: Swagger is banned","|rule|Same Type Clause: Pokémon in a team must share a type","|clearpoke","|poke|p1|Terrakion","|poke|p1|Tyranitar, M","|poke|p1|Rhyperior, F","|poke|p1|Crustle, M","|poke|p1|Aerodactyl, M","|poke|p1|Cradily, M","|poke|p2|Deoxys-Speed, shiny","|poke|p2|Gardevoir, F, shiny","|poke|p2|Hoopa-Unbound","|poke|p2|Jirachi, shiny","|poke|p2|Mew, shiny","|poke|p2|Slowbro, F, shiny","|rule|Sleep Clause Mod: Limit one foe put to sleep","|rule|Species Clause: Limit one of each Pokémon","|rule|OHKO Clause: OHKO moves are banned","|rule|Moody Clause: Moody is banned","|rule|Evasion Moves Clause: Evasion moves are banned","|rule|Endless Battle Clause: Forcing endless battles is banned","|rule|HP Percentage Mod: HP is shown in percentages","|teampreview","|","|start","|switch|p1a: Crustle|Crustle, M|281/281","|switch|p2a: Bruhsef|Slowbro, F, shiny|394/394","|-item|p1a: Crustle|Air Balloon","|turn|1","|","|move|p1a: Crustle|Shell Smash|p1a: Crustle","|-boost|p1a: Crustle|atk|2","|-boost|p1a: Crustle|spa|2","|-boost|p1a: Crustle|spe|2","|-unboost|p1a: Crustle|def|1","|-unboost|p1a: Crustle|spd|1","|move|p2a: Bruhsef|Scald|p1a: Crustle","|-supereffective|p1a: Crustle","|-activate|p1a: Crustle|Sturdy","|-damage|p1a: Crustle|1/281","|-enditem|p1a: Crustle|Air Balloon","|","|turn|2","|","|move|p1a: Crustle|X-Scissor|p2a: Bruhsef","|-supereffective|p2a: Bruhsef","|-damage|p2a: Bruhsef|64/394","|move|p2a: Bruhsef|Scald|p1a: Crustle","|-supereffective|p1a: Crustle","|-damage|p1a: Crustle|0 fnt","|faint|p1a: Crustle","|","|-heal|p2a: Bruhsef|88/394|[from] item: Leftovers","|","|switch|p1a: Aerodactyl|Aerodactyl, M|301/301","|turn|3","|","|switch|p2a: Wem|Mew, shiny|404/404","|move|p1a: Aerodactyl|Thunder Fang|p2a: Wem","|-damage|p2a: Wem|335/404","|","|-heal|p2a: Wem|360/404|[from] item: Leftovers","|turn|4","|player|p2","|player|p2|Dusk Mistral|52","|","|move|p1a: Aerodactyl|Fire Fang|p2a: Wem","|-damage|p2a: Wem|295/404","|cant|p2a: Wem|flinch","|","|-heal|p2a: Wem|320/404|[from] item: Leftovers","|turn|5","|","|move|p1a: Aerodactyl|Earthquake|p2a: Wem","|-damage|p2a: Wem|218/404","|move|p2a: Wem|Will-O-Wisp|p1a: Aerodactyl","|-status|p1a: Aerodactyl|brn","|","|-heal|p2a: Wem|243/404|[from] item: Leftovers","|-damage|p1a: Aerodactyl|264/301 brn|[from] brn","|turn|6","|","|switch|p1a: Tyranitar|Tyranitar, M|341/341","|-weather|Sandstorm","|move|p2a: Wem|Stealth Rock|p1a: Tyranitar","|-sidestart|p1: Carnie Marston|move: Stealth Rock","|","|-weather|Sandstorm|[upkeep]","|-damage|p2a: Wem|218/404|[from] sandstorm","|-heal|p2a: Wem|243/404|[from] item: Leftovers","|turn|7","|","|move|p2a: Wem|Will-O-Wisp|p1a: Tyranitar","|-status|p1a: Tyranitar|brn","|move|p1a: Tyranitar|Dragon Dance|p1a: Tyranitar","|-boost|p1a: Tyranitar|atk|1","|-boost|p1a: Tyranitar|spe|1","|","|-weather|Sandstorm|[upkeep]","|-damage|p2a: Wem|218/404|[from] sandstorm","|-heal|p2a: Wem|243/404|[from] item: Leftovers","|-damage|p1a: Tyranitar|299/341 brn|[from] brn","|turn|8","|","|detailschange|p1a: Tyranitar|Tyranitar-Mega, M","|-mega|p1a: Tyranitar|Tyranitar|Tyranitarite","|move|p1a: Tyranitar|Dragon Dance|p1a: Tyranitar","|-boost|p1a: Tyranitar|atk|1","|-boost|p1a: Tyranitar|spe|1","|move|p2a: Wem|Roar|p1a: Tyranitar","|drag|p1a: Cradily|Cradily, M|375/375","|-damage|p1a: Cradily|329/375|[from] Stealth Rock","|-item|p1a: Cradily|Air Balloon","|","|-weather|Sandstorm|[upkeep]","|-damage|p2a: Wem|218/404|[from] sandstorm","|-heal|p2a: Wem|243/404|[from] item: Leftovers","|turn|9","|","|move|p2a: Wem|Roost|p2a: Wem","|-heal|p2a: Wem|404/404","|move|p1a: Cradily|Ancient Power|p2a: Wem","|-damage|p2a: Wem|338/404","|","|-weather|Sandstorm|[upkeep]","|-damage|p2a: Wem|313/404|[from] sandstorm","|-heal|p2a: Wem|338/404|[from] item: Leftovers","|turn|10","|","|switch|p1a: Rhyperior|Rhyperior, F|433/433","|-damage|p1a: Rhyperior|406/433|[from] Stealth Rock","|move|p2a: Wem|Will-O-Wisp|p1a: Rhyperior","|-status|p1a: Rhyperior|brn","|","|-weather|none","|-heal|p2a: Wem|363/404|[from] item: Leftovers","|-damage|p1a: Rhyperior|352/433 brn|[from] brn","|turn|11","|","|move|p1a: Rhyperior|Megahorn|p2a: Wem","|-supereffective|p2a: Wem","|-damage|p2a: Wem|210/404","|move|p2a: Wem|Roar|p1a: Rhyperior","|drag|p1a: Aerodactyl|Aerodactyl, M|264/301 brn","|-damage|p1a: Aerodactyl|189/301 brn|[from] Stealth Rock","|","|-heal|p2a: Wem|235/404|[from] item: Leftovers","|-damage|p1a: Aerodactyl|152/301 brn|[from] brn","|turn|12","|","|move|p1a: Aerodactyl|Rock Slide|p2a: Wem","|-damage|p2a: Wem|174/404","|cant|p2a: Wem|flinch","|","|-heal|p2a: Wem|199/404|[from] item: Leftovers","|-damage|p1a: Aerodactyl|115/301 brn|[from] brn","|turn|13","|","|move|p1a: Aerodactyl|Rock Slide|p2a: Wem","|-damage|p2a: Wem|137/404","|cant|p2a: Wem|flinch","|","|-heal|p2a: Wem|162/404|[from] item: Leftovers","|-damage|p1a: Aerodactyl|78/301 brn|[from] brn","|turn|14","|","|move|p1a: Aerodactyl|Rock Slide|p2a: Wem","|-damage|p2a: Wem|104/404","|cant|p2a: Wem|flinch","|","|-heal|p2a: Wem|129/404|[from] item: Leftovers","|-damage|p1a: Aerodactyl|41/301 brn|[from] brn","|turn|15","|","|move|p1a: Aerodactyl|Rock Slide|p2a: Wem","|-damage|p2a: Wem|67/404","|move|p2a: Wem|Roost|p2a: Wem","|-heal|p2a: Wem|269/404","|","|-heal|p2a: Wem|294/404|[from] item: Leftovers","|-damage|p1a: Aerodactyl|4/301 brn|[from] brn","|turn|16","|","|move|p1a: Aerodactyl|Rock Slide|p2a: Wem","|-damage|p2a: Wem|240/404","|move|p2a: Wem|Roost|p2a: Wem","|-heal|p2a: Wem|404/404","|","|-damage|p1a: Aerodactyl|0 fnt|[from] brn","|faint|p1a: Aerodactyl","|","|switch|p1a: Rhyperior|Rhyperior, F|352/433 brn","|-damage|p1a: Rhyperior|325/433 brn|[from] Stealth Rock","|turn|17","|","|move|p1a: Rhyperior|Megahorn|p2a: Wem","|-supereffective|p2a: Wem","|-damage|p2a: Wem|243/404","|move|p2a: Wem|Roar|p1a: Rhyperior","|drag|p1a: Tyranitar|Tyranitar-Mega, M|299/341 brn","|-damage|p1a: Tyranitar|257/341 brn|[from] Stealth Rock","|-weather|Sandstorm","|","|-weather|Sandstorm|[upkeep]","|-damage|p2a: Wem|218/404|[from] sandstorm","|-heal|p2a: Wem|243/404|[from] item: Leftovers","|-damage|p1a: Tyranitar|215/341 brn|[from] brn","|turn|18","|","|move|p1a: Tyranitar|Crunch|p2a: Wem","|-supereffective|p2a: Wem","|-damage|p2a: Wem|59/404","|move|p2a: Wem|Roost|p2a: Wem","|-heal|p2a: Wem|261/404","|","|-weather|Sandstorm|[upkeep]","|-damage|p2a: Wem|236/404|[from] sandstorm","|-heal|p2a: Wem|261/404|[from] item: Leftovers","|-damage|p1a: Tyranitar|173/341 brn|[from] brn","|turn|19","|","|move|p1a: Tyranitar|Dragon Dance|p1a: Tyranitar","|-boost|p1a: Tyranitar|atk|1","|-boost|p1a: Tyranitar|spe|1","|move|p2a: Wem|Roost|p2a: Wem","|-heal|p2a: Wem|404/404","|","|-weather|Sandstorm|[upkeep]","|-damage|p2a: Wem|379/404|[from] sandstorm","|-heal|p2a: Wem|404/404|[from] item: Leftovers","|-damage|p1a: Tyranitar|131/341 brn|[from] brn","|turn|20","|","|move|p1a: Tyranitar|Crunch|p2a: Wem","|-supereffective|p2a: Wem","|-damage|p2a: Wem|146/404","|move|p2a: Wem|Roar|p1a: Tyranitar","|drag|p1a: Cradily|Cradily, M|329/375","|-damage|p1a: Cradily|283/375|[from] Stealth Rock","|-item|p1a: Cradily|Air Balloon","|","|-weather|Sandstorm|[upkeep]","|-damage|p2a: Wem|121/404|[from] sandstorm","|-heal|p2a: Wem|146/404|[from] item: Leftovers","|turn|21","|","|move|p2a: Wem|Roost|p2a: Wem","|-heal|p2a: Wem|348/404","|move|p1a: Cradily|Ancient Power|p2a: Wem","|-damage|p2a: Wem|284/404","|","|-weather|none","|-heal|p2a: Wem|309/404|[from] item: Leftovers","|turn|22","|","|move|p2a: Wem|Will-O-Wisp|p1a: Cradily","|-status|p1a: Cradily|brn","|move|p1a: Cradily|Stealth Rock|p2a: Wem","|-sidestart|p2: Dusk Mistral|move: Stealth Rock","|","|-heal|p2a: Wem|334/404|[from] item: Leftovers","|-damage|p1a: Cradily|237/375 brn|[from] brn","|turn|23","|","|move|p1a: Cradily|Energy Ball|p2a: Wem","|-damage|p2a: Wem|234/404","|move|p2a: Wem|Roar|p1a: Cradily","|-activate|p1a: Cradily|ability: Suction Cups","|","|-heal|p2a: Wem|259/404|[from] item: Leftovers","|-damage|p1a: Cradily|191/375 brn|[from] brn","|turn|24","|","|move|p2a: Wem|Roost|p2a: Wem","|-heal|p2a: Wem|404/404","|move|p1a: Cradily|Energy Ball|p2a: Wem","|-damage|p2a: Wem|313/404","|","|-heal|p2a: Wem|338/404|[from] item: Leftovers","|-damage|p1a: Cradily|145/375 brn|[from] brn","|turn|25","|","|move|p2a: Wem|Will-O-Wisp|p1a: Cradily","|-fail|p1a: Cradily|brn","|move|p1a: Cradily|Sludge Wave|p2a: Wem","|-damage|p2a: Wem|272/404","|","|-heal|p2a: Wem|297/404|[from] item: Leftovers","|-damage|p1a: Cradily|99/375 brn|[from] brn","|turn|26","|","|move|p2a: Wem|Will-O-Wisp|p1a: Cradily","|-fail|p1a: Cradily|brn","|move|p1a: Cradily|Ancient Power|p2a: Wem","|-damage|p2a: Wem|234/404","|","|-heal|p2a: Wem|259/404|[from] item: Leftovers","|-damage|p1a: Cradily|53/375 brn|[from] brn","|turn|27","|","|move|p2a: Wem|Roost|p2a: Wem","|-heal|p2a: Wem|404/404","|move|p1a: Cradily|Sludge Wave|p2a: Wem","|-damage|p2a: Wem|341/404","|","|-heal|p2a: Wem|366/404|[from] item: Leftovers","|-damage|p1a: Cradily|7/375 brn|[from] brn","|turn|28","|","|move|p2a: Wem|Will-O-Wisp|p1a: Cradily","|-fail|p1a: Cradily|brn","|move|p1a: Cradily|Energy Ball|p2a: Wem","|-damage|p2a: Wem|272/404","|","|-heal|p2a: Wem|297/404|[from] item: Leftovers","|-damage|p1a: Cradily|0 fnt|[from] brn","|faint|p1a: Cradily","|","|switch|p1a: Terrakion|Terrakion|323/323","|-damage|p1a: Terrakion|303/323|[from] Stealth Rock","|turn|29","|","|switch|p1a: Tyranitar|Tyranitar-Mega, M|131/341 brn","|-damage|p1a: Tyranitar|89/341 brn|[from] Stealth Rock","|-weather|Sandstorm","|move|p2a: Wem|Will-O-Wisp|p1a: Tyranitar","|-fail|p1a: Tyranitar|brn","|","|-weather|Sandstorm|[upkeep]","|-damage|p2a: Wem|272/404|[from] sandstorm","|-heal|p2a: Wem|297/404|[from] item: Leftovers","|-damage|p1a: Tyranitar|47/341 brn|[from] brn","|turn|30","|","|move|p1a: Tyranitar|Crunch|p2a: Wem","|-supereffective|p2a: Wem","|-damage|p2a: Wem|125/404","|move|p2a: Wem|Roar|p1a: Tyranitar","|drag|p1a: Rhyperior|Rhyperior, F|325/433 brn","|-damage|p1a: Rhyperior|298/433 brn|[from] Stealth Rock","|","|-weather|Sandstorm|[upkeep]","|-damage|p2a: Wem|100/404|[from] sandstorm","|-heal|p2a: Wem|125/404|[from] item: Leftovers","|-damage|p1a: Rhyperior|244/433 brn|[from] brn","|turn|31","|","|move|p2a: Wem|Roost|p2a: Wem","|-heal|p2a: Wem|327/404","|move|p1a: Rhyperior|Megahorn|p2a: Wem","|-supereffective|p2a: Wem","|-damage|p2a: Wem|153/404","|","|-weather|Sandstorm|[upkeep]","|-damage|p2a: Wem|128/404|[from] sandstorm","|-heal|p2a: Wem|153/404|[from] item: Leftovers","|-damage|p1a: Rhyperior|190/433 brn|[from] brn","|turn|32","|","|move|p2a: Wem|Roost|p2a: Wem","|-heal|p2a: Wem|355/404","|move|p1a: Rhyperior|Megahorn|p2a: Wem","|-supereffective|p2a: Wem","|-damage|p2a: Wem|194/404","|","|-weather|Sandstorm|[upkeep]","|-damage|p2a: Wem|169/404|[from] sandstorm","|-heal|p2a: Wem|194/404|[from] item: Leftovers","|-damage|p1a: Rhyperior|136/433 brn|[from] brn","|turn|33","|","|switch|p2a: Butt Tons|Jirachi, shiny|341/341","|-damage|p2a: Butt Tons|320/341|[from] Stealth Rock","|move|p1a: Rhyperior|Megahorn|p2a: Butt Tons","|-damage|p2a: Butt Tons|241/341","|","|-weather|none","|-damage|p1a: Rhyperior|82/433 brn|[from] brn","|turn|34","|","|move|p2a: Butt Tons|Iron Head|p1a: Rhyperior","|-supereffective|p1a: Rhyperior","|-damage|p1a: Rhyperior|0 fnt","|faint|p1a: Rhyperior","|","|","|switch|p1a: Terrakion|Terrakion|303/323","|-damage|p1a: Terrakion|283/323|[from] Stealth Rock","|turn|35","|","|move|p2a: Butt Tons|Iron Head|p1a: Terrakion","|-supereffective|p1a: Terrakion","|-damage|p1a: Terrakion|31/323","|move|p1a: Terrakion|Earthquake|p2a: Butt Tons","|-crit|p2a: Butt Tons","|-supereffective|p2a: Butt Tons","|-damage|p2a: Butt Tons|0 fnt","|faint|p2a: Butt Tons","|","|","|switch|p2a: Scarfy|Deoxys-Speed, shiny|241/241","|-damage|p2a: Scarfy|211/241|[from] Stealth Rock","|-ability|p2a: Scarfy|Pressure","|turn|36","|","|move|p2a: Scarfy|Drain Punch|p1a: Terrakion","|-supereffective|p1a: Terrakion","|-damage|p1a: Terrakion|0 fnt","|-heal|p2a: Scarfy|227/241|[from] drain|[of] p1a: Terrakion","|-damage|p2a: Scarfy|203/241|[from] item: Life Orb","|faint|p1a: Terrakion","|","|","|switch|p1a: Tyranitar|Tyranitar-Mega, M|47/341 brn","|-damage|p1a: Tyranitar|5/341 brn|[from] Stealth Rock","|-weather|Sandstorm","|turn|37","|","|move|p2a: Scarfy|Drain Punch|p1a: Tyranitar","|-supereffective|p1a: Tyranitar","|-damage|p1a: Tyranitar|0 fnt","|-heal|p2a: Scarfy|206/241|[from] drain|[of] p1a: Tyranitar","|-damage|p2a: Scarfy|182/241|[from] item: Life Orb","|faint|p1a: Tyranitar","|","|win|Dusk Mistral"],"p1rating":{"entryid":"6128703","serverid":"eos","formatid":"monotype","userid":"carniemarston","username":"Carnie Marston","w":"26","l":86,"t":"0","gxe":26.3,"r":"1285.7298797747","rd":"47.839834010042","sigma":"0","rptime":"1438333200","rpr":1304.3420043967,"rprd":46.216580349648,"rpsigma":"0","acre":1082.0487876379,"lacre":1082.0487876379,"oldacre":"1107.9743529733"},"p2rating":{"entryid":"7292339","serverid":"eos","formatid":"monotype","userid":"duskmistral","username":"Dusk Mistral","w":4,"l":"1","t":"0","gxe":57.9,"r":"1500","rd":"130","sigma":"0","rptime":"1438333200","rpr":1562.4807660137,"rprd":102.86646163365,"rpsigma":"0","acre":1121.7924195418,"lacre":1121.7924195418,"oldacre":"1095.1054977845"},"endType":"normal"}