{"seed":[7288,11784,45304,58061],"turns":36,"p1":"Seven Swell","p2":"Sovereign♕Cactus","p1team":[{"name":"Mew","species":"Mew","item":"leftovers","ability":"Synchronize","moves":["roost","toxic","healbell","aurasphere"],"nature":"Calm","evs":{"hp":252,"atk":0,"def":0,"spa":4,"spd":252,"spe":0},"ivs":{"hp":31,"atk":31,"def":31,"spa":31,"spd":31,"spe":31}},{"name":"Slowbro","species":"Slowbro","item":"rockyhelmet","ability":"Regenerator","moves":["scald","yawn","flamethrower","slackoff"],"nature":"Bold","evs":{"hp":252,"atk":0,"def":252,"spa":4,"spd":0,"spe":0},"ivs":{"hp":31,"atk":31,"def":31,"spa":31,"spd":31,"spe":31}},{"name":"Deoxys-Speed","species":"Deoxys-Speed","item":"focussash","ability":"Pressure","moves":["stealthrock","spikes","thunderwave","icebeam"],"nature":"Timid","evs":{"hp":252,"atk":0,"def":44,"spa":0,"spd":0,"spe":212},"ivs":{"hp":31,"atk":31,"def":31,"spa":31,"spd":31,"spe":31}},{"name":"Gardevoir","species":"Gardevoir","item":"gardevoirite","ability":"Trace","moves":["hypervoice","psyshock","destinybond","thunderbolt"],"nature":"Timid","evs":{"hp":0,"atk":0,"def":0,"spa":252,"spd":0,"spe":252},"ivs":{"hp":31,"atk":0,"def":31,"spa":31,"spd":31,"spe":31}},{"name":"Latias","species":"Latias","item":"leftovers","ability":"Levitate","moves":["dracometeor","psyshock","roost","defog"],"nature":"Timid","evs":{"hp":252,"atk":0,"def":0,"spa":4,"spd":0,"spe":252},"ivs":{"hp":31,"atk":31,"def":31,"spa":31,"spd":31,"spe":31}},{"name":"Hoopa-Unbound","species":"Hoopa-Unbound","item":"focussash","ability":"Magician","moves":["hyperspacefury","drainpunch","firepunch","gunkshot"],"nature":"Adamant","evs":{"hp":0,"atk":252,"def":0,"spa":0,"spd":4,"spe":252},"ivs":{"hp":31,"atk":31,"def":31,"spa":31,"spd":31,"spe":31}}],"p2team":[{"name":"Kermit On Roids","species":"seismitoad","item":"leftovers","ability":"Water Absorb","moves":["earthquake","scald","grassknot","sludgewave"],"nature":"Mild","evs":{"hp":252,"atk":4,"def":0,"spa":252,"spd":0,"spe":0},"shiny":true,"ivs":{"hp":31,"atk":31,"def":31,"spa":31,"spd":31,"spe":31}},{"name":"Barny On Roids","species":"garchomp","item":"choicescarf","ability":"Rough Skin","moves":["dragonclaw","earthquake","ironhead","stoneedge"],"nature":"Jolly","evs":{"hp":0,"atk":252,"def":0,"spa":0,"spd":4,"spe":252},"ivs":{"hp":31,"atk":31,"def":31,"spa":31,"spd":31,"spe":31}},{"name":"Excadrill","species":"Excadrill","item":"lifeorb","ability":"Sand Rush","moves":["earthquake","xscissor","swordsdance","ironhead"],"nature":"Adamant","evs":{"hp":0,"atk":252,"def":0,"spa":0,"spd":4,"spe":252},"ivs":{"hp":31,"atk":31,"def":31,"spa":31,"spd":31,"spe":31}},{"name":"Sonic-On-Roids","species":"nidoking","item":"choicescarf","ability":"Sheer Force","moves":["shadowball","earthpower","sludgewave","thunderbolt"],"nature":"Timid","evs":{"hp":0,"atk":0,"def":0,"spa":252,"spd":4,"spe":252},"shiny":true,"ivs":{"hp":31,"atk":31,"def":31,"spa":31,"spd":31,"spe":31}},{"name":"Hulk W/o Roids","species":"landorus","item":"choicescarf","ability":"Sheer Force","moves":["earthpower","focusblast","grassknot","uturn"],"nature":"Naive","evs":{"hp":0,"atk":252,"def":0,"spa":4,"spd":0,"spe":252},"shiny":true,"ivs":{"hp":31,"atk":31,"def":31,"spa":31,"spd":31,"spe":31}},{"name":"Numel On Roids","species":"hippowdon","item":"leftovers","ability":"Sand Stream","moves":["earthquake","stoneedge","stealthrock","whirlwind"],"nature":"Adamant","evs":{"hp":252,"atk":252,"def":0,"spa":0,"spd":4,"spe":0},"shiny":true,"ivs":{"hp":31,"atk":31,"def":31,"spa":31,"spd":31,"spe":31}}],"log":["|player|p1|Seven Swell|sevenswell.png","|player|p2|Sovereign♕Cactus|251","|gametype|singles","|gen|6","|tier|Monotype","|rated","|rule|Baton Pass Clause: Limit one Baton Passer, can't pass Spe and other stats simultaneously","|rule|Swagger Clause: Swagger is banned","|rule|Same Type Clause: Pokémon in a team must share a type","|clearpoke","|poke|p1|Mew","|poke|p1|Slowbro, F","|poke|p1|Deoxys-Speed","|poke|p1|Gardevoir, F","|poke|p1|Latias, F","|poke|p1|Hoopa-Unbound","|poke|p2|Seismitoad, F, shiny","|poke|p2|Garchomp, F","|poke|p2|Excadrill, F","|poke|p2|Nidoking, M, shiny","|poke|p2|Landorus, M, shiny","|poke|p2|Hippowdon, M, shiny","|rule|Sleep Clause Mod: Limit one foe put to sleep","|rule|Species Clause: Limit one of each Pokémon","|rule|OHKO Clause: OHKO moves are banned","|rule|Moody Clause: Moody is banned","|rule|Evasion Moves Clause: Evasion moves are banned","|rule|Endless Battle Clause: Forcing endless battles is banned","|rule|HP Percentage Mod: HP is shown in percentages","|teampreview","|","|start","|switch|p1a: Gardevoir|Gardevoir, F|277/277","|switch|p2a: Excadrill|Excadrill, F|361/361","|-ability|p1a: Gardevoir|Sand Rush|[from] ability: Trace|[of] p2a: Excadrill","|turn|1","|","|switch|p1a: Slowbro|Slowbro, F|394/394","|move|p2a: Excadrill|Iron Head|p1a: Slowbro","|-resisted|p1a: Slowbro","|-damage|p1a: Slowbro|324/394","|-damage|p2a: Excadrill|301/361|[from] item: Rocky Helmet|[of] p1a: Slowbro","|-damage|p2a: Excadrill|265/361|[from] item: Life Orb","|","|turn|2","|","|switch|p2a: Numel On Roids|Hippowdon, M, shiny|420/420","|-weather|Sandstorm","|move|p1a: Slowbro|Yawn|p2a: Numel On Roids","|-start|p2a: Numel On Roids|move: Yawn|[of] p1a: Slowbro","|","|-weather|Sandstorm|[upkeep]","|-damage|p1a: Slowbro|300/394|[from] sandstorm","|turn|3","|","|switch|p2a: Kermit On Roids|Seismitoad, F, shiny|414/414","|move|p1a: Slowbro|Scald|p2a: Kermit On Roids","|-immune|p2a: Kermit On Roids|[msg]","|","|-weather|Sandstorm|[upkeep]","|-damage|p1a: Slowbro|276/394|[from] sandstorm","|turn|4","|","|switch|p1a: Mew|Mew|404/404","|move|p2a: Kermit On Roids|Grass Knot|p1a: Mew","|-damage|p1a: Mew|389/404","|","|-weather|Sandstorm|[upkeep]","|-damage|p1a: Mew|364/404|[from] sandstorm","|-heal|p1a: Mew|389/404|[from] item: Leftovers","|turn|5","|","|switch|p2a: Sonic-On-Roids|Nidoking, M, shiny|303/303","|move|p1a: Mew|Toxic|p2a: Sonic-On-Roids","|-immune|p2a: Sonic-On-Roids|[msg]","|","|-weather|Sandstorm|[upkeep]","|-damage|p1a: Mew|364/404|[from] sandstorm","|-heal|p1a: Mew|389/404|[from] item: Leftovers","|turn|6","|","|move|p2a: Sonic-On-Roids|Shadow Ball|p1a: Mew","|-supereffective|p1a: Mew","|-damage|p1a: Mew|255/404","|move|p1a: Mew|Roost|p1a: Mew","|-heal|p1a: Mew|404/404","|","|-weather|none","|turn|7","|","|move|p2a: Sonic-On-Roids|Shadow Ball|p1a: Mew","|-supereffective|p1a: Mew","|-damage|p1a: Mew|274/404","|move|p1a: Mew|Aura Sphere|p2a: Sonic-On-Roids","|-resisted|p2a: Sonic-On-Roids","|-damage|p2a: Sonic-On-Roids|263/303","|","|-heal|p1a: Mew|299/404|[from] item: Leftovers","|turn|8","|","|move|p2a: Sonic-On-Roids|Shadow Ball|p1a: Mew","|-supereffective|p1a: Mew","|-damage|p1a: Mew|175/404","|move|p1a: Mew|Roost|p1a: Mew","|-heal|p1a: Mew|377/404","|","|-heal|p1a: Mew|402/404|[from] item: Leftovers","|turn|9","|","|switch|p1a: Hoopa-Unbound|Hoopa-Unbound|301/301","|move|p2a: Sonic-On-Roids|Shadow Ball|p1a: Hoopa-Unbound","|-crit|p1a: Hoopa-Unbound","|-damage|p1a: Hoopa-Unbound|187/301","|","|turn|10","|","|switch|p2a: Numel On Roids|Hippowdon, M, shiny|420/420","|-weather|Sandstorm","|move|p1a: Hoopa-Unbound|Hyperspace Fury|p2a: Numel On Roids","|-damage|p2a: Numel On Roids|231/420","|-unboost|p1a: Hoopa-Unbound|def|1","|","|-weather|Sandstorm|[upkeep]","|-damage|p1a: Hoopa-Unbound|169/301|[from] sandstorm","|-heal|p2a: Numel On Roids|257/420|[from] item: Leftovers","|turn|11","|","|switch|p1a: Mew|Mew|402/404","|move|p2a: Numel On Roids|Earthquake|p1a: Mew","|-damage|p1a: Mew|210/404","|","|-weather|Sandstorm|[upkeep]","|-damage|p1a: Mew|185/404|[from] sandstorm","|-heal|p1a: Mew|210/404|[from] item: Leftovers","|-heal|p2a: Numel On Roids|283/420|[from] item: Leftovers","|turn|12","|","|switch|p1a: Slowbro|Slowbro, F|394/394","|move|p2a: Numel On Roids|Earthquake|p1a: Slowbro","|-damage|p1a: Slowbro|276/394","|","|-weather|Sandstorm|[upkeep]","|-damage|p1a: Slowbro|252/394|[from] sandstorm","|-heal|p2a: Numel On Roids|309/420|[from] item: Leftovers","|turn|13","|","|switch|p2a: Kermit On Roids|Seismitoad, F, shiny|414/414","|move|p1a: Slowbro|Slack Off|p1a: Slowbro","|-heal|p1a: Slowbro|394/394","|","|-weather|Sandstorm|[upkeep]","|-damage|p1a: Slowbro|370/394|[from] sandstorm","|turn|14","|","|move|p2a: Kermit On Roids|Grass Knot|p1a: Slowbro","|-supereffective|p1a: Slowbro","|-damage|p1a: Slowbro|190/394","|-damage|p2a: Kermit On Roids|345/414|[from] item: Rocky Helmet|[of] p1a: Slowbro","|move|p1a: Slowbro|Yawn|p2a: Kermit On Roids","|-start|p2a: Kermit On Roids|move: Yawn|[of] p1a: Slowbro","|","|-weather|none","|-heal|p2a: Kermit On Roids|370/414|[from] item: Leftovers","|turn|15","|","|switch|p2a: Sonic-On-Roids|Nidoking, M, shiny|263/303","|move|p1a: Slowbro|Scald|p2a: Sonic-On-Roids","|-supereffective|p2a: Sonic-On-Roids","|-damage|p2a: Sonic-On-Roids|23/303","|-status|p2a: Sonic-On-Roids|brn","|","|-damage|p2a: Sonic-On-Roids|0 fnt|[from] brn","|faint|p2a: Sonic-On-Roids","|","|switch|p2a: Kermit On Roids|Seismitoad, F, shiny|370/414","|turn|16","|","|switch|p1a: Mew|Mew|210/404","|move|p2a: Kermit On Roids|Grass Knot|p1a: Mew","|-damage|p1a: Mew|195/404","|","|-heal|p1a: Mew|220/404|[from] item: Leftovers","|-heal|p2a: Kermit On Roids|395/414|[from] item: Leftovers","|turn|17","|","|switch|p2a: Excadrill|Excadrill, F|265/361","|move|p1a: Mew|Roost|p1a: Mew","|-heal|p1a: Mew|404/404","|","|turn|18","|","|move|p2a: Excadrill|X-Scissor|p1a: Mew","|-supereffective|p1a: Mew","|-damage|p1a: Mew|123/404","|-damage|p2a: Excadrill|229/361|[from] item: Life Orb","|move|p1a: Mew|Aura Sphere|p2a: Excadrill","|-supereffective|p2a: Excadrill","|-damage|p2a: Excadrill|59/361","|","|-heal|p1a: Mew|148/404|[from] item: Leftovers","|turn|19","|","|switch|p1a: Slowbro|Slowbro, F|321/394","|move|p2a: Excadrill|Earthquake|p1a: Slowbro","|-damage|p1a: Slowbro|152/394","|-damage|p2a: Excadrill|23/361|[from] item: Life Orb","|","|turn|20","|","|switch|p1a: Deoxys-Speed|Deoxys-Speed|304/304","|-ability|p1a: Deoxys-Speed|Pressure","|move|p2a: Excadrill|Earthquake|p1a: Deoxys-Speed","|-damage|p1a: Deoxys-Speed|26/304","|-damage|p2a: Excadrill|0 fnt|[from] item: Life Orb","|faint|p2a: Excadrill","|","|","|switch|p2a: Hulk W/o Roids|Landorus, M, shiny|319/319","|turn|21","|","|move|p2a: Hulk W/o Roids|U-turn|p1a: Deoxys-Speed","|-supereffective|p1a: Deoxys-Speed","|-damage|p1a: Deoxys-Speed|0 fnt","|faint|p1a: Deoxys-Speed","|","|switch|p2a: Numel On Roids|Hippowdon, M, shiny|309/420","|-weather|Sandstorm","|","|-weather|Sandstorm|[upkeep]","|-heal|p2a: Numel On Roids|335/420|[from] item: Leftovers","|","|switch|p1a: Gardevoir|Gardevoir, F|277/277","|-ability|p1a: Gardevoir|Sand Stream|[from] ability: Trace|[of] p2a: Numel On Roids","|turn|22","|","|detailschange|p1a: Gardevoir|Gardevoir-Mega, F","|-mega|p1a: Gardevoir|Gardevoir|Gardevoirite","|move|p1a: Gardevoir|Hyper Voice|p2a: Numel On Roids","|-damage|p2a: Numel On Roids|10/420","|move|p2a: Numel On Roids|Earthquake|p1a: Gardevoir","|-damage|p1a: Gardevoir|45/277","|","|-weather|Sandstorm|[upkeep]","|-damage|p1a: Gardevoir|28/277|[from] sandstorm","|-heal|p2a: Numel On Roids|36/420|[from] item: Leftovers","|turn|23","|","|move|p1a: Gardevoir|Hyper Voice|p2a: Numel On Roids","|-damage|p2a: Numel On Roids|0 fnt","|faint|p2a: Numel On Roids","|","|-weather|Sandstorm|[upkeep]","|-damage|p1a: Gardevoir|11/277|[from] sandstorm","|","|switch|p2a: Barny On Roids|Garchomp, F|357/357","|turn|24","|","|switch|p1a: Latias|Latias, F|364/364","|move|p2a: Barny On Roids|Earthquake|p1a: Latias","|-immune|p1a: Latias|[msg]","|","|-weather|Sandstorm|[upkeep]","|-damage|p1a: Latias|342/364|[from] sandstorm","|-heal|p1a: Latias|364/364|[from] item: Leftovers","|turn|25","|","|switch|p2a: Kermit On Roids|Seismitoad, F, shiny|395/414","|move|p1a: Latias|Draco Meteor|p2a: Kermit On Roids|[miss]","|-miss|p1a: Latias|p2a: Kermit On Roids","|","|-weather|none","|-heal|p2a: Kermit On Roids|414/414|[from] item: Leftovers","|turn|26","|","|switch|p1a: Slowbro|Slowbro, F|283/394","|move|p2a: Kermit On Roids|Scald|p1a: Slowbro","|-resisted|p1a: Slowbro","|-damage|p1a: Slowbro|215/394","|-status|p1a: Slowbro|brn","|","|-damage|p1a: Slowbro|166/394 brn|[from] brn","|turn|27","|","|move|p2a: Kermit On Roids|Grass Knot|p1a: Slowbro","|-supereffective|p1a: Slowbro","|-damage|p1a: Slowbro|0 fnt","|-damage|p2a: Kermit On Roids|345/414|[from] item: Rocky Helmet|[of] p1a: Slowbro","|faint|p1a: Slowbro","|","|-heal|p2a: Kermit On Roids|370/414|[from] item: Leftovers","|","|switch|p1a: Hoopa-Unbound|Hoopa-Unbound|169/301","|turn|28","|","|move|p1a: Hoopa-Unbound|Hyperspace Fury|p2a: Kermit On Roids","|-damage|p2a: Kermit On Roids|73/414","|-unboost|p1a: Hoopa-Unbound|def|1","|move|p2a: Kermit On Roids|Scald|p1a: Hoopa-Unbound","|-damage|p1a: Hoopa-Unbound|78/301","|-status|p1a: Hoopa-Unbound|brn","|","|-heal|p2a: Kermit On Roids|98/414|[from] item: Leftovers","|-damage|p1a: Hoopa-Unbound|41/301 brn|[from] brn","|turn|29","|","|move|p1a: Hoopa-Unbound|Hyperspace Fury|p2a: Kermit On Roids","|-damage|p2a: Kermit On Roids|0 fnt","|-unboost|p1a: Hoopa-Unbound|def|1","|faint|p2a: Kermit On Roids","|","|-damage|p1a: Hoopa-Unbound|4/301 brn|[from] brn","|","|switch|p2a: Hulk W/o Roids|Landorus, M, shiny|319/319","|turn|30","|","|move|p2a: Hulk W/o Roids|U-turn|p1a: Hoopa-Unbound","|-supereffective|p1a: Hoopa-Unbound","|-damage|p1a: Hoopa-Unbound|0 fnt","|faint|p1a: Hoopa-Unbound","|","|switch|p2a: Barny On Roids|Garchomp, F|357/357","|","|","|switch|p1a: Latias|Latias, F|364/364","|turn|31","|","|move|p2a: Barny On Roids|Dragon Claw|p1a: Latias","|-supereffective|p1a: Latias","|-damage|p1a: Latias|62/364","|move|p1a: Latias|Draco Meteor|p2a: Barny On Roids","|-supereffective|p2a: Barny On Roids","|-damage|p2a: Barny On Roids|1/357","|-unboost|p1a: Latias|spa|2","|","|-heal|p1a: Latias|84/364|[from] item: Leftovers","|turn|32","|","|switch|p1a: Gardevoir|Gardevoir-Mega, F|11/277","|move|p2a: Barny On Roids|Dragon Claw|p1a: Gardevoir","|-immune|p1a: Gardevoir|[msg]","|","|turn|33","|","|switch|p2a: Hulk W/o Roids|Landorus, M, shiny|319/319","|move|p1a: Gardevoir|Psyshock|p2a: Hulk W/o Roids","|-damage|p2a: Hulk W/o Roids|144/319","|","|turn|34","|","|switch|p1a: Mew|Mew|148/404","|move|p2a: Hulk W/o Roids|U-turn|p1a: Mew","|-supereffective|p1a: Mew","|-damage|p1a: Mew|0 fnt","|faint|p1a: Mew","|","|switch|p2a: Barny On Roids|Garchomp, F|1/357","|","|","|switch|p1a: Gardevoir|Gardevoir-Mega, F|11/277","|turn|35","|","|switch|p1a: Latias|Latias, F|84/364","|move|p2a: Barny On Roids|Iron Head|p1a: Latias","|-damage|p1a: Latias|0 fnt","|faint|p1a: Latias","|","|","|switch|p1a: Gardevoir|Gardevoir-Mega, F|11/277","|turn|36","|","|move|p2a: Barny On Roids|Iron Head|p1a: Gardevoir","|-supereffective|p1a: Gardevoir","|-damage|p1a: Gardevoir|0 fnt","|faint|p1a: Gardevoir","|","|win|Sovereign♕Cactus"],"p1rating":{"entryid":"7267988","serverid":"eos","formatid":"monotype","userid":"sevenswell","username":"Seven Swell","w":"8","l":6,"t":"0","gxe":55.4,"r":"1444.0503046494","rd":"123.17369180523","sigma":"0","rptime":"1438333200","rpr":1541.6197889046,"rprd":80.039487911736,"rpsigma":"0","acre":1142.4528182355,"lacre":1142.4528182355,"oldacre":"1170.3518503264"},"p2rating":{"entryid":"6867552","serverid":"eos","formatid":"monotype","userid":"sovereigncactus","username":"Sovereign♕Cactus","w":44,"l":"54","t":"0","gxe":44.7,"r":"1461.6956434101","rd":"40.32407721443","sigma":"0","rptime":"1438333200","rpr":1459.5337052655,"rprd":36.413253756934,"rpsigma":"0","acre":1157.7797454343,"lacre":1157.7797454343,"oldacre":"1129.8807133434"},"endType":"normal"}