{"seed":[39732,19907,46889,56119],"turns":37,"p1":"Alliance - Gamma~","p2":"Crystl Sabo","p1team":[{"name":"Tyranitar","species":"Tyranitar","item":"leftovers","ability":"Sand Stream","moves":["stealthrock","thunderwave","darkpulse","earthpower"],"nature":"Calm","evs":{"hp":252,"atk":0,"def":0,"spa":0,"spd":252,"spe":0},"ivs":{"hp":31,"atk":0,"def":31,"spa":31,"spd":31,"spe":31}},{"name":"Sableye","species":"Sableye","item":"leftovers","ability":"Prankster","moves":["willowisp","recover","snarl","taunt"],"nature":"Calm","evs":{"hp":252,"atk":0,"def":0,"spa":4,"spd":252,"spe":0},"ivs":{"hp":31,"atk":0,"def":31,"spa":31,"spd":31,"spe":31}},{"name":"Mandibuzz","species":"Mandibuzz","item":"rockyhelmet","ability":"Overcoat","moves":["foulplay","toxic","defog","roost"],"nature":"Bold","evs":{"hp":248,"atk":0,"def":252,"spa":0,"spd":8,"spe":0},"ivs":{"hp":31,"atk":31,"def":31,"spa":0,"spd":31,"spe":31}},{"name":"Absol","species":"Absol","item":"absolite","ability":"Pressure","moves":["swordsdance","suckerpunch","playrough","superpower"],"nature":"Jolly","evs":{"hp":0,"atk":252,"def":0,"spa":0,"spd":4,"spe":252},"ivs":{"hp":31,"atk":31,"def":31,"spa":0,"spd":31,"spe":31}},{"name":"Bisharp","species":"Bisharp","item":"leftovers","ability":"Defiant","moves":["swordsdance","substitute","suckerpunch","ironhead"],"nature":"Impish","evs":{"hp":252,"atk":0,"def":252,"spa":0,"spd":4,"spe":0},"ivs":{"hp":31,"atk":31,"def":31,"spa":0,"spd":31,"spe":31}},{"name":"Hydreigon","species":"Hydreigon","item":"choicescarf","ability":"Levitate","moves":["dracometeor","darkpulse","flamethrower","flashcannon"],"nature":"Timid","evs":{"hp":0,"atk":0,"def":0,"spa":252,"spd":4,"spe":252},"ivs":{"hp":31,"atk":0,"def":31,"spa":31,"spd":31,"spe":31}}],"p2team":[{"name":"GetWet","species":"politoed","item":"chestoberry","ability":"Drizzle","moves":["rest","scald","icebeam","psychic"],"nature":"Calm","evs":{"hp":252,"atk":0,"def":108,"spa":0,"spd":148,"spe":0},"shiny":true,"ivs":{"hp":31,"atk":31,"def":31,"spa":31,"spd":31,"spe":31}},{"name":"Hulk Smash","species":"poliwrath","item":"sitrusberry","ability":"Swift Swim","moves":["bellydrum","waterfall","brickbreak","earthquake"],"nature":"Adamant","evs":{"hp":4,"atk":252,"def":0,"spa":0,"spd":0,"spe":252},"shiny":true,"ivs":{"hp":31,"atk":31,"def":31,"spa":31,"spd":31,"spe":31}},{"name":"TwinkleToes","species":"swampert","item":"swampertite","ability":"Torrent","moves":["raindance","waterfall","earthquake","icepunch"],"nature":"Adamant","evs":{"hp":200,"atk":156,"def":0,"spa":0,"spd":4,"spe":148},"ivs":{"hp":31,"atk":31,"def":31,"spa":31,"spd":31,"spe":31}},{"name":"SSM","species":"gyarados","item":"leftovers","ability":"Intimidate","moves":["thunderwave","waterfall","bounce","earthquake"],"nature":"Adamant","evs":{"hp":252,"atk":252,"def":0,"spa":0,"spd":0,"spe":0},"shiny":true,"ivs":{"hp":31,"atk":31,"def":31,"spa":31,"spd":31,"spe":31}},{"name":"ShakeDatDaDaDa","species":"ludicolo","item":"lifeorb","ability":"Swift Swim","moves":["scald","energyball","icebeam","raindance"],"nature":"Modest","evs":{"hp":0,"atk":0,"def":0,"spa":252,"spd":0,"spe":252},"shiny":true,"ivs":{"hp":31,"atk":31,"def":31,"spa":31,"spd":31,"spe":31}},{"name":"Mega Illuminati","species":"starmie","item":"weaknesspolicy","ability":"Natural Cure","moves":["cosmicpower","recover","psychic","icebeam"],"nature":"Timid","evs":{"hp":220,"atk":0,"def":0,"spa":36,"spd":0,"spe":252},"shiny":true,"ivs":{"hp":31,"atk":31,"def":31,"spa":31,"spd":31,"spe":31}}],"log":["|player|p1|Alliance - Gamma~|alliancegamma.gif","|player|p2|Crystl Sabo|161","|gametype|singles","|gen|6","|tier|Monotype","|rated","|rule|Baton Pass Clause: Limit one Baton Passer, can't pass Spe and other stats simultaneously","|rule|Swagger Clause: Swagger is banned","|rule|Same Type Clause: Pokémon in a team must share a type","|clearpoke","|poke|p1|Tyranitar, F","|poke|p1|Sableye, F","|poke|p1|Mandibuzz, F","|poke|p1|Absol, F","|poke|p1|Bisharp, M","|poke|p1|Hydreigon, M","|poke|p2|Politoed, F, shiny","|poke|p2|Poliwrath, M, shiny","|poke|p2|Swampert, M","|poke|p2|Gyarados, M, shiny","|poke|p2|Ludicolo, M, shiny","|poke|p2|Starmie, shiny","|rule|Sleep Clause Mod: Limit one foe put to sleep","|rule|Species Clause: Limit one of each Pokémon","|rule|OHKO Clause: OHKO moves are banned","|rule|Moody Clause: Moody is banned","|rule|Evasion Moves Clause: Evasion moves are banned","|rule|Endless Battle Clause: Forcing endless battles is banned","|rule|HP Percentage Mod: HP is shown in percentages","|teampreview","|","|start","|switch|p1a: Sableye|Sableye, F|304/304","|switch|p2a: GetWet|Politoed, F, shiny|384/384","|-weather|RainDance","|turn|1","|","|move|p1a: Sableye|Taunt|p2a: GetWet","|-start|p2a: GetWet|move: Taunt","|move|p2a: GetWet|Scald|p1a: Sableye","|-damage|p1a: Sableye|174/304","|","|-weather|RainDance|[upkeep]","|-heal|p1a: Sableye|193/304|[from] item: Leftovers","|turn|2","|","|switch|p2a: SSM|Gyarados, M, shiny|394/394","|-ability|p2a: SSM|Intimidate","|-unboost|p1a: Sableye|atk|1","|switch|p1a: Tyranitar|Tyranitar, F|404/404","|-weather|Sandstorm","|","|-weather|Sandstorm|[upkeep]","|-damage|p2a: SSM|370/394|[from] sandstorm","|-heal|p2a: SSM|394/394|[from] item: Leftovers","|turn|3","|","|switch|p2a: GetWet|Politoed, F, shiny|384/384","|-weather|RainDance","|move|p1a: Tyranitar|Thunder Wave|p2a: GetWet","|-status|p2a: GetWet|par","|","|-weather|RainDance|[upkeep]","|turn|4","|","|move|p1a: Tyranitar|Stealth Rock|p2a: GetWet","|-sidestart|p2: Crystl Sabo|move: Stealth Rock","|cant|p2a: GetWet|par","|","|-weather|RainDance|[upkeep]","|turn|5","|","|switch|p1a: Hydreigon|Hydreigon, M|325/325","|move|p2a: GetWet|Scald|p1a: Hydreigon","|-resisted|p1a: Hydreigon","|-damage|p1a: Hydreigon|256/325","|","|-weather|RainDance|[upkeep]","|turn|6","|","|move|p1a: Hydreigon|Draco Meteor|p2a: GetWet","|-damage|p2a: GetWet|207/384 par","|-unboost|p1a: Hydreigon|spa|2","|move|p2a: GetWet|Ice Beam|p1a: Hydreigon","|-supereffective|p1a: Hydreigon","|-damage|p1a: Hydreigon|116/325","|","|-weather|RainDance|[upkeep]","|turn|7","|","|switch|p1a: Bisharp|Bisharp, M|334/334","|move|p2a: GetWet|Ice Beam|p1a: Bisharp","|-resisted|p1a: Bisharp","|-damage|p1a: Bisharp|291/334","|","|-weather|none","|-heal|p1a: Bisharp|311/334|[from] item: Leftovers","|turn|8","|","|move|p1a: Bisharp|Substitute|p1a: Bisharp","|-start|p1a: Bisharp|Substitute","|-damage|p1a: Bisharp|228/334","|move|p2a: GetWet|Scald|p1a: Bisharp","|-end|p1a: Bisharp|Substitute","|","|-heal|p1a: Bisharp|248/334|[from] item: Leftovers","|turn|9","|","|switch|p1a: Tyranitar|Tyranitar, F|404/404","|-weather|Sandstorm","|move|p2a: GetWet|Scald|p1a: Tyranitar","|-supereffective|p1a: Tyranitar","|-damage|p1a: Tyranitar|314/404","|","|-weather|Sandstorm|[upkeep]","|-damage|p2a: GetWet|183/384 par|[from] sandstorm","|-heal|p1a: Tyranitar|339/404|[from] item: Leftovers","|turn|10","|","|move|p1a: Tyranitar|Dark Pulse|p2a: GetWet","|-damage|p2a: GetWet|108/384 par","|move|p2a: GetWet|Rest|p2a: GetWet","|-status|p2a: GetWet|slp","|-heal|p2a: GetWet|384/384 slp|[silent]","|-status|p2a: GetWet|slp|[from] move: Rest","|-enditem|p2a: GetWet|Chesto Berry|[eat]","|-curestatus|p2a: GetWet|slp","|","|-weather|Sandstorm|[upkeep]","|-damage|p2a: GetWet|360/384|[from] sandstorm","|-heal|p1a: Tyranitar|364/404|[from] item: Leftovers","|turn|11","|","|switch|p2a: TwinkleToes|Swampert, M|391/391","|-damage|p2a: TwinkleToes|367/391|[from] Stealth Rock","|move|p1a: Tyranitar|Thunder Wave|p2a: TwinkleToes","|-immune|p2a: TwinkleToes|[msg]","|","|-weather|Sandstorm|[upkeep]","|-heal|p1a: Tyranitar|389/404|[from] item: Leftovers","|turn|12","|","|switch|p1a: Mandibuzz|Mandibuzz, F|423/423","|detailschange|p2a: TwinkleToes|Swampert-Mega, M","|-mega|p2a: TwinkleToes|Swampert|Swampertite","|move|p2a: TwinkleToes|Rain Dance|p2a: TwinkleToes","|-weather|RainDance","|","|-weather|RainDance|[upkeep]","|turn|13","|","|move|p2a: TwinkleToes|Ice Punch|p1a: Mandibuzz","|-supereffective|p1a: Mandibuzz","|-damage|p1a: Mandibuzz|271/423","|-damage|p2a: TwinkleToes|302/391|[from] item: Rocky Helmet|[of] p1a: Mandibuzz","|move|p1a: Mandibuzz|Foul Play|p2a: TwinkleToes","|-damage|p2a: TwinkleToes|127/391","|","|-weather|RainDance|[upkeep]","|turn|14","|","|move|p2a: TwinkleToes|Waterfall|p1a: Mandibuzz","|-damage|p1a: Mandibuzz|106/423","|-damage|p2a: TwinkleToes|62/391|[from] item: Rocky Helmet|[of] p1a: Mandibuzz","|move|p1a: Mandibuzz|Roost|p1a: Mandibuzz","|-heal|p1a: Mandibuzz|318/423","|","|-weather|RainDance|[upkeep]","|turn|15","|","|move|p2a: TwinkleToes|Waterfall|p1a: Mandibuzz","|-crit|p1a: Mandibuzz","|-damage|p1a: Mandibuzz|39/423","|-damage|p2a: TwinkleToes|0 fnt|[from] item: Rocky Helmet|[of] p1a: Mandibuzz","|faint|p2a: TwinkleToes","|move|p1a: Mandibuzz|Roost|p1a: Mandibuzz","|-heal|p1a: Mandibuzz|251/423","|","|-weather|RainDance|[upkeep]","|","|switch|p2a: ShakeDatDaDaDa|Ludicolo, M, shiny|301/301","|-damage|p2a: ShakeDatDaDaDa|264/301|[from] Stealth Rock","|turn|16","|","|switch|p1a: Tyranitar|Tyranitar, F|389/404","|-weather|Sandstorm","|move|p2a: ShakeDatDaDaDa|Ice Beam|p1a: Tyranitar","|-damage|p1a: Tyranitar|331/404","|-damage|p2a: ShakeDatDaDaDa|234/301|[from] item: Life Orb","|","|-weather|Sandstorm|[upkeep]","|-damage|p2a: ShakeDatDaDaDa|216/301|[from] sandstorm","|-heal|p1a: Tyranitar|356/404|[from] item: Leftovers","|turn|17","|","|move|p2a: ShakeDatDaDaDa|Rain Dance|p2a: ShakeDatDaDaDa","|-weather|RainDance","|move|p1a: Tyranitar|Thunder Wave|p2a: ShakeDatDaDaDa","|-status|p2a: ShakeDatDaDaDa|par","|","|-weather|RainDance|[upkeep]","|-heal|p1a: Tyranitar|381/404|[from] item: Leftovers","|turn|18","|","|switch|p1a: Hydreigon|Hydreigon, M|116/325","|switch|p2a: Hulk Smash|Poliwrath, M, shiny|322/322","|-damage|p2a: Hulk Smash|302/322|[from] Stealth Rock","|","|-weather|RainDance|[upkeep]","|turn|19","|","|switch|p1a: Sableye|Sableye, F|193/304","|move|p2a: Hulk Smash|Belly Drum|p2a: Hulk Smash","|-damage|p2a: Hulk Smash|141/322","|-setboost|p2a: Hulk Smash|atk|6|[from] move: Belly Drum","|-enditem|p2a: Hulk Smash|Sitrus Berry|[eat]","|-heal|p2a: Hulk Smash|221/322|[from] item: Sitrus Berry","|","|-weather|RainDance|[upkeep]","|-heal|p1a: Sableye|212/304|[from] item: Leftovers","|turn|20","|","|move|p1a: Sableye|Will-O-Wisp|p2a: Hulk Smash|[miss]","|-miss|p1a: Sableye|p2a: Hulk Smash","|move|p2a: Hulk Smash|Waterfall|p1a: Sableye","|-damage|p1a: Sableye|0 fnt","|faint|p1a: Sableye","|","|-weather|RainDance|[upkeep]","|","|switch|p1a: Mandibuzz|Mandibuzz, F|251/423","|turn|21","|","|move|p2a: Hulk Smash|Waterfall|p1a: Mandibuzz","|-damage|p1a: Mandibuzz|0 fnt","|-damage|p2a: Hulk Smash|168/322|[from] item: Rocky Helmet|[of] p1a: Mandibuzz","|faint|p1a: Mandibuzz","|","|-weather|none","|","|switch|p1a: Absol|Absol, F|271/271","|-ability|p1a: Absol|Pressure","|turn|22","|","|detailschange|p1a: Absol|Absol-Mega, F","|-mega|p1a: Absol|Absol|Absolite","|move|p1a: Absol|Play Rough|p2a: Hulk Smash","|-supereffective|p2a: Hulk Smash","|-damage|p2a: Hulk Smash|0 fnt","|faint|p2a: Hulk Smash","|","|","|switch|p2a: SSM|Gyarados, M, shiny|394/394","|-damage|p2a: SSM|296/394|[from] Stealth Rock","|-ability|p2a: SSM|Intimidate","|-unboost|p1a: Absol|atk|1","|turn|23","|","|switch|p1a: Tyranitar|Tyranitar, F|381/404","|-weather|Sandstorm","|switch|p2a: GetWet|Politoed, F, shiny|360/384","|-damage|p2a: GetWet|312/384|[from] Stealth Rock","|-weather|RainDance","|","|-weather|RainDance|[upkeep]","|-heal|p1a: Tyranitar|404/404|[from] item: Leftovers","|turn|24","|","|move|p2a: GetWet|Scald|p1a: Tyranitar","|-supereffective|p1a: Tyranitar","|-damage|p1a: Tyranitar|218/404","|-status|p1a: Tyranitar|brn","|move|p1a: Tyranitar|Thunder Wave|p2a: GetWet","|-status|p2a: GetWet|par","|","|-weather|RainDance|[upkeep]","|-heal|p1a: Tyranitar|243/404 brn|[from] item: Leftovers","|-damage|p1a: Tyranitar|193/404 brn|[from] brn","|turn|25","|","|switch|p1a: Hydreigon|Hydreigon, M|116/325","|move|p2a: GetWet|Scald|p1a: Hydreigon","|-resisted|p1a: Hydreigon","|-damage|p1a: Hydreigon|44/325","|","|-weather|RainDance|[upkeep]","|turn|26","|","|move|p1a: Hydreigon|Draco Meteor|p2a: GetWet","|-damage|p2a: GetWet|138/384 par","|-unboost|p1a: Hydreigon|spa|2","|cant|p2a: GetWet|par","|","|-weather|RainDance|[upkeep]","|turn|27","|","|switch|p1a: Tyranitar|Tyranitar, F|193/404 brn","|-weather|Sandstorm","|move|p2a: GetWet|Rest|p2a: GetWet","|-status|p2a: GetWet|slp","|-heal|p2a: GetWet|384/384 slp|[silent]","|-status|p2a: GetWet|slp|[from] move: Rest","|","|-weather|Sandstorm|[upkeep]","|-damage|p2a: GetWet|360/384 slp|[from] sandstorm","|-heal|p1a: Tyranitar|218/404 brn|[from] item: Leftovers","|-damage|p1a: Tyranitar|168/404 brn|[from] brn","|turn|28","|","|switch|p2a: ShakeDatDaDaDa|Ludicolo, M, shiny|216/301 par","|-damage|p2a: ShakeDatDaDaDa|179/301 par|[from] Stealth Rock","|switch|p1a: Bisharp|Bisharp, M|248/334","|","|-weather|Sandstorm|[upkeep]","|-damage|p2a: ShakeDatDaDaDa|161/301 par|[from] sandstorm","|-heal|p1a: Bisharp|268/334|[from] item: Leftovers","|turn|29","|","|move|p1a: Bisharp|Substitute|p1a: Bisharp","|-start|p1a: Bisharp|Substitute","|-damage|p1a: Bisharp|185/334","|move|p2a: ShakeDatDaDaDa|Scald|p1a: Bisharp","|-end|p1a: Bisharp|Substitute","|-damage|p2a: ShakeDatDaDaDa|131/301 par|[from] item: Life Orb","|","|-weather|Sandstorm|[upkeep]","|-damage|p2a: ShakeDatDaDaDa|113/301 par|[from] sandstorm","|-heal|p1a: Bisharp|205/334|[from] item: Leftovers","|turn|30","|","|move|p1a: Bisharp|Sucker Punch|p2a: ShakeDatDaDaDa","|-fail|p1a: Bisharp","|move|p2a: ShakeDatDaDaDa|Rain Dance|p2a: ShakeDatDaDaDa","|-weather|RainDance","|","|-weather|RainDance|[upkeep]","|-heal|p1a: Bisharp|225/334|[from] item: Leftovers","|turn|31","|","|switch|p2a: SSM|Gyarados, M, shiny|296/394","|-damage|p2a: SSM|198/394|[from] Stealth Rock","|-ability|p2a: SSM|Intimidate","|-unboost|p1a: Bisharp|atk|1","|-boost|p1a: Bisharp|atk|2|[from] ability: Defiant","|move|p1a: Bisharp|Sucker Punch|p2a: SSM","|-fail|p1a: Bisharp","|","|-weather|RainDance|[upkeep]","|-heal|p2a: SSM|222/394|[from] item: Leftovers","|-heal|p1a: Bisharp|245/334|[from] item: Leftovers","|turn|32","|","|move|p1a: Bisharp|Sucker Punch|p2a: SSM","|-fail|p1a: Bisharp","|move|p2a: SSM|Thunder Wave|p1a: Bisharp","|-status|p1a: Bisharp|par","|","|-weather|RainDance|[upkeep]","|-heal|p2a: SSM|246/394|[from] item: Leftovers","|-heal|p1a: Bisharp|265/334 par|[from] item: Leftovers","|turn|33","|","|switch|p2a: ShakeDatDaDaDa|Ludicolo, M, shiny|113/301 par","|-damage|p2a: ShakeDatDaDaDa|76/301 par|[from] Stealth Rock","|move|p1a: Bisharp|Substitute|p1a: Bisharp","|-start|p1a: Bisharp|Substitute","|-damage|p1a: Bisharp|182/334 par","|","|-weather|RainDance|[upkeep]","|-heal|p1a: Bisharp|202/334 par|[from] item: Leftovers","|turn|34","|","|move|p2a: ShakeDatDaDaDa|Rain Dance|p2a: ShakeDatDaDaDa","|-fail|p2a: ShakeDatDaDaDa","|move|p1a: Bisharp|Iron Head|p2a: ShakeDatDaDaDa","|-resisted|p2a: ShakeDatDaDaDa","|-damage|p2a: ShakeDatDaDaDa|0 fnt","|faint|p2a: ShakeDatDaDaDa","|","|-weather|none","|-heal|p1a: Bisharp|222/334 par|[from] item: Leftovers","|","|switch|p2a: GetWet|Politoed, F, shiny|360/384 slp","|-damage|p2a: GetWet|312/384 slp|[from] Stealth Rock","|-weather|RainDance","|turn|35","|","|cant|p2a: GetWet|slp","|cant|p1a: Bisharp|par","|","|-weather|RainDance|[upkeep]","|-heal|p1a: Bisharp|242/334 par|[from] item: Leftovers","|turn|36","|","|cant|p2a: GetWet|slp","|move|p1a: Bisharp|Swords Dance|p1a: Bisharp","|-boost|p1a: Bisharp|atk|2","|","|-weather|RainDance|[upkeep]","|-heal|p1a: Bisharp|262/334 par|[from] item: Leftovers","|turn|37","|","|move|p1a: Bisharp|Sucker Punch|p2a: GetWet","|-crit|p2a: GetWet","|-damage|p2a: GetWet|0 fnt","|faint|p2a: GetWet","|","|-weather|RainDance|[upkeep]","|-heal|p1a: Bisharp|282/334 par|[from] item: Leftovers","|","|win|Alliance - Gamma~"],"p1rating":{"entryid":"7175041","serverid":"eos","formatid":"monotype","userid":"alliancegamma","username":"Alliance ♥ Gamma","w":4,"l":"1","t":"0","gxe":60.7,"r":"1460.7971311935","rd":"122.91204601559","sigma":"0","rptime":"1438333200","rpr":1585.334345035,"rprd":102.26181642355,"rpsigma":"0","acre":1122.2842957604,"lacre":1122.2842957604,"oldacre":"1097.3693358407"},"p2rating":{"entryid":"5846197","serverid":"eos","formatid":"monotype","userid":"crystlsabo","username":"Crystl Sabo","w":"50","l":43,"t":"0","gxe":54.7,"r":"1547.5092113422","rd":"43.963146158257","sigma":"0","rptime":"1438333200","rpr":1535.6692364936,"rprd":43.38905089569,"rpsigma":"0","acre":1067.6315602048,"lacre":1067.6315602048,"oldacre":"1090.8063766231"},"endType":"forfeit"}