{"seed":[43759,4777,8370,50854],"turns":20,"p1":"Recruiter♕Kingdra","p2":"Intern Blu98","p1team":[{"name":"Azumarill","species":"Azumarill","item":"sitrusberry","ability":"Huge Power","moves":["bellydrum","aquajet","knockoff","playrough"],"nature":"Adamant","evs":{"hp":4,"atk":252,"def":0,"spa":0,"spd":0,"spe":252},"ivs":{"hp":31,"atk":31,"def":31,"spa":31,"spd":31,"spe":31}},{"name":"Gyarados","species":"Gyarados","item":"gyaradosite","ability":"Intimidate","moves":["dragondance","waterfall","earthquake","icefang"],"nature":"Adamant","evs":{"hp":0,"atk":252,"def":4,"spa":0,"spd":0,"spe":252},"ivs":{"hp":31,"atk":31,"def":31,"spa":31,"spd":31,"spe":31}},{"name":"Rotom-Wash","species":"Rotom-Wash","item":"leftovers","ability":"Levitate","moves":["voltswitch","hydropump","willowisp","painsplit"],"nature":"Bold","evs":{"hp":248,"atk":0,"def":252,"spa":0,"spd":0,"spe":8},"ivs":{"hp":31,"atk":31,"def":31,"spa":31,"spd":31,"spe":31}},{"name":"Slowbro","species":"Slowbro","item":"leftovers","ability":"Oblivious","moves":["calmmind","irondefense","slackoff","scald"],"nature":"Bold","evs":{"hp":252,"atk":0,"def":60,"spa":0,"spd":196,"spe":0},"ivs":{"hp":31,"atk":31,"def":31,"spa":31,"spd":31,"spe":31}},{"name":"Crawdaunt","species":"Crawdaunt","item":"focussash","ability":"Adaptability","moves":["dragondance","aquajet","knockoff","crabhammer"],"nature":"Adamant","evs":{"hp":4,"atk":252,"def":0,"spa":0,"spd":0,"spe":252},"ivs":{"hp":31,"atk":31,"def":31,"spa":31,"spd":31,"spe":31}},{"name":"Cloyster","species":"Cloyster","item":"focussash","ability":"Skill Link","moves":["shellsmash","iceshard","iciclespear","rockblast"],"nature":"Adamant","evs":{"hp":0,"atk":252,"def":4,"spa":0,"spd":0,"spe":252},"ivs":{"hp":31,"atk":31,"def":31,"spa":31,"spd":31,"spe":31}}],"p2team":[{"name":"Blitzkreig","species":"charizard","item":"charizarditey","ability":"Blaze","moves":["fireblast","solarbeam","airslash","dragonpulse"],"nature":"Timid","evs":{"hp":0,"atk":0,"def":4,"spa":252,"spd":0,"spe":252},"ivs":{"hp":31,"atk":31,"def":31,"spa":31,"spd":31,"spe":31}},{"name":"Mineturtle","species":"torkoal","item":"leftovers","ability":"Shell Armor","moves":["stealthrock","lavaplume","willowisp","rapidspin"],"nature":"Bold","evs":{"hp":248,"atk":0,"def":232,"spa":0,"spd":28,"spe":0},"ivs":{"hp":31,"atk":31,"def":31,"spa":31,"spd":31,"spe":31}},{"name":"Firebrows","species":"darmanitan","item":"lifeorb","ability":"Sheer Force","moves":["flareblitz","rockslide","uturn","poweruppunch"],"nature":"Jolly","evs":{"hp":0,"atk":252,"def":0,"spa":0,"spd":4,"spe":252},"ivs":{"hp":31,"atk":31,"def":31,"spa":31,"spd":31,"spe":31}},{"name":"Furnace Boiiii","species":"rotomheat","item":"lightclay","ability":"Levitate","moves":["reflect","lightscreen","hex","voltswitch"],"nature":"Bold","evs":{"hp":252,"atk":0,"def":128,"spa":0,"spd":128,"spe":0},"ivs":{"hp":31,"atk":30,"def":30,"spa":31,"spd":31,"spe":31}},{"name":"Ears","species":"victini","item":"choiceband","ability":"Victory Star","moves":["vcreate","boltstrike","uturn","zenheadbutt"],"nature":"Jolly","evs":{"hp":4,"atk":252,"def":0,"spa":0,"spd":0,"spe":252},"ivs":{"hp":31,"atk":31,"def":31,"spa":31,"spd":31,"spe":31}},{"name":"Iron Man","species":"heatran","item":"airballoon","ability":"Flash Fire","moves":["lavaplume","flashcannon","protect","toxic"],"nature":"Bold","evs":{"hp":248,"atk":0,"def":252,"spa":8,"spd":0,"spe":0},"ivs":{"hp":31,"atk":31,"def":31,"spa":31,"spd":31,"spe":31}}],"log":["|player|p1|Recruiter♕Kingdra|40","|player|p2|Intern Blu98|1","|gametype|singles","|gen|6","|tier|Monotype","|rated","|rule|Baton Pass Clause: Limit one Baton Passer, can't pass Spe and other stats simultaneously","|rule|Swagger Clause: Swagger is banned","|rule|Same Type Clause: Pokémon in a team must share a type","|clearpoke","|poke|p1|Azumarill, M","|poke|p1|Gyarados, M","|poke|p1|Rotom-Wash","|poke|p1|Slowbro, F","|poke|p1|Crawdaunt, F","|poke|p1|Cloyster, F","|poke|p2|Charizard, F","|poke|p2|Torkoal, F","|poke|p2|Darmanitan, F","|poke|p2|Rotom-Heat","|poke|p2|Victini","|poke|p2|Heatran, F","|rule|Sleep Clause Mod: Limit one foe put to sleep","|rule|Species Clause: Limit one of each Pokémon","|rule|OHKO Clause: OHKO moves are banned","|rule|Moody Clause: Moody is banned","|rule|Evasion Moves Clause: Evasion moves are banned","|rule|Endless Battle Clause: Forcing endless battles is banned","|rule|HP Percentage Mod: HP is shown in percentages","|teampreview","|","|start","|switch|p1a: Azumarill|Azumarill, M|342/342","|switch|p2a: Mineturtle|Torkoal, F|343/343","|turn|1","|","|move|p1a: Azumarill|Belly Drum|p1a: Azumarill","|-damage|p1a: Azumarill|171/342","|-setboost|p1a: Azumarill|atk|6|[from] move: Belly Drum","|-enditem|p1a: Azumarill|Sitrus Berry|[eat]","|-heal|p1a: Azumarill|256/342|[from] item: Sitrus Berry","|move|p2a: Mineturtle|Will-O-Wisp|p1a: Azumarill","|-status|p1a: Azumarill|brn","|","|-damage|p1a: Azumarill|214/342 brn|[from] brn","|turn|2","|","|move|p1a: Azumarill|Aqua Jet|p2a: Mineturtle","|-supereffective|p2a: Mineturtle","|-damage|p2a: Mineturtle|156/343","|move|p2a: Mineturtle|Stealth Rock|p1a: Azumarill","|-sidestart|p1: Recruiter♕Kingdra|move: Stealth Rock","|","|-heal|p2a: Mineturtle|177/343|[from] item: Leftovers","|-damage|p1a: Azumarill|172/342 brn|[from] brn","|turn|3","|","|switch|p2a: Furnace Boiiii|Rotom-Heat|304/304","|move|p1a: Azumarill|Aqua Jet|p2a: Furnace Boiiii","|-supereffective|p2a: Furnace Boiiii","|-damage|p2a: Furnace Boiiii|18/304","|","|-damage|p1a: Azumarill|130/342 brn|[from] brn","|turn|4","|","|move|p1a: Azumarill|Aqua Jet|p2a: Furnace Boiiii","|-supereffective|p2a: Furnace Boiiii","|-damage|p2a: Furnace Boiiii|0 fnt","|faint|p2a: Furnace Boiiii","|","|-damage|p1a: Azumarill|88/342 brn|[from] brn","|","|switch|p2a: Iron Man|Heatran, F|385/385","|-item|p2a: Iron Man|Air Balloon","|turn|5","|","|move|p2a: Iron Man|Protect|p2a: Iron Man","|-singleturn|p2a: Iron Man|Protect","|move|p1a: Azumarill|Aqua Jet|p2a: Iron Man","|-activate|p2a: Iron Man|Protect","|","|-damage|p1a: Azumarill|46/342 brn|[from] brn","|turn|6","|","|move|p1a: Azumarill|Aqua Jet|p2a: Iron Man","|-supereffective|p2a: Iron Man","|-damage|p2a: Iron Man|129/385","|-enditem|p2a: Iron Man|Air Balloon","|move|p2a: Iron Man|Flash Cannon|p1a: Azumarill","|-damage|p1a: Azumarill|0 fnt","|faint|p1a: Azumarill","|","|","|switch|p1a: Slowbro|Slowbro, F|394/394","|-damage|p1a: Slowbro|345/394|[from] Stealth Rock","|turn|7","|","|move|p2a: Iron Man|Toxic|p1a: Slowbro|[miss]","|-miss|p2a: Iron Man|p1a: Slowbro","|move|p1a: Slowbro|Calm Mind|p1a: Slowbro","|-boost|p1a: Slowbro|spa|1","|-boost|p1a: Slowbro|spd|1","|","|-heal|p1a: Slowbro|369/394|[from] item: Leftovers","|turn|8","|","|move|p2a: Iron Man|Toxic|p1a: Slowbro","|-status|p1a: Slowbro|tox","|move|p1a: Slowbro|Scald|p2a: Iron Man","|-supereffective|p2a: Iron Man","|-damage|p2a: Iron Man|0 fnt","|faint|p2a: Iron Man","|","|-heal|p1a: Slowbro|393/394 tox|[from] item: Leftovers","|-damage|p1a: Slowbro|369/394 tox|[from] psn","|","|switch|p2a: Ears|Victini|342/342","|turn|9","|","|move|p2a: Ears|Bolt Strike|p1a: Slowbro","|-supereffective|p1a: Slowbro","|-damage|p1a: Slowbro|57/394 tox","|move|p1a: Slowbro|Iron Defense|p1a: Slowbro","|-boost|p1a: Slowbro|def|2","|","|-heal|p1a: Slowbro|81/394 tox|[from] item: Leftovers","|-damage|p1a: Slowbro|33/394 tox|[from] psn","|turn|10","|","|switch|p2a: Mineturtle|Torkoal, F|177/343","|move|p1a: Slowbro|Slack Off|p1a: Slowbro","|-heal|p1a: Slowbro|230/394 tox","|","|-heal|p1a: Slowbro|254/394 tox|[from] item: Leftovers","|-heal|p2a: Mineturtle|198/343|[from] item: Leftovers","|-damage|p1a: Slowbro|182/394 tox|[from] psn","|turn|11","|","|switch|p2a: Ears|Victini|342/342","|move|p1a: Slowbro|Scald|p2a: Ears","|-supereffective|p2a: Ears","|-damage|p2a: Ears|78/342","|","|-heal|p1a: Slowbro|206/394 tox|[from] item: Leftovers","|-damage|p1a: Slowbro|110/394 tox|[from] psn","|turn|12","|","|move|p2a: Ears|Bolt Strike|p1a: Slowbro","|-supereffective|p1a: Slowbro","|-damage|p1a: Slowbro|0 fnt","|faint|p1a: Slowbro","|","|","|switch|p1a: Crawdaunt|Crawdaunt, F|268/268","|-damage|p1a: Crawdaunt|235/268|[from] Stealth Rock","|turn|13","|","|move|p1a: Crawdaunt|Aqua Jet|p2a: Ears","|-supereffective|p2a: Ears","|-damage|p2a: Ears|0 fnt","|faint|p2a: Ears","|","|","|switch|p2a: Blitzkreig|Charizard, F|297/297","|turn|14","|","|detailschange|p2a: Blitzkreig|Charizard-Mega-Y, F","|-mega|p2a: Blitzkreig|Charizard|Charizardite Y","|-weather|SunnyDay","|move|p1a: Crawdaunt|Aqua Jet|p2a: Blitzkreig","|-supereffective|p2a: Blitzkreig","|-damage|p2a: Blitzkreig|165/297","|move|p2a: Blitzkreig|Solar Beam|p1a: Crawdaunt|[still]","|-prepare|p2a: Blitzkreig|Solar Beam|p1a: Crawdaunt","|-anim|p2a: Blitzkreig|Solar Beam|p1a: Crawdaunt","|-supereffective|p1a: Crawdaunt","|-damage|p1a: Crawdaunt|0 fnt","|faint|p1a: Crawdaunt","|","|-weather|SunnyDay|[upkeep]","|","|switch|p1a: Gyarados|Gyarados, M|331/331","|-damage|p1a: Gyarados|249/331|[from] Stealth Rock","|-ability|p1a: Gyarados|Intimidate","|-unboost|p2a: Blitzkreig|atk|1","|turn|15","|","|move|p2a: Blitzkreig|Solar Beam|p1a: Gyarados|[still]","|-prepare|p2a: Blitzkreig|Solar Beam|p1a: Gyarados","|-anim|p2a: Blitzkreig|Solar Beam|p1a: Gyarados","|-damage|p1a: Gyarados|93/331","|move|p1a: Gyarados|Waterfall|p2a: Blitzkreig","|-supereffective|p2a: Blitzkreig","|-damage|p2a: Blitzkreig|0 fnt","|faint|p2a: Blitzkreig","|","|-weather|SunnyDay|[upkeep]","|","|switch|p2a: Mineturtle|Torkoal, F|198/343","|turn|16","|","|move|p1a: Gyarados|Earthquake|p2a: Mineturtle","|-supereffective|p2a: Mineturtle","|-damage|p2a: Mineturtle|40/343","|move|p2a: Mineturtle|Will-O-Wisp|p1a: Gyarados","|-status|p1a: Gyarados|brn","|","|-weather|SunnyDay|[upkeep]","|-heal|p2a: Mineturtle|61/343|[from] item: Leftovers","|-damage|p1a: Gyarados|52/331 brn|[from] brn","|turn|17","|","|detailschange|p1a: Gyarados|Gyarados-Mega, M","|-mega|p1a: Gyarados|Gyarados|Gyaradosite","|-ability|p1a: Gyarados|Mold Breaker","|move|p1a: Gyarados|Waterfall|p2a: Mineturtle","|-supereffective|p2a: Mineturtle","|-damage|p2a: Mineturtle|12/343","|move|p2a: Mineturtle|Lava Plume|p1a: Gyarados","|-resisted|p1a: Gyarados","|-damage|p1a: Gyarados|3/331 brn","|","|-weather|SunnyDay|[upkeep]","|-heal|p2a: Mineturtle|33/343|[from] item: Leftovers","|-damage|p1a: Gyarados|0 fnt|[from] brn","|faint|p1a: Gyarados","|","|switch|p1a: Cloyster|Cloyster, F|241/241","|-damage|p1a: Cloyster|181/241|[from] Stealth Rock","|turn|18","|","|move|p1a: Cloyster|Rock Blast|p2a: Mineturtle","|-supereffective|p2a: Mineturtle","|-damage|p2a: Mineturtle|1/343","|-supereffective|p2a: Mineturtle","|-damage|p2a: Mineturtle|0 fnt","|-hitcount|p2a: Mineturtle|2","|faint|p2a: Mineturtle","|","|-weather|none","|","|switch|p2a: Firebrows|Darmanitan, F|351/351","|turn|19","|","|move|p2a: Firebrows|Flare Blitz|p1a: Cloyster","|-damage|p1a: Cloyster|0 fnt","|-damage|p2a: Firebrows|291/351|[from] recoil|[of] p1a: Cloyster","|faint|p1a: Cloyster","|","|","|switch|p1a: Rotom-Wash|Rotom-Wash|303/303","|-damage|p1a: Rotom-Wash|266/303|[from] Stealth Rock","|turn|20","|","|move|p2a: Firebrows|Flare Blitz|p1a: Rotom-Wash","|-resisted|p1a: Rotom-Wash","|-damage|p1a: Rotom-Wash|145/303","|-damage|p2a: Firebrows|251/351|[from] recoil|[of] p1a: Rotom-Wash","|move|p1a: Rotom-Wash|Hydro Pump|p2a: Firebrows","|-supereffective|p2a: Firebrows","|-damage|p2a: Firebrows|0 fnt","|faint|p2a: Firebrows","|","|win|Recruiter♕Kingdra"],"p1rating":{"entryid":"7080447","serverid":"eos","formatid":"monotype","userid":"recruiterkingdra","username":"Recruiter♕Kingdra","w":59,"l":"55","t":"0","gxe":52.2,"r":"1518.7032948422","rd":"36.546749320857","sigma":"0","rptime":"1438333200","rpr":1516.7217581281,"rprd":35.388605459533,"rpsigma":"0","acre":1137.7963729576,"lacre":1137.7963729576,"oldacre":"1116.2331718448"},"p2rating":{"entryid":"7271227","serverid":"eos","formatid":"monotype","userid":"internblu98","username":"Intern Blu98","w":"2","l":3,"t":"0","gxe":42.8,"r":"1484.8197004068","rd":"117.29773533473","sigma":"0","rptime":"1438333200","rpr":1442.8880922357,"rprd":102.69237792757,"rpsigma":"0","acre":1050.7216155276,"lacre":1050.7216155276,"oldacre":"1068.1661825996"},"endType":"normal"}