{"seed":[13742,56401,168,5398],"turns":26,"p1":"DJ Biggie","p2":"Deucez - ⓛⓐⓓⓓⓔⓡⓘⓝⓖ","p1team":[{"name":"Faildra","species":"kingdra","item":"scopelens","ability":"Sniper","moves":["focusenergy","dracometeor","hydropump","agility"],"nature":"Modest","evs":{"hp":0,"atk":0,"def":4,"spa":252,"spd":0,"spe":252},"ivs":{"hp":31,"atk":31,"def":31,"spa":31,"spd":31,"spe":31}},{"name":"Hen + Tie","species":"tentacruel","item":"blacksludge","ability":"Liquid Ooze","moves":["scald","rapidspin","acidspray","knockoff"],"nature":"Timid","evs":{"hp":248,"atk":0,"def":216,"spa":0,"spd":28,"spe":16},"ivs":{"hp":31,"atk":31,"def":31,"spa":31,"spd":31,"spe":31}},{"name":"Kenny (The Bae)","species":"azumarill","item":"assaultvest","ability":"Sap Sipper","moves":["playrough","waterfall","aquajet","knockoff"],"nature":"Adamant","evs":{"hp":240,"atk":252,"def":0,"spa":0,"spd":16,"spe":0},"gender":"F","ivs":{"hp":31,"atk":31,"def":31,"spa":31,"spd":31,"spe":31}},{"name":"Slippy","species":"politoed","item":"choicespecs","ability":"Drizzle","moves":["scald","hydropump","hiddenpowergrass","mudbomb"],"nature":"Modest","evs":{"hp":248,"atk":0,"def":0,"spa":252,"spd":8,"spe":0},"ivs":{"hp":31,"atk":30,"def":31,"spa":30,"spd":31,"spe":31}},{"name":"Samba de Amigo","species":"ludicolo","item":"lifeorb","ability":"Swift Swim","moves":["hydropump","gigadrain","icebeam","focusblast"],"nature":"Modest","evs":{"hp":0,"atk":0,"def":0,"spa":252,"spd":4,"spe":252},"ivs":{"hp":31,"atk":31,"def":31,"spa":31,"spd":31,"spe":31}},{"name":"JUST DO IT!","species":"swampert","item":"swampertite","ability":"Damp","moves":["waterfall","earthquake","icepunch","poweruppunch"],"nature":"Adamant","evs":{"hp":0,"atk":252,"def":4,"spa":0,"spd":0,"spe":252},"ivs":{"hp":31,"atk":31,"def":31,"spa":31,"spd":31,"spe":31}}],"p2team":[{"name":"BlowJobs On Fleek","species":"hydreigon","item":"choicescarf","ability":"Levitate","moves":["flashcannon","darkpulse","fireblast","dragonpulse"],"nature":"Timid","evs":{"hp":4,"atk":0,"def":0,"spa":252,"spd":0,"spe":252},"gender":"M","shiny":true,"ivs":{"hp":31,"atk":31,"def":31,"spa":31,"spd":31,"spe":31}},{"name":"My Fap Essence","species":"goodra","item":"assaultvest","ability":"Gooey","moves":["thunderbolt","fireblast","sludgebomb","dragonpulse"],"nature":"Modest","evs":{"hp":248,"atk":0,"def":0,"spa":252,"spd":8,"spe":0},"gender":"F","ivs":{"hp":31,"atk":31,"def":31,"spa":31,"spd":31,"spe":31}},{"name":"Fite Mi Bro","species":"dragonite","item":"weaknesspolicy","ability":"Multiscale","moves":["dragondance","dragonclaw","extremespeed","earthquake"],"nature":"Adamant","evs":{"hp":0,"atk":252,"def":4,"spa":0,"spd":0,"spe":252},"gender":"M","shiny":true,"ivs":{"hp":31,"atk":31,"def":31,"spa":31,"spd":31,"spe":31}},{"name":"(ﾉ◕ヮ◕)ﾉ*:･ﾟ✧","species":"altaria","item":"altarianite","ability":"Natural Cure","moves":["frustration","dragondance","roost","healbell"],"nature":"Careful","evs":{"hp":0,"atk":4,"def":0,"spa":0,"spd":252,"spe":0},"gender":"M","shiny":true,"happiness":0,"ivs":{"hp":31,"atk":31,"def":31,"spa":31,"spd":31,"spe":31}},{"name":"(ง ͠° ͟ل͜ ͡°)ง","species":"kyuremblack","item":"leftovers","ability":"Teravolt","moves":["substitute","flashcannon","icebeam","dragonpulse"],"nature":"Modest","evs":{"hp":56,"atk":0,"def":0,"spa":216,"spd":0,"spe":236},"shiny":true,"ivs":{"hp":31,"atk":31,"def":31,"spa":31,"spd":31,"spe":31}},{"name":"｡◕‿‿◕｡","species":"latias","item":"lightclay","ability":"Levitate","moves":["defog","reflect","lightscreen","healingwish"],"nature":"Timid","evs":{"hp":248,"atk":0,"def":0,"spa":0,"spd":8,"spe":252},"ivs":{"hp":31,"atk":31,"def":31,"spa":31,"spd":31,"spe":31}}],"log":["|player|p1|DJ Biggie|109","|player|p2|Deucez - ⓛⓐⓓⓓⓔⓡⓘⓝⓖ|224","|gametype|singles","|gen|6","|tier|Monotype","|rated","|rule|Baton Pass Clause: Limit one Baton Passer, can't pass Spe and other stats simultaneously","|rule|Swagger Clause: Swagger is banned","|rule|Same Type Clause: Pokémon in a team must share a type","|clearpoke","|poke|p1|Kingdra, M","|poke|p1|Tentacruel, F","|poke|p1|Azumarill, F","|poke|p1|Politoed, M","|poke|p1|Ludicolo, F","|poke|p1|Swampert, F","|poke|p2|Hydreigon, M, shiny","|poke|p2|Goodra, F","|poke|p2|Dragonite, M, shiny","|poke|p2|Altaria, M, shiny","|poke|p2|Kyurem-Black, shiny","|poke|p2|Latias, F","|rule|Sleep Clause Mod: Limit one foe put to sleep","|rule|Species Clause: Limit one of each Pokémon","|rule|OHKO Clause: OHKO moves are banned","|rule|Moody Clause: Moody is banned","|rule|Evasion Moves Clause: Evasion moves are banned","|rule|Endless Battle Clause: Forcing endless battles is banned","|rule|HP Percentage Mod: HP is shown in percentages","|teampreview","|","|start","|switch|p1a: Slippy|Politoed, M|383/383","|switch|p2a: Fite Mi Bro|Dragonite, M, shiny|323/323","|-weather|RainDance","|turn|1","|","|move|p2a: Fite Mi Bro|Dragon Dance|p2a: Fite Mi Bro","|-boost|p2a: Fite Mi Bro|atk|1","|-boost|p2a: Fite Mi Bro|spe|1","|move|p1a: Slippy|Scald|p2a: Fite Mi Bro","|-resisted|p2a: Fite Mi Bro","|-damage|p2a: Fite Mi Bro|253/323","|-status|p2a: Fite Mi Bro|brn","|","|-weather|RainDance|[upkeep]","|-damage|p2a: Fite Mi Bro|213/323 brn|[from] brn","|turn|2","|","|switch|p1a: Kenny (The Bae)|Azumarill, F|401/401","|move|p2a: Fite Mi Bro|Dragon Dance|p2a: Fite Mi Bro","|-boost|p2a: Fite Mi Bro|atk|1","|-boost|p2a: Fite Mi Bro|spe|1","|","|-weather|RainDance|[upkeep]","|-damage|p2a: Fite Mi Bro|173/323 brn|[from] brn","|turn|3","|","|move|p2a: Fite Mi Bro|Extreme Speed|p1a: Kenny (The Bae)","|-damage|p1a: Kenny (The Bae)|275/401","|move|p1a: Kenny (The Bae)|Play Rough|p2a: Fite Mi Bro","|-supereffective|p2a: Fite Mi Bro","|-damage|p2a: Fite Mi Bro|0 fnt","|faint|p2a: Fite Mi Bro","|","|-weather|RainDance|[upkeep]","|","|switch|p2a: BlowJobs On Fleek|Hydreigon, M, shiny|326/326","|turn|4","|","|move|p2a: BlowJobs On Fleek|Flash Cannon|p1a: Kenny (The Bae)","|-damage|p1a: Kenny (The Bae)|207/401","|move|p1a: Kenny (The Bae)|Play Rough|p2a: BlowJobs On Fleek","|-supereffective|p2a: BlowJobs On Fleek","|-damage|p2a: BlowJobs On Fleek|0 fnt","|faint|p2a: BlowJobs On Fleek","|","|-weather|RainDance|[upkeep]","|","|switch|p2a: ｡◕‿‿◕｡|Latias, F|363/363","|turn|5","|","|move|p2a: ｡◕‿‿◕｡|Reflect|p2a: ｡◕‿‿◕｡","|-sidestart|p2: Deucez - ⓛⓐⓓⓓⓔⓡⓘⓝⓖ|Reflect","|move|p1a: Kenny (The Bae)|Play Rough|p2a: ｡◕‿‿◕｡","|-supereffective|p2a: ｡◕‿‿◕｡","|-damage|p2a: ｡◕‿‿◕｡|257/363","|-unboost|p2a: ｡◕‿‿◕｡|atk|1","|","|-weather|none","|turn|6","|","|move|p2a: ｡◕‿‿◕｡|Light Screen|p2a: ｡◕‿‿◕｡","|-sidestart|p2: Deucez - ⓛⓐⓓⓓⓔⓡⓘⓝⓖ|move: Light Screen","|move|p1a: Kenny (The Bae)|Knock Off|p2a: ｡◕‿‿◕｡","|-supereffective|p2a: ｡◕‿‿◕｡","|-damage|p2a: ｡◕‿‿◕｡|179/363","|-enditem|p2a: ｡◕‿‿◕｡|Light Clay|[from] move: Knock Off|[of] p1a: Kenny (The Bae)","|","|turn|7","|","|switch|p1a: Slippy|Politoed, M|383/383","|-weather|RainDance","|move|p2a: ｡◕‿‿◕｡|Healing Wish|p2a: ｡◕‿‿◕｡","|faint|p2a: ｡◕‿‿◕｡","|","|-weather|RainDance|[upkeep]","|","|switch|p2a: (ง ͠° ͟ل͜ ͡°)ง|Kyurem-Black, shiny|405/405","|-heal|p2a: (ง ͠° ͟ل͜ ͡°)ง|405/405|[from] move: Healing Wish","|-ability|p2a: (ง ͠° ͟ل͜ ͡°)ง|Teravolt","|turn|8","|","|move|p2a: (ง ͠° ͟ل͜ ͡°)ง|Substitute|p2a: (ง ͠° ͟ل͜ ͡°)ง","|-start|p2a: (ง ͠° ͟ل͜ ͡°)ง|Substitute","|-damage|p2a: (ง ͠° ͟ل͜ ͡°)ง|304/405","|move|p1a: Slippy|Scald|p2a: (ง ͠° ͟ل͜ ͡°)ง","|-resisted|p2a: (ง ͠° ͟ل͜ ͡°)ง","|-activate|p2a: (ง ͠° ͟ل͜ ͡°)ง|Substitute|[damage]","|","|-weather|RainDance|[upkeep]","|-heal|p2a: (ง ͠° ͟ل͜ ͡°)ง|329/405|[from] item: Leftovers","|turn|9","|","|switch|p1a: Hen + Tie|Tentacruel, F|363/363","|move|p2a: (ง ͠° ͟ل͜ ͡°)ง|Dragon Pulse|p1a: Hen + Tie","|-damage|p1a: Hen + Tie|225/363","|","|-weather|RainDance|[upkeep]","|-heal|p2a: (ง ͠° ͟ل͜ ͡°)ง|354/405|[from] item: Leftovers","|-heal|p1a: Hen + Tie|247/363|[from] item: Black Sludge","|turn|10","|","|move|p2a: (ง ͠° ͟ل͜ ͡°)ง|Dragon Pulse|p1a: Hen + Tie","|-damage|p1a: Hen + Tie|108/363","|move|p1a: Hen + Tie|Knock Off|p2a: (ง ͠° ͟ل͜ ͡°)ง","|-activate|p2a: (ง ͠° ͟ل͜ ͡°)ง|Substitute|[damage]","|","|-weather|RainDance|[upkeep]","|-heal|p2a: (ง ͠° ͟ل͜ ͡°)ง|379/405|[from] item: Leftovers","|-heal|p1a: Hen + Tie|130/363|[from] item: Black Sludge","|turn|11","|","|switch|p1a: Kenny (The Bae)|Azumarill, F|207/401","|move|p2a: (ง ͠° ͟ل͜ ͡°)ง|Ice Beam|p1a: Kenny (The Bae)","|-resisted|p1a: Kenny (The Bae)","|-damage|p1a: Kenny (The Bae)|138/401","|","|-weather|none","|-heal|p2a: (ง ͠° ͟ل͜ ͡°)ง|404/405|[from] item: Leftovers","|turn|12","|","|move|p2a: (ง ͠° ͟ل͜ ͡°)ง|Flash Cannon|p1a: Kenny (The Bae)","|-damage|p1a: Kenny (The Bae)|68/401","|move|p1a: Kenny (The Bae)|Play Rough|p2a: (ง ͠° ͟ل͜ ͡°)ง","|-supereffective|p2a: (ง ͠° ͟ل͜ ͡°)ง","|-end|p2a: (ง ͠° ͟ل͜ ͡°)ง|Substitute","|","|-heal|p2a: (ง ͠° ͟ل͜ ͡°)ง|405/405|[from] item: Leftovers","|-sideend|p2: Deucez - ⓛⓐⓓⓓⓔⓡⓘⓝⓖ|Reflect","|turn|13","|","|move|p2a: (ง ͠° ͟ل͜ ͡°)ง|Flash Cannon|p1a: Kenny (The Bae)","|-damage|p1a: Kenny (The Bae)|0 fnt","|faint|p1a: Kenny (The Bae)","|","|-sideend|p2: Deucez - ⓛⓐⓓⓓⓔⓡⓘⓝⓖ|move: Light Screen","|","|switch|p1a: Slippy|Politoed, M|383/383","|-weather|RainDance","|turn|14","|","|switch|p1a: Hen + Tie|Tentacruel, F|130/363","|move|p2a: (ง ͠° ͟ل͜ ͡°)ง|Substitute|p2a: (ง ͠° ͟ل͜ ͡°)ง","|-start|p2a: (ง ͠° ͟ل͜ ͡°)ง|Substitute","|-damage|p2a: (ง ͠° ͟ل͜ ͡°)ง|304/405","|","|-weather|RainDance|[upkeep]","|-heal|p2a: (ง ͠° ͟ل͜ ͡°)ง|329/405|[from] item: Leftovers","|-heal|p1a: Hen + Tie|152/363|[from] item: Black Sludge","|turn|15","|","|move|p2a: (ง ͠° ͟ل͜ ͡°)ง|Dragon Pulse|p1a: Hen + Tie","|-damage|p1a: Hen + Tie|34/363","|move|p1a: Hen + Tie|Scald|p2a: (ง ͠° ͟ل͜ ͡°)ง","|-resisted|p2a: (ง ͠° ͟ل͜ ͡°)ง","|-activate|p2a: (ง ͠° ͟ل͜ ͡°)ง|Substitute|[damage]","|","|-weather|RainDance|[upkeep]","|-heal|p2a: (ง ͠° ͟ل͜ ͡°)ง|354/405|[from] item: Leftovers","|-heal|p1a: Hen + Tie|56/363|[from] item: Black Sludge","|turn|16","|","|move|p2a: (ง ͠° ͟ل͜ ͡°)ง|Dragon Pulse|p1a: Hen + Tie","|-damage|p1a: Hen + Tie|0 fnt","|faint|p1a: Hen + Tie","|","|-weather|RainDance|[upkeep]","|-heal|p2a: (ง ͠° ͟ل͜ ͡°)ง|379/405|[from] item: Leftovers","|","|switch|p1a: Samba de Amigo|Ludicolo, F|301/301","|turn|17","|","|move|p1a: Samba de Amigo|Ice Beam|p2a: (ง ͠° ͟ل͜ ͡°)ง","|-end|p2a: (ง ͠° ͟ل͜ ͡°)ง|Substitute","|-damage|p1a: Samba de Amigo|271/301|[from] item: Life Orb","|move|p2a: (ง ͠° ͟ل͜ ͡°)ง|Dragon Pulse|p1a: Samba de Amigo","|-damage|p1a: Samba de Amigo|105/301","|","|-weather|RainDance|[upkeep]","|-heal|p2a: (ง ͠° ͟ل͜ ͡°)ง|404/405|[from] item: Leftovers","|turn|18","|","|move|p1a: Samba de Amigo|Ice Beam|p2a: (ง ͠° ͟ل͜ ͡°)ง","|-damage|p2a: (ง ͠° ͟ل͜ ͡°)ง|268/405","|-damage|p1a: Samba de Amigo|75/301|[from] item: Life Orb","|move|p2a: (ง ͠° ͟ل͜ ͡°)ง|Dragon Pulse|p1a: Samba de Amigo","|-damage|p1a: Samba de Amigo|0 fnt","|faint|p1a: Samba de Amigo","|","|-weather|none","|-heal|p2a: (ง ͠° ͟ل͜ ͡°)ง|293/405|[from] item: Leftovers","|","|switch|p1a: Slippy|Politoed, M|383/383","|-weather|RainDance","|turn|19","|","|move|p2a: (ง ͠° ͟ل͜ ͡°)ง|Dragon Pulse|p1a: Slippy","|-damage|p1a: Slippy|229/383","|move|p1a: Slippy|Hydro Pump|p2a: (ง ͠° ͟ل͜ ͡°)ง|[miss]","|-miss|p1a: Slippy|p2a: (ง ͠° ͟ل͜ ͡°)ง","|","|-weather|RainDance|[upkeep]","|-heal|p2a: (ง ͠° ͟ل͜ ͡°)ง|318/405|[from] item: Leftovers","|turn|20","|","|switch|p1a: JUST DO IT!|Swampert, F|341/341","|move|p2a: (ง ͠° ͟ل͜ ͡°)ง|Dragon Pulse|p1a: JUST DO IT!","|-damage|p1a: JUST DO IT!|185/341","|","|-weather|RainDance|[upkeep]","|-heal|p2a: (ง ͠° ͟ل͜ ͡°)ง|343/405|[from] item: Leftovers","|turn|21","|","|move|p2a: (ง ͠° ͟ل͜ ͡°)ง|Substitute|p2a: (ง ͠° ͟ل͜ ͡°)ง","|-start|p2a: (ง ͠° ͟ل͜ ͡°)ง|Substitute","|-damage|p2a: (ง ͠° ͟ل͜ ͡°)ง|242/405","|move|p1a: JUST DO IT!|Power-Up Punch|p2a: (ง ͠° ͟ل͜ ͡°)ง","|-supereffective|p2a: (ง ͠° ͟ل͜ ͡°)ง","|-activate|p2a: (ง ͠° ͟ل͜ ͡°)ง|Substitute|[damage]","|-boost|p1a: JUST DO IT!|atk|1","|","|-weather|RainDance|[upkeep]","|-heal|p2a: (ง ͠° ͟ل͜ ͡°)ง|267/405|[from] item: Leftovers","|turn|22","|","|detailschange|p1a: JUST DO IT!|Swampert-Mega, F","|-mega|p1a: JUST DO IT!|Swampert|Swampertite","|move|p2a: (ง ͠° ͟ل͜ ͡°)ง|Dragon Pulse|p1a: JUST DO IT!","|-damage|p1a: JUST DO IT!|40/341","|move|p1a: JUST DO IT!|Ice Punch|p2a: (ง ͠° ͟ل͜ ͡°)ง","|-crit|p2a: (ง ͠° ͟ل͜ ͡°)ง","|-end|p2a: (ง ͠° ͟ل͜ ͡°)ง|Substitute","|","|-weather|RainDance|[upkeep]","|-heal|p2a: (ง ͠° ͟ل͜ ͡°)ง|292/405|[from] item: Leftovers","|turn|23","|","|move|p1a: JUST DO IT!|Ice Punch|p2a: (ง ͠° ͟ل͜ ͡°)ง","|-damage|p2a: (ง ͠° ͟ل͜ ͡°)ง|139/405","|move|p2a: (ง ͠° ͟ل͜ ͡°)ง|Dragon Pulse|p1a: JUST DO IT!","|-damage|p1a: JUST DO IT!|0 fnt","|faint|p1a: JUST DO IT!","|","|-weather|none","|-heal|p2a: (ง ͠° ͟ل͜ ͡°)ง|164/405|[from] item: Leftovers","|","|switch|p1a: Faildra|Kingdra, M|291/291","|turn|24","|","|move|p2a: (ง ͠° ͟ل͜ ͡°)ง|Dragon Pulse|p1a: Faildra","|-supereffective|p1a: Faildra","|-damage|p1a: Faildra|0 fnt","|faint|p1a: Faildra","|","|-heal|p2a: (ง ͠° ͟ل͜ ͡°)ง|189/405|[from] item: Leftovers","|","|switch|p1a: Slippy|Politoed, M|229/383","|-weather|RainDance","|turn|25","|","|move|p2a: (ง ͠° ͟ل͜ ͡°)ง|Dragon Pulse|p1a: Slippy","|-damage|p1a: Slippy|88/383","|move|p1a: Slippy|Scald|p2a: (ง ͠° ͟ل͜ ͡°)ง","|-resisted|p2a: (ง ͠° ͟ل͜ ͡°)ง","|-damage|p2a: (ง ͠° ͟ل͜ ͡°)ง|32/405","|-status|p2a: (ง ͠° ͟ل͜ ͡°)ง|brn","|","|-weather|RainDance|[upkeep]","|-heal|p2a: (ง ͠° ͟ل͜ ͡°)ง|57/405 brn|[from] item: Leftovers","|-damage|p2a: (ง ͠° ͟ل͜ ͡°)ง|7/405 brn|[from] brn","|turn|26","|","|move|p2a: (ง ͠° ͟ل͜ ͡°)ง|Dragon Pulse|p1a: Slippy","|-damage|p1a: Slippy|0 fnt","|faint|p1a: Slippy","|","|win|Deucez - ⓛⓐⓓⓓⓔⓡⓘⓝⓖ"],"p1rating":{"entryid":"7236327","serverid":"eos","formatid":"monotype","userid":"djbiggie","username":"DJ Biggie","w":"10","l":6,"t":"0","gxe":56.9,"r":"1533.7744725796","rd":"92.014299578768","sigma":"0","rptime":"1438246800","rpr":1553.2984658363,"rprd":74.915670016559,"rpsigma":"0","acre":1161.1913155321,"lacre":1161.1913155321,"oldacre":"1190.667646894"},"p2rating":{"entryid":"7192012","serverid":"eos","formatid":"monotype","userid":"deucez","username":"Deucez","w":11,"l":"12","t":"0","gxe":49.1,"r":"1465.9508419661","rd":"75.548432933087","sigma":"0","rptime":"1438246800","rpr":1492.9988848144,"rprd":66.768197845453,"rpsigma":"0","acre":1157.2566039149,"lacre":1157.2566039149,"oldacre":"1127.780272553"},"endType":"normal"}