{"seed":[48972,39811,30457,20149],"turns":27,"p1":"Deucez - ⓕⓐⓟⓟⓘⓝⓖ","p2":"Leaf 2.0","p1team":[{"name":"Aegislash","species":"Aegislash","item":"weaknesspolicy","ability":"Stance Change","moves":["kingsshield","swordsdance","shadowsneak","sacredsword"],"nature":"Adamant","evs":{"hp":252,"atk":252,"def":0,"spa":0,"spd":4,"spe":0},"gender":"M","ivs":{"hp":31,"atk":31,"def":31,"spa":31,"spd":31,"spe":0},"shiny":true},{"name":"Gengar","species":"Gengar","item":"focussash","ability":"Levitate","moves":["sludgewave","focusblast","shadowball","destinybond"],"nature":"Timid","evs":{"hp":0,"atk":0,"def":0,"spa":252,"spd":4,"spe":252},"gender":"M","shiny":true,"ivs":{"hp":31,"atk":31,"def":31,"spa":31,"spd":31,"spe":31}},{"name":"Jellicent","species":"Jellicent","item":"leftovers","ability":"Cursed Body","moves":["toxic","acidarmor","scald","recover"],"nature":"Calm","evs":{"hp":252,"atk":0,"def":4,"spa":0,"spd":252,"spe":0},"gender":"M","shiny":true,"ivs":{"hp":31,"atk":31,"def":31,"spa":31,"spd":31,"spe":31}},{"name":"Chandelure","species":"Chandelure","item":"choicescarf","ability":"Infiltrator","moves":["fireblast","energyball","darkpulse","shadowball"],"nature":"Modest","evs":{"hp":4,"atk":0,"def":0,"spa":252,"spd":0,"spe":252},"gender":"M","shiny":true,"ivs":{"hp":31,"atk":31,"def":31,"spa":31,"spd":31,"spe":31}},{"name":"Sableye","species":"Sableye","item":"sablenite","ability":"Prankster","moves":["calmmind","snarl","recover","willowisp"],"nature":"Bold","evs":{"hp":252,"atk":0,"def":252,"spa":0,"spd":4,"spe":0},"gender":"M","shiny":true,"ivs":{"hp":31,"atk":31,"def":31,"spa":31,"spd":31,"spe":31}},{"name":"Golurk","species":"Golurk","item":"lifeorb","ability":"No Guard","moves":["rockpolish","earthquake","dynamicpunch","icepunch"],"nature":"Adamant","evs":{"hp":4,"atk":252,"def":0,"spa":0,"spd":0,"spe":252},"shiny":true,"ivs":{"hp":31,"atk":31,"def":31,"spa":31,"spd":31,"spe":31}}],"p2team":[{"name":"Claire Buggy","species":"galvantula","item":"focussash","ability":"Compound Eyes","moves":["stickyweb","bugbuzz","thunder","gigadrain"],"nature":"Timid","evs":{"hp":0,"atk":0,"def":0,"spa":252,"spd":4,"spe":252},"ivs":{"hp":31,"atk":0,"def":31,"spa":31,"spd":31,"spe":31}},{"name":"Claire Mousey","species":"dedenne","item":"petayaberry","ability":"Cheek Pouch","moves":["grassknot","thunderbolt","hiddenpowerice","uturn"],"nature":"Timid","evs":{"hp":4,"atk":0,"def":0,"spa":252,"spd":0,"spe":252},"ivs":{"hp":31,"atk":30,"def":30,"spa":31,"spd":31,"spe":31}},{"name":"Claire Washy","species":"rotomwash","item":"leftovers","ability":"Levitate","moves":["hydropump","willowisp","voltswitch","painsplit"],"nature":"Bold","evs":{"hp":252,"atk":0,"def":252,"spa":4,"spd":0,"spe":0},"ivs":{"hp":31,"atk":0,"def":31,"spa":31,"spd":31,"spe":31}},{"name":"Claire Snakey","species":"eelektross","item":"choicescarf","ability":"Levitate","moves":["thunderpunch","aquatail","gigadrain","flamethrower"],"nature":"Mild","evs":{"hp":0,"atk":0,"def":0,"spa":252,"spd":0,"spe":252},"ivs":{"hp":31,"atk":31,"def":31,"spa":31,"spd":31,"spe":31}},{"name":"Claire Fishy","species":"stunfisk","item":"leftovers","ability":"Limber","moves":["thunderwave","stealthrock","discharge","earthpower"],"nature":"Calm","evs":{"hp":252,"atk":0,"def":0,"spa":0,"spd":252,"spe":0},"ivs":{"hp":31,"atk":0,"def":31,"spa":31,"spd":31,"spe":31}},{"name":"Claire Thingy","species":"electivire","item":"choicescarf","ability":"Motor Drive","moves":["wildcharge","earthquake","icepunch","lowkick"],"nature":"Adamant","evs":{"hp":0,"atk":252,"def":0,"spa":0,"spd":4,"spe":252},"ivs":{"hp":31,"atk":31,"def":31,"spa":31,"spd":31,"spe":31}}],"log":["|player|p1|Deucez - ⓕⓐⓟⓟⓘⓝⓖ|224","|player|p2|Leaf 2.0|leaf20.gif","|gametype|singles","|gen|6","|tier|Monotype","|rated","|rule|Baton Pass Clause: Limit one Baton Passer, can't pass Spe and other stats simultaneously","|rule|Swagger Clause: Swagger is banned","|rule|Same Type Clause: Pokémon in a team must share a type","|clearpoke","|poke|p1|Aegislash, M, shiny","|poke|p1|Gengar, M, shiny","|poke|p1|Jellicent, M, shiny","|poke|p1|Chandelure, M, shiny","|poke|p1|Sableye, M, shiny","|poke|p1|Golurk, shiny","|poke|p2|Galvantula, M","|poke|p2|Dedenne, M","|poke|p2|Rotom-Wash","|poke|p2|Eelektross, M","|poke|p2|Stunfisk, F","|poke|p2|Electivire, M","|rule|Sleep Clause Mod: Limit one foe put to sleep","|rule|Species Clause: Limit one of each Pokémon","|rule|OHKO Clause: OHKO moves are banned","|rule|Moody Clause: Moody is banned","|rule|Evasion Moves Clause: Evasion moves are banned","|rule|Endless Battle Clause: Forcing endless battles is banned","|rule|HP Percentage Mod: HP is shown in percentages","|teampreview","|","|start","|switch|p1a: Aegislash|Aegislash, M, shiny|324/324","|switch|p2a: Claire Buggy|Galvantula, M|281/281","|turn|1","|","|move|p2a: Claire Buggy|Sticky Web|p1a: Aegislash","|-sidestart|p1: Deucez - ⓕⓐⓟⓟⓘⓝⓖ|move: Sticky Web","|move|p1a: Aegislash|Swords Dance|p1a: Aegislash","|-boost|p1a: Aegislash|atk|2","|","|turn|2","|","|switch|p2a: Claire Washy|Rotom-Wash|304/304","|-formechange|p1a: Aegislash|Aegislash-Blade","|move|p1a: Aegislash|Shadow Sneak|p2a: Claire Washy","|-damage|p2a: Claire Washy|193/304","|","|-heal|p2a: Claire Washy|212/304|[from] item: Leftovers","|turn|3","|","|-formechange|p1a: Aegislash|Aegislash","|move|p1a: Aegislash|King's Shield|p1a: Aegislash","|-singleturn|p1a: Aegislash|Protect","|move|p2a: Claire Washy|Will-O-Wisp|p1a: Aegislash","|-status|p1a: Aegislash|brn","|","|-heal|p2a: Claire Washy|231/304|[from] item: Leftovers","|-damage|p1a: Aegislash|284/324 brn|[from] brn","|turn|4","|","|move|p2a: Claire Washy|Pain Split|p1a: Aegislash","|-sethp|p1a: Aegislash|257/324 brn|p2a: Claire Washy|257/304|[from] move: Pain Split","|move|p1a: Aegislash|Swords Dance|p1a: Aegislash","|-boost|p1a: Aegislash|atk|2","|","|-heal|p2a: Claire Washy|276/304|[from] item: Leftovers","|-damage|p1a: Aegislash|217/324 brn|[from] brn","|turn|5","|","|move|p2a: Claire Washy|Hydro Pump|p1a: Aegislash","|-damage|p1a: Aegislash|118/324 brn","|move|p1a: Aegislash|Swords Dance|p1a: Aegislash","|-boost|p1a: Aegislash|atk|2","|","|-heal|p2a: Claire Washy|295/304|[from] item: Leftovers","|-damage|p1a: Aegislash|78/324 brn|[from] brn","|turn|6","|","|-formechange|p1a: Aegislash|Aegislash-Blade","|move|p1a: Aegislash|Shadow Sneak|p2a: Claire Washy","|-crit|p2a: Claire Washy","|-damage|p2a: Claire Washy|117/304","|move|p2a: Claire Washy|Hydro Pump|p1a: Aegislash","|-damage|p1a: Aegislash|0 fnt","|faint|p1a: Aegislash","|","|-heal|p2a: Claire Washy|136/304|[from] item: Leftovers","|","|switch|p1a: Golurk|Golurk, shiny|320/320","|-activate|p1a: Golurk|move: Sticky Web","|-unboost|p1a: Golurk|spe|1","|turn|7","|","|move|p2a: Claire Washy|Will-O-Wisp|p1a: Golurk","|-status|p1a: Golurk|brn","|move|p1a: Golurk|Dynamic Punch|p2a: Claire Washy","|-damage|p2a: Claire Washy|75/304","|-start|p2a: Claire Washy|confusion","|-damage|p1a: Golurk|288/320 brn|[from] item: Life Orb","|","|-heal|p2a: Claire Washy|94/304|[from] item: Leftovers","|-damage|p1a: Golurk|248/320 brn|[from] brn","|turn|8","|","|-activate|p2a: Claire Washy|confusion","|move|p2a: Claire Washy|Pain Split|p1a: Golurk","|-sethp|p1a: Golurk|171/320 brn|p2a: Claire Washy|171/304|[from] move: Pain Split","|move|p1a: Golurk|Dynamic Punch|p2a: Claire Washy","|-damage|p2a: Claire Washy|119/304","|-damage|p1a: Golurk|139/320 brn|[from] item: Life Orb","|","|-heal|p2a: Claire Washy|138/304|[from] item: Leftovers","|-damage|p1a: Golurk|99/320 brn|[from] brn","|turn|9","|","|-activate|p2a: Claire Washy|confusion","|move|p2a: Claire Washy|Hydro Pump|p1a: Golurk","|-supereffective|p1a: Golurk","|-damage|p1a: Golurk|0 fnt","|faint|p1a: Golurk","|","|-heal|p2a: Claire Washy|157/304|[from] item: Leftovers","|","|switch|p1a: Chandelure|Chandelure, M, shiny|262/262","|-activate|p1a: Chandelure|move: Sticky Web","|-unboost|p1a: Chandelure|spe|1","|turn|10","|","|switch|p2a: Claire Fishy|Stunfisk, F|422/422","|move|p1a: Chandelure|Energy Ball|p2a: Claire Fishy","|-supereffective|p2a: Claire Fishy","|-damage|p2a: Claire Fishy|230/422","|","|-heal|p2a: Claire Fishy|256/422|[from] item: Leftovers","|turn|11","|","|move|p1a: Chandelure|Energy Ball|p2a: Claire Fishy","|-supereffective|p2a: Claire Fishy","|-damage|p2a: Claire Fishy|74/422","|move|p2a: Claire Fishy|Earth Power|p1a: Chandelure","|-supereffective|p1a: Chandelure","|-damage|p1a: Chandelure|58/262","|","|-heal|p2a: Claire Fishy|100/422|[from] item: Leftovers","|turn|12","|","|switch|p2a: Claire Buggy|Galvantula, M|281/281","|move|p1a: Chandelure|Energy Ball|p2a: Claire Buggy","|-resisted|p2a: Claire Buggy","|-damage|p2a: Claire Buggy|181/281","|-unboost|p2a: Claire Buggy|spd|1","|","|turn|13","|","|move|p2a: Claire Buggy|Thunder|p1a: Chandelure","|-damage|p1a: Chandelure|0 fnt","|faint|p1a: Chandelure","|","|","|switch|p1a: Sableye|Sableye, M, shiny|304/304","|-activate|p1a: Sableye|move: Sticky Web","|-unboost|p1a: Sableye|spe|1","|turn|14","|","|move|p1a: Sableye|Calm Mind|p1a: Sableye","|-boost|p1a: Sableye|spa|1","|-boost|p1a: Sableye|spd|1","|move|p2a: Claire Buggy|Thunder|p1a: Sableye","|-damage|p1a: Sableye|145/304","|","|turn|15","|","|move|p1a: Sableye|Calm Mind|p1a: Sableye","|-boost|p1a: Sableye|spa|1","|-boost|p1a: Sableye|spd|1","|move|p2a: Claire Buggy|Thunder|p1a: Sableye","|-damage|p1a: Sableye|28/304","|-status|p1a: Sableye|par","|","|turn|16","|","|move|p1a: Sableye|Recover|p1a: Sableye","|-heal|p1a: Sableye|180/304 par","|move|p2a: Claire Buggy|Thunder|p1a: Sableye|[miss]","|-miss|p2a: Claire Buggy|p1a: Sableye","|","|turn|17","|","|switch|p2a: Claire Fishy|Stunfisk, F|100/422","|detailschange|p1a: Sableye|Sableye-Mega, M, shiny","|-mega|p1a: Sableye|Sableye|Sablenite","|move|p1a: Sableye|Recover|p1a: Sableye","|-heal|p1a: Sableye|304/304 par","|","|-heal|p2a: Claire Fishy|126/422|[from] item: Leftovers","|turn|18","|","|move|p2a: Claire Fishy|Discharge|p1a: Sableye","|-damage|p1a: Sableye|268/304 par","|move|p1a: Sableye|Snarl|p2a: Claire Fishy","|-damage|p2a: Claire Fishy|41/422","|-unboost|p2a: Claire Fishy|spa|1","|","|-heal|p2a: Claire Fishy|67/422|[from] item: Leftovers","|turn|19","|","|move|p2a: Claire Fishy|Earth Power|p1a: Sableye","|-damage|p1a: Sableye|241/304 par","|move|p1a: Sableye|Calm Mind|p1a: Sableye","|-boost|p1a: Sableye|spa|1","|-boost|p1a: Sableye|spd|1","|","|-heal|p2a: Claire Fishy|93/422|[from] item: Leftovers","|turn|20","|","|switch|p2a: Claire Washy|Rotom-Wash|157/304","|move|p1a: Sableye|Calm Mind|p1a: Sableye","|-boost|p1a: Sableye|spa|1","|-boost|p1a: Sableye|spd|1","|","|-heal|p2a: Claire Washy|176/304|[from] item: Leftovers","|turn|21","|","|move|p2a: Claire Washy|Pain Split|p1a: Sableye","|-sethp|p1a: Sableye|208/304 par|p2a: Claire Washy|208/304|[from] move: Pain Split","|move|p1a: Sableye|Snarl|p2a: Claire Washy","|-crit|p2a: Claire Washy","|-damage|p2a: Claire Washy|0 fnt","|faint|p2a: Claire Washy","|","|","|switch|p2a: Claire Thingy|Electivire, M|291/291","|turn|22","|","|move|p2a: Claire Thingy|Wild Charge|p1a: Sableye","|-damage|p1a: Sableye|94/304 par","|-damage|p2a: Claire Thingy|262/291|[from] recoil|[of] p1a: Sableye","|move|p1a: Sableye|Will-O-Wisp|p2a: Claire Thingy","|-status|p2a: Claire Thingy|brn","|","|-damage|p2a: Claire Thingy|226/291 brn|[from] brn","|turn|23","|","|move|p2a: Claire Thingy|Wild Charge|p1a: Sableye","|-damage|p1a: Sableye|37/304 par","|-damage|p2a: Claire Thingy|212/291 brn|[from] recoil|[of] p1a: Sableye","|move|p1a: Sableye|Recover|p1a: Sableye","|-heal|p1a: Sableye|189/304 par","|","|-damage|p2a: Claire Thingy|176/291 brn|[from] brn","|turn|24","|","|switch|p2a: Claire Snakey|Eelektross, M|311/311","|move|p1a: Sableye|Recover|p1a: Sableye","|-heal|p1a: Sableye|304/304 par","|","|turn|25","|","|move|p2a: Claire Snakey|Flamethrower|p1a: Sableye","|-damage|p1a: Sableye|274/304 par","|move|p1a: Sableye|Calm Mind|p1a: Sableye","|-boost|p1a: Sableye|spa|1","|-boost|p1a: Sableye|spd|1","|","|turn|26","|","|switch|p2a: Claire Buggy|Galvantula, M|181/281","|move|p1a: Sableye|Calm Mind|p1a: Sableye","|-boost|p1a: Sableye|spa|1","|-boost|p1a: Sableye|spd|1","|","|turn|27","|","|switch|p2a: Claire Fishy|Stunfisk, F|93/422","|move|p1a: Sableye|Snarl|p2a: Claire Fishy","|-damage|p2a: Claire Fishy|0 fnt","|faint|p2a: Claire Fishy","|","|","|win|Deucez - ⓕⓐⓟⓟⓘⓝⓖ"],"p1rating":{"entryid":"7192012","serverid":"eos","formatid":"monotype","userid":"deucez","username":"Deucez","w":9,"l":"12","t":"0","gxe":44.8,"r":"1465.9508419661","rd":"75.548432933087","sigma":"0","rptime":"1438246800","rpr":1459.7055559962,"rprd":68.876518868991,"rpsigma":"0","acre":1095.4304354515,"lacre":1095.4304354515,"oldacre":"1060.798113225"},"p2rating":{"entryid":"7138777","serverid":"eos","formatid":"monotype","userid":"leaf20","username":"Leaf 2.0","w":"4","l":4,"t":"0","gxe":47.1,"r":"1504.2072551779","rd":"95.615047369424","sigma":"0","rptime":"1438246800","rpr":1477.7619935015,"rprd":92.399843660818,"rpsigma":"0","acre":1075.1845180452,"lacre":1075.1845180452,"oldacre":"1103.2220867167"},"endType":"forfeit"}