{"seed":[27069,44744,53059,19998],"turns":23,"p1":"Emg Storm34","p2":"Traine✘ Jacobot","p1team":[{"name":"Bisharp","species":"Bisharp","item":"expertbelt","ability":"Defiant","moves":["suckerpunch","ironhead","aerialace","knockoff"],"nature":"Adamant","evs":{"hp":248,"atk":252,"def":0,"spa":0,"spd":8,"spe":0},"ivs":{"hp":31,"atk":31,"def":31,"spa":31,"spd":31,"spe":31}},{"name":"Sableye","species":"Sableye","item":"sablenite","ability":"Prankster","moves":["willowisp","recover","calmmind","psychic"],"nature":"Serious","evs":{"hp":252,"atk":0,"def":212,"spa":0,"spd":44,"spe":0},"ivs":{"hp":31,"atk":31,"def":31,"spa":31,"spd":31,"spe":31}},{"name":"Honchkrow","species":"Honchkrow","item":"lifeorb","ability":"Moxie","moves":["suckerpunch","bravebird","superpower","roost"],"nature":"Adamant","evs":{"hp":248,"atk":252,"def":0,"spa":0,"spd":8,"spe":0},"ivs":{"hp":31,"atk":31,"def":31,"spa":31,"spd":31,"spe":31}},{"name":"Hydreigon","species":"Hydreigon","item":"choicescarf","ability":"Levitate","moves":["flashcannon","flamethrower","earthpower","dracometeor"],"nature":"Timid","evs":{"hp":0,"atk":0,"def":0,"spa":252,"spd":4,"spe":252},"ivs":{"hp":31,"atk":31,"def":31,"spa":31,"spd":31,"spe":31}},{"name":"Umbreon","species":"Umbreon","item":"leftovers","ability":"Synchronize","moves":["wish","toxic","healbell","batonpass"],"nature":"Calm","evs":{"hp":248,"atk":0,"def":8,"spa":0,"spd":252,"spe":0},"ivs":{"hp":31,"atk":31,"def":31,"spa":31,"spd":31,"spe":31}},{"name":"Mandibuzz","species":"Mandibuzz","item":"rockyhelmet","ability":"Overcoat","moves":["whirlwind","roost","toxic","bravebird"],"nature":"Impish","evs":{"hp":248,"atk":8,"def":252,"spa":0,"spd":0,"spe":0},"ivs":{"hp":31,"atk":31,"def":31,"spa":31,"spd":31,"spe":31}}],"p2team":[{"name":"Big Bad Bug","species":"yanmega","item":"expertbelt","ability":"Speed Boost","moves":["airslash","ancientpower","bugbuzz","gigadrain"],"nature":"Modest","evs":{"hp":0,"atk":0,"def":0,"spa":252,"spd":4,"spe":252},"gender":"M","ivs":{"hp":31,"atk":31,"def":31,"spa":31,"spd":31,"spe":31}},{"name":"Golden Guy","species":"forretress","item":"quickclaw","ability":"Sturdy","moves":["stealthrock","rapidspin","toxicspikes","gyroball"],"nature":"Relaxed","evs":{"hp":248,"atk":8,"def":252,"spa":0,"spd":0,"spe":0},"gender":"M","ivs":{"hp":31,"atk":31,"def":31,"spa":31,"spd":31,"spe":0},"shiny":true,"happiness":0},{"name":"Mr Clamps","species":"scizor","item":"scizorite","ability":"Technician","moves":["swordsdance","bulletpunch","pursuit","aerialace"],"nature":"Adamant","evs":{"hp":248,"atk":252,"def":0,"spa":0,"spd":8,"spe":0},"gender":"M","ivs":{"hp":31,"atk":31,"def":31,"spa":31,"spd":31,"spe":31}},{"name":"Rollin Along","species":"scolipede","item":"assaultvest","ability":"Speed Boost","moves":["earthquake","aquatail","poisonjab","megahorn"],"nature":"Adamant","evs":{"hp":0,"atk":252,"def":0,"spa":0,"spd":4,"spe":252},"gender":"M","shiny":true,"ivs":{"hp":31,"atk":31,"def":31,"spa":31,"spd":31,"spe":31}},{"name":"Spiderman","species":"galvantula","item":"focussash","ability":"Compound Eyes","moves":["bugbuzz","stickyweb","thunder","energyball"],"nature":"Timid","evs":{"hp":0,"atk":0,"def":0,"spa":252,"spd":4,"spe":252},"gender":"M","shiny":true,"ivs":{"hp":31,"atk":31,"def":31,"spa":31,"spd":31,"spe":31}},{"name":"Feel The Burn","species":"volcarona","item":"focussash","ability":"Flame Body","moves":["bugbuzz","fierydance","quiverdance","psychic"],"nature":"Modest","evs":{"hp":0,"atk":0,"def":0,"spa":252,"spd":4,"spe":252},"gender":"M","shiny":true,"ivs":{"hp":31,"atk":31,"def":31,"spa":31,"spd":31,"spe":31}}],"log":["|player|p1|Emg Storm34|99","|player|p2|Traine✘ Jacobot|147","|gametype|singles","|gen|6","|tier|Monotype","|rated","|rule|Baton Pass Clause: Limit one Baton Passer, can't pass Spe and other stats simultaneously","|rule|Swagger Clause: Swagger is banned","|rule|Same Type Clause: Pokémon in a team must share a type","|clearpoke","|poke|p1|Bisharp, M","|poke|p1|Sableye, M","|poke|p1|Honchkrow, F","|poke|p1|Hydreigon, M","|poke|p1|Umbreon, M","|poke|p1|Mandibuzz, F","|poke|p2|Yanmega, M","|poke|p2|Forretress, M, shiny","|poke|p2|Scizor, M","|poke|p2|Scolipede, M, shiny","|poke|p2|Galvantula, M, shiny","|poke|p2|Volcarona, M, shiny","|rule|Sleep Clause Mod: Limit one foe put to sleep","|rule|Species Clause: Limit one of each Pokémon","|rule|OHKO Clause: OHKO moves are banned","|rule|Moody Clause: Moody is banned","|rule|Evasion Moves Clause: Evasion moves are banned","|rule|Endless Battle Clause: Forcing endless battles is banned","|rule|HP Percentage Mod: HP is shown in percentages","|teampreview","|","|start","|switch|p1a: Hydreigon|Hydreigon, M|325/325","|switch|p2a: Golden Guy|Forretress, M, shiny|353/353","|turn|1","|","|move|p1a: Hydreigon|Flamethrower|p2a: Golden Guy","|-supereffective|p2a: Golden Guy","|-activate|p2a: Golden Guy|Sturdy","|-damage|p2a: Golden Guy|1/353","|move|p2a: Golden Guy|Stealth Rock|p1a: Hydreigon","|-sidestart|p1: Emg Storm34|move: Stealth Rock","|","|turn|2","|","|move|p1a: Hydreigon|Flamethrower|p2a: Golden Guy","|-supereffective|p2a: Golden Guy","|-damage|p2a: Golden Guy|0 fnt","|faint|p2a: Golden Guy","|","|","|switch|p2a: Spiderman|Galvantula, M, shiny|281/281","|turn|3","|","|move|p1a: Hydreigon|Flamethrower|p2a: Spiderman","|-supereffective|p2a: Spiderman","|-enditem|p2a: Spiderman|Focus Sash","|-damage|p2a: Spiderman|1/281","|move|p2a: Spiderman|Bug Buzz|p1a: Hydreigon","|-supereffective|p1a: Hydreigon","|-damage|p1a: Hydreigon|41/325","|","|turn|4","|","|move|p1a: Hydreigon|Flamethrower|p2a: Spiderman","|-supereffective|p2a: Spiderman","|-damage|p2a: Spiderman|0 fnt","|faint|p2a: Spiderman","|","|","|switch|p2a: Mr Clamps|Scizor, M|343/343","|turn|5","|","|switch|p1a: Mandibuzz|Mandibuzz, F|423/423","|-damage|p1a: Mandibuzz|318/423|[from] Stealth Rock","|detailschange|p2a: Mr Clamps|Scizor-Mega, M","|-mega|p2a: Mr Clamps|Scizor|Scizorite","|move|p2a: Mr Clamps|Bullet Punch|p1a: Mandibuzz","|-crit|p1a: Mandibuzz","|-damage|p1a: Mandibuzz|168/423","|-damage|p2a: Mr Clamps|286/343|[from] item: Rocky Helmet|[of] p1a: Mandibuzz","|","|turn|6","|","|switch|p2a: Big Bad Bug|Yanmega, M|313/313","|move|p1a: Mandibuzz|Roost|p1a: Mandibuzz","|-heal|p1a: Mandibuzz|380/423","|","|turn|7","|","|move|p2a: Big Bad Bug|Ancient Power|p1a: Mandibuzz","|-supereffective|p1a: Mandibuzz","|-damage|p1a: Mandibuzz|205/423","|move|p1a: Mandibuzz|Toxic|p2a: Big Bad Bug","|-status|p2a: Big Bad Bug|tox","|","|-damage|p2a: Big Bad Bug|294/313 tox|[from] psn","|-boost|p2a: Big Bad Bug|spe|1|[from] ability: Speed Boost","|turn|8","|","|move|p2a: Big Bad Bug|Bug Buzz|p1a: Mandibuzz","|-damage|p1a: Mandibuzz|48/423","|move|p1a: Mandibuzz|Brave Bird|p2a: Big Bad Bug","|-supereffective|p2a: Big Bad Bug","|-damage|p2a: Big Bad Bug|76/313 tox","|-damage|p1a: Mandibuzz|0 fnt|[from] recoil|[of] p2a: Big Bad Bug","|faint|p1a: Mandibuzz","|","|-damage|p2a: Big Bad Bug|38/313 tox|[from] psn","|-boost|p2a: Big Bad Bug|spe|1|[from] ability: Speed Boost","|","|switch|p1a: Umbreon|Umbreon, M|393/393","|-damage|p1a: Umbreon|344/393|[from] Stealth Rock","|turn|9","|","|switch|p1a: Hydreigon|Hydreigon, M|41/325","|-damage|p1a: Hydreigon|1/325|[from] Stealth Rock","|move|p2a: Big Bad Bug|Bug Buzz|p1a: Hydreigon","|-supereffective|p1a: Hydreigon","|-damage|p1a: Hydreigon|0 fnt","|faint|p1a: Hydreigon","|","|-damage|p2a: Big Bad Bug|0 fnt|[from] psn","|faint|p2a: Big Bad Bug","|","|switch|p2a: Feel The Burn|Volcarona, M, shiny|311/311","|switch|p1a: Bisharp|Bisharp, M|333/333","|-damage|p1a: Bisharp|313/333|[from] Stealth Rock","|turn|10","|","|move|p2a: Feel The Burn|Fiery Dance|p1a: Bisharp","|-supereffective|p1a: Bisharp","|-damage|p1a: Bisharp|0 fnt","|faint|p1a: Bisharp","|","|","|switch|p1a: Umbreon|Umbreon, M|344/393","|-damage|p1a: Umbreon|295/393|[from] Stealth Rock","|turn|11","|","|move|p2a: Feel The Burn|Quiver Dance|p2a: Feel The Burn","|-boost|p2a: Feel The Burn|spa|1","|-boost|p2a: Feel The Burn|spd|1","|-boost|p2a: Feel The Burn|spe|1","|move|p1a: Umbreon|Toxic|p2a: Feel The Burn","|-status|p2a: Feel The Burn|tox","|","|-heal|p1a: Umbreon|319/393|[from] item: Leftovers","|-damage|p2a: Feel The Burn|292/311 tox|[from] psn","|turn|12","|","|move|p2a: Feel The Burn|Bug Buzz|p1a: Umbreon","|-supereffective|p1a: Umbreon","|-damage|p1a: Umbreon|0 fnt","|faint|p1a: Umbreon","|","|-damage|p2a: Feel The Burn|254/311 tox|[from] psn","|","|switch|p1a: Honchkrow|Honchkrow, F|403/403","|-damage|p1a: Honchkrow|303/403|[from] Stealth Rock","|turn|13","|","|move|p1a: Honchkrow|Sucker Punch|p2a: Feel The Burn","|-damage|p2a: Feel The Burn|0 fnt","|-damage|p1a: Honchkrow|263/403|[from] item: Life Orb","|faint|p2a: Feel The Burn","|-boost|p1a: Honchkrow|atk|1|[from] ability: Moxie","|","|","|switch|p2a: Rollin Along|Scolipede, M, shiny|261/261","|turn|14","|","|move|p2a: Rollin Along|Megahorn|p1a: Honchkrow","|-damage|p1a: Honchkrow|0 fnt","|faint|p1a: Honchkrow","|","|-boost|p2a: Rollin Along|spe|1|[from] ability: Speed Boost","|","|switch|p1a: Sableye|Sableye, M|304/304","|-damage|p1a: Sableye|266/304|[from] Stealth Rock","|turn|15","|","|detailschange|p1a: Sableye|Sableye-Mega, M","|-mega|p1a: Sableye|Sableye|Sablenite","|move|p1a: Sableye|Will-O-Wisp|p2a: Rollin Along|[miss]","|-miss|p1a: Sableye|p2a: Rollin Along","|move|p2a: Rollin Along|Poison Jab|p1a: Sableye","|-resisted|p1a: Sableye","|-damage|p1a: Sableye|217/304","|","|-boost|p2a: Rollin Along|spe|1|[from] ability: Speed Boost","|turn|16","|","|move|p2a: Rollin Along|Poison Jab|p1a: Sableye","|-crit|p1a: Sableye","|-resisted|p1a: Sableye","|-damage|p1a: Sableye|147/304","|-status|p1a: Sableye|psn","|move|p1a: Sableye|Will-O-Wisp|p2a: Rollin Along","|-status|p2a: Rollin Along|brn","|","|-damage|p2a: Rollin Along|229/261 brn|[from] brn","|-damage|p1a: Sableye|109/304 psn|[from] psn","|-boost|p2a: Rollin Along|spe|1|[from] ability: Speed Boost","|turn|17","|","|move|p2a: Rollin Along|Megahorn|p1a: Sableye","|-damage|p1a: Sableye|45/304 psn","|move|p1a: Sableye|Recover|p1a: Sableye","|-heal|p1a: Sableye|197/304 psn","|","|-damage|p2a: Rollin Along|197/261 brn|[from] brn","|-damage|p1a: Sableye|159/304 psn|[from] psn","|-boost|p2a: Rollin Along|spe|1|[from] ability: Speed Boost","|turn|18","|","|switch|p2a: Mr Clamps|Scizor-Mega, M|286/343","|move|p1a: Sableye|Recover|p1a: Sableye","|-heal|p1a: Sableye|304/304 psn","|","|-damage|p1a: Sableye|266/304 psn|[from] psn","|turn|19","|","|move|p2a: Mr Clamps|Swords Dance|p2a: Mr Clamps","|-boost|p2a: Mr Clamps|atk|2","|move|p1a: Sableye|Will-O-Wisp|p2a: Mr Clamps","|-status|p2a: Mr Clamps|brn","|","|-damage|p2a: Mr Clamps|244/343 brn|[from] brn","|-damage|p1a: Sableye|228/304 psn|[from] psn","|turn|20","|","|move|p2a: Mr Clamps|Swords Dance|p2a: Mr Clamps","|-boost|p2a: Mr Clamps|atk|2","|move|p1a: Sableye|Calm Mind|p1a: Sableye","|-boost|p1a: Sableye|spa|1","|-boost|p1a: Sableye|spd|1","|","|-damage|p2a: Mr Clamps|202/343 brn|[from] brn","|-damage|p1a: Sableye|190/304 psn|[from] psn","|turn|21","|","|move|p2a: Mr Clamps|Swords Dance|p2a: Mr Clamps","|-boost|p2a: Mr Clamps|atk|2","|move|p1a: Sableye|Recover|p1a: Sableye","|-heal|p1a: Sableye|304/304 psn","|","|-damage|p2a: Mr Clamps|160/343 brn|[from] brn","|-damage|p1a: Sableye|266/304 psn|[from] psn","|turn|22","|","|move|p2a: Mr Clamps|Bullet Punch|p1a: Sableye","|-damage|p1a: Sableye|90/304 psn","|move|p1a: Sableye|Calm Mind|p1a: Sableye","|-boost|p1a: Sableye|spa|1","|-boost|p1a: Sableye|spd|1","|","|-damage|p2a: Mr Clamps|118/343 brn|[from] brn","|-damage|p1a: Sableye|52/304 psn|[from] psn","|turn|23","|","|win|Traine✘ Jacobot"],"p1rating":{"entryid":"7244702","serverid":"eos","formatid":"monotype","userid":"emgstorm34","username":"Emg Storm34","w":"10","l":7,"t":"0","gxe":56.2,"r":"1541.8338956791","rd":"82.885246064782","sigma":"0","rptime":"1438333200","rpr":1548.2320424175,"rprd":74.293226978951,"rpsigma":"0","acre":1114.0258750499,"lacre":1114.0258750499,"oldacre":"1142.9692146952"},"p2rating":{"entryid":"7280237","serverid":"eos","formatid":"monotype","userid":"trainejacobot","username":"Traine✘ Jacobot","w":3,"l":"5","t":"0","gxe":46.6,"r":"1433.4994658757","rd":"102.32799097393","sigma":"0","rptime":"1438333200","rpr":1473.4015102487,"rprd":92.07460277331,"rpsigma":"0","acre":1118.7839485004,"lacre":1118.7839485004,"oldacre":"1087.7055550857"},"endType":"forfeit"}