{"seed":[54048,3007,42813,19555],"turns":28,"p1":"MasterMonocle","p2":"Recruiter♕Kingdra","p1team":[{"name":"Terrakion","species":"Terrakion","item":"choicescarf","ability":"Justified","moves":["earthquake","closecombat","xscissor","poisonjab"],"nature":"Jolly","evs":{"hp":0,"atk":252,"def":0,"spa":0,"spd":4,"spe":252},"ivs":{"hp":31,"atk":31,"def":31,"spa":31,"spd":31,"spe":31}},{"name":"Relicanth","species":"Relicanth","item":"chestoberry","ability":"Sturdy","moves":["stoneedge","waterfall","toxic","rest"],"nature":"Impish","evs":{"hp":248,"atk":8,"def":252,"spa":0,"spd":0,"spe":0},"ivs":{"hp":31,"atk":31,"def":31,"spa":31,"spd":31,"spe":31}},{"name":"Carracosta","species":"Carracosta","item":"whiteherb","ability":"Sturdy","moves":["aquajet","shellsmash","knockoff","earthquake"],"nature":"Adamant","evs":{"hp":0,"atk":252,"def":0,"spa":0,"spd":4,"spe":252},"ivs":{"hp":31,"atk":31,"def":31,"spa":31,"spd":31,"spe":31}},{"name":"Cradily","species":"Cradily","item":"leftovers","ability":"Storm Drain","moves":["ancientpower","gigadrain","recover","toxic"],"nature":"Calm","evs":{"hp":252,"atk":0,"def":0,"spa":4,"spd":252,"spe":0},"ivs":{"hp":31,"atk":31,"def":31,"spa":31,"spd":31,"spe":31}},{"name":"Tyrantrum","species":"Tyrantrum","item":"choicescarf","ability":"Strong Jaw","moves":["crunch","icefang","firefang","dragonclaw"],"nature":"Jolly","evs":{"hp":0,"atk":252,"def":0,"spa":0,"spd":4,"spe":252},"ivs":{"hp":31,"atk":31,"def":31,"spa":31,"spd":31,"spe":31}},{"name":"Tyranitar","species":"Tyranitar","item":"focussash","ability":"Sand Stream","moves":["crunch","stealthrock","earthquake","superpower"],"nature":"Adamant","evs":{"hp":248,"atk":252,"def":0,"spa":0,"spd":8,"spe":0},"ivs":{"hp":31,"atk":31,"def":31,"spa":31,"spd":31,"spe":31}}],"p2team":[{"name":"Celebi","species":"Celebi","item":"leftovers","ability":"Natural Cure","moves":["recover","batonpass","gigadrain","nastyplot"],"nature":"Bold","evs":{"hp":252,"atk":0,"def":148,"spa":0,"spd":0,"spe":108},"ivs":{"hp":31,"atk":31,"def":31,"spa":31,"spd":31,"spe":31}},{"name":"Hoopa","species":"Hoopa","item":"lifeorb","ability":"Magician","moves":["trickroom","hyperspacehole","shadowball","focusblast"],"nature":"Modest","evs":{"hp":252,"atk":0,"def":4,"spa":252,"spd":0,"spe":0},"ivs":{"hp":31,"atk":31,"def":31,"spa":31,"spd":31,"spe":31}},{"name":"Jirachi","species":"Jirachi","item":"choicescarf","ability":"Serene Grace","moves":["ironhead","bodyslam","icepunch","thunderpunch"],"nature":"Jolly","evs":{"hp":0,"atk":252,"def":4,"spa":0,"spd":0,"spe":252},"ivs":{"hp":31,"atk":31,"def":31,"spa":31,"spd":31,"spe":31}},{"name":"Mew","species":"Mew","item":"leftovers","ability":"Synchronize","moves":["taunt","softboiled","willowisp","knockoff"],"nature":"Careful","evs":{"hp":252,"atk":0,"def":0,"spa":0,"spd":224,"spe":32},"ivs":{"hp":31,"atk":31,"def":31,"spa":31,"spd":31,"spe":31}},{"name":"Victini","species":"Victini","item":"choiceband","ability":"Victory Star","moves":["vcreate","boltstrike","zenheadbutt","uturn"],"nature":"Adamant","evs":{"hp":0,"atk":252,"def":4,"spa":0,"spd":0,"spe":252},"ivs":{"hp":31,"atk":31,"def":31,"spa":31,"spd":31,"spe":31}},{"name":"Meloetta","species":"Meloetta","item":"choicespecs","ability":"Serene Grace","moves":["hypervoice","psychic","focusblast","dazzlinggleam"],"nature":"Timid","evs":{"hp":0,"atk":0,"def":4,"spa":252,"spd":0,"spe":252},"ivs":{"hp":31,"atk":31,"def":31,"spa":31,"spd":31,"spe":31}}],"log":["|player|p1|MasterMonocle|2","|player|p2|Recruiter♕Kingdra|40","|gametype|singles","|gen|6","|tier|Monotype","|rated","|rule|Baton Pass Clause: Limit one Baton Passer, can't pass Spe and other stats simultaneously","|rule|Swagger Clause: Swagger is banned","|rule|Same Type Clause: Pokémon in a team must share a type","|clearpoke","|poke|p1|Terrakion","|poke|p1|Relicanth, F","|poke|p1|Carracosta, F","|poke|p1|Cradily, F","|poke|p1|Tyrantrum, F","|poke|p1|Tyranitar, M","|poke|p2|Celebi","|poke|p2|Hoopa","|poke|p2|Jirachi","|poke|p2|Mew","|poke|p2|Victini","|poke|p2|Meloetta","|rule|Sleep Clause Mod: Limit one foe put to sleep","|rule|Species Clause: Limit one of each Pokémon","|rule|OHKO Clause: OHKO moves are banned","|rule|Moody Clause: Moody is banned","|rule|Evasion Moves Clause: Evasion moves are banned","|rule|Endless Battle Clause: Forcing endless battles is banned","|rule|HP Percentage Mod: HP is shown in percentages","|teampreview","|","|start","|switch|p1a: Tyranitar|Tyranitar, M|403/403","|switch|p2a: Celebi|Celebi|404/404","|-weather|Sandstorm","|turn|1","|","|move|p2a: Celebi|Nasty Plot|p2a: Celebi","|-boost|p2a: Celebi|spa|2","|move|p1a: Tyranitar|Crunch|p2a: Celebi","|-supereffective|p2a: Celebi","|-damage|p2a: Celebi|144/404","|","|-weather|Sandstorm|[upkeep]","|-damage|p2a: Celebi|119/404|[from] sandstorm","|-heal|p2a: Celebi|144/404|[from] item: Leftovers","|turn|2","|","|move|p2a: Celebi|Giga Drain|p1a: Tyranitar","|-supereffective|p1a: Tyranitar","|-damage|p1a: Tyranitar|173/403","|-heal|p2a: Celebi|259/404|[from] drain|[of] p1a: Tyranitar","|move|p1a: Tyranitar|Crunch|p2a: Celebi","|-supereffective|p2a: Celebi","|-damage|p2a: Celebi|0 fnt","|faint|p2a: Celebi","|","|-weather|Sandstorm|[upkeep]","|","|switch|p2a: Jirachi|Jirachi|341/341","|turn|3","|","|move|p2a: Jirachi|Iron Head|p1a: Tyranitar","|-supereffective|p1a: Tyranitar","|-damage|p1a: Tyranitar|0 fnt","|faint|p1a: Tyranitar","|","|-weather|Sandstorm|[upkeep]","|","|switch|p1a: Tyrantrum|Tyrantrum, F|305/305","|turn|4","|","|move|p2a: Jirachi|Iron Head|p1a: Tyrantrum","|-supereffective|p1a: Tyrantrum","|-damage|p1a: Tyrantrum|99/305","|cant|p1a: Tyrantrum|flinch","|","|-weather|Sandstorm|[upkeep]","|turn|5","|","|switch|p1a: Relicanth|Relicanth, F|403/403","|move|p2a: Jirachi|Iron Head|p1a: Relicanth","|-crit|p1a: Relicanth","|-damage|p1a: Relicanth|303/403","|","|-weather|none","|turn|6","|","|move|p2a: Jirachi|Iron Head|p1a: Relicanth","|-damage|p1a: Relicanth|237/403","|move|p1a: Relicanth|Waterfall|p2a: Jirachi","|-damage|p2a: Jirachi|253/341","|","|turn|7","|","|move|p2a: Jirachi|Iron Head|p1a: Relicanth","|-damage|p1a: Relicanth|167/403","|move|p1a: Relicanth|Waterfall|p2a: Jirachi","|-damage|p2a: Jirachi|169/341","|","|turn|8","|","|move|p2a: Jirachi|Iron Head|p1a: Relicanth","|-damage|p1a: Relicanth|89/403","|cant|p1a: Relicanth|flinch","|","|turn|9","|","|move|p2a: Jirachi|Iron Head|p1a: Relicanth","|-damage|p1a: Relicanth|22/403","|move|p1a: Relicanth|Rest|p1a: Relicanth","|-status|p1a: Relicanth|slp","|-heal|p1a: Relicanth|403/403 slp|[silent]","|-status|p1a: Relicanth|slp|[from] move: Rest","|-enditem|p1a: Relicanth|Chesto Berry|[eat]","|-curestatus|p1a: Relicanth|slp","|","|turn|10","|","|switch|p2a: Mew|Mew|404/404","|move|p1a: Relicanth|Waterfall|p2a: Mew","|-damage|p2a: Mew|313/404","|","|-heal|p2a: Mew|338/404|[from] item: Leftovers","|turn|11","|","|move|p2a: Mew|Will-O-Wisp|p1a: Relicanth","|-status|p1a: Relicanth|brn","|move|p1a: Relicanth|Stone Edge|p2a: Mew","|-damage|p2a: Mew|285/404","|","|-heal|p2a: Mew|310/404|[from] item: Leftovers","|-damage|p1a: Relicanth|353/403 brn|[from] brn","|turn|12","|","|move|p2a: Mew|Taunt|p1a: Relicanth","|-start|p1a: Relicanth|move: Taunt","|cant|p1a: Relicanth|move: Taunt|Toxic","|","|-heal|p2a: Mew|335/404|[from] item: Leftovers","|-damage|p1a: Relicanth|303/403 brn|[from] brn","|turn|13","|","|switch|p2a: Victini|Victini|341/341","|switch|p1a: Cradily|Cradily, F|376/376","|","|turn|14","|","|move|p2a: Victini|U-turn|p1a: Cradily","|-supereffective|p1a: Cradily","|-damage|p1a: Cradily|140/376","|","|switch|p2a: Jirachi|Jirachi|169/341","|move|p1a: Cradily|Ancient Power|p2a: Jirachi","|-resisted|p2a: Jirachi","|-damage|p2a: Jirachi|141/341","|","|-heal|p1a: Cradily|163/376|[from] item: Leftovers","|turn|15","|","|switch|p1a: Relicanth|Relicanth, F|303/403 brn","|move|p2a: Jirachi|Iron Head|p1a: Relicanth","|-damage|p1a: Relicanth|230/403 brn","|","|-damage|p1a: Relicanth|180/403 brn|[from] brn","|turn|16","|","|move|p2a: Jirachi|Iron Head|p1a: Relicanth","|-damage|p1a: Relicanth|113/403 brn","|cant|p1a: Relicanth|flinch","|","|-damage|p1a: Relicanth|63/403 brn|[from] brn","|turn|17","|","|move|p2a: Jirachi|Iron Head|p1a: Relicanth","|-crit|p1a: Relicanth","|-damage|p1a: Relicanth|0 fnt","|faint|p1a: Relicanth","|","|","|switch|p1a: Terrakion|Terrakion|323/323","|turn|18","|","|move|p1a: Terrakion|Earthquake|p2a: Jirachi","|-supereffective|p2a: Jirachi","|-damage|p2a: Jirachi|0 fnt","|faint|p2a: Jirachi","|","|","|switch|p2a: Mew|Mew|335/404","|turn|19","|","|switch|p1a: Cradily|Cradily, F|163/376","|move|p2a: Mew|Will-O-Wisp|p1a: Cradily","|-status|p1a: Cradily|brn","|","|-heal|p2a: Mew|360/404|[from] item: Leftovers","|-heal|p1a: Cradily|186/376 brn|[from] item: Leftovers","|-damage|p1a: Cradily|139/376 brn|[from] brn","|turn|20","|","|move|p2a: Mew|Knock Off|p1a: Cradily","|-damage|p1a: Cradily|66/376 brn","|-enditem|p1a: Cradily|Leftovers|[from] move: Knock Off|[of] p2a: Mew","|move|p1a: Cradily|Toxic|p2a: Mew","|-status|p2a: Mew|tox","|","|-heal|p2a: Mew|385/404 tox|[from] item: Leftovers","|-damage|p2a: Mew|360/404 tox|[from] psn","|-damage|p1a: Cradily|19/376 brn|[from] brn","|turn|21","|","|move|p2a: Mew|Taunt|p1a: Cradily","|-start|p1a: Cradily|move: Taunt","|cant|p1a: Cradily|move: Taunt|Recover","|","|-heal|p2a: Mew|385/404 tox|[from] item: Leftovers","|-damage|p2a: Mew|335/404 tox|[from] psn","|-damage|p1a: Cradily|0 fnt|[from] brn","|faint|p1a: Cradily","|","|switch|p1a: Tyrantrum|Tyrantrum, F|99/305","|turn|22","|","|move|p1a: Tyrantrum|Crunch|p2a: Mew","|-supereffective|p2a: Mew","|-damage|p2a: Mew|59/404 tox","|move|p2a: Mew|Will-O-Wisp|p1a: Tyrantrum","|-status|p1a: Tyrantrum|brn","|","|-heal|p2a: Mew|84/404 tox|[from] item: Leftovers","|-damage|p1a: Tyrantrum|61/305 brn|[from] brn","|-damage|p2a: Mew|9/404 tox|[from] psn","|turn|23","|","|move|p1a: Tyrantrum|Crunch|p2a: Mew","|-supereffective|p2a: Mew","|-damage|p2a: Mew|0 fnt","|faint|p2a: Mew","|","|-damage|p1a: Tyrantrum|23/305 brn|[from] brn","|","|switch|p2a: Hoopa|Hoopa|364/364","|turn|24","|","|move|p1a: Tyrantrum|Crunch|p2a: Hoopa","|-supereffective|p2a: Hoopa","|-damage|p2a: Hoopa|0 fnt","|faint|p2a: Hoopa","|","|-damage|p1a: Tyrantrum|0 fnt|[from] brn","|faint|p1a: Tyrantrum","|","|switch|p2a: Meloetta|Meloetta|341/341","|switch|p1a: Carracosta|Carracosta, F|289/289","|turn|25","|","|move|p2a: Meloetta|Focus Blast|p1a: Carracosta|[miss]","|-miss|p2a: Meloetta|p1a: Carracosta","|move|p1a: Carracosta|Knock Off|p2a: Meloetta","|-supereffective|p2a: Meloetta","|-damage|p2a: Meloetta|61/341","|-enditem|p2a: Meloetta|Choice Specs|[from] move: Knock Off|[of] p1a: Carracosta","|","|turn|26","|","|move|p1a: Carracosta|Aqua Jet|p2a: Meloetta","|-damage|p2a: Meloetta|0 fnt","|faint|p2a: Meloetta","|","|","|switch|p2a: Victini|Victini|341/341","|turn|27","|","|move|p2a: Victini|Bolt Strike|p1a: Carracosta","|-supereffective|p1a: Carracosta","|-activate|p1a: Carracosta|Sturdy","|-damage|p1a: Carracosta|1/289","|move|p1a: Carracosta|Knock Off|p2a: Victini","|-supereffective|p2a: Victini","|-damage|p2a: Victini|111/341","|-enditem|p2a: Victini|Choice Band|[from] move: Knock Off|[of] p1a: Carracosta","|","|turn|28","|","|move|p1a: Carracosta|Aqua Jet|p2a: Victini","|-supereffective|p2a: Victini","|-damage|p2a: Victini|0 fnt","|faint|p2a: Victini","|","|win|MasterMonocle"],"p1rating":{"entryid":"7284071","serverid":"eos","formatid":"monotype","userid":"mastermonocle","username":"MasterMonocle","w":5,"l":"0","t":"0","gxe":66.1,"r":"1536.2287903847","rd":"122.94759854436","sigma":"0","rptime":"1438333200","rpr":1631.400699486,"rprd":102.00983056458,"rpsigma":"0","acre":1153.252998754,"lacre":1153.252998754,"oldacre":"1128.7637563665"},"p2rating":{"entryid":"7080447","serverid":"eos","formatid":"monotype","userid":"recruiterkingdra","username":"Recruiter♕Kingdra","w":"61","l":58,"t":"0","gxe":51.4,"r":"1518.7032948422","rd":"36.546749320857","sigma":"0","rptime":"1438333200","rpr":1510.9495268345,"rprd":34.591526532548,"rpsigma":"0","acre":1097.1753113338,"lacre":1097.1753113338,"oldacre":"1121.6645537213"},"endType":"normal"}