{"seed":[33319,20299,64693,2480],"turns":21,"p1":"Sovereign♕Cactus","p2":"Carnie Marston","p1team":[{"name":"Gastrodon","species":"Gastrodon","item":"leftovers","ability":"Storm Drain","moves":["scald","recover","toxic","earthpower"],"nature":"Bold","evs":{"hp":252,"atk":0,"def":252,"spa":4,"spd":0,"spe":0},"ivs":{"hp":31,"atk":31,"def":31,"spa":31,"spd":31,"spe":31}},{"name":"Garchomp","species":"Garchomp","item":"choicescarf","ability":"Rough Skin","moves":["dragonclaw","earthquake","shadowclaw","ironhead"],"nature":"Jolly","evs":{"hp":0,"atk":252,"def":0,"spa":0,"spd":4,"spe":252},"ivs":{"hp":31,"atk":31,"def":31,"spa":31,"spd":31,"spe":31}},{"name":"Hippowdon","species":"Hippowdon","item":"sitrusberry","ability":"Sand Stream","moves":["earthquake","firefang","rockslide","slackoff"],"nature":"Adamant","evs":{"hp":248,"atk":252,"def":0,"spa":0,"spd":8,"spe":0},"ivs":{"hp":31,"atk":31,"def":31,"spa":31,"spd":31,"spe":31}},{"name":"Nidoking","species":"Nidoking","item":"choicescarf","ability":"Sheer Force","moves":["icebeam","earthpower","sludgewave","thunderbolt"],"nature":"Timid","evs":{"hp":0,"atk":0,"def":0,"spa":252,"spd":4,"spe":252},"ivs":{"hp":31,"atk":31,"def":31,"spa":31,"spd":31,"spe":31}},{"name":"Landorus","species":"Landorus","item":"choicescarf","ability":"Sheer Force","moves":["earthquake","focusblast","stoneedge","uturn"],"nature":"Naive","evs":{"hp":0,"atk":252,"def":0,"spa":4,"spd":0,"spe":252},"ivs":{"hp":31,"atk":31,"def":31,"spa":31,"spd":31,"spe":31}},{"name":"Gliscor","species":"Gliscor","item":"toxicorb","ability":"Poison Heal","moves":["uturn","knockoff","earthquake","toxic"],"nature":"Impish","evs":{"hp":248,"atk":0,"def":188,"spa":0,"spd":0,"spe":72},"ivs":{"hp":31,"atk":31,"def":31,"spa":31,"spd":31,"spe":31}}],"p2team":[{"name":"Terrakion","species":"Terrakion","item":"focussash","ability":"Justified","moves":["earthquake","closecombat","ironhead","rockslide"],"nature":"Jolly","evs":{"hp":0,"atk":252,"def":0,"spa":0,"spd":4,"spe":252},"ivs":{"hp":31,"atk":31,"def":31,"spa":31,"spd":31,"spe":31}},{"name":"Tyranitar","species":"Tyranitar","item":"tyranitarite","ability":"Sand Stream","moves":["dragondance","rockslide","crunch","earthquake"],"nature":"Adamant","evs":{"hp":0,"atk":252,"def":0,"spa":0,"spd":4,"spe":252},"ivs":{"hp":31,"atk":31,"def":31,"spa":31,"spd":31,"spe":31}},{"name":"Rhyperior","species":"Rhyperior","item":"assaultvest","ability":"Solid Rock","moves":["earthquake","megahorn","icefang","rockwrecker"],"nature":"Adamant","evs":{"hp":248,"atk":252,"def":0,"spa":0,"spd":8,"spe":0},"ivs":{"hp":31,"atk":31,"def":31,"spa":31,"spd":31,"spe":31}},{"name":"Crustle","species":"Crustle","item":"airballoon","ability":"Sturdy","moves":["shellsmash","rockblast","xscissor","substitute"],"nature":"Adamant","evs":{"hp":0,"atk":252,"def":0,"spa":0,"spd":4,"spe":252},"ivs":{"hp":31,"atk":31,"def":31,"spa":31,"spd":31,"spe":31}},{"name":"Aerodactyl","species":"Aerodactyl","item":"expertbelt","ability":"Rock Head","moves":["earthquake","thunderfang","firefang","rockslide"],"nature":"Jolly","evs":{"hp":0,"atk":252,"def":0,"spa":0,"spd":4,"spe":252},"ivs":{"hp":31,"atk":31,"def":31,"spa":31,"spd":31,"spe":31}},{"name":"Cradily","species":"Cradily","item":"airballoon","ability":"Suction Cups","moves":["sludgewave","ancientpower","stealthrock","energyball"],"nature":"Modest","evs":{"hp":248,"atk":0,"def":0,"spa":252,"spd":8,"spe":0},"ivs":{"hp":31,"atk":31,"def":31,"spa":31,"spd":31,"spe":31}}],"log":["|player|p1|Sovereign♕Cactus|251","|player|p2|Carnie Marston|238","|gametype|singles","|gen|6","|tier|Monotype","|rated","|rule|Baton Pass Clause: Limit one Baton Passer, can't pass Spe and other stats simultaneously","|rule|Swagger Clause: Swagger is banned","|rule|Same Type Clause: Pokémon in a team must share a type","|clearpoke","|poke|p1|Gastrodon, F","|poke|p1|Garchomp, M","|poke|p1|Hippowdon, M","|poke|p1|Nidoking, M","|poke|p1|Landorus, M","|poke|p1|Gliscor, F","|poke|p2|Terrakion","|poke|p2|Tyranitar, F","|poke|p2|Rhyperior, F","|poke|p2|Crustle, F","|poke|p2|Aerodactyl, F","|poke|p2|Cradily, F","|rule|Sleep Clause Mod: Limit one foe put to sleep","|rule|Species Clause: Limit one of each Pokémon","|rule|OHKO Clause: OHKO moves are banned","|rule|Moody Clause: Moody is banned","|rule|Evasion Moves Clause: Evasion moves are banned","|rule|Endless Battle Clause: Forcing endless battles is banned","|rule|HP Percentage Mod: HP is shown in percentages","|teampreview","|","|start","|switch|p1a: Hippowdon|Hippowdon, M|419/419","|switch|p2a: Rhyperior|Rhyperior, F|433/433","|-weather|Sandstorm","|turn|1","|","|move|p1a: Hippowdon|Earthquake|p2a: Rhyperior","|-supereffective|p2a: Rhyperior","|-damage|p2a: Rhyperior|208/433","|move|p2a: Rhyperior|Ice Fang|p1a: Hippowdon","|-supereffective|p1a: Hippowdon","|-damage|p1a: Hippowdon|275/419","|","|-weather|Sandstorm|[upkeep]","|turn|2","|","|switch|p2a: Cradily|Cradily, F|375/375","|-item|p2a: Cradily|Air Balloon","|move|p1a: Hippowdon|Earthquake|p2a: Cradily","|-immune|p2a: Cradily|[msg]","|","|-weather|Sandstorm|[upkeep]","|turn|3","|","|switch|p1a: Gliscor|Gliscor, F|353/353","|move|p2a: Cradily|Energy Ball|p1a: Gliscor","|-damage|p1a: Gliscor|203/353","|","|-weather|Sandstorm|[upkeep]","|-status|p1a: Gliscor|tox|[from] item: Toxic Orb","|turn|4","|","|move|p1a: Gliscor|Toxic|p2a: Cradily","|-status|p2a: Cradily|tox","|move|p2a: Cradily|Energy Ball|p1a: Gliscor","|-crit|p1a: Gliscor","|-damage|p1a: Gliscor|0 fnt","|faint|p1a: Gliscor","|","|-weather|Sandstorm|[upkeep]","|-damage|p2a: Cradily|352/375 tox|[from] psn","|","|switch|p1a: Landorus|Landorus, M|319/319","|turn|5","|","|move|p1a: Landorus|Focus Blast|p2a: Cradily","|-supereffective|p2a: Cradily","|-damage|p2a: Cradily|170/375 tox","|-enditem|p2a: Cradily|Air Balloon","|move|p2a: Cradily|Energy Ball|p1a: Landorus","|-damage|p1a: Landorus|154/319","|","|-weather|none","|-damage|p2a: Cradily|124/375 tox|[from] psn","|turn|6","|","|move|p1a: Landorus|Focus Blast|p2a: Cradily","|-supereffective|p2a: Cradily","|-damage|p2a: Cradily|0 fnt","|faint|p2a: Cradily","|","|","|switch|p2a: Crustle|Crustle, F|281/281","|-item|p2a: Crustle|Air Balloon","|turn|7","|","|move|p1a: Landorus|Focus Blast|p2a: Crustle","|-damage|p2a: Crustle|113/281","|-enditem|p2a: Crustle|Air Balloon","|move|p2a: Crustle|Shell Smash|p2a: Crustle","|-boost|p2a: Crustle|atk|2","|-boost|p2a: Crustle|spa|2","|-boost|p2a: Crustle|spe|2","|-unboost|p2a: Crustle|def|1","|-unboost|p2a: Crustle|spd|1","|","|turn|8","|","|move|p1a: Landorus|Focus Blast|p2a: Crustle","|-damage|p2a: Crustle|0 fnt","|faint|p2a: Crustle","|","|","|switch|p2a: Rhyperior|Rhyperior, F|208/433","|turn|9","|","|move|p1a: Landorus|Focus Blast|p2a: Rhyperior|[miss]","|-miss|p1a: Landorus|p2a: Rhyperior","|move|p2a: Rhyperior|Ice Fang|p1a: Landorus","|-supereffective|p1a: Landorus","|-damage|p1a: Landorus|0 fnt","|faint|p1a: Landorus","|","|","|switch|p1a: Gastrodon|Gastrodon, F|426/426","|turn|10","|","|move|p2a: Rhyperior|Megahorn|p1a: Gastrodon","|-damage|p1a: Gastrodon|284/426","|move|p1a: Gastrodon|Scald|p2a: Rhyperior","|-supereffective|p2a: Rhyperior","|-damage|p2a: Rhyperior|0 fnt","|faint|p2a: Rhyperior","|","|-heal|p1a: Gastrodon|310/426|[from] item: Leftovers","|","|switch|p2a: Tyranitar|Tyranitar, F|341/341","|-weather|Sandstorm","|turn|11","|","|detailschange|p2a: Tyranitar|Tyranitar-Mega, F","|-mega|p2a: Tyranitar|Tyranitar|Tyranitarite","|move|p2a: Tyranitar|Dragon Dance|p2a: Tyranitar","|-boost|p2a: Tyranitar|atk|1","|-boost|p2a: Tyranitar|spe|1","|move|p1a: Gastrodon|Scald|p2a: Tyranitar","|-supereffective|p2a: Tyranitar","|-damage|p2a: Tyranitar|237/341","|-status|p2a: Tyranitar|brn","|","|-weather|Sandstorm|[upkeep]","|-heal|p1a: Gastrodon|336/426|[from] item: Leftovers","|-damage|p2a: Tyranitar|195/341 brn|[from] brn","|turn|12","|","|move|p2a: Tyranitar|Crunch|p1a: Gastrodon","|-damage|p1a: Gastrodon|198/426","|move|p1a: Gastrodon|Earth Power|p2a: Tyranitar","|-supereffective|p2a: Tyranitar","|-damage|p2a: Tyranitar|81/341 brn","|","|-weather|Sandstorm|[upkeep]","|-heal|p1a: Gastrodon|224/426|[from] item: Leftovers","|-damage|p2a: Tyranitar|39/341 brn|[from] brn","|turn|13","|","|move|p2a: Tyranitar|Crunch|p1a: Gastrodon","|-damage|p1a: Gastrodon|86/426","|-unboost|p1a: Gastrodon|def|1","|move|p1a: Gastrodon|Scald|p2a: Tyranitar","|-supereffective|p2a: Tyranitar","|-damage|p2a: Tyranitar|0 fnt","|faint|p2a: Tyranitar","|","|-weather|Sandstorm|[upkeep]","|-heal|p1a: Gastrodon|112/426|[from] item: Leftovers","|","|switch|p2a: Aerodactyl|Aerodactyl, F|301/301","|turn|14","|","|move|p2a: Aerodactyl|Rock Slide|p1a: Gastrodon","|-resisted|p1a: Gastrodon","|-damage|p1a: Gastrodon|31/426","|move|p1a: Gastrodon|Scald|p2a: Aerodactyl","|-supereffective|p2a: Aerodactyl","|-damage|p2a: Aerodactyl|149/301","|","|-weather|Sandstorm|[upkeep]","|-heal|p1a: Gastrodon|57/426|[from] item: Leftovers","|turn|15","|","|move|p2a: Aerodactyl|Rock Slide|p1a: Gastrodon","|-crit|p1a: Gastrodon","|-resisted|p1a: Gastrodon","|-damage|p1a: Gastrodon|0 fnt","|faint|p1a: Gastrodon","|","|-weather|none","|","|switch|p1a: Nidoking|Nidoking, M|303/303","|turn|16","|","|move|p1a: Nidoking|Sludge Wave|p2a: Aerodactyl","|-resisted|p2a: Aerodactyl","|-damage|p2a: Aerodactyl|50/301","|move|p2a: Aerodactyl|Earthquake|p1a: Nidoking","|-supereffective|p1a: Nidoking","|-damage|p1a: Nidoking|1/303","|","|turn|17","|","|move|p1a: Nidoking|Sludge Wave|p2a: Aerodactyl","|-resisted|p2a: Aerodactyl","|-damage|p2a: Aerodactyl|0 fnt","|faint|p2a: Aerodactyl","|","|","|switch|p2a: Terrakion|Terrakion|323/323","|turn|18","|","|switch|p1a: Hippowdon|Hippowdon, M|275/419","|-weather|Sandstorm","|move|p2a: Terrakion|Earthquake|p1a: Hippowdon","|-damage|p1a: Hippowdon|163/419","|-enditem|p1a: Hippowdon|Sitrus Berry|[eat]","|-heal|p1a: Hippowdon|267/419|[from] item: Sitrus Berry","|","|-weather|Sandstorm|[upkeep]","|turn|19","|","|move|p2a: Terrakion|Close Combat|p1a: Hippowdon","|-damage|p1a: Hippowdon|92/419","|-unboost|p2a: Terrakion|def|1","|-unboost|p2a: Terrakion|spd|1","|move|p1a: Hippowdon|Earthquake|p2a: Terrakion","|-supereffective|p2a: Terrakion","|-enditem|p2a: Terrakion|Focus Sash","|-damage|p2a: Terrakion|1/323","|","|-weather|Sandstorm|[upkeep]","|turn|20","|","|move|p2a: Terrakion|Close Combat|p1a: Hippowdon","|-damage|p1a: Hippowdon|0 fnt","|-unboost|p2a: Terrakion|def|1","|-unboost|p2a: Terrakion|spd|1","|faint|p1a: Hippowdon","|","|-weather|Sandstorm|[upkeep]","|","|switch|p1a: Nidoking|Nidoking, M|1/303","|turn|21","|","|move|p1a: Nidoking|Earth Power|p2a: Terrakion","|-supereffective|p2a: Terrakion","|-damage|p2a: Terrakion|0 fnt","|faint|p2a: Terrakion","|","|win|Sovereign♕Cactus"],"p1rating":{"entryid":"6867552","serverid":"eos","formatid":"monotype","userid":"sovereigncactus","username":"Sovereign♕Cactus","w":38,"l":"50","t":"0","gxe":43.3,"r":"1461.6956434101","rd":"40.32407721443","sigma":"0","rptime":"1438333200","rpr":1449.0543269515,"rprd":38.315245110143,"rpsigma":"0","acre":1076.6466070587,"lacre":1076.6466070587,"oldacre":"1047.8589518308"},"p2rating":{"entryid":"6128703","serverid":"eos","formatid":"monotype","userid":"carniemarston","username":"Carnie Marston","w":"23","l":85,"t":"0","gxe":24.1,"r":1285.7298797747,"rd":47.839834010042,"sigma":"0","rptime":1438333200,"rpr":1282.2780762132,"rprd":47.493484731809,"rpsigma":"0","acre":1000,"lacre":1000,"oldacre":"1004.9445090007"},"endType":"normal"}