{"seed":[14871,39458,58644,33677],"turns":33,"p1":"Guard Wanderer","p2":"Recruiter♕Kingdra","p1team":[{"name":"Weezing","species":"Weezing","item":"sitrusberry","ability":"Levitate","moves":["toxicspikes","willowisp","memento","thief"],"nature":"Careful","evs":{"hp":248,"atk":8,"def":0,"spa":0,"spd":252,"spe":0},"ivs":{"hp":31,"atk":31,"def":31,"spa":31,"spd":31,"spe":31}},{"name":"Tentacruel","species":"Tentacruel","item":"assaultvest","ability":"Liquid Ooze","moves":["scald","acidspray","gigadrain","hex"],"nature":"Timid","evs":{"hp":0,"atk":0,"def":4,"spa":252,"spd":0,"spe":252},"ivs":{"hp":31,"atk":31,"def":31,"spa":31,"spd":31,"spe":31}},{"name":"Skuntank","species":"Skuntank","item":"","ability":"Stench","moves":["snatch","thief","suckerpunch","poisonjab"],"nature":"Adamant","evs":{"hp":248,"atk":252,"def":0,"spa":0,"spd":8,"spe":0},"ivs":{"hp":31,"atk":31,"def":31,"spa":31,"spd":31,"spe":31}},{"name":"Crobat","species":"Crobat","item":"whiteherb","ability":"Infiltrator","moves":["curse","acrobatics","roost","venomdrench"],"nature":"Jolly","evs":{"hp":248,"atk":8,"def":0,"spa":0,"spd":0,"spe":252},"ivs":{"hp":31,"atk":31,"def":31,"spa":31,"spd":31,"spe":31}},{"name":"Gengar","species":"Gengar","item":"choicescarf","ability":"Levitate","moves":["trick","destinybond","venoshock","hex"],"nature":"Timid","evs":{"hp":0,"atk":0,"def":0,"spa":252,"spd":4,"spe":252},"ivs":{"hp":31,"atk":31,"def":31,"spa":31,"spd":31,"spe":31}},{"name":"Amoonguss","species":"Amoonguss","item":"blacksludge","ability":"Regenerator","moves":["spore","gigadrain","gastroacid","stunspore"],"nature":"Calm","evs":{"hp":248,"atk":0,"def":0,"spa":8,"spd":252,"spe":0},"shiny":true,"ivs":{"hp":31,"atk":31,"def":31,"spa":31,"spd":31,"spe":31}}],"p2team":[{"name":"Azumarill","species":"Azumarill","item":"sitrusberry","ability":"Huge Power","moves":["bellydrum","aquajet","knockoff","playrough"],"nature":"Adamant","evs":{"hp":4,"atk":252,"def":0,"spa":0,"spd":0,"spe":252},"ivs":{"hp":31,"atk":31,"def":31,"spa":31,"spd":31,"spe":31}},{"name":"Gyarados","species":"Gyarados","item":"gyaradosite","ability":"Intimidate","moves":["dragondance","waterfall","earthquake","icefang"],"nature":"Adamant","evs":{"hp":0,"atk":252,"def":4,"spa":0,"spd":0,"spe":252},"ivs":{"hp":31,"atk":31,"def":31,"spa":31,"spd":31,"spe":31}},{"name":"Rotom-Wash","species":"Rotom-Wash","item":"leftovers","ability":"Levitate","moves":["voltswitch","hydropump","willowisp","painsplit"],"nature":"Bold","evs":{"hp":248,"atk":0,"def":252,"spa":0,"spd":0,"spe":8},"ivs":{"hp":31,"atk":31,"def":31,"spa":31,"spd":31,"spe":31}},{"name":"Slowbro","species":"Slowbro","item":"leftovers","ability":"Oblivious","moves":["calmmind","irondefense","slackoff","scald"],"nature":"Bold","evs":{"hp":252,"atk":0,"def":60,"spa":0,"spd":196,"spe":0},"ivs":{"hp":31,"atk":31,"def":31,"spa":31,"spd":31,"spe":31}},{"name":"Crawdaunt","species":"Crawdaunt","item":"focussash","ability":"Adaptability","moves":["dragondance","aquajet","knockoff","crabhammer"],"nature":"Adamant","evs":{"hp":4,"atk":252,"def":0,"spa":0,"spd":0,"spe":252},"ivs":{"hp":31,"atk":31,"def":31,"spa":31,"spd":31,"spe":31}},{"name":"Cloyster","species":"Cloyster","item":"focussash","ability":"Skill Link","moves":["shellsmash","iceshard","iciclespear","rockblast"],"nature":"Adamant","evs":{"hp":0,"atk":252,"def":4,"spa":0,"spd":0,"spe":252},"ivs":{"hp":31,"atk":31,"def":31,"spa":31,"spd":31,"spe":31}}],"log":["|player|p1|Guard Wanderer|235","|player|p2|Recruiter♕Kingdra|40","|gametype|singles","|gen|6","|tier|Monotype","|rated","|rule|Baton Pass Clause: Limit one Baton Passer, can't pass Spe and other stats simultaneously","|rule|Swagger Clause: Swagger is banned","|rule|Same Type Clause: Pokémon in a team must share a type","|clearpoke","|poke|p1|Weezing, M","|poke|p1|Tentacruel, F","|poke|p1|Skuntank, F","|poke|p1|Crobat, M","|poke|p1|Gengar, M","|poke|p1|Amoonguss, F, shiny","|poke|p2|Azumarill, M","|poke|p2|Gyarados, M","|poke|p2|Rotom-Wash","|poke|p2|Slowbro, M","|poke|p2|Crawdaunt, M","|poke|p2|Cloyster, F","|rule|Sleep Clause Mod: Limit one foe put to sleep","|rule|Species Clause: Limit one of each Pokémon","|rule|OHKO Clause: OHKO moves are banned","|rule|Moody Clause: Moody is banned","|rule|Evasion Moves Clause: Evasion moves are banned","|rule|Endless Battle Clause: Forcing endless battles is banned","|rule|HP Percentage Mod: HP is shown in percentages","|teampreview","|","|start","|switch|p1a: Skuntank|Skuntank, F|409/409","|switch|p2a: Rotom-Wash|Rotom-Wash|303/303","|turn|1","|","|switch|p1a: Weezing|Weezing, M|333/333","|move|p2a: Rotom-Wash|Will-O-Wisp|p1a: Weezing","|-status|p1a: Weezing|brn","|","|-damage|p1a: Weezing|292/333 brn|[from] brn","|turn|2","|","|move|p2a: Rotom-Wash|Hydro Pump|p1a: Weezing","|-damage|p1a: Weezing|178/333 brn","|move|p1a: Weezing|Toxic Spikes|p2a: Rotom-Wash","|-sidestart|p2: Recruiter♕Kingdra|move: Toxic Spikes","|","|-damage|p1a: Weezing|137/333 brn|[from] brn","|-enditem|p1a: Weezing|Sitrus Berry|[eat]","|-heal|p1a: Weezing|220/333 brn|[from] item: Sitrus Berry","|turn|3","|","|move|p2a: Rotom-Wash|Hydro Pump|p1a: Weezing","|-damage|p1a: Weezing|94/333 brn","|move|p1a: Weezing|Toxic Spikes|p2a: Rotom-Wash","|-sidestart|p2: Recruiter♕Kingdra|move: Toxic Spikes","|","|-damage|p1a: Weezing|53/333 brn|[from] brn","|turn|4","|","|switch|p1a: Amoonguss|Amoonguss, F, shiny|431/431","|move|p2a: Rotom-Wash|Hydro Pump|p1a: Amoonguss","|-resisted|p1a: Amoonguss","|-damage|p1a: Amoonguss|375/431","|","|-heal|p1a: Amoonguss|401/431|[from] item: Black Sludge","|turn|5","|","|move|p2a: Rotom-Wash|Will-O-Wisp|p1a: Amoonguss","|-status|p1a: Amoonguss|brn","|move|p1a: Amoonguss|Giga Drain|p2a: Rotom-Wash","|-supereffective|p2a: Rotom-Wash","|-damage|p2a: Rotom-Wash|163/303","|-heal|p1a: Amoonguss|431/431 brn|[from] drain|[of] p2a: Rotom-Wash","|","|-heal|p2a: Rotom-Wash|181/303|[from] item: Leftovers","|-damage|p1a: Amoonguss|378/431 brn|[from] brn","|turn|6","|","|move|p2a: Rotom-Wash|Pain Split|p1a: Amoonguss","|-sethp|p1a: Amoonguss|279/431 brn|p2a: Rotom-Wash|279/303|[from] move: Pain Split","|move|p1a: Amoonguss|Spore|p2a: Rotom-Wash","|-status|p2a: Rotom-Wash|slp","|","|-heal|p2a: Rotom-Wash|297/303 slp|[from] item: Leftovers","|-heal|p1a: Amoonguss|305/431 brn|[from] item: Black Sludge","|-damage|p1a: Amoonguss|252/431 brn|[from] brn","|turn|7","|","|switch|p2a: Gyarados|Gyarados, M|331/331","|-ability|p2a: Gyarados|Intimidate","|-unboost|p1a: Amoonguss|atk|1","|move|p1a: Amoonguss|Giga Drain|p2a: Gyarados","|-damage|p2a: Gyarados|256/331","|-heal|p1a: Amoonguss|290/431 brn|[from] drain|[of] p2a: Gyarados","|","|-heal|p1a: Amoonguss|316/431 brn|[from] item: Black Sludge","|-damage|p1a: Amoonguss|263/431 brn|[from] brn","|turn|8","|","|detailschange|p2a: Gyarados|Gyarados-Mega, M","|-mega|p2a: Gyarados|Gyarados|Gyaradosite","|-ability|p2a: Gyarados|Mold Breaker","|move|p2a: Gyarados|Dragon Dance|p2a: Gyarados","|-boost|p2a: Gyarados|atk|1","|-boost|p2a: Gyarados|spe|1","|move|p1a: Amoonguss|Stun Spore|p2a: Gyarados","|-status|p2a: Gyarados|par","|","|-heal|p1a: Amoonguss|289/431 brn|[from] item: Black Sludge","|-damage|p1a: Amoonguss|236/431 brn|[from] brn","|turn|9","|","|cant|p2a: Gyarados|par","|move|p1a: Amoonguss|Gastro Acid|p2a: Gyarados","|-endability|p2a: Gyarados","|","|-heal|p1a: Amoonguss|262/431 brn|[from] item: Black Sludge","|-damage|p1a: Amoonguss|209/431 brn|[from] brn","|turn|10","|","|cant|p2a: Gyarados|par","|move|p1a: Amoonguss|Giga Drain|p2a: Gyarados","|-supereffective|p2a: Gyarados","|-damage|p2a: Gyarados|134/331 par","|-heal|p1a: Amoonguss|270/431 brn|[from] drain|[of] p2a: Gyarados","|","|-heal|p1a: Amoonguss|296/431 brn|[from] item: Black Sludge","|-damage|p1a: Amoonguss|243/431 brn|[from] brn","|turn|11","|","|switch|p1a: Weezing|Weezing, M|53/333 brn","|move|p2a: Gyarados|Ice Fang|p1a: Weezing","|-damage|p1a: Weezing|0 fnt","|faint|p1a: Weezing","|","|","|switch|p1a: Gengar|Gengar, M|261/261","|turn|12","|","|switch|p1a: Tentacruel|Tentacruel, F|301/301","|cant|p2a: Gyarados|par","|","|turn|13","|","|move|p1a: Tentacruel|Giga Drain|p2a: Gyarados","|-supereffective|p2a: Gyarados","|-damage|p2a: Gyarados|26/331 par","|move|p2a: Gyarados|Earthquake|p1a: Tentacruel","|-supereffective|p1a: Tentacruel","|-damage|p1a: Tentacruel|0 fnt","|faint|p1a: Tentacruel","|","|","|switch|p1a: Gengar|Gengar, M|261/261","|turn|14","|","|move|p1a: Gengar|Hex|p2a: Gyarados","|-resisted|p2a: Gyarados","|-damage|p2a: Gyarados|0 fnt","|faint|p2a: Gyarados","|","|","|switch|p2a: Cloyster|Cloyster, F|241/241","|-status|p2a: Cloyster|tox","|turn|15","|","|move|p1a: Gengar|Hex|p2a: Cloyster","|-enditem|p2a: Cloyster|Focus Sash","|-damage|p2a: Cloyster|1/241 tox","|move|p2a: Cloyster|Icicle Spear|p1a: Gengar","|-damage|p1a: Gengar|203/261","|-damage|p1a: Gengar|140/261","|-damage|p1a: Gengar|79/261","|-damage|p1a: Gengar|13/261","|-damage|p1a: Gengar|0 fnt","|-hitcount|p1a: Gengar|5","|faint|p1a: Gengar","|","|-damage|p2a: Cloyster|0 fnt|[from] psn","|faint|p2a: Cloyster","|","|switch|p1a: Crobat|Crobat, M|373/373","|switch|p2a: Azumarill|Azumarill, M|342/342","|-status|p2a: Azumarill|tox","|turn|16","|","|move|p1a: Crobat|Venom Drench|p2a: Azumarill","|-unboost|p2a: Azumarill|atk|1","|-unboost|p2a: Azumarill|spa|1","|-unboost|p2a: Azumarill|spe|1","|move|p2a: Azumarill|Belly Drum|p2a: Azumarill","|-damage|p2a: Azumarill|171/342 tox","|-setboost|p2a: Azumarill|atk|6|[from] move: Belly Drum","|-enditem|p2a: Azumarill|Sitrus Berry|[eat]","|-heal|p2a: Azumarill|256/342 tox|[from] item: Sitrus Berry","|","|-damage|p2a: Azumarill|235/342 tox|[from] psn","|turn|17","|","|switch|p1a: Amoonguss|Amoonguss, F, shiny|386/431 brn","|move|p2a: Azumarill|Aqua Jet|p1a: Amoonguss","|-resisted|p1a: Amoonguss","|-damage|p1a: Amoonguss|144/431 brn","|","|-heal|p1a: Amoonguss|170/431 brn|[from] item: Black Sludge","|-damage|p2a: Azumarill|193/342 tox|[from] psn","|-damage|p1a: Amoonguss|117/431 brn|[from] brn","|turn|18","|","|move|p2a: Azumarill|Aqua Jet|p1a: Amoonguss","|-resisted|p1a: Amoonguss","|-damage|p1a: Amoonguss|0 fnt","|faint|p1a: Amoonguss","|","|-damage|p2a: Azumarill|130/342 tox|[from] psn","|","|switch|p1a: Skuntank|Skuntank, F|409/409","|turn|19","|","|move|p1a: Skuntank|Sucker Punch|p2a: Azumarill","|-crit|p2a: Azumarill","|-resisted|p2a: Azumarill","|-damage|p2a: Azumarill|17/342 tox","|move|p2a: Azumarill|Aqua Jet|p1a: Skuntank","|-damage|p1a: Skuntank|0 fnt","|faint|p1a: Skuntank","|","|-damage|p2a: Azumarill|0 fnt|[from] psn","|faint|p2a: Azumarill","|","|switch|p1a: Crobat|Crobat, M|373/373","|switch|p2a: Slowbro|Slowbro, M|394/394","|-status|p2a: Slowbro|tox","|turn|20","|","|move|p1a: Crobat|Venom Drench|p2a: Slowbro","|-unboost|p2a: Slowbro|atk|1","|-unboost|p2a: Slowbro|spa|1","|-unboost|p2a: Slowbro|spe|1","|move|p2a: Slowbro|Scald|p1a: Crobat","|-damage|p1a: Crobat|297/373","|","|-damage|p2a: Slowbro|370/394 tox|[from] psn","|turn|21","|","|move|p1a: Crobat|Curse|p1a: Crobat","|-boost|p1a: Crobat|atk|1","|-boost|p1a: Crobat|def|1","|-unboost|p1a: Crobat|spe|1","|-enditem|p1a: Crobat|White Herb","|-restoreboost|p1a: Crobat|[silent]","|move|p2a: Slowbro|Scald|p1a: Crobat","|-damage|p1a: Crobat|219/373","|-status|p1a: Crobat|brn","|","|-heal|p2a: Slowbro|394/394 tox|[from] item: Leftovers","|-damage|p1a: Crobat|173/373 brn|[from] brn","|-damage|p2a: Slowbro|346/394 tox|[from] psn","|turn|22","|","|move|p1a: Crobat|Venom Drench|p2a: Slowbro","|-unboost|p2a: Slowbro|atk|1","|-unboost|p2a: Slowbro|spa|1","|-unboost|p2a: Slowbro|spe|1","|move|p2a: Slowbro|Scald|p1a: Crobat","|-damage|p1a: Crobat|118/373 brn","|","|-heal|p2a: Slowbro|370/394 tox|[from] item: Leftovers","|-damage|p1a: Crobat|72/373 brn|[from] brn","|-damage|p2a: Slowbro|298/394 tox|[from] psn","|turn|23","|","|move|p1a: Crobat|Roost|p1a: Crobat","|-heal|p1a: Crobat|259/373 brn","|move|p2a: Slowbro|Scald|p1a: Crobat","|-damage|p1a: Crobat|199/373 brn","|","|-heal|p2a: Slowbro|322/394 tox|[from] item: Leftovers","|-damage|p1a: Crobat|153/373 brn|[from] brn","|-damage|p2a: Slowbro|226/394 tox|[from] psn","|turn|24","|","|move|p1a: Crobat|Venom Drench|p2a: Slowbro","|-unboost|p2a: Slowbro|atk|1","|-unboost|p2a: Slowbro|spa|1","|-unboost|p2a: Slowbro|spe|1","|move|p2a: Slowbro|Scald|p1a: Crobat","|-damage|p1a: Crobat|102/373 brn","|","|-heal|p2a: Slowbro|250/394 tox|[from] item: Leftovers","|-damage|p1a: Crobat|56/373 brn|[from] brn","|-damage|p2a: Slowbro|130/394 tox|[from] psn","|turn|25","|","|move|p1a: Crobat|Roost|p1a: Crobat","|-heal|p1a: Crobat|243/373 brn","|move|p2a: Slowbro|Scald|p1a: Crobat","|-damage|p1a: Crobat|200/373 brn","|","|-heal|p2a: Slowbro|154/394 tox|[from] item: Leftovers","|-damage|p1a: Crobat|154/373 brn|[from] brn","|-damage|p2a: Slowbro|10/394 tox|[from] psn","|turn|26","|","|move|p1a: Crobat|Roost|p1a: Crobat","|-heal|p1a: Crobat|341/373 brn","|move|p2a: Slowbro|Slack Off|p2a: Slowbro","|-heal|p2a: Slowbro|207/394 tox","|","|-heal|p2a: Slowbro|231/394 tox|[from] item: Leftovers","|-damage|p1a: Crobat|295/373 brn|[from] brn","|-damage|p2a: Slowbro|63/394 tox|[from] psn","|turn|27","|","|move|p1a: Crobat|Acrobatics|p2a: Slowbro","|-damage|p2a: Slowbro|0 fnt","|faint|p2a: Slowbro","|","|-damage|p1a: Crobat|249/373 brn|[from] brn","|","|switch|p2a: Crawdaunt|Crawdaunt, M|268/268","|-status|p2a: Crawdaunt|tox","|turn|28","|","|move|p1a: Crobat|Venom Drench|p2a: Crawdaunt","|-unboost|p2a: Crawdaunt|atk|1","|-unboost|p2a: Crawdaunt|spa|1","|-unboost|p2a: Crawdaunt|spe|1","|move|p2a: Crawdaunt|Knock Off|p1a: Crobat","|-damage|p1a: Crobat|167/373 brn","|","|-damage|p1a: Crobat|121/373 brn|[from] brn","|-damage|p2a: Crawdaunt|252/268 tox|[from] psn","|turn|29","|","|move|p2a: Crawdaunt|Aqua Jet|p1a: Crobat","|-damage|p1a: Crobat|71/373 brn","|move|p1a: Crobat|Roost|p1a: Crobat","|-heal|p1a: Crobat|258/373 brn","|","|-damage|p1a: Crobat|212/373 brn|[from] brn","|-damage|p2a: Crawdaunt|220/268 tox|[from] psn","|turn|30","|","|move|p1a: Crobat|Roost|p1a: Crobat","|-heal|p1a: Crobat|373/373 brn","|move|p2a: Crawdaunt|Dragon Dance|p2a: Crawdaunt","|-boost|p2a: Crawdaunt|atk|1","|-boost|p2a: Crawdaunt|spe|1","|","|-damage|p1a: Crobat|327/373 brn|[from] brn","|-damage|p2a: Crawdaunt|172/268 tox|[from] psn","|turn|31","|","|move|p1a: Crobat|Venom Drench|p2a: Crawdaunt","|-unboost|p2a: Crawdaunt|atk|1","|-unboost|p2a: Crawdaunt|spa|1","|-unboost|p2a: Crawdaunt|spe|1","|move|p2a: Crawdaunt|Crabhammer|p1a: Crobat","|-damage|p1a: Crobat|195/373 brn","|","|-damage|p1a: Crobat|149/373 brn|[from] brn","|-damage|p2a: Crawdaunt|108/268 tox|[from] psn","|turn|32","|","|move|p1a: Crobat|Roost|p1a: Crobat","|-heal|p1a: Crobat|336/373 brn","|move|p2a: Crawdaunt|Crabhammer|p1a: Crobat","|-damage|p1a: Crobat|198/373 brn","|","|-damage|p1a: Crobat|152/373 brn|[from] brn","|-damage|p2a: Crawdaunt|28/268 tox|[from] psn","|turn|33","|","|move|p1a: Crobat|Roost|p1a: Crobat","|-heal|p1a: Crobat|339/373 brn","|move|p2a: Crawdaunt|Crabhammer|p1a: Crobat","|-crit|p1a: Crobat","|-damage|p1a: Crobat|0 fnt","|faint|p1a: Crobat","|","|win|Recruiter♕Kingdra"],"p1rating":{"entryid":"6731189","serverid":"eos","formatid":"monotype","userid":"guardwanderer","username":"Guard Wanderer","w":"64","l":94,"t":"0","gxe":38.1,"r":1410.3514723474,"rd":31.547348975123,"sigma":"0","rptime":1438333200,"rpr":1408.3749801534,"rprd":31.431237350488,"rpsigma":"0","acre":1021.7460902513,"lacre":1021.7460902513,"oldacre":"1034.2346362378"},"p2rating":{"entryid":"7080447","serverid":"eos","formatid":"monotype","userid":"recruiterkingdra","username":"Recruiter♕Kingdra","w":57,"l":"54","t":"0","gxe":52.1,"r":"1518.7032948422","rd":"36.546749320857","sigma":"0","rptime":"1438333200","rpr":1515.8200756741,"rprd":35.859458926731,"rpsigma":"0","acre":1116.7909684006,"lacre":1116.7909684006,"oldacre":"1095.6206122743"},"endType":"normal"}