{"seed":[31713,30196,32766,4641],"turns":25,"p1":"DJ Biggie","p2":"Rain ☆ sidious","p1team":[{"name":"Slowking","species":"Slowking","item":"leftovers","ability":"Regenerator","moves":["scald","slackoff","dragontail","calmmind"],"nature":"Sassy","evs":{"hp":248,"atk":0,"def":164,"spa":0,"spd":96,"spe":0},"ivs":{"hp":31,"atk":31,"def":31,"spa":31,"spd":31,"spe":31}},{"name":"Deoxys-Speed","species":"Deoxys-Speed","item":"focussash","ability":"Pressure","moves":["stealthrock","taunt","spikes","knockoff"],"nature":"Jolly","evs":{"hp":0,"atk":252,"def":4,"spa":0,"spd":0,"spe":252},"ivs":{"hp":31,"atk":31,"def":31,"spa":31,"spd":31,"spe":31}},{"name":"Gothitelle","species":"Gothitelle","item":"choicescarf","ability":"Shadow Tag","moves":["calmmind","trick","rest","psychic"],"nature":"Timid","evs":{"hp":80,"atk":0,"def":0,"spa":176,"spd":0,"spe":252},"ivs":{"hp":31,"atk":31,"def":31,"spa":31,"spd":31,"spe":31}},{"name":"Latias","species":"Latias","item":"lifeorb","ability":"Levitate","moves":["defog","dracometeor","psyshock","healingwish"],"nature":"Timid","evs":{"hp":72,"atk":0,"def":0,"spa":184,"spd":0,"spe":252},"shiny":true,"ivs":{"hp":31,"atk":31,"def":31,"spa":31,"spd":31,"spe":31}},{"name":"Metagross","species":"Metagross","item":"leftovers","ability":"Clear Body","moves":["stealthrock","meteormash","pursuit","earthquake"],"nature":"Adamant","evs":{"hp":252,"atk":96,"def":0,"spa":0,"spd":160,"spe":0},"ivs":{"hp":31,"atk":31,"def":31,"spa":31,"spd":31,"spe":31}},{"name":"Mew","species":"Mew","item":"leftovers","ability":"Synchronize","moves":["taunt","softboiled","willowisp","knockoff"],"nature":"Careful","evs":{"hp":252,"atk":0,"def":0,"spa":0,"spd":224,"spe":32},"shiny":true,"ivs":{"hp":31,"atk":31,"def":31,"spa":31,"spd":31,"spe":31}}],"p2team":[{"name":"Deoxys-Defense","species":"Deoxys-Defense","item":"leftovers","ability":"Pressure","moves":["recover","taunt","stealthrock","knockoff"],"nature":"Impish","evs":{"hp":252,"atk":0,"def":252,"spa":0,"spd":4,"spe":0},"shiny":true,"ivs":{"hp":31,"atk":31,"def":31,"spa":31,"spd":31,"spe":31}},{"name":"Cresselia","species":"Cresselia","item":"leftovers","ability":"Levitate","moves":["lunardance","thunderwave","calmmind","moonblast"],"nature":"Calm","evs":{"hp":252,"atk":0,"def":0,"spa":4,"spd":252,"spe":0},"shiny":true,"ivs":{"hp":31,"atk":31,"def":31,"spa":31,"spd":31,"spe":31}},{"name":"Victini","species":"Victini","item":"choiceband","ability":"Victory Star","moves":["boltstrike","flareblitz","uturn","brickbreak"],"nature":"Adamant","evs":{"hp":0,"atk":252,"def":4,"spa":0,"spd":0,"spe":252},"ivs":{"hp":31,"atk":31,"def":31,"spa":31,"spd":31,"spe":31}},{"name":"Latios","species":"Latios","item":"choicescarf","ability":"Levitate","moves":["dracometeor","psyshock","shadowball","surf"],"nature":"Timid","evs":{"hp":0,"atk":0,"def":0,"spa":252,"spd":4,"spe":252},"shiny":true,"ivs":{"hp":31,"atk":31,"def":31,"spa":31,"spd":31,"spe":31}},{"name":"Gardevoir","species":"Gardevoir","item":"gardevoirite","ability":"Trace","moves":["hypervoice","psyshock","focusblast","calmmind"],"nature":"Timid","evs":{"hp":0,"atk":0,"def":0,"spa":252,"spd":4,"spe":252},"gender":"F","shiny":true,"ivs":{"hp":31,"atk":31,"def":31,"spa":31,"spd":31,"spe":31}},{"name":"Starmie","species":"Starmie","item":"lifeorb","ability":"Analytic","moves":["hydropump","icebeam","psyshock","rapidspin"],"nature":"Timid","evs":{"hp":4,"atk":0,"def":0,"spa":252,"spd":0,"spe":252},"shiny":true,"ivs":{"hp":31,"atk":31,"def":31,"spa":31,"spd":31,"spe":31}}],"log":["|player|p1|DJ Biggie|109","|player|p2|Rain ☆ sidious|288","|gametype|singles","|gen|6","|tier|Monotype","|rated","|rule|Baton Pass Clause: Limit one Baton Passer, can't pass Spe and other stats simultaneously","|rule|Swagger Clause: Swagger is banned","|rule|Same Type Clause: Pokémon in a team must share a type","|clearpoke","|poke|p1|Slowking, M","|poke|p1|Deoxys-Speed","|poke|p1|Gothitelle, M","|poke|p1|Latias, F, shiny","|poke|p1|Metagross","|poke|p1|Mew, shiny","|poke|p2|Deoxys-Defense, shiny","|poke|p2|Cresselia, F, shiny","|poke|p2|Victini","|poke|p2|Latios, M, shiny","|poke|p2|Gardevoir, F, shiny","|poke|p2|Starmie, shiny","|rule|Sleep Clause Mod: Limit one foe put to sleep","|rule|Species Clause: Limit one of each Pokémon","|rule|OHKO Clause: OHKO moves are banned","|rule|Moody Clause: Moody is banned","|rule|Evasion Moves Clause: Evasion moves are banned","|rule|Endless Battle Clause: Forcing endless battles is banned","|rule|HP Percentage Mod: HP is shown in percentages","|teampreview","|","|start","|switch|p1a: Deoxys-Speed|Deoxys-Speed|241/241","|switch|p2a: Gardevoir|Gardevoir, F, shiny|277/277","|-ability|p1a: Deoxys-Speed|Pressure","|-ability|p2a: Gardevoir|Pressure|[from] ability: Trace|[of] p1a: Deoxys-Speed","|-ability|p2a: Gardevoir|Pressure","|turn|1","|","|detailschange|p2a: Gardevoir|Gardevoir-Mega, F, shiny","|-mega|p2a: Gardevoir|Gardevoir|Gardevoirite","|move|p1a: Deoxys-Speed|Stealth Rock|p2a: Gardevoir","|-sidestart|p2: Rain ☆ sidious|move: Stealth Rock","|move|p2a: Gardevoir|Calm Mind|p2a: Gardevoir","|-boost|p2a: Gardevoir|spa|1","|-boost|p2a: Gardevoir|spd|1","|","|turn|2","|","|move|p1a: Deoxys-Speed|Knock Off|p2a: Gardevoir","|-damage|p2a: Gardevoir|186/277","|move|p2a: Gardevoir|Calm Mind|p2a: Gardevoir","|-boost|p2a: Gardevoir|spa|1","|-boost|p2a: Gardevoir|spd|1","|","|turn|3","|","|move|p1a: Deoxys-Speed|Knock Off|p2a: Gardevoir","|-damage|p2a: Gardevoir|89/277","|move|p2a: Gardevoir|Hyper Voice|p1a: Deoxys-Speed","|-enditem|p1a: Deoxys-Speed|Focus Sash","|-damage|p1a: Deoxys-Speed|1/241","|","|turn|4","|","|switch|p2a: Deoxys-Defense|Deoxys-Defense, shiny|304/304","|-damage|p2a: Deoxys-Defense|266/304|[from] Stealth Rock","|-ability|p2a: Deoxys-Defense|Pressure","|move|p1a: Deoxys-Speed|Knock Off|p2a: Deoxys-Defense","|-supereffective|p2a: Deoxys-Defense","|-damage|p2a: Deoxys-Defense|174/304","|-enditem|p2a: Deoxys-Defense|Leftovers|[from] move: Knock Off|[of] p1a: Deoxys-Speed","|","|turn|5","|","|move|p1a: Deoxys-Speed|Taunt|p2a: Deoxys-Defense","|-start|p2a: Deoxys-Defense|move: Taunt","|move|p2a: Deoxys-Defense|Knock Off|p1a: Deoxys-Speed","|-supereffective|p1a: Deoxys-Speed","|-damage|p1a: Deoxys-Speed|0 fnt","|faint|p1a: Deoxys-Speed","|","|","|switch|p1a: Mew|Mew, shiny|404/404","|turn|6","|","|move|p1a: Mew|Knock Off|p2a: Deoxys-Defense","|-crit|p2a: Deoxys-Defense","|-supereffective|p2a: Deoxys-Defense","|-damage|p2a: Deoxys-Defense|90/304","|move|p2a: Deoxys-Defense|Knock Off|p1a: Mew","|-supereffective|p1a: Mew","|-damage|p1a: Mew|284/404","|-enditem|p1a: Mew|Leftovers|[from] move: Knock Off|[of] p2a: Deoxys-Defense","|","|turn|7","|","|move|p1a: Mew|Will-O-Wisp|p2a: Deoxys-Defense","|-status|p2a: Deoxys-Defense|brn","|move|p2a: Deoxys-Defense|Knock Off|p1a: Mew","|-supereffective|p1a: Mew","|-damage|p1a: Mew|248/404","|","|-damage|p2a: Deoxys-Defense|52/304 brn|[from] brn","|-end|p2a: Deoxys-Defense|move: Taunt","|turn|8","|","|move|p1a: Mew|Soft-Boiled|p1a: Mew","|-heal|p1a: Mew|404/404","|move|p2a: Deoxys-Defense|Recover|p2a: Deoxys-Defense","|-heal|p2a: Deoxys-Defense|204/304 brn","|","|-damage|p2a: Deoxys-Defense|166/304 brn|[from] brn","|turn|9","|","|move|p1a: Mew|Taunt|p2a: Deoxys-Defense","|-start|p2a: Deoxys-Defense|move: Taunt","|cant|p2a: Deoxys-Defense|move: Taunt|Stealth Rock","|","|-damage|p2a: Deoxys-Defense|128/304 brn|[from] brn","|turn|10","|","|move|p1a: Mew|Knock Off|p2a: Deoxys-Defense","|-supereffective|p2a: Deoxys-Defense","|-damage|p2a: Deoxys-Defense|78/304 brn","|move|p2a: Deoxys-Defense|Knock Off|p1a: Mew","|-supereffective|p1a: Mew","|-damage|p1a: Mew|364/404","|","|-damage|p2a: Deoxys-Defense|40/304 brn|[from] brn","|turn|11","|","|move|p1a: Mew|Knock Off|p2a: Deoxys-Defense","|-supereffective|p2a: Deoxys-Defense","|-damage|p2a: Deoxys-Defense|0 fnt","|faint|p2a: Deoxys-Defense","|","|","|switch|p2a: Cresselia|Cresselia, F, shiny|444/444","|-damage|p2a: Cresselia|389/444|[from] Stealth Rock","|turn|12","|","|move|p1a: Mew|Taunt|p2a: Cresselia","|-start|p2a: Cresselia|move: Taunt","|cant|p2a: Cresselia|move: Taunt|Thunder Wave","|","|-heal|p2a: Cresselia|416/444|[from] item: Leftovers","|turn|13","|","|switch|p2a: Starmie|Starmie, shiny|262/262","|-damage|p2a: Starmie|230/262|[from] Stealth Rock","|move|p1a: Mew|Knock Off|p2a: Starmie","|-supereffective|p2a: Starmie","|-damage|p2a: Starmie|42/262","|-enditem|p2a: Starmie|Life Orb|[from] move: Knock Off|[of] p1a: Mew","|","|turn|14","|","|move|p2a: Starmie|Rapid Spin|p1a: Mew","|-damage|p1a: Mew|352/404","|-sideend|p2: Rain ☆ sidious|Stealth Rock|[from] move: Rapid Spin|[of] p2a: Starmie","|move|p1a: Mew|Knock Off|p2a: Starmie","|-supereffective|p2a: Starmie","|-damage|p2a: Starmie|0 fnt","|faint|p2a: Starmie","|","|","|switch|p2a: Victini|Victini|341/341","|turn|15","|","|move|p2a: Victini|Flare Blitz|p1a: Mew","|-damage|p1a: Mew|60/404","|-damage|p2a: Victini|245/341|[from] recoil|[of] p1a: Mew","|move|p1a: Mew|Taunt|p2a: Victini","|-start|p2a: Victini|move: Taunt","|","|turn|16","|","|switch|p1a: Latias|Latias, F, shiny|319/319","|move|p2a: Victini|Flare Blitz|p1a: Latias","|-crit|p1a: Latias","|-resisted|p1a: Latias","|-damage|p1a: Latias|81/319","|-damage|p2a: Victini|166/341|[from] recoil|[of] p1a: Latias","|","|turn|17","|","|move|p1a: Latias|Draco Meteor|p2a: Victini","|-damage|p2a: Victini|0 fnt","|-unboost|p1a: Latias|spa|2","|-damage|p1a: Latias|50/319|[from] item: Life Orb","|faint|p2a: Victini","|","|","|switch|p2a: Cresselia|Cresselia, F, shiny|416/444","|turn|18","|","|move|p1a: Latias|Healing Wish|p1a: Latias","|faint|p1a: Latias","|move|p2a: Cresselia|Thunder Wave|p1: Latias|[notarget]","|-notarget","|","|-heal|p2a: Cresselia|443/444|[from] item: Leftovers","|","|switch|p1a: Mew|Mew, shiny|60/404","|-heal|p1a: Mew|404/404|[from] move: Healing Wish","|turn|19","|","|switch|p2a: Latios|Latios, M, shiny|301/301","|move|p1a: Mew|Knock Off|p2a: Latios","|-crit|p2a: Latios","|-supereffective|p2a: Latios","|-damage|p2a: Latios|35/301","|-enditem|p2a: Latios|Choice Scarf|[from] move: Knock Off|[of] p1a: Mew","|","|turn|20","|","|move|p2a: Latios|Draco Meteor|p1a: Mew","|-damage|p1a: Mew|245/404","|-unboost|p2a: Latios|spa|2","|move|p1a: Mew|Will-O-Wisp|p2a: Latios","|-status|p2a: Latios|brn","|","|-damage|p2a: Latios|0 fnt|[from] brn","|faint|p2a: Latios","|","|switch|p2a: Cresselia|Cresselia, F, shiny|443/444","|turn|21","|","|move|p1a: Mew|Soft-Boiled|p1a: Mew","|-heal|p1a: Mew|404/404","|move|p2a: Cresselia|Moonblast|p1a: Mew","|-damage|p1a: Mew|357/404","|","|-heal|p2a: Cresselia|444/444|[from] item: Leftovers","|turn|22","|","|move|p1a: Mew|Knock Off|p2a: Cresselia","|-supereffective|p2a: Cresselia","|-damage|p2a: Cresselia|304/444","|-enditem|p2a: Cresselia|Leftovers|[from] move: Knock Off|[of] p1a: Mew","|move|p2a: Cresselia|Lunar Dance|p2a: Cresselia","|faint|p2a: Cresselia","|","|","|switch|p2a: Gardevoir|Gardevoir-Mega, F, shiny|89/277","|-heal|p2a: Gardevoir|277/277|[from] move: Lunar Dance","|turn|23","|","|move|p2a: Gardevoir|Hyper Voice|p1a: Mew","|-damage|p1a: Mew|176/404","|move|p1a: Mew|Taunt|p2a: Gardevoir","|-start|p2a: Gardevoir|move: Taunt","|","|turn|24","|","|move|p2a: Gardevoir|Hyper Voice|p1a: Mew","|-damage|p1a: Mew|0 fnt","|faint|p1a: Mew","|","|","|switch|p1a: Metagross|Metagross|364/364","|turn|25","|","|move|p2a: Gardevoir|Focus Blast|p1a: Metagross","|-damage|p1a: Metagross|203/364","|move|p1a: Metagross|Meteor Mash|p2a: Gardevoir","|-supereffective|p2a: Gardevoir","|-damage|p2a: Gardevoir|0 fnt","|faint|p2a: Gardevoir","|","|win|DJ Biggie"],"p1rating":{"entryid":"7236327","serverid":"eos","formatid":"monotype","userid":"djbiggie","username":"DJ Biggie","w":9,"l":"5","t":"0","gxe":57.9,"r":"1533.7744725796","rd":"92.014299578768","sigma":"0","rptime":"1438246800","rpr":1561.5564996249,"rprd":78.373967650817,"rpsigma":"0","acre":1166.5159041269,"lacre":1166.5159041269,"oldacre":"1149.3371629546"},"p2rating":{"entryid":"6395890","serverid":"eos","formatid":"monotype","userid":"rainsidious","username":"Rain ☆ sidious","w":"43","l":57,"t":"0","gxe":44.3,"r":1460.6983024901,"rd":43.42920594318,"sigma":"0","rptime":1438246800,"rpr":1456.5822540523,"rprd":43.132062243425,"rpsigma":"0","acre":1026.1996609856,"lacre":1026.1996609856,"oldacre":"1036.8716038939"},"endType":"normal"}