{"seed":[7305,1047,62892,52047],"turns":30,"p1":"Kre8noyz🌙","p2":"MasterMonocle","p1team":[{"name":"Entei","species":"Entei","item":"leftovers","ability":"Pressure","moves":["crushclaw","sacredfire","extremespeed","ironhead"],"nature":"Adamant","evs":{"hp":0,"atk":252,"def":0,"spa":4,"spd":0,"spe":252},"shiny":true,"ivs":{"hp":31,"atk":31,"def":31,"spa":31,"spd":31,"spe":31}},{"name":"Ninetales","species":"Ninetales","item":"heatrock","ability":"Drought","moves":["powerswap","solarbeam","overheat","hiddenpowerground"],"nature":"","evs":{"hp":0,"atk":0,"def":0,"spa":252,"spd":0,"spe":252},"ivs":{"hp":31,"atk":31,"def":31,"spa":30,"spd":30,"spe":31}},{"name":"Charizard","species":"Charizard","item":"charizarditey","ability":"Blaze","moves":["airslash","flamethrower","defog","solarbeam"],"nature":"","evs":{"hp":44,"atk":144,"def":68,"spa":0,"spd":0,"spe":252},"ivs":{"hp":31,"atk":31,"def":31,"spa":31,"spd":31,"spe":31}},{"name":"Flareon","species":"Flareon","item":"leftovers","ability":"Guts","moves":["wish","flareblitz","protect","superpower"],"nature":"","evs":{"hp":0,"atk":180,"def":76,"spa":0,"spd":0,"spe":252},"ivs":{"hp":31,"atk":31,"def":31,"spa":31,"spd":31,"spe":31}},{"name":"Victini","species":"Victini","item":"leftovers","ability":"Victory Star","moves":["fusionflare","fusionbolt","psychic","psychup"],"nature":"","evs":{"hp":0,"atk":120,"def":0,"spa":136,"spd":0,"spe":252},"ivs":{"hp":31,"atk":31,"def":31,"spa":31,"spd":31,"spe":31}},{"name":"Volcarona","species":"Volcarona","item":"leftovers","ability":"Flame Body","moves":["bugbuzz","fierydance","gigadrain","quiverdance"],"nature":"Modest","evs":{"hp":0,"atk":0,"def":0,"spa":252,"spd":4,"spe":252},"ivs":{"hp":31,"atk":31,"def":31,"spa":31,"spd":31,"spe":31}}],"p2team":[{"name":"Terrakion","species":"Terrakion","item":"choicescarf","ability":"Justified","moves":["earthquake","closecombat","xscissor","poisonjab"],"nature":"Jolly","evs":{"hp":0,"atk":252,"def":0,"spa":0,"spd":4,"spe":252},"ivs":{"hp":31,"atk":31,"def":31,"spa":31,"spd":31,"spe":31}},{"name":"Relicanth","species":"Relicanth","item":"chestoberry","ability":"Sturdy","moves":["stoneedge","waterfall","toxic","rest"],"nature":"Impish","evs":{"hp":248,"atk":8,"def":252,"spa":0,"spd":0,"spe":0},"ivs":{"hp":31,"atk":31,"def":31,"spa":31,"spd":31,"spe":31}},{"name":"Carracosta","species":"Carracosta","item":"whiteherb","ability":"Sturdy","moves":["aquajet","shellsmash","knockoff","earthquake"],"nature":"Adamant","evs":{"hp":0,"atk":252,"def":0,"spa":0,"spd":4,"spe":252},"ivs":{"hp":31,"atk":31,"def":31,"spa":31,"spd":31,"spe":31}},{"name":"Cradily","species":"Cradily","item":"leftovers","ability":"Storm Drain","moves":["ancientpower","gigadrain","recover","toxic"],"nature":"Calm","evs":{"hp":252,"atk":0,"def":0,"spa":4,"spd":252,"spe":0},"ivs":{"hp":31,"atk":31,"def":31,"spa":31,"spd":31,"spe":31}},{"name":"Tyrantrum","species":"Tyrantrum","item":"choicescarf","ability":"Strong Jaw","moves":["crunch","icefang","firefang","dragonclaw"],"nature":"Jolly","evs":{"hp":0,"atk":252,"def":0,"spa":0,"spd":4,"spe":252},"ivs":{"hp":31,"atk":31,"def":31,"spa":31,"spd":31,"spe":31}},{"name":"Tyranitar","species":"Tyranitar","item":"focussash","ability":"Sand Stream","moves":["crunch","stealthrock","earthquake","superpower"],"nature":"Adamant","evs":{"hp":248,"atk":252,"def":0,"spa":0,"spd":8,"spe":0},"ivs":{"hp":31,"atk":31,"def":31,"spa":31,"spd":31,"spe":31}}],"log":["|player|p1|Kre8noyz🌙|163","|player|p2|MasterMonocle|2","|gametype|singles","|gen|6","|tier|Monotype","|rated","|rule|Baton Pass Clause: Limit one Baton Passer, can't pass Spe and other stats simultaneously","|rule|Swagger Clause: Swagger is banned","|rule|Same Type Clause: Pokémon in a team must share a type","|clearpoke","|poke|p1|Entei, shiny","|poke|p1|Ninetales, M","|poke|p1|Charizard, M","|poke|p1|Flareon, M","|poke|p1|Victini","|poke|p1|Volcarona, M","|poke|p2|Terrakion","|poke|p2|Relicanth, F","|poke|p2|Carracosta, M","|poke|p2|Cradily, M","|poke|p2|Tyrantrum, M","|poke|p2|Tyranitar, M","|rule|Sleep Clause Mod: Limit one foe put to sleep","|rule|Species Clause: Limit one of each Pokémon","|rule|OHKO Clause: OHKO moves are banned","|rule|Moody Clause: Moody is banned","|rule|Evasion Moves Clause: Evasion moves are banned","|rule|Endless Battle Clause: Forcing endless battles is banned","|rule|HP Percentage Mod: HP is shown in percentages","|teampreview","|","|start","|switch|p1a: Charizard|Charizard, M|308/308","|switch|p2a: Tyranitar|Tyranitar, M|403/403","|-weather|Sandstorm","|turn|1","|","|detailschange|p1a: Charizard|Charizard-Mega-Y, M","|-mega|p1a: Charizard|Charizard|Charizardite Y","|-weather|SunnyDay","|move|p1a: Charizard|Solar Beam|p2a: Tyranitar|[still]","|-prepare|p1a: Charizard|Solar Beam|p2a: Tyranitar","|-anim|p1a: Charizard|Solar Beam|p2a: Tyranitar","|-supereffective|p2a: Tyranitar","|-damage|p2a: Tyranitar|133/403","|move|p2a: Tyranitar|Stealth Rock|p1a: Charizard","|-sidestart|p1: Kre8noyz🌙|move: Stealth Rock","|","|-weather|SunnyDay|[upkeep]","|turn|2","|","|switch|p2a: Cradily|Cradily, M|376/376","|move|p1a: Charizard|Solar Beam|p2a: Cradily|[still]","|-prepare|p1a: Charizard|Solar Beam|p2a: Cradily","|-anim|p1a: Charizard|Solar Beam|p2a: Cradily","|-damage|p2a: Cradily|276/376","|","|-weather|SunnyDay|[upkeep]","|-heal|p2a: Cradily|299/376|[from] item: Leftovers","|turn|3","|","|move|p1a: Charizard|Defog|p2a: Cradily","|-unboost|p2a: Cradily|evasion|1","|-sideend|p1: Kre8noyz🌙|Stealth Rock|[from] move: Defog|[of] p1a: Charizard","|move|p2a: Cradily|Ancient Power|p1a: Charizard","|-supereffective|p1a: Charizard","|-damage|p1a: Charizard|76/308","|","|-weather|SunnyDay|[upkeep]","|-heal|p2a: Cradily|322/376|[from] item: Leftovers","|turn|4","|","|switch|p1a: Flareon|Flareon, M|271/271","|move|p2a: Cradily|Ancient Power|p1a: Flareon","|-supereffective|p1a: Flareon","|-damage|p1a: Flareon|157/271","|","|-weather|SunnyDay|[upkeep]","|-heal|p1a: Flareon|173/271|[from] item: Leftovers","|-heal|p2a: Cradily|345/376|[from] item: Leftovers","|turn|5","|","|move|p1a: Flareon|Wish|p1a: Flareon","|move|p2a: Cradily|Ancient Power|p1a: Flareon","|-supereffective|p1a: Flareon","|-damage|p1a: Flareon|65/271","|-boost|p2a: Cradily|atk|1","|-boost|p2a: Cradily|def|1","|-boost|p2a: Cradily|spa|1","|-boost|p2a: Cradily|spd|1","|-boost|p2a: Cradily|spe|1","|","|-weather|none","|-heal|p1a: Flareon|81/271|[from] item: Leftovers","|-heal|p2a: Cradily|368/376|[from] item: Leftovers","|turn|6","|","|move|p1a: Flareon|Protect|p1a: Flareon","|-singleturn|p1a: Flareon|Protect","|move|p2a: Cradily|Ancient Power|p1a: Flareon","|-activate|p1a: Flareon|Protect","|","|-heal|p1a: Flareon|216/271|[from] move: Wish|[wisher] Flareon","|-heal|p1a: Flareon|232/271|[from] item: Leftovers","|-heal|p2a: Cradily|376/376|[from] item: Leftovers","|turn|7","|","|move|p1a: Flareon|Superpower|p2a: Cradily","|-supereffective|p2a: Cradily","|-damage|p2a: Cradily|186/376","|-unboost|p1a: Flareon|atk|1","|-unboost|p1a: Flareon|def|1","|move|p2a: Cradily|Ancient Power|p1a: Flareon","|-supereffective|p1a: Flareon","|-damage|p1a: Flareon|74/271","|","|-heal|p1a: Flareon|90/271|[from] item: Leftovers","|-heal|p2a: Cradily|209/376|[from] item: Leftovers","|turn|8","|","|move|p1a: Flareon|Wish|p1a: Flareon","|move|p2a: Cradily|Recover|p2a: Cradily","|-heal|p2a: Cradily|376/376","|","|-heal|p1a: Flareon|106/271|[from] item: Leftovers","|turn|9","|","|move|p1a: Flareon|Protect|p1a: Flareon","|-singleturn|p1a: Flareon|Protect","|move|p2a: Cradily|Giga Drain|p1a: Flareon","|-activate|p1a: Flareon|Protect","|","|-heal|p1a: Flareon|241/271|[from] move: Wish|[wisher] Flareon","|-heal|p1a: Flareon|257/271|[from] item: Leftovers","|turn|10","|","|move|p1a: Flareon|Wish|p1a: Flareon","|move|p2a: Cradily|Toxic|p1a: Flareon","|-status|p1a: Flareon|tox","|","|-heal|p1a: Flareon|271/271 tox|[from] item: Leftovers","|-damage|p1a: Flareon|255/271 tox|[from] psn","|turn|11","|","|switch|p1a: Charizard|Charizard-Mega-Y, M|76/308","|-weather|SunnyDay","|move|p2a: Cradily|Giga Drain|p1a: Charizard","|-resisted|p1a: Charizard","|-damage|p1a: Charizard|49/308","|","|-weather|SunnyDay|[upkeep]","|-heal|p1a: Charizard|184/308|[from] move: Wish|[wisher] Flareon","|turn|12","|","|move|p1a: Charizard|Air Slash|p2a: Cradily","|-damage|p2a: Cradily|316/376","|cant|p2a: Cradily|flinch","|","|-weather|SunnyDay|[upkeep]","|-heal|p2a: Cradily|339/376|[from] item: Leftovers","|turn|13","|","|move|p1a: Charizard|Air Slash|p2a: Cradily","|-damage|p2a: Cradily|275/376","|move|p2a: Cradily|Ancient Power|p1a: Charizard","|-supereffective|p1a: Charizard","|-damage|p1a: Charizard|0 fnt","|faint|p1a: Charizard","|","|-weather|SunnyDay|[upkeep]","|-heal|p2a: Cradily|298/376|[from] item: Leftovers","|","|switch|p1a: Ninetales|Ninetales, M|287/287","|turn|14","|","|move|p1a: Ninetales|Overheat|p2a: Cradily","|-damage|p2a: Cradily|178/376","|-unboost|p1a: Ninetales|spa|2","|move|p2a: Cradily|Toxic|p1a: Ninetales","|-status|p1a: Ninetales|tox","|","|-weather|SunnyDay|[upkeep]","|-heal|p2a: Cradily|201/376|[from] item: Leftovers","|-damage|p1a: Ninetales|270/287 tox|[from] psn","|turn|15","|","|move|p1a: Ninetales|Power Swap|p2a: Cradily","|-swapboost|p1a: Ninetales|p2a: Cradily|atk, spa|[from] move: Power Swap","|move|p2a: Cradily|Recover|p2a: Cradily","|-heal|p2a: Cradily|376/376","|","|-weather|none","|-damage|p1a: Ninetales|236/287 tox|[from] psn","|turn|16","|","|move|p1a: Ninetales|Hidden Power|p2a: Cradily","|-damage|p2a: Cradily|340/376","|move|p2a: Cradily|Ancient Power|p1a: Ninetales","|-supereffective|p1a: Ninetales","|-damage|p1a: Ninetales|174/287 tox","|","|-heal|p2a: Cradily|363/376|[from] item: Leftovers","|-damage|p1a: Ninetales|123/287 tox|[from] psn","|turn|17","|","|move|p1a: Ninetales|Overheat|p2a: Cradily","|-damage|p2a: Cradily|239/376","|-unboost|p1a: Ninetales|spa|2","|move|p2a: Cradily|Ancient Power|p1a: Ninetales","|-supereffective|p1a: Ninetales","|-damage|p1a: Ninetales|63/287 tox","|","|-heal|p2a: Cradily|262/376|[from] item: Leftovers","|-damage|p1a: Ninetales|0 fnt|[from] psn","|faint|p1a: Ninetales","|","|switch|p1a: Volcarona|Volcarona, M|311/311","|turn|18","|","|move|p1a: Volcarona|Quiver Dance|p1a: Volcarona","|-boost|p1a: Volcarona|spa|1","|-boost|p1a: Volcarona|spd|1","|-boost|p1a: Volcarona|spe|1","|move|p2a: Cradily|Toxic|p1a: Volcarona","|-status|p1a: Volcarona|tox","|","|-heal|p2a: Cradily|285/376|[from] item: Leftovers","|-damage|p1a: Volcarona|292/311 tox|[from] psn","|turn|19","|","|move|p1a: Volcarona|Quiver Dance|p1a: Volcarona","|-boost|p1a: Volcarona|spa|1","|-boost|p1a: Volcarona|spd|1","|-boost|p1a: Volcarona|spe|1","|move|p2a: Cradily|Recover|p2a: Cradily","|-heal|p2a: Cradily|376/376","|","|-heal|p1a: Volcarona|311/311 tox|[from] item: Leftovers","|-damage|p1a: Volcarona|273/311 tox|[from] psn","|turn|20","|","|move|p1a: Volcarona|Quiver Dance|p1a: Volcarona","|-boost|p1a: Volcarona|spa|1","|-boost|p1a: Volcarona|spd|1","|-boost|p1a: Volcarona|spe|1","|move|p2a: Cradily|Giga Drain|p1a: Volcarona","|-resisted|p1a: Volcarona","|-damage|p1a: Volcarona|269/311 tox","|","|-heal|p1a: Volcarona|288/311 tox|[from] item: Leftovers","|-damage|p1a: Volcarona|231/311 tox|[from] psn","|turn|21","|","|move|p1a: Volcarona|Bug Buzz|p2a: Cradily","|-supereffective|p2a: Cradily","|-damage|p2a: Cradily|0 fnt","|faint|p2a: Cradily","|","|-heal|p1a: Volcarona|250/311 tox|[from] item: Leftovers","|-damage|p1a: Volcarona|174/311 tox|[from] psn","|","|switch|p2a: Relicanth|Relicanth, F|403/403","|turn|22","|","|move|p1a: Volcarona|Giga Drain|p2a: Relicanth","|-supereffective|p2a: Relicanth","|-activate|p2a: Relicanth|Sturdy","|-damage|p2a: Relicanth|1/403","|-heal|p1a: Volcarona|311/311 tox|[from] drain|[of] p2a: Relicanth","|move|p2a: Relicanth|Stone Edge|p1a: Volcarona","|-supereffective|p1a: Volcarona","|-damage|p1a: Volcarona|0 fnt","|faint|p1a: Volcarona","|","|","|switch|p1a: Entei|Entei, shiny|371/371","|-ability|p1a: Entei|Pressure","|turn|23","|","|move|p1a: Entei|Extreme Speed|p2a: Relicanth","|-resisted|p2a: Relicanth","|-damage|p2a: Relicanth|0 fnt","|faint|p2a: Relicanth","|","|","|switch|p2a: Tyranitar|Tyranitar, M|133/403","|-weather|Sandstorm","|turn|24","|","|move|p1a: Entei|Iron Head|p2a: Tyranitar","|-supereffective|p2a: Tyranitar","|-damage|p2a: Tyranitar|0 fnt","|faint|p2a: Tyranitar","|","|-weather|Sandstorm|[upkeep]","|-damage|p1a: Entei|348/371|[from] sandstorm","|-heal|p1a: Entei|371/371|[from] item: Leftovers","|","|switch|p2a: Carracosta|Carracosta, M|289/289","|turn|25","|","|move|p1a: Entei|Iron Head|p2a: Carracosta","|-crit|p2a: Carracosta","|-damage|p2a: Carracosta|169/289","|move|p2a: Carracosta|Knock Off|p1a: Entei","|-damage|p1a: Entei|242/371","|-enditem|p1a: Entei|Leftovers|[from] move: Knock Off|[of] p2a: Carracosta","|","|-weather|Sandstorm|[upkeep]","|-damage|p1a: Entei|219/371|[from] sandstorm","|turn|26","|","|move|p1a: Entei|Iron Head|p2a: Carracosta","|-damage|p2a: Carracosta|88/289","|move|p2a: Carracosta|Shell Smash|p2a: Carracosta","|-boost|p2a: Carracosta|atk|2","|-boost|p2a: Carracosta|spa|2","|-boost|p2a: Carracosta|spe|2","|-unboost|p2a: Carracosta|def|1","|-unboost|p2a: Carracosta|spd|1","|-enditem|p2a: Carracosta|White Herb","|-restoreboost|p2a: Carracosta|[silent]","|","|-weather|Sandstorm|[upkeep]","|-damage|p1a: Entei|196/371|[from] sandstorm","|turn|27","|","|move|p2a: Carracosta|Aqua Jet|p1a: Entei","|-supereffective|p1a: Entei","|-damage|p1a: Entei|0 fnt","|faint|p1a: Entei","|","|-weather|Sandstorm|[upkeep]","|","|switch|p1a: Victini|Victini|341/341","|turn|28","|","|move|p2a: Carracosta|Aqua Jet|p1a: Victini","|-supereffective|p1a: Victini","|-damage|p1a: Victini|53/341","|move|p1a: Victini|Psychic|p2a: Carracosta","|-damage|p2a: Carracosta|0 fnt","|faint|p2a: Carracosta","|","|-weather|none","|-heal|p1a: Victini|74/341|[from] item: Leftovers","|","|switch|p2a: Terrakion|Terrakion|323/323","|turn|29","|","|move|p2a: Terrakion|Earthquake|p1a: Victini","|-supereffective|p1a: Victini","|-damage|p1a: Victini|0 fnt","|faint|p1a: Victini","|","|","|switch|p1a: Flareon|Flareon, M|255/271 tox","|turn|30","|","|move|p2a: Terrakion|Earthquake|p1a: Flareon","|-supereffective|p1a: Flareon","|-damage|p1a: Flareon|0 fnt","|faint|p1a: Flareon","|","|win|MasterMonocle"],"p1rating":{"entryid":"6510480","serverid":"eos","formatid":"monotype","userid":"kre8noyz","username":"Kre8noyz","w":"26","l":40,"t":"0","gxe":40.8,"r":"1430.4612744435","rd":"50.603162800899","sigma":"0","rptime":"1438333200","rpr":1428.9609097232,"rprd":48.405021979004,"rpsigma":"0","acre":1072.8210965183,"lacre":1072.8210965183,"oldacre":"1101.8325056362"},"p2rating":{"entryid":"7284071","serverid":"eos","formatid":"monotype","userid":"mastermonocle","username":"MasterMonocle","w":2,"l":"0","t":"0","gxe":57.9,"r":1536.2287903847,"rd":122.94759854436,"sigma":"0","rptime":1438333200,"rpr":1563.5934755046,"rprd":116.60851257043,"rpsigma":"0","acre":1084.0793199767,"lacre":1084.0793199767,"oldacre":"1045.5982891109"},"endType":"normal"}