{"seed":[12841,36787,9679,58496],"turns":30,"p1":"Seven Swell","p2":"Sovereign♕Mothra","p1team":[{"name":"Mew","species":"Mew","item":"leftovers","ability":"Synchronize","moves":["roost","toxic","healbell","aurasphere"],"nature":"Calm","evs":{"hp":252,"atk":0,"def":0,"spa":4,"spd":252,"spe":0},"ivs":{"hp":31,"atk":31,"def":31,"spa":31,"spd":31,"spe":31}},{"name":"Slowbro","species":"Slowbro","item":"rockyhelmet","ability":"Regenerator","moves":["scald","yawn","flamethrower","slackoff"],"nature":"Bold","evs":{"hp":252,"atk":0,"def":252,"spa":4,"spd":0,"spe":0},"ivs":{"hp":31,"atk":31,"def":31,"spa":31,"spd":31,"spe":31}},{"name":"Deoxys-Speed","species":"Deoxys-Speed","item":"focussash","ability":"Pressure","moves":["stealthrock","spikes","thunderwave","icebeam"],"nature":"Timid","evs":{"hp":252,"atk":0,"def":44,"spa":0,"spd":0,"spe":212},"ivs":{"hp":31,"atk":31,"def":31,"spa":31,"spd":31,"spe":31}},{"name":"Gardevoir","species":"Gardevoir","item":"gardevoirite","ability":"Trace","moves":["hypervoice","psyshock","destinybond","thunderbolt"],"nature":"Timid","evs":{"hp":0,"atk":0,"def":0,"spa":252,"spd":0,"spe":252},"ivs":{"hp":31,"atk":0,"def":31,"spa":31,"spd":31,"spe":31}},{"name":"Latias","species":"Latias","item":"leftovers","ability":"Levitate","moves":["dracometeor","psyshock","roost","defog"],"nature":"Timid","evs":{"hp":252,"atk":0,"def":0,"spa":4,"spd":0,"spe":252},"ivs":{"hp":31,"atk":31,"def":31,"spa":31,"spd":31,"spe":31}},{"name":"Hoopa-Unbound","species":"Hoopa-Unbound","item":"focussash","ability":"Magician","moves":["hyperspacefury","drainpunch","firepunch","gunkshot"],"nature":"Adamant","evs":{"hp":0,"atk":252,"def":0,"spa":0,"spd":4,"spe":252},"ivs":{"hp":31,"atk":31,"def":31,"spa":31,"spd":31,"spe":31}}],"p2team":[{"name":"Genesect","species":"Genesect","item":"choicescarf","ability":"Download","moves":["energyball","icebeam","uturn","ironhead"],"nature":"Hasty","evs":{"hp":0,"atk":4,"def":0,"spa":252,"spd":0,"spe":252},"ivs":{"hp":31,"atk":31,"def":31,"spa":31,"spd":31,"spe":31}},{"name":"Pinsir","species":"Pinsir","item":"pinsirite","ability":"Moxie","moves":["feint","earthquake","frustration","swordsdance"],"nature":"Jolly","evs":{"hp":0,"atk":252,"def":0,"spa":0,"spd":4,"spe":252},"happiness":0,"ivs":{"hp":31,"atk":31,"def":31,"spa":31,"spd":31,"spe":31}},{"name":"Shuckle","species":"Shuckle","item":"mentalherb","ability":"Sturdy","moves":["stealthrock","stickyweb","toxic","encore"],"nature":"Calm","evs":{"hp":248,"atk":0,"def":8,"spa":0,"spd":252,"spe":0},"ivs":{"hp":31,"atk":31,"def":31,"spa":31,"spd":31,"spe":31}},{"name":"Volcarona","species":"Volcarona","item":"lumberry","ability":"Flame Body","moves":["quiverdance","roost","hiddenpowerground","fierydance"],"nature":"Bold","evs":{"hp":248,"atk":0,"def":208,"spa":0,"spd":0,"spe":52},"ivs":{"hp":31,"atk":0,"def":31,"spa":30,"spd":30,"spe":31}},{"name":"Scizor","species":"Scizor","item":"leftovers","ability":"Technician","moves":["bulletpunch","uturn","roost","defog"],"nature":"Impish","evs":{"hp":248,"atk":8,"def":252,"spa":0,"spd":0,"spe":0},"ivs":{"hp":31,"atk":31,"def":31,"spa":31,"spd":31,"spe":31}},{"name":"Heracross","species":"Heracross","item":"choicescarf","ability":"Moxie","moves":["closecombat","earthquake","megahorn","stoneedge"],"nature":"Jolly","evs":{"hp":0,"atk":252,"def":4,"spa":0,"spd":0,"spe":252},"ivs":{"hp":31,"atk":31,"def":31,"spa":31,"spd":31,"spe":31}}],"log":["|player|p1|Seven Swell|sevenswell.png","|player|p2|Sovereign♕Mothra|150","|gametype|singles","|gen|6","|tier|Monotype","|rated","|rule|Baton Pass Clause: Limit one Baton Passer, can't pass Spe and other stats simultaneously","|rule|Swagger Clause: Swagger is banned","|rule|Same Type Clause: Pokémon in a team must share a type","|clearpoke","|poke|p1|Mew","|poke|p1|Slowbro, M","|poke|p1|Deoxys-Speed","|poke|p1|Gardevoir, F","|poke|p1|Latias, F","|poke|p1|Hoopa-Unbound","|poke|p2|Genesect-*","|poke|p2|Pinsir, F","|poke|p2|Shuckle, F","|poke|p2|Volcarona, F","|poke|p2|Scizor, M","|poke|p2|Heracross, F","|rule|Sleep Clause Mod: Limit one foe put to sleep","|rule|Species Clause: Limit one of each Pokémon","|rule|OHKO Clause: OHKO moves are banned","|rule|Moody Clause: Moody is banned","|rule|Evasion Moves Clause: Evasion moves are banned","|rule|Endless Battle Clause: Forcing endless battles is banned","|rule|HP Percentage Mod: HP is shown in percentages","|teampreview","|","|start","|switch|p1a: Slowbro|Slowbro, M|394/394","|switch|p2a: Scizor|Scizor, M|343/343","|turn|1","|","|move|p2a: Scizor|U-turn|p1a: Slowbro","|-supereffective|p1a: Slowbro","|-damage|p1a: Slowbro|244/394","|-damage|p2a: Scizor|286/343|[from] item: Rocky Helmet|[of] p1a: Slowbro","|","|switch|p2a: Shuckle|Shuckle, F|243/243","|move|p1a: Slowbro|Flamethrower|p2a: Shuckle","|-damage|p2a: Shuckle|216/243","|","|turn|2","|","|move|p1a: Slowbro|Scald|p2a: Shuckle","|-supereffective|p2a: Shuckle","|-damage|p2a: Shuckle|148/243","|move|p2a: Shuckle|Sticky Web|p1a: Slowbro","|-sidestart|p1: Seven Swell|move: Sticky Web","|","|turn|3","|","|move|p1a: Slowbro|Slack Off|p1a: Slowbro","|-heal|p1a: Slowbro|394/394","|move|p2a: Shuckle|Stealth Rock|p1a: Slowbro","|-sidestart|p1: Seven Swell|move: Stealth Rock","|","|turn|4","|","|move|p1a: Slowbro|Scald|p2a: Shuckle","|-supereffective|p2a: Shuckle","|-damage|p2a: Shuckle|76/243","|move|p2a: Shuckle|Encore|p1a: Slowbro","|-start|p1a: Slowbro|Encore","|","|turn|5","|","|move|p1a: Slowbro|Scald|p2a: Shuckle","|-supereffective|p2a: Shuckle","|-damage|p2a: Shuckle|2/243","|-status|p2a: Shuckle|brn","|move|p2a: Shuckle|Toxic|p1a: Slowbro","|-status|p1a: Slowbro|tox","|","|-damage|p1a: Slowbro|370/394 tox|[from] psn","|-damage|p2a: Shuckle|0 fnt|[from] brn","|faint|p2a: Shuckle","|","|switch|p2a: Volcarona|Volcarona, F|373/373","|turn|6","|","|move|p2a: Volcarona|Quiver Dance|p2a: Volcarona","|-boost|p2a: Volcarona|spa|1","|-boost|p2a: Volcarona|spd|1","|-boost|p2a: Volcarona|spe|1","|move|p1a: Slowbro|Scald|p2a: Volcarona","|-supereffective|p2a: Volcarona","|-damage|p2a: Volcarona|253/373","|","|-damage|p1a: Slowbro|322/394 tox|[from] psn","|turn|7","|","|switch|p1a: Mew|Mew|404/404","|-activate|p1a: Mew|move: Sticky Web","|-unboost|p1a: Mew|spe|1","|-damage|p1a: Mew|354/404|[from] Stealth Rock","|move|p2a: Volcarona|Quiver Dance|p2a: Volcarona","|-boost|p2a: Volcarona|spa|1","|-boost|p2a: Volcarona|spd|1","|-boost|p2a: Volcarona|spe|1","|","|-heal|p1a: Mew|379/404|[from] item: Leftovers","|turn|8","|","|move|p2a: Volcarona|Fiery Dance|p1a: Mew","|-damage|p1a: Mew|201/404","|move|p1a: Mew|Toxic|p2a: Volcarona","|-status|p2a: Volcarona|tox","|-enditem|p2a: Volcarona|Lum Berry|[eat]","|-curestatus|p2a: Volcarona|tox","|","|-heal|p1a: Mew|226/404|[from] item: Leftovers","|turn|9","|","|move|p2a: Volcarona|Fiery Dance|p1a: Mew","|-damage|p1a: Mew|58/404","|-boost|p2a: Volcarona|spa|1","|move|p1a: Mew|Toxic|p2a: Volcarona","|-status|p2a: Volcarona|tox","|","|-heal|p1a: Mew|83/404|[from] item: Leftovers","|-damage|p2a: Volcarona|230/373 tox|[from] psn","|turn|10","|","|move|p2a: Volcarona|Fiery Dance|p1a: Mew","|-damage|p1a: Mew|0 fnt","|-boost|p2a: Volcarona|spa|1","|faint|p1a: Mew","|","|-damage|p2a: Volcarona|184/373 tox|[from] psn","|","|switch|p1a: Latias|Latias, F|364/364","|-damage|p1a: Latias|319/364|[from] Stealth Rock","|turn|11","|","|move|p2a: Volcarona|Fiery Dance|p1a: Latias","|-resisted|p1a: Latias","|-damage|p1a: Latias|163/364","|move|p1a: Latias|Defog|p2a: Volcarona","|-unboost|p2a: Volcarona|evasion|1","|-sideend|p1: Seven Swell|Stealth Rock|[from] move: Defog|[of] p1a: Latias","|-sideend|p1: Seven Swell|Sticky Web|[from] move: Defog|[of] p1a: Latias","|","|-heal|p1a: Latias|185/364|[from] item: Leftovers","|-damage|p2a: Volcarona|115/373 tox|[from] psn","|turn|12","|","|move|p2a: Volcarona|Fiery Dance|p1a: Latias","|-resisted|p1a: Latias","|-damage|p1a: Latias|41/364","|-boost|p2a: Volcarona|spa|1","|move|p1a: Latias|Roost|p1a: Latias","|-heal|p1a: Latias|223/364","|","|-heal|p1a: Latias|245/364|[from] item: Leftovers","|-damage|p2a: Volcarona|23/373 tox|[from] psn","|turn|13","|","|move|p2a: Volcarona|Fiery Dance|p1a: Latias","|-resisted|p1a: Latias","|-damage|p1a: Latias|83/364","|-boost|p2a: Volcarona|spa|1","|move|p1a: Latias|Roost|p1a: Latias","|-heal|p1a: Latias|265/364","|","|-heal|p1a: Latias|287/364|[from] item: Leftovers","|-damage|p2a: Volcarona|0 fnt|[from] psn","|faint|p2a: Volcarona","|","|switch|p2a: Scizor|Scizor, M|286/343","|turn|14","|","|switch|p1a: Slowbro|Slowbro, M|394/394 tox","|move|p2a: Scizor|U-turn|p1a: Slowbro","|-supereffective|p1a: Slowbro","|-damage|p1a: Slowbro|262/394 tox","|-damage|p2a: Scizor|229/343|[from] item: Rocky Helmet|[of] p1a: Slowbro","|","|switch|p2a: Genesect|Genesect|283/283","|-boost|p2a: Genesect|spa|1|[from] ability: Download","|","|-damage|p1a: Slowbro|238/394 tox|[from] psn","|turn|15","|","|switch|p1a: Latias|Latias, F|287/364","|move|p2a: Genesect|Energy Ball|p1a: Latias","|-crit|p1a: Latias","|-resisted|p1a: Latias","|-damage|p1a: Latias|197/364","|","|-heal|p1a: Latias|219/364|[from] item: Leftovers","|turn|16","|","|switch|p2a: Scizor|Scizor, M|229/343","|move|p1a: Latias|Roost|p1a: Latias","|-heal|p1a: Latias|364/364","|","|-heal|p2a: Scizor|250/343|[from] item: Leftovers","|turn|17","|","|switch|p1a: Slowbro|Slowbro, M|369/394 tox","|move|p2a: Scizor|U-turn|p1a: Slowbro","|-supereffective|p1a: Slowbro","|-damage|p1a: Slowbro|219/394 tox","|-damage|p2a: Scizor|193/343|[from] item: Rocky Helmet|[of] p1a: Slowbro","|","|switch|p2a: Genesect|Genesect|283/283","|-boost|p2a: Genesect|spa|1|[from] ability: Download","|","|-damage|p1a: Slowbro|195/394 tox|[from] psn","|turn|18","|","|switch|p1a: Latias|Latias, F|364/364","|move|p2a: Genesect|Ice Beam|p1a: Latias","|-supereffective|p1a: Latias","|-damage|p1a: Latias|122/364","|","|-heal|p1a: Latias|144/364|[from] item: Leftovers","|turn|19","|","|switch|p1a: Deoxys-Speed|Deoxys-Speed|304/304","|-ability|p1a: Deoxys-Speed|Pressure","|move|p2a: Genesect|Ice Beam|p1a: Deoxys-Speed","|-crit|p1a: Deoxys-Speed","|-damage|p1a: Deoxys-Speed|55/304","|","|turn|20","|","|move|p1a: Deoxys-Speed|Thunder Wave|p2a: Genesect","|-status|p2a: Genesect|par","|cant|p2a: Genesect|par","|","|turn|21","|","|move|p1a: Deoxys-Speed|Stealth Rock|p2a: Genesect","|-sidestart|p2: Sovereign♕Mothra|move: Stealth Rock","|move|p2a: Genesect|Ice Beam|p1a: Deoxys-Speed","|-damage|p1a: Deoxys-Speed|0 fnt","|faint|p1a: Deoxys-Speed","|","|","|switch|p1a: Hoopa-Unbound|Hoopa-Unbound|301/301","|turn|22","|","|move|p1a: Hoopa-Unbound|Fire Punch|p2a: Genesect","|-supereffective|p2a: Genesect","|-damage|p2a: Genesect|0 fnt","|faint|p2a: Genesect","|","|","|switch|p2a: Pinsir|Pinsir, F|271/271","|-damage|p2a: Pinsir|204/271|[from] Stealth Rock","|turn|23","|","|switch|p1a: Slowbro|Slowbro, M|326/394 tox","|detailschange|p2a: Pinsir|Pinsir-Mega, F","|-mega|p2a: Pinsir|Pinsir|Pinsirite","|move|p2a: Pinsir|Frustration|p1a: Slowbro","|-damage|p1a: Slowbro|155/394 tox","|-damage|p2a: Pinsir|159/271|[from] item: Rocky Helmet|[of] p1a: Slowbro","|","|-damage|p1a: Slowbro|131/394 tox|[from] psn","|turn|24","|","|switch|p1a: Latias|Latias, F|144/364","|move|p2a: Pinsir|Frustration|p1a: Latias","|-damage|p1a: Latias|0 fnt","|faint|p1a: Latias","|","|","|switch|p1a: Slowbro|Slowbro, M|262/394 tox","|turn|25","|","|move|p2a: Pinsir|Frustration|p1a: Slowbro","|-damage|p1a: Slowbro|81/394 tox","|-damage|p2a: Pinsir|114/271|[from] item: Rocky Helmet|[of] p1a: Slowbro","|move|p1a: Slowbro|Flamethrower|p2a: Pinsir","|-supereffective|p2a: Pinsir","|-damage|p2a: Pinsir|0 fnt","|faint|p2a: Pinsir","|","|-damage|p1a: Slowbro|57/394 tox|[from] psn","|","|switch|p2a: Heracross|Heracross, F|301/301","|-damage|p2a: Heracross|264/301|[from] Stealth Rock","|turn|26","|","|move|p2a: Heracross|Megahorn|p1a: Slowbro","|-crit|p1a: Slowbro","|-supereffective|p1a: Slowbro","|-damage|p1a: Slowbro|0 fnt","|-damage|p2a: Heracross|214/301|[from] item: Rocky Helmet|[of] p1a: Slowbro","|faint|p1a: Slowbro","|-boost|p2a: Heracross|atk|1|[from] ability: Moxie","|","|","|switch|p1a: Hoopa-Unbound|Hoopa-Unbound|301/301","|turn|27","|","|move|p2a: Heracross|Megahorn|p1a: Hoopa-Unbound","|-supereffective|p1a: Hoopa-Unbound","|-enditem|p1a: Hoopa-Unbound|Focus Sash","|-damage|p1a: Hoopa-Unbound|1/301","|move|p1a: Hoopa-Unbound|Fire Punch|p2a: Heracross","|-supereffective|p2a: Heracross","|-damage|p2a: Heracross|0 fnt","|-item|p1a: Hoopa-Unbound|Choice Scarf|[from] ability: Magician|[of] p2a: Heracross","|faint|p2a: Heracross","|","|","|switch|p2a: Scizor|Scizor, M|193/343","|-damage|p2a: Scizor|151/343|[from] Stealth Rock","|turn|28","|","|move|p2a: Scizor|Bullet Punch|p1a: Hoopa-Unbound","|-crit|p1a: Hoopa-Unbound","|-damage|p1a: Hoopa-Unbound|0 fnt","|faint|p1a: Hoopa-Unbound","|","|-heal|p2a: Scizor|172/343|[from] item: Leftovers","|","|switch|p1a: Gardevoir|Gardevoir, F|277/277","|-ability|p1a: Gardevoir|Technician|[from] ability: Trace|[of] p2a: Scizor","|turn|29","|","|detailschange|p1a: Gardevoir|Gardevoir-Mega, F","|-mega|p1a: Gardevoir|Gardevoir|Gardevoirite","|move|p2a: Scizor|Bullet Punch|p1a: Gardevoir","|-supereffective|p1a: Gardevoir","|-damage|p1a: Gardevoir|1/277","|move|p1a: Gardevoir|Hyper Voice|p2a: Scizor","|-resisted|p2a: Scizor","|-damage|p2a: Scizor|18/343","|","|-heal|p2a: Scizor|39/343|[from] item: Leftovers","|turn|30","|","|move|p2a: Scizor|Bullet Punch|p1a: Gardevoir","|-supereffective|p1a: Gardevoir","|-damage|p1a: Gardevoir|0 fnt","|faint|p1a: Gardevoir","|","|win|Sovereign♕Mothra"],"p1rating":{"entryid":"7267988","serverid":"eos","formatid":"monotype","userid":"sevenswell","username":"Seven Swell","w":"3","l":2,"t":"0","gxe":50.9,"r":"1444.0503046494","rd":"123.17369180523","sigma":"0","rptime":"1438333200","rpr":1507.1268678421,"rprd":102.31934236229,"rpsigma":"0","acre":1078.4295715442,"lacre":1078.4295715442,"oldacre":"1111.1663995402"},"p2rating":{"entryid":7294871,"formatid":"monotype","userid":"sovereignmothra","username":"Sovereign♕Mothra","r":1500,"rd":130,"sigma":0,"rpr":1534.4662962479,"rprd":122.90688772219,"rpsigma":0,"rptime":1438333200,"w":1,"l":0,"t":0,"gxe":54.3,"acre":1052.3789247936,"lacre":1052.3789247936,"oldacre":1000},"endType":"normal"}