{"seed":[57681,65158,55704,57743],"turns":34,"p1":"Union Entropy","p2":"GTX♅Bzumzum","p1team":[{"name":"Rook","species":"golurk","item":"choiceband","ability":"No Guard","moves":["dynamicpunch","earthquake","shadowpunch","icepunch"],"nature":"Brave","evs":{"hp":248,"atk":252,"def":0,"spa":0,"spd":8,"spe":0},"ivs":{"hp":31,"atk":31,"def":30,"spa":31,"spd":30,"spe":31}},{"name":"Bishop","species":"trevenant","item":"sitrusberry","ability":"Harvest","moves":["hornleech","willowisp","substitute","leechseed"],"nature":"Careful","evs":{"hp":252,"atk":4,"def":0,"spa":0,"spd":252,"spe":0},"ivs":{"hp":31,"atk":31,"def":31,"spa":31,"spd":31,"spe":31}},{"name":"Knight","species":"aegislash","item":"leftovers","ability":"Stance Change","moves":["shadowball","shadowsneak","kingsshield","flashcannon"],"nature":"Quiet","evs":{"hp":244,"atk":0,"def":12,"spa":252,"spd":0,"spe":0},"ivs":{"hp":31,"atk":31,"def":31,"spa":31,"spd":31,"spe":31}},{"name":"King","species":"jellicent","item":"leftovers","ability":"Water Absorb","moves":["scald","toxic","trickroom","recover"],"nature":"Calm","evs":{"hp":252,"atk":0,"def":4,"spa":0,"spd":252,"spe":0},"gender":"M","ivs":{"hp":31,"atk":31,"def":31,"spa":31,"spd":31,"spe":0}},{"name":"Queen","species":"sableye","item":"sablenite","ability":"Prankster","moves":["recover","willowisp","darkpulse","calmmind"],"nature":"Bold","evs":{"hp":248,"atk":0,"def":252,"spa":8,"spd":0,"spe":0},"gender":"F","ivs":{"hp":31,"atk":31,"def":31,"spa":31,"spd":31,"spe":31}},{"name":"Pawn","species":"cofagrigus","item":"leftovers","ability":"Mummy","moves":["shadowball","willowisp","trickroom","destinybond"],"nature":"Sassy","evs":{"hp":252,"atk":0,"def":0,"spa":4,"spd":252,"spe":0},"ivs":{"hp":31,"atk":31,"def":31,"spa":31,"spd":31,"spe":0}}],"p2team":[{"name":"Creeps","species":"sableye","item":"lumberry","ability":"Prankster","moves":["sleeptalk","calmmind","darkpulse","rest"],"nature":"Modest","evs":{"hp":236,"atk":0,"def":0,"spa":248,"spd":24,"spe":0},"gender":"M","ivs":{"hp":31,"atk":31,"def":31,"spa":31,"spd":31,"spe":31}},{"name":"Ban-Can!!!","species":"banette","item":"banettite","ability":"Cursed Body","moves":["calmmind","hex","painsplit","thunderwave"],"nature":"Timid","evs":{"hp":244,"atk":0,"def":0,"spa":216,"spd":48,"spe":0},"gender":"M","shiny":true,"ivs":{"hp":31,"atk":31,"def":31,"spa":31,"spd":31,"spe":31}},{"name":"Cough Cough","species":"cofagrigus","item":"leftovers","ability":"Mummy","moves":["toxicspikes","confide","haze","infestation"],"nature":"Calm","evs":{"hp":252,"atk":0,"def":252,"spa":0,"spd":4,"spe":0},"gender":"M","ivs":{"hp":31,"atk":31,"def":31,"spa":31,"spd":31,"spe":31}},{"name":"Big Shadow","species":"dusknoir","item":"colburberry","ability":"Frisk","moves":["foresight","brickbreak","thief","psychup"],"nature":"Adamant","evs":{"hp":248,"atk":252,"def":0,"spa":0,"spd":8,"spe":0},"gender":"M","shiny":true,"ivs":{"hp":31,"atk":31,"def":31,"spa":31,"spd":31,"spe":31}},{"name":"Gassy","species":"gengar","item":"choicescarf","ability":"Levitate","moves":["dazzlinggleam","gigadrain","sludgewave","shadowball"],"nature":"Timid","evs":{"hp":0,"atk":0,"def":0,"spa":252,"spd":4,"spe":252},"gender":"M","shiny":true,"ivs":{"hp":31,"atk":31,"def":31,"spa":31,"spd":31,"spe":31}},{"name":"Aegislash","species":"Aegislash","item":"weaknesspolicy","ability":"Stance Change","moves":["kingsshield","shadowsneak","sacredsword","swordsdance"],"nature":"Adamant","evs":{"hp":248,"atk":252,"def":0,"spa":0,"spd":8,"spe":0},"gender":"M","shiny":true,"ivs":{"hp":31,"atk":31,"def":31,"spa":31,"spd":31,"spe":31}}],"log":["|player|p1|Union Entropy|290","|player|p2|GTX♅Bzumzum|225","|gametype|singles","|gen|6","|tier|Monotype","|rated","|rule|Baton Pass Clause: Limit one Baton Passer, can't pass Spe and other stats simultaneously","|rule|Swagger Clause: Swagger is banned","|rule|Same Type Clause: Pokémon in a team must share a type","|clearpoke","|poke|p1|Golurk","|poke|p1|Trevenant, M","|poke|p1|Aegislash, F","|poke|p1|Jellicent, M","|poke|p1|Sableye, F","|poke|p1|Cofagrigus, M","|poke|p2|Sableye, M","|poke|p2|Banette, M, shiny","|poke|p2|Cofagrigus, M","|poke|p2|Dusknoir, M, shiny","|poke|p2|Gengar, M, shiny","|poke|p2|Aegislash, M, shiny","|rule|Sleep Clause Mod: Limit one foe put to sleep","|rule|Species Clause: Limit one of each Pokémon","|rule|OHKO Clause: OHKO moves are banned","|rule|Moody Clause: Moody is banned","|rule|Evasion Moves Clause: Evasion moves are banned","|rule|Endless Battle Clause: Forcing endless battles is banned","|rule|HP Percentage Mod: HP is shown in percentages","|teampreview","|","|start","|switch|p1a: Pawn|Cofagrigus, M|320/320","|switch|p2a: Cough Cough|Cofagrigus, M|320/320","|turn|1","|","|move|p2a: Cough Cough|Toxic Spikes|p1a: Pawn","|-sidestart|p1: Union Entropy|move: Toxic Spikes","|move|p1a: Pawn|Trick Room|p1a: Pawn","|-fieldstart|move: Trick Room|[of] p1a: Pawn","|","|turn|2","|","|switch|p1a: Bishop|Trevenant, M|374/374","|-status|p1a: Bishop|psn","|switch|p2a: Creeps|Sableye, M|300/300","|","|-damage|p1a: Bishop|328/374 psn|[from] psn","|turn|3","|","|move|p2a: Creeps|Calm Mind|p2a: Creeps","|-boost|p2a: Creeps|spa|1","|-boost|p2a: Creeps|spd|1","|move|p1a: Bishop|Substitute|p1a: Bishop","|-start|p1a: Bishop|Substitute","|-damage|p1a: Bishop|235/374 psn","|","|-damage|p1a: Bishop|189/374 psn|[from] psn","|turn|4","|","|move|p2a: Creeps|Calm Mind|p2a: Creeps","|-boost|p2a: Creeps|spa|1","|-boost|p2a: Creeps|spd|1","|move|p1a: Bishop|Leech Seed|p2a: Creeps","|-start|p2a: Creeps|move: Leech Seed","|","|-damage|p2a: Creeps|263/300|[from] Leech Seed|[of] p1a: Bishop","|-heal|p1a: Bishop|226/374 psn|[silent]","|-damage|p1a: Bishop|180/374 psn|[from] psn","|-enditem|p1a: Bishop|Sitrus Berry|[eat]","|-heal|p1a: Bishop|273/374 psn|[from] item: Sitrus Berry","|turn|5","|","|move|p2a: Creeps|Dark Pulse|p1a: Bishop","|-supereffective|p1a: Bishop","|-end|p1a: Bishop|Substitute","|move|p1a: Bishop|Will-O-Wisp|p2a: Creeps","|-status|p2a: Creeps|brn","|-enditem|p2a: Creeps|Lum Berry|[eat]","|-curestatus|p2a: Creeps|brn","|","|-damage|p2a: Creeps|226/300|[from] Leech Seed|[of] p1a: Bishop","|-heal|p1a: Bishop|310/374 psn|[silent]","|-damage|p1a: Bishop|264/374 psn|[from] psn","|-fieldend|move: Trick Room","|turn|6","|","|move|p1a: Bishop|Substitute|p1a: Bishop","|-start|p1a: Bishop|Substitute","|-damage|p1a: Bishop|171/374 psn","|move|p2a: Creeps|Dark Pulse|p1a: Bishop","|-supereffective|p1a: Bishop","|-end|p1a: Bishop|Substitute","|","|-damage|p2a: Creeps|189/300|[from] Leech Seed|[of] p1a: Bishop","|-heal|p1a: Bishop|208/374 psn|[silent]","|-damage|p1a: Bishop|162/374 psn|[from] psn","|-item|p1a: Bishop|Sitrus Berry|[from] ability: Harvest","|-enditem|p1a: Bishop|Sitrus Berry|[eat]","|-heal|p1a: Bishop|255/374 psn|[from] item: Sitrus Berry","|turn|7","|","|switch|p2a: Cough Cough|Cofagrigus, M|320/320","|move|p1a: Bishop|Substitute|p1a: Bishop","|-start|p1a: Bishop|Substitute","|-damage|p1a: Bishop|162/374 psn","|","|-damage|p1a: Bishop|116/374 psn|[from] psn","|turn|8","|","|move|p1a: Bishop|Leech Seed|p2a: Cough Cough","|-start|p2a: Cough Cough|move: Leech Seed","|move|p2a: Cough Cough|Haze|p2a: Cough Cough","|-clearallboost","|","|-damage|p2a: Cough Cough|280/320|[from] Leech Seed|[of] p1a: Bishop","|-heal|p1a: Bishop|156/374 psn|[silent]","|-damage|p1a: Bishop|110/374 psn|[from] psn","|-item|p1a: Bishop|Sitrus Berry|[from] ability: Harvest","|-enditem|p1a: Bishop|Sitrus Berry|[eat]","|-heal|p1a: Bishop|203/374 psn|[from] item: Sitrus Berry","|turn|9","|","|move|p1a: Bishop|Horn Leech|p2a: Cough Cough","|-damage|p2a: Cough Cough|223/320","|-heal|p1a: Bishop|232/374 psn|[from] drain|[of] p2a: Cough Cough","|-endability|p1a: Bishop|harvest|[from] Mummy","|-ability|p1a: Bishop|Mummy|[from] Mummy","|move|p2a: Cough Cough|Infestation|p1a: Bishop","|-activate|p1a: Bishop|Substitute|[damage]","|","|-heal|p2a: Cough Cough|243/320|[from] item: Leftovers","|-damage|p2a: Cough Cough|203/320|[from] Leech Seed|[of] p1a: Bishop","|-heal|p1a: Bishop|272/374 psn|[silent]","|-damage|p1a: Bishop|226/374 psn|[from] psn","|turn|10","|","|switch|p1a: Knight|Aegislash, F|322/322","|move|p2a: Cough Cough|Infestation|p1a: Knight","|-crit|p1a: Knight","|-resisted|p1a: Knight","|-damage|p1a: Knight|318/322","|-activate|p1a: Knight|move: Infestation|[of] p2a: Cough Cough","|","|-heal|p1a: Knight|322/322|[from] item: Leftovers","|-heal|p2a: Cough Cough|223/320|[from] item: Leftovers","|-damage|p2a: Cough Cough|183/320|[from] Leech Seed|[of] p1a: Knight","|-damage|p1a: Knight|282/322|[from] move: Infestation|[partiallytrapped]","|turn|11","|","|-formechange|p1a: Knight|Aegislash-Blade","|move|p1a: Knight|Shadow Ball|p2a: Cough Cough","|-crit|p2a: Cough Cough","|-supereffective|p2a: Cough Cough","|-damage|p2a: Cough Cough|0 fnt","|faint|p2a: Cough Cough","|","|-heal|p1a: Knight|302/322|[from] item: Leftovers","|","|switch|p2a: Ban-Can!!!|Banette, M, shiny|330/330","|turn|12","|","|detailschange|p2a: Ban-Can!!!|Banette-Mega, M, shiny","|-mega|p2a: Ban-Can!!!|Banette|Banettite","|-formechange|p1a: Knight|Aegislash","|move|p1a: Knight|King's Shield|p1a: Knight","|-singleturn|p1a: Knight|Protect","|move|p2a: Ban-Can!!!|Thunder Wave|p1a: Knight","|-status|p1a: Knight|par","|","|-heal|p1a: Knight|322/322 par|[from] item: Leftovers","|turn|13","|","|move|p2a: Ban-Can!!!|Calm Mind|p2a: Ban-Can!!!","|-boost|p2a: Ban-Can!!!|spa|1","|-boost|p2a: Ban-Can!!!|spd|1","|-formechange|p1a: Knight|Aegislash-Blade","|move|p1a: Knight|Shadow Sneak|p2a: Ban-Can!!!","|-supereffective|p2a: Ban-Can!!!","|-damage|p2a: Ban-Can!!!|174/330","|","|turn|14","|","|move|p2a: Ban-Can!!!|Calm Mind|p2a: Ban-Can!!!","|-boost|p2a: Ban-Can!!!|spa|1","|-boost|p2a: Ban-Can!!!|spd|1","|move|p1a: Knight|Shadow Ball|p2a: Ban-Can!!!","|-supereffective|p2a: Ban-Can!!!","|-damage|p2a: Ban-Can!!!|0 fnt","|faint|p2a: Ban-Can!!!","|","|","|switch|p2a: Creeps|Sableye, M|189/300","|turn|15","|","|move|p2a: Creeps|Calm Mind|p2a: Creeps","|-boost|p2a: Creeps|spa|1","|-boost|p2a: Creeps|spd|1","|move|p1a: Knight|Shadow Ball|p2a: Creeps","|-damage|p2a: Creeps|39/300","|-unboost|p2a: Creeps|spd|1","|","|turn|16","|","|move|p2a: Creeps|Rest|p2a: Creeps","|-status|p2a: Creeps|slp","|-heal|p2a: Creeps|300/300 slp|[silent]","|-status|p2a: Creeps|slp|[from] move: Rest","|cant|p1a: Knight|par","|","|turn|17","|","|switch|p1a: Queen|Sableye, F|303/303","|-status|p1a: Queen|psn","|cant|p2a: Creeps|slp","|move|p2a: Creeps|Sleep Talk|p2a: Creeps","|move|p2a: Creeps|Rest|p2a: Creeps|[from]Sleep Talk","|-fail|p2a: Creeps","|","|-damage|p1a: Queen|266/303 psn|[from] psn","|turn|18","|","|switch|p2a: Aegislash|Aegislash, M, shiny|323/323","|detailschange|p1a: Queen|Sableye-Mega, F","|-mega|p1a: Queen|Sableye|Sablenite","|move|p1a: Queen|Calm Mind|p1a: Queen","|-boost|p1a: Queen|spa|1","|-boost|p1a: Queen|spd|1","|","|-damage|p1a: Queen|229/303 psn|[from] psn","|turn|19","|","|switch|p2a: Creeps|Sableye, M|300/300 slp","|move|p1a: Queen|Dark Pulse|p2a: Creeps","|-crit|p2a: Creeps","|-damage|p2a: Creeps|63/300 slp","|","|-damage|p1a: Queen|192/303 psn|[from] psn","|turn|20","|","|cant|p2a: Creeps|slp","|move|p2a: Creeps|Sleep Talk|p2a: Creeps","|move|p2a: Creeps|Rest|p2a: Creeps|[from]Sleep Talk","|-fail|p2a: Creeps","|move|p1a: Queen|Recover|p1a: Queen","|-heal|p1a: Queen|303/303 psn","|","|-damage|p1a: Queen|266/303 psn|[from] psn","|turn|21","|","|-curestatus|p2a: Creeps|slp","|move|p2a: Creeps|Rest|p2a: Creeps","|-status|p2a: Creeps|slp","|-heal|p2a: Creeps|300/300 slp|[silent]","|-status|p2a: Creeps|slp|[from] move: Rest","|move|p1a: Queen|Dark Pulse|p2a: Creeps","|-crit|p2a: Creeps","|-damage|p2a: Creeps|66/300 slp","|","|-damage|p1a: Queen|229/303 psn|[from] psn","|turn|22","|","|cant|p2a: Creeps|slp","|move|p2a: Creeps|Sleep Talk|p2a: Creeps","|move|p2a: Creeps|Calm Mind|p2a: Creeps|[from]Sleep Talk","|-boost|p2a: Creeps|spa|1","|-boost|p2a: Creeps|spd|1","|move|p1a: Queen|Dark Pulse|p2a: Creeps","|-damage|p2a: Creeps|0 fnt","|faint|p2a: Creeps","|","|-damage|p1a: Queen|192/303 psn|[from] psn","|","|switch|p2a: Big Shadow|Dusknoir, M, shiny|293/293","|-item|p1a: Queen|Sablenite|[from] ability: Frisk|[of] p2a: Big Shadow|[identify]","|turn|23","|","|move|p2a: Big Shadow|Psych Up|p1a: Queen","|-copyboost|p2a: Big Shadow|p1a: Queen|[from] move: Psych Up","|move|p1a: Queen|Recover|p1a: Queen","|-heal|p1a: Queen|303/303 psn","|","|-damage|p1a: Queen|266/303 psn|[from] psn","|turn|24","|","|move|p2a: Big Shadow|Thief|p1a: Queen","|-damage|p1a: Queen|226/303 psn","|move|p1a: Queen|Will-O-Wisp|p2a: Big Shadow","|-status|p2a: Big Shadow|brn","|","|-damage|p2a: Big Shadow|257/293 brn|[from] brn","|-damage|p1a: Queen|189/303 psn|[from] psn","|turn|25","|","|move|p2a: Big Shadow|Psych Up|p1a: Queen","|-copyboost|p2a: Big Shadow|p1a: Queen|[from] move: Psych Up","|move|p1a: Queen|Dark Pulse|p2a: Big Shadow","|-supereffective|p2a: Big Shadow","|-enditem|p2a: Big Shadow|Colbur Berry|[eat]","|-damage|p2a: Big Shadow|190/293 brn","|","|-damage|p2a: Big Shadow|154/293 brn|[from] brn","|-damage|p1a: Queen|152/303 psn|[from] psn","|turn|26","|","|move|p2a: Big Shadow|Thief|p1a: Queen","|-damage|p1a: Queen|133/303 psn","|move|p1a: Queen|Recover|p1a: Queen","|-heal|p1a: Queen|285/303 psn","|","|-damage|p2a: Big Shadow|118/293 brn|[from] brn","|-damage|p1a: Queen|248/303 psn|[from] psn","|turn|27","|","|move|p2a: Big Shadow|Thief|p1a: Queen","|-damage|p1a: Queen|229/303 psn","|move|p1a: Queen|Dark Pulse|p2a: Big Shadow","|-supereffective|p2a: Big Shadow","|-damage|p2a: Big Shadow|0 fnt","|faint|p2a: Big Shadow","|","|-damage|p1a: Queen|192/303 psn|[from] psn","|","|switch|p2a: Aegislash|Aegislash, M, shiny|323/323","|turn|28","|","|move|p2a: Aegislash|Swords Dance|p2a: Aegislash","|-boost|p2a: Aegislash|atk|2","|move|p1a: Queen|Dark Pulse|p2a: Aegislash","|-supereffective|p2a: Aegislash","|-damage|p2a: Aegislash|143/323","|-enditem|p2a: Aegislash|Weakness Policy","|-boost|p2a: Aegislash|atk|2|[from] item: Weakness Policy","|-boost|p2a: Aegislash|spa|2|[from] item: Weakness Policy","|","|-damage|p1a: Queen|155/303 psn|[from] psn","|turn|29","|","|-formechange|p2a: Aegislash|Aegislash-Blade","|move|p2a: Aegislash|Shadow Sneak|p1a: Queen","|-damage|p1a: Queen|0 fnt","|faint|p1a: Queen","|","|","|switch|p1a: Knight|Aegislash, F|322/322 par","|turn|30","|","|cant|p1a: Knight|par","|move|p2a: Aegislash|Shadow Sneak|p1a: Knight","|-supereffective|p1a: Knight","|-damage|p1a: Knight|0 fnt","|faint|p1a: Knight","|","|","|switch|p1a: Pawn|Cofagrigus, M|320/320","|-status|p1a: Pawn|psn","|turn|31","|","|move|p2a: Aegislash|Shadow Sneak|p1a: Pawn","|-supereffective|p1a: Pawn","|-damage|p1a: Pawn|0 fnt","|faint|p1a: Pawn","|","|","|switch|p1a: King|Jellicent, M|404/404","|-status|p1a: King|psn","|turn|32","|","|move|p2a: Aegislash|Shadow Sneak|p1a: King","|-supereffective|p1a: King","|-damage|p1a: King|0 fnt","|faint|p1a: King","|","|","|switch|p1a: Bishop|Trevenant, M|226/374 psn","|turn|33","|","|move|p2a: Aegislash|Shadow Sneak|p1a: Bishop","|-supereffective|p1a: Bishop","|-damage|p1a: Bishop|0 fnt","|faint|p1a: Bishop","|","|","|switch|p1a: Rook|Golurk|381/381","|-status|p1a: Rook|psn","|turn|34","|","|move|p2a: Aegislash|Shadow Sneak|p1a: Rook","|-supereffective|p1a: Rook","|-damage|p1a: Rook|0 fnt","|faint|p1a: Rook","|","|win|GTX♅Bzumzum"],"p1rating":{"entryid":"6825543","serverid":"eos","formatid":"monotype","userid":"unionentropy","username":"Union Entropy","w":"11","l":26,"t":"0","gxe":31.9,"r":"1369.8656192224","rd":62.983365111144,"sigma":"0","rptime":1438333200,"rpr":1355.5676178575,"rprd":62.079426602679,"rpsigma":"0","acre":1065.4061664464,"lacre":1065.4061664464,"oldacre":"1087.1712486253"},"p2rating":{"entryid":"6857825","serverid":"eos","formatid":"monotype","userid":"gtxbzumzum","username":"GTX♅Bzumzum","w":18,"l":"64","t":"0","gxe":23.4,"r":"1260.9216252825","rd":"43.16253185542","sigma":"0","rptime":"1438333200","rpr":1275.1903121396,"rprd":42.682811580666,"rpsigma":"0","acre":1130.5055366692,"lacre":1130.5055366692,"oldacre":"1106.9254349134"},"endType":"normal"}