{"seed":[28142,48366,46804,18177],"turns":35,"p1":"Nyan Loki","p2":"GTX♅Shinsou","p1team":[{"name":"Gastrodon","species":"Gastrodon","item":"lifeorb","ability":"Sticky Hold","moves":["earthpower","recover","surf","icebeam"],"nature":"Modest","evs":{"hp":248,"atk":0,"def":0,"spa":252,"spd":8,"spe":0},"ivs":{"hp":31,"atk":31,"def":31,"spa":31,"spd":31,"spe":31}},{"name":"Azumarill","species":"Azumarill","item":"lifeorb","ability":"Sap Sipper","moves":["aquajet","knockoff","playrough","poweruppunch"],"nature":"Adamant","evs":{"hp":248,"atk":252,"def":0,"spa":0,"spd":8,"spe":0},"ivs":{"hp":31,"atk":31,"def":31,"spa":31,"spd":31,"spe":31}},{"name":"Seismitoad","species":"Seismitoad","item":"focussash","ability":"Swift Swim","moves":["stealthrock","raindance","rockslide","drainpunch"],"nature":"Adamant","evs":{"hp":0,"atk":252,"def":0,"spa":0,"spd":4,"spe":252},"ivs":{"hp":31,"atk":31,"def":31,"spa":31,"spd":31,"spe":31}},{"name":"Sharpedo","species":"Sharpedo","item":"sharpedonite","ability":"Speed Boost","moves":["protect","crunch","waterfall","destinybond"],"nature":"Adamant","evs":{"hp":0,"atk":252,"def":0,"spa":0,"spd":4,"spe":252},"ivs":{"hp":31,"atk":31,"def":31,"spa":31,"spd":31,"spe":31}},{"name":"Jellicent","species":"Jellicent","item":"lifeorb","ability":"Cursed Body","moves":["hydropump","gigadrain","dazzlinggleam","psychic"],"nature":"Modest","evs":{"hp":248,"atk":0,"def":0,"spa":252,"spd":8,"spe":0},"ivs":{"hp":31,"atk":31,"def":31,"spa":31,"spd":31,"spe":31}},{"name":"Ludicolo","species":"Ludicolo","item":"lifeorb","ability":"Swift Swim","moves":["hydropump","energyball","gigadrain","icebeam"],"nature":"Modest","evs":{"hp":0,"atk":0,"def":0,"spa":252,"spd":4,"spe":252},"ivs":{"hp":31,"atk":31,"def":31,"spa":31,"spd":31,"spe":31}}],"p2team":[{"name":"Aegislash","species":"Aegislash","item":"leftovers","ability":"Stance Change","moves":["nightslash","kingsshield","sacredsword","shadowsneak"],"nature":"Adamant","evs":{"hp":252,"atk":252,"def":0,"spa":0,"spd":4,"spe":0},"shiny":true,"ivs":{"hp":31,"atk":31,"def":31,"spa":31,"spd":31,"spe":31}},{"name":"Sableye","species":"Sableye","item":"sablenite","ability":"Keen Eye","moves":["substitute","recover","darkpulse","nastyplot"],"nature":"Bold","evs":{"hp":248,"atk":0,"def":252,"spa":8,"spd":0,"spe":0},"shiny":true,"ivs":{"hp":31,"atk":31,"def":31,"spa":31,"spd":31,"spe":31}},{"name":"Mismagius","species":"Mismagius","item":"spookyplate","ability":"Levitate","moves":["darkpulse","phantomforce","foulplay","ominouswind"],"nature":"Hasty","evs":{"hp":0,"atk":4,"def":0,"spa":252,"spd":0,"spe":252},"shiny":true,"ivs":{"hp":31,"atk":31,"def":31,"spa":31,"spd":31,"spe":31}},{"name":"Gengar","species":"Gengar","item":"focussash","ability":"Levitate","moves":["sludgewave","shadowball","toxic","dazzlinggleam"],"nature":"Timid","evs":{"hp":0,"atk":0,"def":0,"spa":252,"spd":4,"spe":252},"ivs":{"hp":31,"atk":31,"def":31,"spa":31,"spd":31,"spe":31}},{"name":"Chandelure","species":"Chandelure","item":"choicescarf","ability":"Infiltrator","moves":["shadowball","fireblast","willowisp","clearsmog"],"nature":"Modest","evs":{"hp":248,"atk":0,"def":0,"spa":252,"spd":8,"spe":0},"shiny":true,"ivs":{"hp":31,"atk":31,"def":31,"spa":31,"spd":31,"spe":31}},{"name":"Jellicent","species":"Jellicent","item":"waveincense","ability":"Cursed Body","moves":["scald","confuseray","waterfall","trickroom"],"nature":"Mild","evs":{"hp":248,"atk":8,"def":0,"spa":252,"spd":0,"spe":0},"ivs":{"hp":31,"atk":31,"def":31,"spa":31,"spd":31,"spe":0},"shiny":true}],"log":["|player|p1|Nyan Loki|222","|player|p2|GTX♅Shinsou|92","|gametype|singles","|gen|6","|tier|Monotype","|rated","|rule|Baton Pass Clause: Limit one Baton Passer, can't pass Spe and other stats simultaneously","|rule|Swagger Clause: Swagger is banned","|rule|Same Type Clause: Pokémon in a team must share a type","|clearpoke","|poke|p1|Gastrodon, M","|poke|p1|Azumarill, M","|poke|p1|Seismitoad, F","|poke|p1|Sharpedo, M","|poke|p1|Jellicent, F","|poke|p1|Ludicolo, F","|poke|p2|Aegislash, F, shiny","|poke|p2|Sableye, M, shiny","|poke|p2|Mismagius, F, shiny","|poke|p2|Gengar, F","|poke|p2|Chandelure, F, shiny","|poke|p2|Jellicent, M, shiny","|rule|Sleep Clause Mod: Limit one foe put to sleep","|rule|Species Clause: Limit one of each Pokémon","|rule|OHKO Clause: OHKO moves are banned","|rule|Moody Clause: Moody is banned","|rule|Evasion Moves Clause: Evasion moves are banned","|rule|Endless Battle Clause: Forcing endless battles is banned","|rule|HP Percentage Mod: HP is shown in percentages","|teampreview","|","|start","|switch|p1a: Seismitoad|Seismitoad, F|351/351","|switch|p2a: Gengar|Gengar, F|261/261","|turn|1","|","|move|p2a: Gengar|Toxic|p1a: Seismitoad","|-status|p1a: Seismitoad|tox","|move|p1a: Seismitoad|Rain Dance|p1a: Seismitoad","|-weather|RainDance","|","|-weather|RainDance|[upkeep]","|-damage|p1a: Seismitoad|330/351 tox|[from] psn","|turn|2","|","|move|p1a: Seismitoad|Stealth Rock|p2a: Gengar","|-sidestart|p2: GTX♅Shinsou|move: Stealth Rock","|move|p2a: Gengar|Sludge Wave|p1a: Seismitoad","|-resisted|p1a: Seismitoad","|-damage|p1a: Seismitoad|214/351 tox","|","|-weather|RainDance|[upkeep]","|-damage|p1a: Seismitoad|172/351 tox|[from] psn","|turn|3","|","|move|p1a: Seismitoad|Rock Slide|p2a: Gengar","|-damage|p2a: Gengar|148/261","|move|p2a: Gengar|Shadow Ball|p1a: Seismitoad","|-damage|p1a: Seismitoad|0 fnt","|faint|p1a: Seismitoad","|","|-weather|RainDance|[upkeep]","|","|switch|p1a: Azumarill|Azumarill, M|403/403","|turn|4","|","|move|p2a: Gengar|Toxic|p1a: Azumarill","|-status|p1a: Azumarill|tox","|move|p1a: Azumarill|Knock Off|p2a: Gengar","|-supereffective|p2a: Gengar","|-damage|p2a: Gengar|0 fnt","|-enditem|p2a: Gengar|Focus Sash|[from] move: Knock Off|[of] p1a: Azumarill","|-damage|p1a: Azumarill|363/403 tox|[from] item: Life Orb","|faint|p2a: Gengar","|","|-weather|RainDance|[upkeep]","|-damage|p1a: Azumarill|338/403 tox|[from] psn","|","|switch|p2a: Mismagius|Mismagius, F, shiny|261/261","|-damage|p2a: Mismagius|229/261|[from] Stealth Rock","|turn|5","|","|move|p2a: Mismagius|Phantom Force|p1a: Azumarill|[still]","|-prepare|p2a: Mismagius|Phantom Force|p1a: Azumarill","|move|p1a: Azumarill|Knock Off|p2a: Mismagius|[miss]","|-miss|p1a: Azumarill|p2a: Mismagius","|","|-weather|none","|-damage|p1a: Azumarill|288/403 tox|[from] psn","|turn|6","|","|switch|p1a: Sharpedo|Sharpedo, M|281/281","|move|p2a: Mismagius|Phantom Force|p1a: Sharpedo","|-resisted|p1a: Sharpedo","|-damage|p1a: Sharpedo|188/281","|","|turn|7","|","|move|p2a: Mismagius|Foul Play|p1a: Sharpedo","|-resisted|p1a: Sharpedo","|-damage|p1a: Sharpedo|65/281","|move|p1a: Sharpedo|Crunch|p2a: Mismagius","|-supereffective|p2a: Mismagius","|-damage|p2a: Mismagius|0 fnt","|faint|p2a: Mismagius","|","|-boost|p1a: Sharpedo|spe|1|[from] ability: Speed Boost","|","|switch|p2a: Jellicent|Jellicent, M, shiny|403/403","|-damage|p2a: Jellicent|353/403|[from] Stealth Rock","|turn|8","|","|move|p1a: Sharpedo|Protect|p1a: Sharpedo","|-singleturn|p1a: Sharpedo|Protect","|move|p2a: Jellicent|Scald|p1a: Sharpedo","|-activate|p1a: Sharpedo|Protect","|","|-boost|p1a: Sharpedo|spe|1|[from] ability: Speed Boost","|turn|9","|","|detailschange|p1a: Sharpedo|Sharpedo-Mega, M","|-mega|p1a: Sharpedo|Sharpedo|Sharpedonite","|move|p1a: Sharpedo|Crunch|p2a: Jellicent","|-supereffective|p2a: Jellicent","|-damage|p2a: Jellicent|0 fnt","|-start|p1a: Sharpedo|Disable|Crunch","|faint|p2a: Jellicent","|","|","|switch|p2a: Sableye|Sableye, M, shiny|303/303","|-damage|p2a: Sableye|266/303|[from] Stealth Rock","|turn|10","|","|detailschange|p2a: Sableye|Sableye-Mega, M, shiny","|-mega|p2a: Sableye|Sableye|Sablenite","|move|p1a: Sharpedo|Waterfall|p2a: Sableye","|-damage|p2a: Sableye|167/303","|move|p2a: Sableye|Substitute|p2a: Sableye","|-start|p2a: Sableye|Substitute","|-damage|p2a: Sableye|92/303","|","|turn|11","|","|move|p1a: Sharpedo|Waterfall|p2a: Sableye","|-end|p2a: Sableye|Substitute","|move|p2a: Sableye|Dark Pulse|p1a: Sharpedo","|-resisted|p1a: Sharpedo","|-damage|p1a: Sharpedo|4/281","|","|turn|12","|","|move|p1a: Sharpedo|Destiny Bond|p1a: Sharpedo","|-singlemove|p1a: Sharpedo|Destiny Bond","|move|p2a: Sableye|Substitute|p2a: Sableye","|-start|p2a: Sableye|Substitute","|-damage|p2a: Sableye|17/303","|","|turn|13","|","|move|p1a: Sharpedo|Protect|p1a: Sharpedo","|-singleturn|p1a: Sharpedo|Protect","|move|p2a: Sableye|Recover|p2a: Sableye","|-heal|p2a: Sableye|169/303","|","|-end|p1a: Sharpedo|Disable","|turn|14","|","|move|p1a: Sharpedo|Destiny Bond|p1a: Sharpedo","|-singlemove|p1a: Sharpedo|Destiny Bond","|move|p2a: Sableye|Nasty Plot|p2a: Sableye","|-boost|p2a: Sableye|spa|2","|","|turn|15","|","|move|p1a: Sharpedo|Protect|p1a: Sharpedo","|-singleturn|p1a: Sharpedo|Protect","|move|p2a: Sableye|Recover|p2a: Sableye","|-heal|p2a: Sableye|303/303","|","|turn|16","|","|move|p1a: Sharpedo|Destiny Bond|p1a: Sharpedo","|-singlemove|p1a: Sharpedo|Destiny Bond","|move|p2a: Sableye|Nasty Plot|p2a: Sableye","|-boost|p2a: Sableye|spa|2","|","|turn|17","|","|move|p1a: Sharpedo|Destiny Bond|p1a: Sharpedo","|-singlemove|p1a: Sharpedo|Destiny Bond","|move|p2a: Sableye|Nasty Plot|p2a: Sableye","|-boost|p2a: Sableye|spa|2","|","|turn|18","|","|move|p1a: Sharpedo|Destiny Bond|p1a: Sharpedo","|-singlemove|p1a: Sharpedo|Destiny Bond","|move|p2a: Sableye|Nasty Plot|p2a: Sableye","|-fail|p2a: Sableye","|","|turn|19","|","|move|p1a: Sharpedo|Crunch|p2a: Sableye","|-end|p2a: Sableye|Substitute","|move|p2a: Sableye|Recover|p2a: Sableye","|-fail|p2a: Sableye","|","|turn|20","|","|move|p1a: Sharpedo|Protect|p1a: Sharpedo","|-singleturn|p1a: Sharpedo|Protect","|move|p2a: Sableye|Dark Pulse|p1a: Sharpedo","|-activate|p1a: Sharpedo|Protect","|","|turn|21","|","|move|p1a: Sharpedo|Destiny Bond|p1a: Sharpedo","|-singlemove|p1a: Sharpedo|Destiny Bond","|move|p2a: Sableye|Substitute|p2a: Sableye","|-start|p2a: Sableye|Substitute","|-damage|p2a: Sableye|228/303","|","|turn|22","|","|move|p1a: Sharpedo|Protect|p1a: Sharpedo","|-singleturn|p1a: Sharpedo|Protect","|move|p2a: Sableye|Recover|p2a: Sableye","|-heal|p2a: Sableye|303/303","|","|turn|23","|","|move|p1a: Sharpedo|Crunch|p2a: Sableye","|-end|p2a: Sableye|Substitute","|move|p2a: Sableye|Nasty Plot|p2a: Sableye","|-fail|p2a: Sableye","|","|turn|24","|","|move|p1a: Sharpedo|Destiny Bond|p1a: Sharpedo","|-singlemove|p1a: Sharpedo|Destiny Bond","|move|p2a: Sableye|Substitute|p2a: Sableye","|-start|p2a: Sableye|Substitute","|-damage|p2a: Sableye|228/303","|","|turn|25","|","|move|p1a: Sharpedo|Crunch|p2a: Sableye","|-end|p2a: Sableye|Substitute","|move|p2a: Sableye|Recover|p2a: Sableye","|-heal|p2a: Sableye|303/303","|","|turn|26","|","|move|p1a: Sharpedo|Protect|p1a: Sharpedo","|-singleturn|p1a: Sharpedo|Protect","|move|p2a: Sableye|Substitute|p2a: Sableye","|-start|p2a: Sableye|Substitute","|-damage|p2a: Sableye|228/303","|","|turn|27","|","|move|p1a: Sharpedo|Crunch|p2a: Sableye","|-end|p2a: Sableye|Substitute","|move|p2a: Sableye|Dark Pulse|p1a: Sharpedo","|-resisted|p1a: Sharpedo","|-damage|p1a: Sharpedo|0 fnt","|faint|p1a: Sharpedo","|","|","|switch|p1a: Azumarill|Azumarill, M|288/403 tox","|turn|28","|","|move|p1a: Azumarill|Play Rough|p2a: Sableye","|-supereffective|p2a: Sableye","|-damage|p2a: Sableye|54/303","|-damage|p1a: Azumarill|248/403 tox|[from] item: Life Orb","|move|p2a: Sableye|Substitute|p2a: Sableye","|-fail|p2a: Sableye|move: Substitute|[weak]","|","|-damage|p1a: Azumarill|223/403 tox|[from] psn","|turn|29","|","|move|p1a: Azumarill|Aqua Jet|p2a: Sableye","|-damage|p2a: Sableye|19/303","|-damage|p1a: Azumarill|183/403 tox|[from] item: Life Orb","|move|p2a: Sableye|Dark Pulse|p1a: Azumarill","|-resisted|p1a: Azumarill","|-damage|p1a: Azumarill|0 fnt","|faint|p1a: Azumarill","|","|","|switch|p1a: Ludicolo|Ludicolo, F|301/301","|turn|30","|","|move|p1a: Ludicolo|Energy Ball|p2a: Sableye","|-damage|p2a: Sableye|0 fnt","|-damage|p1a: Ludicolo|271/301|[from] item: Life Orb","|faint|p2a: Sableye","|","|","|switch|p2a: Chandelure|Chandelure, F, shiny|323/323","|-damage|p2a: Chandelure|243/323|[from] Stealth Rock","|turn|31","|","|move|p2a: Chandelure|Fire Blast|p1a: Ludicolo|[miss]","|-miss|p2a: Chandelure|p1a: Ludicolo","|move|p1a: Ludicolo|Hydro Pump|p2a: Chandelure","|-supereffective|p2a: Chandelure","|-damage|p2a: Chandelure|0 fnt","|-damage|p1a: Ludicolo|241/301|[from] item: Life Orb","|faint|p2a: Chandelure","|","|","|switch|p2a: Aegislash|Aegislash, F, shiny|324/324","|-damage|p2a: Aegislash|304/324|[from] Stealth Rock","|turn|32","|","|move|p2a: Aegislash|King's Shield|p2a: Aegislash","|-singleturn|p2a: Aegislash|Protect","|move|p1a: Ludicolo|Hydro Pump|p2a: Aegislash","|-activate|p2a: Aegislash|Protect","|","|-heal|p2a: Aegislash|324/324|[from] item: Leftovers","|turn|33","|","|move|p1a: Ludicolo|Hydro Pump|p2a: Aegislash|[miss]","|-miss|p1a: Ludicolo|p2a: Aegislash","|-formechange|p2a: Aegislash|Aegislash-Blade","|move|p2a: Aegislash|Night Slash|p1a: Ludicolo","|-crit|p1a: Ludicolo","|-damage|p1a: Ludicolo|19/301","|","|turn|34","|","|move|p2a: Aegislash|Shadow Sneak|p1a: Ludicolo","|-damage|p1a: Ludicolo|0 fnt","|faint|p1a: Ludicolo","|","|","|switch|p1a: Jellicent|Jellicent, F|403/403","|turn|35","|","|move|p2a: Aegislash|Shadow Sneak|p1a: Jellicent","|-supereffective|p1a: Jellicent","|-damage|p1a: Jellicent|163/403","|-start|p2a: Aegislash|Disable|Shadow Sneak","|move|p1a: Jellicent|Hydro Pump|p2a: Aegislash","|-damage|p2a: Aegislash|0 fnt","|-damage|p1a: Jellicent|123/403|[from] item: Life Orb","|faint|p2a: Aegislash","|","|win|Nyan Loki"],"p1rating":{"entryid":"6540883","serverid":"eos","formatid":"monotype","userid":"nyanloki","username":"Nyan Loki","w":12,"l":"18","t":"0","gxe":41.5,"r":"1420.8727002544","rd":"71.729371641343","sigma":"0","rptime":"1438333200","rpr":1434.3467420891,"rprd":60.778605832251,"rpsigma":"0","acre":1123.1358272764,"lacre":1123.1358272764,"oldacre":"1104.7301594166"},"p2rating":{"entryid":"7286967","serverid":"eos","formatid":"monotype","userid":"gtxshinsou","username":"GTX♅Shinsou","w":"1","l":3,"t":"0","gxe":40.1,"r":"1488.5889116081","rd":"117.04827287636","sigma":"0","rptime":"1438333200","rpr":1421.1326866882,"rprd":106.80562296611,"rpsigma":"0","acre":1002.3047531778,"lacre":1002.3047531778,"oldacre":"1010.8671199208"},"endType":"normal"}