{"seed":[24921,39281,38389,61341],"turns":24,"p1":"yung draco - ⓝⓔⓞ","p2":"Void Desk","p1team":[{"name":"Landorus-Therian","species":"Landorus-Therian","item":"choicescarf","ability":"Intimidate","moves":["earthquake","stoneedge","knockoff","uturn"],"nature":"Jolly","evs":{"hp":0,"atk":252,"def":0,"spa":0,"spd":4,"spe":252},"ivs":{"hp":31,"atk":31,"def":31,"spa":31,"spd":31,"spe":31}},{"name":"Skarmory","species":"Skarmory","item":"leftovers","ability":"Sturdy","moves":["ironhead","roost","stealthrock","whirlwind"],"nature":"Impish","evs":{"hp":252,"atk":0,"def":232,"spa":0,"spd":0,"spe":24},"ivs":{"hp":31,"atk":31,"def":31,"spa":31,"spd":31,"spe":31}},{"name":"Mandibuzz","species":"Mandibuzz","item":"leftovers","ability":"Overcoat","moves":["toxic","roost","foulplay","defog"],"nature":"Careful","evs":{"hp":240,"atk":0,"def":16,"spa":0,"spd":252,"spe":0},"ivs":{"hp":31,"atk":31,"def":31,"spa":31,"spd":31,"spe":31}},{"name":"Tornadus-Therian","species":"Tornadus-Therian","item":"assaultvest","ability":"Regenerator","moves":["hurricane","heatwave","uturn","focusblast"],"nature":"Hasty","evs":{"hp":132,"atk":0,"def":0,"spa":160,"spd":0,"spe":216},"ivs":{"hp":31,"atk":31,"def":31,"spa":31,"spd":31,"spe":31}},{"name":"Charizard","species":"Charizard","item":"charizarditex","ability":"Blaze","moves":["dragondance","dragonclaw","firepunch","roost"],"nature":"Jolly","evs":{"hp":0,"atk":252,"def":0,"spa":0,"spd":4,"spe":252},"ivs":{"hp":31,"atk":31,"def":31,"spa":31,"spd":31,"spe":31}},{"name":"Thundurus","species":"Thundurus","item":"leftovers","ability":"Prankster","moves":["taunt","thunderwave","thunderbolt","hiddenpowerice"],"nature":"Timid","evs":{"hp":0,"atk":0,"def":0,"spa":252,"spd":4,"spe":252},"ivs":{"hp":31,"atk":30,"def":30,"spa":31,"spd":31,"spe":31}}],"p2team":[{"name":"Torkoal","species":"Torkoal","item":"leftovers","ability":"White Smoke","moves":["rapidspin","yawn","lavaplume","stealthrock"],"nature":"Bold","evs":{"hp":252,"atk":0,"def":252,"spa":4,"spd":0,"spe":0},"ivs":{"hp":31,"atk":31,"def":31,"spa":31,"spd":31,"spe":31}},{"name":"Charizard","species":"Charizard","item":"charizarditex","ability":"Blaze","moves":["flareblitz","dragondance","dragonclaw","earthquake"],"nature":"Jolly","evs":{"hp":0,"atk":252,"def":0,"spa":0,"spd":4,"spe":252},"ivs":{"hp":31,"atk":31,"def":31,"spa":31,"spd":31,"spe":31}},{"name":"Victini","species":"Victini","item":"assaultvest","ability":"Victory Star","moves":["blueflare","psychic","energyball","glaciate"],"nature":"Modest","evs":{"hp":252,"atk":0,"def":124,"spa":0,"spd":124,"spe":0},"ivs":{"hp":31,"atk":31,"def":31,"spa":31,"spd":31,"spe":31}},{"name":"Entei","species":"Entei","item":"choiceband","ability":"Pressure","moves":["extremespeed","sacredfire","ironhead","bulldoze"],"nature":"Adamant","evs":{"hp":0,"atk":252,"def":0,"spa":4,"spd":0,"spe":252},"shiny":true,"ivs":{"hp":31,"atk":31,"def":31,"spa":31,"spd":31,"spe":31}},{"name":"Darmanitan","species":"Darmanitan","item":"choicescarf","ability":"Sheer Force","moves":["flareblitz","rockslide","uturn","superpower"],"nature":"Jolly","evs":{"hp":0,"atk":252,"def":0,"spa":0,"spd":4,"spe":252},"ivs":{"hp":31,"atk":31,"def":31,"spa":31,"spd":31,"spe":31}},{"name":"Ninetales","species":"Ninetales","item":"heatrock","ability":"Drought","moves":["flamethrower","willowisp","toxic","solarbeam"],"nature":"Modest","evs":{"hp":0,"atk":0,"def":0,"spa":252,"spd":0,"spe":252},"ivs":{"hp":31,"atk":31,"def":31,"spa":31,"spd":31,"spe":31}}],"log":["|player|p1|yung draco - ⓝⓔⓞ|143","|player|p2|Void Desk|99","|gametype|singles","|gen|6","|tier|Monotype","|rated","|rule|Baton Pass Clause: Limit one Baton Passer, can't pass Spe and other stats simultaneously","|rule|Swagger Clause: Swagger is banned","|rule|Same Type Clause: Pokémon in a team must share a type","|clearpoke","|poke|p1|Landorus-Therian, M","|poke|p1|Skarmory, M","|poke|p1|Mandibuzz, F","|poke|p1|Tornadus-Therian, M","|poke|p1|Charizard, F","|poke|p1|Thundurus, M","|poke|p2|Torkoal, F","|poke|p2|Charizard, F","|poke|p2|Victini","|poke|p2|Entei, shiny","|poke|p2|Darmanitan, M","|poke|p2|Ninetales, M","|rule|Sleep Clause Mod: Limit one foe put to sleep","|rule|Species Clause: Limit one of each Pokémon","|rule|OHKO Clause: OHKO moves are banned","|rule|Moody Clause: Moody is banned","|rule|Evasion Moves Clause: Evasion moves are banned","|rule|Endless Battle Clause: Forcing endless battles is banned","|rule|HP Percentage Mod: HP is shown in percentages","|teampreview","|","|start","|switch|p1a: Thundurus|Thundurus, M|299/299","|switch|p2a: Torkoal|Torkoal, F|344/344","|turn|1","|","|switch|p2a: Ninetales|Ninetales, M|287/287","|-weather|SunnyDay","|move|p1a: Thundurus|Taunt|p2a: Ninetales","|-start|p2a: Ninetales|move: Taunt","|","|-weather|SunnyDay|[upkeep]","|turn|2","|","|move|p1a: Thundurus|Thunder Wave|p2a: Ninetales","|-status|p2a: Ninetales|par","|cant|p2a: Ninetales|par","|","|-weather|SunnyDay|[upkeep]","|turn|3","|","|move|p1a: Thundurus|Thunderbolt|p2a: Ninetales","|-damage|p2a: Ninetales|128/287 par","|move|p2a: Ninetales|Flamethrower|p1a: Thundurus","|-damage|p1a: Thundurus|80/299","|","|-weather|SunnyDay|[upkeep]","|-heal|p1a: Thundurus|98/299|[from] item: Leftovers","|-end|p2a: Ninetales|move: Taunt","|turn|4","|","|move|p1a: Thundurus|Thunderbolt|p2a: Ninetales","|-damage|p2a: Ninetales|0 fnt","|faint|p2a: Ninetales","|","|-weather|SunnyDay|[upkeep]","|-heal|p1a: Thundurus|116/299|[from] item: Leftovers","|","|switch|p2a: Entei|Entei, shiny|371/371","|-ability|p2a: Entei|Pressure","|turn|5","|","|move|p2a: Entei|Extreme Speed|p1a: Thundurus","|-damage|p1a: Thundurus|0 fnt","|faint|p1a: Thundurus","|","|-weather|SunnyDay|[upkeep]","|","|switch|p1a: Landorus-Therian|Landorus-Therian, M|319/319","|-ability|p1a: Landorus-Therian|Intimidate","|-unboost|p2a: Entei|atk|1","|turn|6","|","|move|p2a: Entei|Extreme Speed|p1a: Landorus-Therian","|-damage|p1a: Landorus-Therian|221/319","|move|p1a: Landorus-Therian|Stone Edge|p2a: Entei|[miss]","|-miss|p1a: Landorus-Therian|p2a: Entei","|","|-weather|SunnyDay|[upkeep]","|turn|7","|","|move|p2a: Entei|Extreme Speed|p1a: Landorus-Therian","|-damage|p1a: Landorus-Therian|123/319","|move|p1a: Landorus-Therian|Stone Edge|p2a: Entei","|-supereffective|p2a: Entei","|-damage|p2a: Entei|75/371","|","|-weather|SunnyDay|[upkeep]","|turn|8","|","|switch|p1a: Mandibuzz|Mandibuzz, F|421/421","|move|p2a: Entei|Extreme Speed|p1a: Mandibuzz","|-damage|p1a: Mandibuzz|327/421","|","|-weather|none","|-heal|p1a: Mandibuzz|353/421|[from] item: Leftovers","|turn|9","|","|switch|p2a: Torkoal|Torkoal, F|344/344","|move|p1a: Mandibuzz|Foul Play|p2a: Torkoal","|-damage|p2a: Torkoal|295/344","|","|-heal|p1a: Mandibuzz|379/421|[from] item: Leftovers","|-heal|p2a: Torkoal|316/344|[from] item: Leftovers","|turn|10","|","|move|p1a: Mandibuzz|Toxic|p2a: Torkoal","|-status|p2a: Torkoal|tox","|move|p2a: Torkoal|Stealth Rock|p1a: Mandibuzz","|-sidestart|p1: yung draco - ⓝⓔⓞ|move: Stealth Rock","|","|-heal|p1a: Mandibuzz|405/421|[from] item: Leftovers","|-heal|p2a: Torkoal|337/344 tox|[from] item: Leftovers","|-damage|p2a: Torkoal|316/344 tox|[from] psn","|turn|11","|","|move|p1a: Mandibuzz|Defog|p2a: Torkoal","|-fail|p2a: Torkoal|unboost|[from] ability: White Smoke|[of] p2a: Torkoal","|-sideend|p1: yung draco - ⓝⓔⓞ|Stealth Rock|[from] move: Defog|[of] p1a: Mandibuzz","|move|p2a: Torkoal|Yawn|p1a: Mandibuzz","|-start|p1a: Mandibuzz|move: Yawn|[of] p2a: Torkoal","|","|-heal|p1a: Mandibuzz|421/421|[from] item: Leftovers","|-heal|p2a: Torkoal|337/344 tox|[from] item: Leftovers","|-damage|p2a: Torkoal|295/344 tox|[from] psn","|turn|12","|","|switch|p1a: Tornadus-Therian|Tornadus-Therian, M|332/332","|move|p2a: Torkoal|Stealth Rock|p1a: Tornadus-Therian","|-sidestart|p1: yung draco - ⓝⓔⓞ|move: Stealth Rock","|","|-heal|p2a: Torkoal|316/344 tox|[from] item: Leftovers","|-damage|p2a: Torkoal|253/344 tox|[from] psn","|turn|13","|","|move|p1a: Tornadus-Therian|Hurricane|p2a: Torkoal","|-damage|p2a: Torkoal|25/344 tox","|move|p2a: Torkoal|Lava Plume|p1a: Tornadus-Therian","|-damage|p1a: Tornadus-Therian|272/332","|","|-heal|p2a: Torkoal|46/344 tox|[from] item: Leftovers","|-damage|p2a: Torkoal|0 fnt|[from] psn","|faint|p2a: Torkoal","|","|switch|p2a: Darmanitan|Darmanitan, M|351/351","|turn|14","|","|switch|p1a: Skarmory|Skarmory, M|334/334","|-damage|p1a: Skarmory|293/334|[from] Stealth Rock","|move|p2a: Darmanitan|Flare Blitz|p1a: Skarmory","|-supereffective|p1a: Skarmory","|-damage|p1a: Skarmory|0 fnt","|-damage|p2a: Darmanitan|254/351|[from] recoil|[of] p1a: Skarmory","|faint|p1a: Skarmory","|","|","|switch|p1a: Mandibuzz|Mandibuzz, F|421/421","|-damage|p1a: Mandibuzz|316/421|[from] Stealth Rock","|turn|15","|","|move|p2a: Darmanitan|Flare Blitz|p1a: Mandibuzz","|-damage|p1a: Mandibuzz|46/421","|-damage|p2a: Darmanitan|165/351|[from] recoil|[of] p1a: Mandibuzz","|move|p1a: Mandibuzz|Defog|p2a: Darmanitan","|-unboost|p2a: Darmanitan|evasion|1","|-sideend|p1: yung draco - ⓝⓔⓞ|Stealth Rock|[from] move: Defog|[of] p1a: Mandibuzz","|","|-heal|p1a: Mandibuzz|72/421|[from] item: Leftovers","|turn|16","|","|move|p2a: Darmanitan|Flare Blitz|p1a: Mandibuzz","|-damage|p1a: Mandibuzz|0 fnt","|-damage|p2a: Darmanitan|141/351|[from] recoil|[of] p1a: Mandibuzz","|faint|p1a: Mandibuzz","|","|","|switch|p1a: Charizard|Charizard, F|297/297","|turn|17","|","|switch|p2a: Entei|Entei, shiny|75/371","|-ability|p2a: Entei|Pressure","|detailschange|p1a: Charizard|Charizard-Mega-X, F","|-mega|p1a: Charizard|Charizard|Charizardite X","|move|p1a: Charizard|Dragon Dance|p1a: Charizard","|-boost|p1a: Charizard|atk|1","|-boost|p1a: Charizard|spe|1","|","|turn|18","|","|move|p2a: Entei|Extreme Speed|p1a: Charizard","|-damage|p1a: Charizard|170/297","|move|p1a: Charizard|Dragon Claw|p2a: Entei","|-damage|p2a: Entei|0 fnt","|faint|p2a: Entei","|","|","|switch|p2a: Victini|Victini|404/404","|turn|19","|","|move|p1a: Charizard|Dragon Claw|p2a: Victini","|-damage|p2a: Victini|160/404","|move|p2a: Victini|Glaciate|p1a: Charizard","|-damage|p1a: Charizard|102/297","|-unboost|p1a: Charizard|spe|1","|","|turn|20","|","|move|p1a: Charizard|Dragon Claw|p2a: Victini","|-crit|p2a: Victini","|-damage|p2a: Victini|0 fnt","|faint|p2a: Victini","|","|","|switch|p2a: Darmanitan|Darmanitan, M|141/351","|turn|21","|","|move|p2a: Darmanitan|Rock Slide|p1a: Charizard","|-supereffective|p1a: Charizard","|-damage|p1a: Charizard|0 fnt","|faint|p1a: Charizard","|","|","|switch|p1a: Landorus-Therian|Landorus-Therian, M|123/319","|-ability|p1a: Landorus-Therian|Intimidate","|-unboost|p2a: Darmanitan|atk|1","|turn|22","|","|switch|p2a: Charizard|Charizard, F|297/297","|move|p1a: Landorus-Therian|Stone Edge|p2a: Charizard|[miss]","|-miss|p1a: Landorus-Therian|p2a: Charizard","|","|turn|23","|","|detailschange|p2a: Charizard|Charizard-Mega-X, F","|-mega|p2a: Charizard|Charizard|Charizardite X","|move|p1a: Landorus-Therian|Stone Edge|p2a: Charizard","|-supereffective|p2a: Charizard","|-damage|p2a: Charizard|75/297","|move|p2a: Charizard|Flare Blitz|p1a: Landorus-Therian","|-damage|p1a: Landorus-Therian|0 fnt","|-damage|p2a: Charizard|34/297|[from] recoil|[of] p1a: Landorus-Therian","|faint|p1a: Landorus-Therian","|","|","|switch|p1a: Tornadus-Therian|Tornadus-Therian, M|332/332","|turn|24","|","|move|p1a: Tornadus-Therian|Hurricane|p2a: Charizard|[miss]","|-miss|p1a: Tornadus-Therian|p2a: Charizard","|move|p2a: Charizard|Flare Blitz|p1a: Tornadus-Therian","|-damage|p1a: Tornadus-Therian|0 fnt","|-damage|p2a: Charizard|0 fnt|[from] recoil|[of] p1a: Tornadus-Therian","|faint|p1a: Tornadus-Therian","|faint|p2a: Charizard","|","|win|Void Desk"],"p1rating":{"entryid":"6653831","serverid":"eos","formatid":"monotype","userid":"yungdraco","username":"Yung draco - ⓦⓐⓘⓣ","w":"20","l":7,"t":"0","gxe":67.8,"r":"1651.3041119871","rd":"71.308485470839","sigma":"0","rptime":"1438333200","rpr":1642.1463842779,"rprd":65.71513526909,"rpsigma":"0","acre":1261.9572183121,"lacre":1261.9572183121,"oldacre":"1298.7098741332"},"p2rating":{"entryid":"7105066","serverid":"eos","formatid":"monotype","userid":"voiddesk","username":"Void Desk","w":5,"l":"1","t":"0","gxe":64,"r":"1539.2890840208","rd":"112.25410868089","sigma":"0","rptime":"1438333200","rpr":1612.8136264946,"rprd":99.814493336063,"rpsigma":"0","acre":1158.198566876,"lacre":1158.198566876,"oldacre":"1121.4459110549"},"endType":"normal"}