{"seed":[1677,56768,18323,8583],"turns":19,"p1":"Metalyte","p2":"Marx-Bot","p1team":[{"name":"Scizor","species":"Scizor","item":"scizorite","ability":"Technician","moves":["roost","swordsdance","bulletpunch","bugbite"],"nature":"Adamant","evs":{"hp":248,"atk":252,"def":0,"spa":0,"spd":8,"spe":0},"ivs":{"hp":31,"atk":31,"def":31,"spa":31,"spd":31,"spe":31}},{"name":"Bisharp","species":"Bisharp","item":"lumberry","ability":"Defiant","moves":["swordsdance","suckerpunch","knockoff","ironhead"],"nature":"Jolly","evs":{"hp":5,"atk":252,"def":0,"spa":0,"spd":0,"spe":252},"ivs":{"hp":31,"atk":31,"def":31,"spa":31,"spd":31,"spe":31}},{"name":"Magnezone","species":"Magnezone","item":"choicespecs","ability":"Sturdy","moves":["thunderbolt","flashcannon","voltswitch","hiddenpowerfire"],"nature":"Modest","evs":{"hp":248,"atk":0,"def":0,"spa":252,"spd":8,"spe":0},"ivs":{"hp":31,"atk":30,"def":31,"spa":30,"spd":31,"spe":30}},{"name":"Heatran","species":"Heatran","item":"airballoon","ability":"Flash Fire","moves":["stealthrock","willowisp","lavaplume","ancientpower"],"nature":"Calm","evs":{"hp":248,"atk":0,"def":0,"spa":8,"spd":252,"spe":0},"ivs":{"hp":31,"atk":31,"def":31,"spa":31,"spd":31,"spe":31}},{"name":"Skarmory","species":"Skarmory","item":"leftovers","ability":"Sturdy","moves":["roost","defog","whirlwind","bravebird"],"nature":"Impish","evs":{"hp":252,"atk":0,"def":252,"spa":0,"spd":0,"spe":4},"ivs":{"hp":31,"atk":31,"def":31,"spa":31,"spd":31,"spe":31}},{"name":"Excadrill","species":"Excadrill","item":"choicescarf","ability":"Mold Breaker","moves":["earthquake"],"nature":"","evs":{"hp":0,"atk":0,"def":0,"spa":0,"spd":0,"spe":0},"ivs":{"hp":31,"atk":31,"def":31,"spa":31,"spd":31,"spe":31}}],"p2team":[{"name":"Transformer","species":"ditto","item":"choicescarf","ability":"Imposter","moves":["transform"],"nature":"Bold","evs":{"hp":248,"atk":0,"def":252,"spa":0,"spd":8,"spe":0},"ivs":{"hp":31,"atk":31,"def":31,"spa":31,"spd":31,"spe":31}},{"name":"Braviary","species":"Braviary","item":"lifeorb","ability":"Sheer Force","moves":["bravebird","rockslide","superpower","crushclaw"],"nature":"Jolly","evs":{"hp":0,"atk":252,"def":0,"spa":0,"spd":4,"spe":252},"ivs":{"hp":31,"atk":31,"def":31,"spa":31,"spd":31,"spe":31}},{"name":"Capuccino","species":"cinccino","item":"kingsrock","ability":"Skill Link","moves":["bulletseed","rockblast","tailslap","uturn"],"nature":"Jolly","evs":{"hp":0,"atk":252,"def":0,"spa":0,"spd":4,"spe":252},"ivs":{"hp":31,"atk":31,"def":31,"spa":31,"spd":31,"spe":31}},{"name":"Lady GaGa","species":"meloetta","item":"assaultvest","ability":"Serene Grace","moves":["chargebeam","hypervoice","psyshock","energyball"],"nature":"Modest","evs":{"hp":248,"atk":0,"def":0,"spa":252,"spd":8,"spe":0},"ivs":{"hp":31,"atk":31,"def":31,"spa":31,"spd":31,"spe":31}},{"name":"Bird Jesus","species":"pidgeot","item":"pidgeotite","ability":"Keen Eye","moves":["airslash","hurricane","heatwave","roost"],"nature":"Timid","evs":{"hp":0,"atk":0,"def":0,"spa":252,"spd":4,"spe":252},"ivs":{"hp":31,"atk":31,"def":31,"spa":31,"spd":31,"spe":31}},{"name":"Your Fat Friend","species":"snorlax","item":"leftovers","ability":"Thick Fat","moves":["heavyslam","bodyslam","rest","sleeptalk"],"nature":"Adamant","evs":{"hp":252,"atk":252,"def":0,"spa":0,"spd":4,"spe":0},"ivs":{"hp":31,"atk":31,"def":31,"spa":31,"spd":31,"spe":31}}],"log":["|player|p1|Metalyte|165","|player|p2|Marx-Bot|238","|gametype|singles","|gen|6","|tier|Monotype","|rated","|rule|Baton Pass Clause: Limit one Baton Passer, can't pass Spe and other stats simultaneously","|rule|Swagger Clause: Swagger is banned","|rule|Same Type Clause: Pokémon in a team must share a type","|clearpoke","|poke|p1|Scizor, M","|poke|p1|Bisharp, M","|poke|p1|Magnezone","|poke|p1|Heatran, F","|poke|p1|Skarmory, M","|poke|p1|Excadrill, M","|poke|p2|Ditto","|poke|p2|Braviary, M","|poke|p2|Cinccino, M","|poke|p2|Meloetta","|poke|p2|Pidgeot, F","|poke|p2|Snorlax, F","|rule|Sleep Clause Mod: Limit one foe put to sleep","|rule|Species Clause: Limit one of each Pokémon","|rule|OHKO Clause: OHKO moves are banned","|rule|Moody Clause: Moody is banned","|rule|Evasion Moves Clause: Evasion moves are banned","|rule|Endless Battle Clause: Forcing endless battles is banned","|rule|HP Percentage Mod: HP is shown in percentages","|teampreview","|","|start","|switch|p1a: Magnezone|Magnezone|343/343","|switch|p2a: Braviary|Braviary, M|341/341","|turn|1","|","|move|p2a: Braviary|Superpower|p1a: Magnezone","|-supereffective|p1a: Magnezone","|-damage|p1a: Magnezone|52/343","|-unboost|p2a: Braviary|atk|1","|-unboost|p2a: Braviary|def|1","|-damage|p2a: Braviary|307/341|[from] item: Life Orb","|move|p1a: Magnezone|Volt Switch|p2a: Braviary","|-supereffective|p2a: Braviary","|-damage|p2a: Braviary|0 fnt","|faint|p2a: Braviary","|","|switch|p1a: Bisharp|Bisharp, M|272/272","|","|","|switch|p2a: Transformer|Ditto|299/299","|-transform|p2a: Transformer|p1a: Bisharp","|turn|2","|","|switch|p1a: Skarmory|Skarmory, M|334/334","|move|p2a: Transformer|Iron Head|p1a: Skarmory","|-resisted|p1a: Skarmory","|-damage|p1a: Skarmory|295/334","|","|-heal|p1a: Skarmory|315/334|[from] item: Leftovers","|turn|3","|","|switch|p2a: Bird Jesus|Pidgeot, F|307/307","|move|p1a: Skarmory|Brave Bird|p2a: Bird Jesus","|-crit|p2a: Bird Jesus","|-damage|p2a: Bird Jesus|70/307","|-damage|p1a: Skarmory|237/334|[from] recoil|[of] p2a: Bird Jesus","|","|-heal|p1a: Skarmory|257/334|[from] item: Leftovers","|turn|4","|","|switch|p1a: Heatran|Heatran, F|385/385","|-item|p1a: Heatran|Air Balloon","|detailschange|p2a: Bird Jesus|Pidgeot-Mega, F","|-mega|p2a: Bird Jesus|Pidgeot|Pidgeotite","|move|p2a: Bird Jesus|Hurricane|p1a: Heatran","|-resisted|p1a: Heatran","|-damage|p1a: Heatran|314/385","|-enditem|p1a: Heatran|Air Balloon","|-start|p1a: Heatran|confusion","|","|turn|5","|","|move|p2a: Bird Jesus|Roost|p2a: Bird Jesus","|-heal|p2a: Bird Jesus|224/307","|-activate|p1a: Heatran|confusion","|move|p1a: Heatran|Stealth Rock|p2a: Bird Jesus","|-sidestart|p2: Marx-Bot|move: Stealth Rock","|","|turn|6","|","|move|p2a: Bird Jesus|Air Slash|p1a: Heatran","|-resisted|p1a: Heatran","|-damage|p1a: Heatran|271/385","|cant|p1a: Heatran|flinch","|","|turn|7","|","|move|p2a: Bird Jesus|Air Slash|p1a: Heatran","|-resisted|p1a: Heatran","|-damage|p1a: Heatran|226/385","|-activate|p1a: Heatran|confusion","|move|p1a: Heatran|Ancient Power|p2a: Bird Jesus","|-supereffective|p2a: Bird Jesus","|-damage|p2a: Bird Jesus|70/307","|","|turn|8","|","|move|p2a: Bird Jesus|Roost|p2a: Bird Jesus","|-heal|p2a: Bird Jesus|224/307","|-activate|p1a: Heatran|confusion","|move|p1a: Heatran|Ancient Power|p2a: Bird Jesus","|-damage|p2a: Bird Jesus|150/307","|","|turn|9","|","|move|p2a: Bird Jesus|Roost|p2a: Bird Jesus","|-heal|p2a: Bird Jesus|304/307","|-end|p1a: Heatran|confusion","|move|p1a: Heatran|Ancient Power|p2a: Bird Jesus","|-damage|p2a: Bird Jesus|234/307","|","|turn|10","|","|move|p2a: Bird Jesus|Hurricane|p1a: Heatran","|-resisted|p1a: Heatran","|-damage|p1a: Heatran|154/385","|move|p1a: Heatran|Ancient Power|p2a: Bird Jesus","|-supereffective|p2a: Bird Jesus","|-damage|p2a: Bird Jesus|102/307","|","|turn|11","|","|move|p2a: Bird Jesus|Hurricane|p1a: Heatran","|-resisted|p1a: Heatran","|-damage|p1a: Heatran|82/385","|-start|p1a: Heatran|confusion","|-activate|p1a: Heatran|confusion","|move|p1a: Heatran|Lava Plume|p2a: Bird Jesus","|-damage|p2a: Bird Jesus|0 fnt","|faint|p2a: Bird Jesus","|","|","|switch|p2a: Capuccino|Cinccino, M|291/291","|-damage|p2a: Capuccino|255/291|[from] Stealth Rock","|turn|12","|","|switch|p1a: Skarmory|Skarmory, M|257/334","|move|p2a: Capuccino|Rock Blast|p1a: Skarmory","|-damage|p1a: Skarmory|244/334","|-damage|p1a: Skarmory|229/334","|-damage|p1a: Skarmory|216/334","|-damage|p1a: Skarmory|201/334","|-damage|p1a: Skarmory|187/334","|-hitcount|p1a: Skarmory|5","|","|-heal|p1a: Skarmory|207/334|[from] item: Leftovers","|turn|13","|","|move|p2a: Capuccino|Tail Slap|p1a: Skarmory","|-resisted|p1a: Skarmory","|-damage|p1a: Skarmory|196/334","|-resisted|p1a: Skarmory","|-damage|p1a: Skarmory|186/334","|-resisted|p1a: Skarmory","|-damage|p1a: Skarmory|176/334","|-crit|p1a: Skarmory","|-resisted|p1a: Skarmory","|-damage|p1a: Skarmory|160/334","|-resisted|p1a: Skarmory","|-damage|p1a: Skarmory|150/334","|-hitcount|p1a: Skarmory|5","|cant|p1a: Skarmory|flinch","|","|-heal|p1a: Skarmory|170/334|[from] item: Leftovers","|turn|14","|","|switch|p1a: Scizor|Scizor, M|343/343","|move|p2a: Capuccino|Rock Blast|p1a: Scizor","|-damage|p1a: Scizor|321/343","|-damage|p1a: Scizor|297/343","|-crit|p1a: Scizor","|-damage|p1a: Scizor|261/343","|-damage|p1a: Scizor|238/343","|-damage|p1a: Scizor|214/343","|-hitcount|p1a: Scizor|5","|","|turn|15","|","|detailschange|p1a: Scizor|Scizor-Mega, M","|-mega|p1a: Scizor|Scizor|Scizorite","|move|p2a: Capuccino|Rock Blast|p1a: Scizor","|-crit|p1a: Scizor","|-damage|p1a: Scizor|188/343","|-crit|p1a: Scizor","|-damage|p1a: Scizor|158/343","|-damage|p1a: Scizor|139/343","|-damage|p1a: Scizor|121/343","|-damage|p1a: Scizor|102/343","|-hitcount|p1a: Scizor|5","|cant|p1a: Scizor|flinch","|","|turn|16","|","|move|p2a: Capuccino|Rock Blast|p1a: Scizor","|-damage|p1a: Scizor|82/343","|-damage|p1a: Scizor|62/343","|-damage|p1a: Scizor|43/343","|-damage|p1a: Scizor|23/343","|-damage|p1a: Scizor|4/343","|-hitcount|p1a: Scizor|5","|cant|p1a: Scizor|flinch","|","|turn|17","|","|move|p1a: Scizor|Bullet Punch|p2a: Capuccino","|-damage|p2a: Capuccino|45/291","|move|p2a: Capuccino|Bullet Seed|p1a: Scizor","|-resisted|p1a: Scizor","|-damage|p1a: Scizor|0 fnt","|-hitcount|p1a: Scizor|1","|faint|p1a: Scizor","|","|","|switch|p1a: Excadrill|Excadrill, M|361/361","|-ability|p1a: Excadrill|Mold Breaker","|turn|18","|","|move|p2a: Capuccino|Bullet Seed|p1a: Excadrill","|-damage|p1a: Excadrill|326/361","|-damage|p1a: Excadrill|292/361","|-damage|p1a: Excadrill|255/361","|-damage|p1a: Excadrill|219/361","|-damage|p1a: Excadrill|183/361","|-hitcount|p1a: Excadrill|5","|move|p1a: Excadrill|Earthquake|p2a: Capuccino","|-damage|p2a: Capuccino|0 fnt","|faint|p2a: Capuccino","|","|","|switch|p2a: Lady GaGa|Meloetta|403/403","|-damage|p2a: Lady GaGa|353/403|[from] Stealth Rock","|turn|19","|player|p2","|","|win|Metalyte"],"p1rating":{"entryid":"6571486","serverid":"eos","formatid":"monotype","userid":"metalyte","username":"Metalyte","w":34,"l":"25","t":"0","gxe":54.7,"r":"1548.0608741386","rd":"51.348713129493","sigma":"0","rptime":"1438333200","rpr":1535.4283239365,"rprd":48.179708245728,"rpsigma":"0","acre":1175.9692044377,"lacre":1175.9692044377,"oldacre":"1153.7184507656"},"p2rating":{"entryid":"5765428","serverid":"eos","formatid":"monotype","userid":"marxbot","username":"Marx Bot","w":"194","l":287,"t":"0","gxe":41.4,"r":"1433.9593012272","rd":"25.017950769485","sigma":"0","rptime":"1438333200","rpr":1434.8210524771,"rprd":25,"rpsigma":"0","acre":1093.1051105905,"lacre":1093.1051105905,"oldacre":"1115.3558642626"},"endType":"forfeit"}