{"seed":[29805,32223,43765,56557],"turns":27,"p1":"Deucez","p2":"Sovereign♕Cactus","p1team":[{"name":"Aegislash","species":"Aegislash","item":"weaknesspolicy","ability":"Stance Change","moves":["kingsshield","swordsdance","shadowsneak","sacredsword"],"nature":"Adamant","evs":{"hp":252,"atk":252,"def":0,"spa":0,"spd":4,"spe":0},"gender":"M","ivs":{"hp":31,"atk":31,"def":31,"spa":31,"spd":31,"spe":0},"shiny":true},{"name":"Gengar","species":"Gengar","item":"focussash","ability":"Levitate","moves":["sludgewave","focusblast","shadowball","destinybond"],"nature":"Timid","evs":{"hp":0,"atk":0,"def":0,"spa":252,"spd":4,"spe":252},"gender":"M","shiny":true,"ivs":{"hp":31,"atk":31,"def":31,"spa":31,"spd":31,"spe":31}},{"name":"Jellicent","species":"Jellicent","item":"leftovers","ability":"Cursed Body","moves":["toxic","acidarmor","scald","recover"],"nature":"Calm","evs":{"hp":252,"atk":0,"def":4,"spa":0,"spd":252,"spe":0},"gender":"M","shiny":true,"ivs":{"hp":31,"atk":31,"def":31,"spa":31,"spd":31,"spe":31}},{"name":"Chandelure","species":"Chandelure","item":"choicescarf","ability":"Infiltrator","moves":["fireblast","energyball","darkpulse","shadowball"],"nature":"Modest","evs":{"hp":4,"atk":0,"def":0,"spa":252,"spd":0,"spe":252},"gender":"M","shiny":true,"ivs":{"hp":31,"atk":31,"def":31,"spa":31,"spd":31,"spe":31}},{"name":"Sableye","species":"Sableye","item":"sablenite","ability":"Prankster","moves":["calmmind","snarl","recover","willowisp"],"nature":"Bold","evs":{"hp":252,"atk":0,"def":252,"spa":0,"spd":4,"spe":0},"gender":"M","shiny":true,"ivs":{"hp":31,"atk":31,"def":31,"spa":31,"spd":31,"spe":31}},{"name":"Mismagius","species":"Mismagius","item":"leftovers","ability":"Levitate","moves":["taunt","willowisp","darkpulse","healbell"],"nature":"Timid","evs":{"hp":252,"atk":0,"def":40,"spa":0,"spd":0,"spe":216},"gender":"F","shiny":true,"ivs":{"hp":31,"atk":31,"def":31,"spa":31,"spd":31,"spe":31}}],"p2team":[{"name":"Kermit On Roids","species":"seismitoad","item":"leftovers","ability":"Water Absorb","moves":["earthquake","scald","grassknot","sludgewave"],"nature":"Mild","evs":{"hp":252,"atk":4,"def":0,"spa":252,"spd":0,"spe":0},"shiny":true,"ivs":{"hp":31,"atk":31,"def":31,"spa":31,"spd":31,"spe":31}},{"name":"Barny On Roids","species":"garchomp","item":"choicescarf","ability":"Rough Skin","moves":["dragonclaw","earthquake","ironhead","stoneedge"],"nature":"Jolly","evs":{"hp":0,"atk":252,"def":0,"spa":0,"spd":4,"spe":252},"ivs":{"hp":31,"atk":31,"def":31,"spa":31,"spd":31,"spe":31}},{"name":"Excadrill","species":"Excadrill","item":"lifeorb","ability":"Sand Rush","moves":["earthquake","xscissor","swordsdance","ironhead"],"nature":"Adamant","evs":{"hp":0,"atk":252,"def":0,"spa":0,"spd":4,"spe":252},"ivs":{"hp":31,"atk":31,"def":31,"spa":31,"spd":31,"spe":31}},{"name":"Sonic-On-Roids","species":"nidoking","item":"choicescarf","ability":"Sheer Force","moves":["shadowball","earthpower","sludgewave","thunderbolt"],"nature":"Timid","evs":{"hp":0,"atk":0,"def":0,"spa":252,"spd":4,"spe":252},"shiny":true,"ivs":{"hp":31,"atk":31,"def":31,"spa":31,"spd":31,"spe":31}},{"name":"Hulk W/o Roids","species":"landorus","item":"choicescarf","ability":"Sheer Force","moves":["earthpower","focusblast","grassknot","uturn"],"nature":"Naive","evs":{"hp":0,"atk":252,"def":0,"spa":4,"spd":0,"spe":252},"shiny":true,"ivs":{"hp":31,"atk":31,"def":31,"spa":31,"spd":31,"spe":31}},{"name":"Numel On Roids","species":"hippowdon","item":"leftovers","ability":"Sand Stream","moves":["earthquake","stoneedge","stealthrock","whirlwind"],"nature":"Adamant","evs":{"hp":252,"atk":252,"def":0,"spa":0,"spd":4,"spe":0},"shiny":true,"ivs":{"hp":31,"atk":31,"def":31,"spa":31,"spd":31,"spe":31}}],"log":["|player|p1|Deucez|224","|player|p2|Sovereign♕Cactus|251","|gametype|singles","|gen|6","|tier|Monotype","|rated","|rule|Baton Pass Clause: Limit one Baton Passer, can't pass Spe and other stats simultaneously","|rule|Swagger Clause: Swagger is banned","|rule|Same Type Clause: Pokémon in a team must share a type","|clearpoke","|poke|p1|Aegislash, M, shiny","|poke|p1|Gengar, M, shiny","|poke|p1|Jellicent, M, shiny","|poke|p1|Chandelure, M, shiny","|poke|p1|Sableye, M, shiny","|poke|p1|Mismagius, F, shiny","|poke|p2|Seismitoad, F, shiny","|poke|p2|Garchomp, M","|poke|p2|Excadrill, M","|poke|p2|Nidoking, M, shiny","|poke|p2|Landorus, M, shiny","|poke|p2|Hippowdon, F, shiny","|rule|Sleep Clause Mod: Limit one foe put to sleep","|rule|Species Clause: Limit one of each Pokémon","|rule|OHKO Clause: OHKO moves are banned","|rule|Moody Clause: Moody is banned","|rule|Evasion Moves Clause: Evasion moves are banned","|rule|Endless Battle Clause: Forcing endless battles is banned","|rule|HP Percentage Mod: HP is shown in percentages","|teampreview","|","|start","|switch|p1a: Mismagius|Mismagius, F, shiny|324/324","|switch|p2a: Numel On Roids|Hippowdon, F, shiny|420/420","|-weather|Sandstorm","|turn|1","|","|move|p1a: Mismagius|Taunt|p2a: Numel On Roids","|-start|p2a: Numel On Roids|move: Taunt","|cant|p2a: Numel On Roids|move: Taunt|Stealth Rock","|","|-weather|Sandstorm|[upkeep]","|-damage|p1a: Mismagius|304/324|[from] sandstorm","|-heal|p1a: Mismagius|324/324|[from] item: Leftovers","|turn|2","|","|switch|p2a: Sonic-On-Roids|Nidoking, M, shiny|303/303","|move|p1a: Mismagius|Will-O-Wisp|p2a: Sonic-On-Roids","|-status|p2a: Sonic-On-Roids|brn","|","|-weather|Sandstorm|[upkeep]","|-damage|p1a: Mismagius|304/324|[from] sandstorm","|-heal|p1a: Mismagius|324/324|[from] item: Leftovers","|-damage|p2a: Sonic-On-Roids|266/303 brn|[from] brn","|turn|3","|","|switch|p1a: Jellicent|Jellicent, M, shiny|404/404","|move|p2a: Sonic-On-Roids|Shadow Ball|p1a: Jellicent","|-supereffective|p1a: Jellicent","|-damage|p1a: Jellicent|272/404","|","|-weather|Sandstorm|[upkeep]","|-damage|p1a: Jellicent|247/404|[from] sandstorm","|-heal|p1a: Jellicent|272/404|[from] item: Leftovers","|-damage|p2a: Sonic-On-Roids|229/303 brn|[from] brn","|turn|4","|","|switch|p2a: Barny On Roids|Garchomp, M|357/357","|move|p1a: Jellicent|Acid Armor|p1a: Jellicent","|-boost|p1a: Jellicent|def|2","|","|-weather|Sandstorm|[upkeep]","|-damage|p1a: Jellicent|247/404|[from] sandstorm","|-heal|p1a: Jellicent|272/404|[from] item: Leftovers","|turn|5","|","|move|p2a: Barny On Roids|Earthquake|p1a: Jellicent","|-damage|p1a: Jellicent|160/404","|move|p1a: Jellicent|Recover|p1a: Jellicent","|-heal|p1a: Jellicent|362/404","|","|-weather|none","|-heal|p1a: Jellicent|387/404|[from] item: Leftovers","|turn|6","|","|switch|p2a: Numel On Roids|Hippowdon, F, shiny|420/420","|-weather|Sandstorm","|move|p1a: Jellicent|Acid Armor|p1a: Jellicent","|-boost|p1a: Jellicent|def|2","|","|-weather|Sandstorm|[upkeep]","|-damage|p1a: Jellicent|362/404|[from] sandstorm","|-heal|p1a: Jellicent|387/404|[from] item: Leftovers","|turn|7","|","|move|p1a: Jellicent|Scald|p2a: Numel On Roids","|-supereffective|p2a: Numel On Roids","|-damage|p2a: Numel On Roids|208/420","|move|p2a: Numel On Roids|Whirlwind|p1a: Jellicent","|drag|p1a: Mismagius|Mismagius, F, shiny|324/324","|","|-weather|Sandstorm|[upkeep]","|-damage|p1a: Mismagius|304/324|[from] sandstorm","|-heal|p1a: Mismagius|324/324|[from] item: Leftovers","|-heal|p2a: Numel On Roids|234/420|[from] item: Leftovers","|turn|8","|","|switch|p2a: Sonic-On-Roids|Nidoking, M, shiny|229/303 brn","|move|p1a: Mismagius|Taunt|p2a: Sonic-On-Roids","|-start|p2a: Sonic-On-Roids|move: Taunt","|","|-weather|Sandstorm|[upkeep]","|-damage|p1a: Mismagius|304/324|[from] sandstorm","|-heal|p1a: Mismagius|324/324|[from] item: Leftovers","|-damage|p2a: Sonic-On-Roids|192/303 brn|[from] brn","|turn|9","|","|switch|p1a: Jellicent|Jellicent, M, shiny|387/404","|move|p2a: Sonic-On-Roids|Shadow Ball|p1a: Jellicent","|-supereffective|p1a: Jellicent","|-damage|p1a: Jellicent|255/404","|-start|p2a: Sonic-On-Roids|Disable|Shadow Ball","|","|-weather|Sandstorm|[upkeep]","|-damage|p1a: Jellicent|230/404|[from] sandstorm","|-heal|p1a: Jellicent|255/404|[from] item: Leftovers","|-damage|p2a: Sonic-On-Roids|155/303 brn|[from] brn","|turn|10","|","|switch|p2a: Numel On Roids|Hippowdon, F, shiny|234/420","|move|p1a: Jellicent|Acid Armor|p1a: Jellicent","|-boost|p1a: Jellicent|def|2","|","|-weather|none","|-heal|p1a: Jellicent|280/404|[from] item: Leftovers","|-heal|p2a: Numel On Roids|260/420|[from] item: Leftovers","|turn|11","|","|switch|p2a: Kermit On Roids|Seismitoad, F, shiny|414/414","|move|p1a: Jellicent|Scald|p2a: Kermit On Roids","|-immune|p2a: Kermit On Roids|[msg]","|","|-heal|p1a: Jellicent|305/404|[from] item: Leftovers","|turn|12","|","|move|p2a: Kermit On Roids|Grass Knot|p1a: Jellicent","|-supereffective|p1a: Jellicent","|-damage|p1a: Jellicent|159/404","|-start|p2a: Kermit On Roids|Disable|Grass Knot","|move|p1a: Jellicent|Scald|p2a: Kermit On Roids","|-immune|p2a: Kermit On Roids|[msg]","|","|-heal|p1a: Jellicent|184/404|[from] item: Leftovers","|turn|13","|","|move|p2a: Kermit On Roids|Sludge Wave|p1a: Jellicent","|-resisted|p1a: Jellicent","|-damage|p1a: Jellicent|153/404","|move|p1a: Jellicent|Scald|p2a: Kermit On Roids","|-immune|p2a: Kermit On Roids|[msg]","|","|-heal|p1a: Jellicent|178/404|[from] item: Leftovers","|turn|14","|","|move|p2a: Kermit On Roids|Sludge Wave|p1a: Jellicent","|-resisted|p1a: Jellicent","|-damage|p1a: Jellicent|144/404","|move|p1a: Jellicent|Recover|p1a: Jellicent","|-heal|p1a: Jellicent|346/404","|","|-heal|p1a: Jellicent|371/404|[from] item: Leftovers","|turn|15","|","|move|p2a: Kermit On Roids|Scald|p1a: Jellicent","|-resisted|p1a: Jellicent","|-damage|p1a: Jellicent|329/404","|move|p1a: Jellicent|Toxic|p2a: Kermit On Roids","|-status|p2a: Kermit On Roids|tox","|","|-heal|p1a: Jellicent|354/404|[from] item: Leftovers","|-damage|p2a: Kermit On Roids|389/414 tox|[from] psn","|turn|16","|","|move|p2a: Kermit On Roids|Scald|p1a: Jellicent","|-resisted|p1a: Jellicent","|-damage|p1a: Jellicent|315/404","|move|p1a: Jellicent|Acid Armor|p1a: Jellicent","|-boost|p1a: Jellicent|def|2","|","|-heal|p2a: Kermit On Roids|414/414 tox|[from] item: Leftovers","|-heal|p1a: Jellicent|340/404|[from] item: Leftovers","|-damage|p2a: Kermit On Roids|364/414 tox|[from] psn","|-end|p2a: Kermit On Roids|Disable","|turn|17","|","|move|p2a: Kermit On Roids|Grass Knot|p1a: Jellicent","|-supereffective|p1a: Jellicent","|-damage|p1a: Jellicent|202/404","|move|p1a: Jellicent|Acid Armor|p1a: Jellicent","|-boost|p1a: Jellicent|def|2","|","|-heal|p2a: Kermit On Roids|389/414 tox|[from] item: Leftovers","|-heal|p1a: Jellicent|227/404|[from] item: Leftovers","|-damage|p2a: Kermit On Roids|314/414 tox|[from] psn","|turn|18","|","|move|p2a: Kermit On Roids|Grass Knot|p1a: Jellicent","|-supereffective|p1a: Jellicent","|-damage|p1a: Jellicent|85/404","|move|p1a: Jellicent|Recover|p1a: Jellicent","|-heal|p1a: Jellicent|287/404","|","|-heal|p2a: Kermit On Roids|339/414 tox|[from] item: Leftovers","|-heal|p1a: Jellicent|312/404|[from] item: Leftovers","|-damage|p2a: Kermit On Roids|239/414 tox|[from] psn","|turn|19","|","|move|p2a: Kermit On Roids|Scald|p1a: Jellicent","|-resisted|p1a: Jellicent","|-damage|p1a: Jellicent|273/404","|move|p1a: Jellicent|Acid Armor|p1a: Jellicent","|-fail|p1a: Jellicent","|","|-heal|p2a: Kermit On Roids|264/414 tox|[from] item: Leftovers","|-heal|p1a: Jellicent|298/404|[from] item: Leftovers","|-damage|p2a: Kermit On Roids|139/414 tox|[from] psn","|turn|20","|","|switch|p2a: Numel On Roids|Hippowdon, F, shiny|260/420","|-weather|Sandstorm","|move|p1a: Jellicent|Recover|p1a: Jellicent","|-heal|p1a: Jellicent|404/404","|","|-weather|Sandstorm|[upkeep]","|-damage|p1a: Jellicent|379/404|[from] sandstorm","|-heal|p1a: Jellicent|404/404|[from] item: Leftovers","|-heal|p2a: Numel On Roids|286/420|[from] item: Leftovers","|turn|21","|","|move|p1a: Jellicent|Toxic|p2a: Numel On Roids","|-status|p2a: Numel On Roids|tox","|move|p2a: Numel On Roids|Whirlwind|p1a: Jellicent","|drag|p1a: Sableye|Sableye, M, shiny|304/304","|","|-weather|Sandstorm|[upkeep]","|-damage|p1a: Sableye|285/304|[from] sandstorm","|-heal|p2a: Numel On Roids|312/420 tox|[from] item: Leftovers","|-damage|p2a: Numel On Roids|286/420 tox|[from] psn","|turn|22","|","|switch|p1a: Chandelure|Chandelure, M, shiny|262/262","|move|p2a: Numel On Roids|Earthquake|p1a: Chandelure","|-supereffective|p1a: Chandelure","|-damage|p1a: Chandelure|0 fnt","|faint|p1a: Chandelure","|","|-weather|Sandstorm|[upkeep]","|-heal|p2a: Numel On Roids|312/420 tox|[from] item: Leftovers","|-damage|p2a: Numel On Roids|260/420 tox|[from] psn","|","|switch|p1a: Jellicent|Jellicent, M, shiny|404/404","|turn|23","|","|move|p1a: Jellicent|Scald|p2a: Numel On Roids","|-supereffective|p2a: Numel On Roids","|-damage|p2a: Numel On Roids|32/420 tox","|move|p2a: Numel On Roids|Stealth Rock|p1a: Jellicent","|-sidestart|p1: Deucez|move: Stealth Rock","|","|-weather|Sandstorm|[upkeep]","|-damage|p1a: Jellicent|379/404|[from] sandstorm","|-heal|p1a: Jellicent|404/404|[from] item: Leftovers","|-heal|p2a: Numel On Roids|58/420 tox|[from] item: Leftovers","|-damage|p2a: Numel On Roids|0 fnt|[from] psn","|faint|p2a: Numel On Roids","|","|switch|p2a: Sonic-On-Roids|Nidoking, M, shiny|155/303 brn","|turn|24","|","|move|p2a: Sonic-On-Roids|Thunderbolt|p1a: Jellicent","|-supereffective|p1a: Jellicent","|-damage|p1a: Jellicent|254/404","|-start|p2a: Sonic-On-Roids|Disable|Thunderbolt","|move|p1a: Jellicent|Acid Armor|p1a: Jellicent","|-boost|p1a: Jellicent|def|2","|","|-weather|none","|-heal|p1a: Jellicent|279/404|[from] item: Leftovers","|-damage|p2a: Sonic-On-Roids|118/303 brn|[from] brn","|turn|25","|","|switch|p2a: Kermit On Roids|Seismitoad, F, shiny|139/414 tox","|move|p1a: Jellicent|Acid Armor|p1a: Jellicent","|-boost|p1a: Jellicent|def|2","|","|-heal|p2a: Kermit On Roids|164/414 tox|[from] item: Leftovers","|-heal|p1a: Jellicent|304/404|[from] item: Leftovers","|-damage|p2a: Kermit On Roids|139/414 tox|[from] psn","|turn|26","|","|move|p2a: Kermit On Roids|Grass Knot|p1a: Jellicent","|-supereffective|p1a: Jellicent","|-damage|p1a: Jellicent|154/404","|-start|p2a: Kermit On Roids|Disable|Grass Knot","|move|p1a: Jellicent|Recover|p1a: Jellicent","|-heal|p1a: Jellicent|356/404","|","|-heal|p2a: Kermit On Roids|164/414 tox|[from] item: Leftovers","|-heal|p1a: Jellicent|381/404|[from] item: Leftovers","|-damage|p2a: Kermit On Roids|114/414 tox|[from] psn","|turn|27","|","|win|Deucez"],"p1rating":{"entryid":"7192012","serverid":"eos","formatid":"monotype","userid":"deucez","username":"Deucez","w":13,"l":"12","t":"0","gxe":52.3,"r":"1492.9988848144","rd":"66.768197845453","sigma":"0","rptime":"1438333200","rpr":1517.4788482586,"rprd":64.512392937989,"rpsigma":"0","acre":1207.5879555892,"lacre":1207.5879555892,"oldacre":"1187.3789217913"},"p2rating":{"entryid":"6867552","serverid":"eos","formatid":"monotype","userid":"sovereigncactus","username":"Sovereign♕Cactus","w":"41","l":53,"t":"0","gxe":43.6,"r":"1461.6956434101","rd":"40.32407721443","sigma":"0","rptime":"1438333200","rpr":1451.2194425132,"rprd":37.118811802174,"rpsigma":"0","acre":1099.7542725621,"lacre":1099.7542725621,"oldacre":"1119.96330636"},"endType":"forfeit"}