{"seed":[44029,32440,15276,29569],"turns":24,"p1":"Nyan Loki","p2":"Guard Mentalist","p1team":[{"name":"Klinklang","species":"Klinklang","item":"lifeorb","ability":"Clear Body","moves":["shiftgear","geargrind","wildcharge","toxic"],"nature":"Adamant","evs":{"hp":0,"atk":252,"def":0,"spa":0,"spd":4,"spe":252},"ivs":{"hp":31,"atk":31,"def":31,"spa":31,"spd":31,"spe":31}},{"name":"Bisharp","species":"Bisharp","item":"lifeorb","ability":"Inner Focus","moves":["foulplay","poisonjab","suckerpunch","ironhead"],"nature":"Jolly","evs":{"hp":0,"atk":252,"def":0,"spa":0,"spd":4,"spe":252},"ivs":{"hp":31,"atk":31,"def":31,"spa":31,"spd":31,"spe":31}},{"name":"Aggron","species":"Aggron","item":"aggronite","ability":"Rock Head","moves":["headsmash","autotomize","earthquake","poweruppunch"],"nature":"Adamant","evs":{"hp":248,"atk":252,"def":0,"spa":0,"spd":8,"spe":0},"ivs":{"hp":31,"atk":31,"def":31,"spa":31,"spd":31,"spe":31}},{"name":"Empoleon","species":"Empoleon","item":"lifeorb","ability":"Defiant","moves":["stealthrock","aquajet","earthquake","drillpeck"],"nature":"Adamant","evs":{"hp":248,"atk":252,"def":0,"spa":0,"spd":8,"spe":0},"ivs":{"hp":31,"atk":31,"def":31,"spa":31,"spd":31,"spe":31}},{"name":"Heatran","species":"Heatran","item":"lifeorb","ability":"Flash Fire","moves":["fireblast","darkpulse","earthpower","flashcannon"],"nature":"Timid","evs":{"hp":0,"atk":0,"def":0,"spa":252,"spd":4,"spe":252},"ivs":{"hp":31,"atk":31,"def":31,"spa":31,"spd":31,"spe":31}},{"name":"Skarmory","species":"Skarmory","item":"leftovers","ability":"Sturdy","moves":["roost","bravebird","airslash","defog"],"nature":"Lax","evs":{"hp":252,"atk":0,"def":232,"spa":0,"spd":0,"spe":24},"ivs":{"hp":31,"atk":31,"def":31,"spa":31,"spd":31,"spe":31}}],"p2team":[{"name":"Jirachi","species":"Jirachi","item":"choicescarf","ability":"Serene Grace","moves":["ironhead","trick","healingwish","uturn"],"nature":"Jolly","evs":{"hp":0,"atk":252,"def":0,"spa":0,"spd":4,"spe":252},"ivs":{"hp":31,"atk":31,"def":31,"spa":31,"spd":31,"spe":31}},{"name":"Victini","species":"Victini","item":"choicescarf","ability":"Victory Star","moves":["vcreate","boltstrike","zenheadbutt","blueflare"],"nature":"Adamant","evs":{"hp":0,"atk":252,"def":0,"spa":0,"spd":4,"spe":252},"ivs":{"hp":31,"atk":31,"def":31,"spa":31,"spd":31,"spe":31}},{"name":"Mew","species":"Mew","item":"leftovers","ability":"Synchronize","moves":["roost","stealthrock","defog","willowisp"],"nature":"Calm","evs":{"hp":252,"atk":0,"def":4,"spa":0,"spd":144,"spe":108},"ivs":{"hp":31,"atk":31,"def":31,"spa":31,"spd":31,"spe":31}},{"name":"Gardevoir","species":"Gardevoir","item":"gardevoirite","ability":"Trace","moves":["hypervoice","psyshock","focusblast","substitute"],"nature":"Timid","evs":{"hp":0,"atk":0,"def":0,"spa":252,"spd":4,"spe":252},"ivs":{"hp":31,"atk":31,"def":31,"spa":31,"spd":31,"spe":31}},{"name":"Meloetta","species":"Meloetta","item":"assaultvest","ability":"Serene Grace","moves":["focusblast","psyshock","energyball","shadowball"],"nature":"Modest","evs":{"hp":248,"atk":0,"def":0,"spa":252,"spd":8,"spe":0},"ivs":{"hp":31,"atk":31,"def":31,"spa":31,"spd":31,"spe":31}},{"name":"Slowbro","species":"Slowbro","item":"rockyhelmet","ability":"Regenerator","moves":["slackoff","scald","fireblast","thunderwave"],"nature":"Bold","evs":{"hp":248,"atk":0,"def":252,"spa":8,"spd":0,"spe":0},"ivs":{"hp":31,"atk":31,"def":31,"spa":31,"spd":31,"spe":31}}],"log":["|player|p1|Nyan Loki|222","|player|p2|Guard Mentalist|184","|gametype|singles","|gen|6","|tier|Monotype","|rated","|rule|Baton Pass Clause: Limit one Baton Passer, can't pass Spe and other stats simultaneously","|rule|Swagger Clause: Swagger is banned","|rule|Same Type Clause: Pokémon in a team must share a type","|clearpoke","|poke|p1|Klinklang","|poke|p1|Bisharp, F","|poke|p1|Aggron, F","|poke|p1|Empoleon, F","|poke|p1|Heatran, F","|poke|p1|Skarmory, F","|poke|p2|Jirachi","|poke|p2|Victini","|poke|p2|Mew","|poke|p2|Gardevoir, M","|poke|p2|Meloetta","|poke|p2|Slowbro, F","|rule|Sleep Clause Mod: Limit one foe put to sleep","|rule|Species Clause: Limit one of each Pokémon","|rule|OHKO Clause: OHKO moves are banned","|rule|Moody Clause: Moody is banned","|rule|Evasion Moves Clause: Evasion moves are banned","|rule|Endless Battle Clause: Forcing endless battles is banned","|rule|HP Percentage Mod: HP is shown in percentages","|teampreview","|","|start","|switch|p1a: Empoleon|Empoleon, F|371/371","|switch|p2a: Mew|Mew|404/404","|turn|1","|","|move|p2a: Mew|Stealth Rock|p1a: Empoleon","|-sidestart|p1: Nyan Loki|move: Stealth Rock","|move|p1a: Empoleon|Stealth Rock|p2a: Mew","|-sidestart|p2: Guard Mentalist|move: Stealth Rock","|","|turn|2","|","|move|p2a: Mew|Defog|p1a: Empoleon","|-unboost|p1a: Empoleon|evasion|1","|-boost|p1a: Empoleon|atk|2|[from] ability: Defiant","|-sideend|p1: Nyan Loki|Stealth Rock|[from] move: Defog|[of] p1a: Empoleon","|-sideend|p2: Guard Mentalist|Stealth Rock|[from] move: Defog|[of] p2a: Mew","|move|p1a: Empoleon|Drill Peck|p2a: Mew","|-damage|p2a: Mew|195/404","|-damage|p1a: Empoleon|334/371|[from] item: Life Orb","|","|-heal|p2a: Mew|220/404|[from] item: Leftovers","|turn|3","|","|move|p1a: Empoleon|Aqua Jet|p2a: Mew","|-damage|p2a: Mew|72/404","|-damage|p1a: Empoleon|297/371|[from] item: Life Orb","|move|p2a: Mew|Will-O-Wisp|p1a: Empoleon","|-status|p1a: Empoleon|brn","|","|-heal|p2a: Mew|97/404|[from] item: Leftovers","|-damage|p1a: Empoleon|251/371 brn|[from] brn","|turn|4","|","|switch|p2a: Slowbro|Slowbro, F|393/393","|move|p1a: Empoleon|Earthquake|p2a: Slowbro","|-damage|p2a: Slowbro|309/393","|-damage|p1a: Empoleon|214/371 brn|[from] item: Life Orb","|","|-damage|p1a: Empoleon|168/371 brn|[from] brn","|turn|5","|","|move|p1a: Empoleon|Stealth Rock|p2a: Slowbro","|-sidestart|p2: Guard Mentalist|move: Stealth Rock","|move|p2a: Slowbro|Scald|p1a: Empoleon","|-crit|p1a: Empoleon","|-resisted|p1a: Empoleon","|-damage|p1a: Empoleon|101/371 brn","|","|-damage|p1a: Empoleon|55/371 brn|[from] brn","|turn|6","|","|move|p1a: Empoleon|Drill Peck|p2a: Slowbro","|-damage|p2a: Slowbro|243/393","|-damage|p1a: Empoleon|0 fnt|[from] item: Rocky Helmet|[of] p2a: Slowbro","|faint|p1a: Empoleon","|move|p2a: Slowbro|Scald|p1: Empoleon|[notarget]","|-notarget","|","|","|switch|p1a: Klinklang|Klinklang|261/261","|turn|7","|","|switch|p2a: Meloetta|Meloetta|403/403","|-damage|p2a: Meloetta|353/403|[from] Stealth Rock","|move|p1a: Klinklang|Shift Gear|p1a: Klinklang","|-boost|p1a: Klinklang|atk|1","|-boost|p1a: Klinklang|spe|2","|","|turn|8","|","|move|p1a: Klinklang|Shift Gear|p1a: Klinklang","|-boost|p1a: Klinklang|atk|1","|-boost|p1a: Klinklang|spe|2","|move|p2a: Meloetta|Focus Blast|p1a: Klinklang","|-supereffective|p1a: Klinklang","|-damage|p1a: Klinklang|0 fnt","|faint|p1a: Klinklang","|","|","|switch|p1a: Skarmory|Skarmory, F|334/334","|turn|9","|","|move|p2a: Meloetta|Focus Blast|p1a: Skarmory|[miss]","|-miss|p2a: Meloetta|p1a: Skarmory","|move|p1a: Skarmory|Brave Bird|p2a: Meloetta","|-damage|p2a: Meloetta|209/403","|-damage|p1a: Skarmory|286/334|[from] recoil|[of] p2a: Meloetta","|","|-heal|p1a: Skarmory|306/334|[from] item: Leftovers","|turn|10","|","|move|p2a: Meloetta|Focus Blast|p1a: Skarmory","|-damage|p1a: Skarmory|76/334","|move|p1a: Skarmory|Brave Bird|p2a: Meloetta","|-damage|p2a: Meloetta|58/403","|-damage|p1a: Skarmory|26/334|[from] recoil|[of] p2a: Meloetta","|","|-heal|p1a: Skarmory|46/334|[from] item: Leftovers","|turn|11","|","|move|p2a: Meloetta|Shadow Ball|p1a: Skarmory","|-damage|p1a: Skarmory|0 fnt","|faint|p1a: Skarmory","|","|","|switch|p1a: Bisharp|Bisharp, F|271/271","|turn|12","|","|move|p1a: Bisharp|Sucker Punch|p2a: Meloetta","|-supereffective|p2a: Meloetta","|-damage|p2a: Meloetta|0 fnt","|-damage|p1a: Bisharp|244/271|[from] item: Life Orb","|faint|p2a: Meloetta","|","|","|switch|p2a: Gardevoir|Gardevoir, M|277/277","|-damage|p2a: Gardevoir|243/277|[from] Stealth Rock","|-ability|p2a: Gardevoir|Inner Focus|[from] ability: Trace|[of] p1a: Bisharp","|turn|13","|","|detailschange|p2a: Gardevoir|Gardevoir-Mega, M","|-mega|p2a: Gardevoir|Gardevoir|Gardevoirite","|move|p2a: Gardevoir|Substitute|p2a: Gardevoir","|-start|p2a: Gardevoir|Substitute","|-damage|p2a: Gardevoir|174/277","|move|p1a: Bisharp|Poison Jab|p2a: Gardevoir","|-supereffective|p2a: Gardevoir","|-end|p2a: Gardevoir|Substitute","|-damage|p1a: Bisharp|217/271|[from] item: Life Orb","|","|turn|14","|","|move|p2a: Gardevoir|Substitute|p2a: Gardevoir","|-start|p2a: Gardevoir|Substitute","|-damage|p2a: Gardevoir|105/277","|move|p1a: Bisharp|Iron Head|p2a: Gardevoir","|-supereffective|p2a: Gardevoir","|-end|p2a: Gardevoir|Substitute","|-damage|p1a: Bisharp|190/271|[from] item: Life Orb","|","|turn|15","|","|move|p2a: Gardevoir|Substitute|p2a: Gardevoir","|-start|p2a: Gardevoir|Substitute","|-damage|p2a: Gardevoir|36/277","|move|p1a: Bisharp|Poison Jab|p2a: Gardevoir","|-supereffective|p2a: Gardevoir","|-end|p2a: Gardevoir|Substitute","|-damage|p1a: Bisharp|163/271|[from] item: Life Orb","|","|turn|16","|","|move|p2a: Gardevoir|Substitute|p2a: Gardevoir","|-fail|p2a: Gardevoir|move: Substitute|[weak]","|move|p1a: Bisharp|Poison Jab|p2a: Gardevoir","|-supereffective|p2a: Gardevoir","|-damage|p2a: Gardevoir|0 fnt","|-damage|p1a: Bisharp|136/271|[from] item: Life Orb","|faint|p2a: Gardevoir","|","|","|switch|p2a: Slowbro|Slowbro, F|374/393","|-damage|p2a: Slowbro|325/393|[from] Stealth Rock","|turn|17","|","|move|p1a: Bisharp|Foul Play|p2a: Slowbro","|-supereffective|p2a: Slowbro","|-damage|p2a: Slowbro|185/393","|-damage|p1a: Bisharp|91/271|[from] item: Rocky Helmet|[of] p2a: Slowbro","|-damage|p1a: Bisharp|64/271|[from] item: Life Orb","|move|p2a: Slowbro|Fire Blast|p1a: Bisharp","|-crit|p1a: Bisharp","|-supereffective|p1a: Bisharp","|-damage|p1a: Bisharp|0 fnt","|faint|p1a: Bisharp","|","|","|switch|p1a: Aggron|Aggron, F|343/343","|turn|18","|","|move|p1a: Aggron|Autotomize|p1a: Aggron","|-boost|p1a: Aggron|spe|2","|-start|p1a: Aggron|Autotomize","|move|p2a: Slowbro|Scald|p1a: Aggron","|-supereffective|p1a: Aggron","|-damage|p1a: Aggron|67/343","|","|turn|19","|","|detailschange|p1a: Aggron|Aggron-Mega, F","|-mega|p1a: Aggron|Aggron|Aggronite","|move|p1a: Aggron|Earthquake|p2a: Slowbro","|-damage|p2a: Slowbro|87/393","|move|p2a: Slowbro|Scald|p1a: Aggron","|-damage|p1a: Aggron|0 fnt","|faint|p1a: Aggron","|","|","|switch|p1a: Heatran|Heatran, F|323/323","|turn|20","|","|switch|p2a: Mew|Mew|97/404","|-damage|p2a: Mew|47/404|[from] Stealth Rock","|move|p1a: Heatran|Dark Pulse|p2a: Mew","|-supereffective|p2a: Mew","|-damage|p2a: Mew|0 fnt","|-damage|p1a: Heatran|291/323|[from] item: Life Orb","|faint|p2a: Mew","|","|","|switch|p2a: Jirachi|Jirachi|341/341","|-damage|p2a: Jirachi|320/341|[from] Stealth Rock","|turn|21","|","|move|p2a: Jirachi|Healing Wish|p2a: Jirachi","|faint|p2a: Jirachi","|move|p1a: Heatran|Earth Power|p2: Jirachi|[notarget]","|-notarget","|","|","|switch|p2a: Slowbro|Slowbro, F|218/393","|-heal|p2a: Slowbro|393/393|[from] move: Healing Wish","|-damage|p2a: Slowbro|344/393|[from] Stealth Rock","|turn|22","|","|move|p1a: Heatran|Dark Pulse|p2a: Slowbro","|-supereffective|p2a: Slowbro","|-damage|p2a: Slowbro|55/393","|-damage|p1a: Heatran|259/323|[from] item: Life Orb","|move|p2a: Slowbro|Scald|p1a: Heatran","|-supereffective|p1a: Heatran","|-damage|p1a: Heatran|67/323","|","|turn|23","|","|move|p1a: Heatran|Dark Pulse|p2a: Slowbro","|-supereffective|p2a: Slowbro","|-damage|p2a: Slowbro|0 fnt","|-damage|p1a: Heatran|35/323|[from] item: Life Orb","|faint|p2a: Slowbro","|","|","|switch|p2a: Victini|Victini|341/341","|-damage|p2a: Victini|256/341|[from] Stealth Rock","|turn|24","|","|move|p2a: Victini|Bolt Strike|p1a: Heatran","|-damage|p1a: Heatran|0 fnt","|faint|p1a: Heatran","|","|win|Guard Mentalist"],"p1rating":{"entryid":"6540883","serverid":"eos","formatid":"monotype","userid":"nyanloki","username":"Nyan Loki","w":"7","l":13,"t":"0","gxe":38.9,"r":1420.8727002544,"rd":71.729371641343,"sigma":"0","rptime":1438333200,"rpr":1413.3999253815,"rprd":70.65700017075,"rpsigma":"0","acre":1046.0534447034,"lacre":1046.0534447034,"oldacre":"1060.9551298085"},"p2rating":{"entryid":"6929172","serverid":"eos","formatid":"monotype","userid":"guardmentalist","username":"Guard Mentalist","w":5,"l":"1","t":"0","gxe":64.4,"r":"1599.3158172508","rd":"103.65549106529","sigma":"0","rptime":"1438333200","rpr":1616.1367554679,"rprd":100.40741434705,"rpsigma":"0","acre":1158.695577719,"lacre":1158.695577719,"oldacre":"1139.2348409736"},"endType":"normal"}