{"seed":[25221,27277,38373,27770],"turns":29,"p1":"Yung draco","p2":"silver - anon","p1team":[{"name":"Skarmory","species":"Skarmory","item":"leftovers","ability":"Sturdy","moves":["bravebird","whirlwind","roost","stealthrock"],"nature":"Impish","evs":{"hp":252,"atk":0,"def":232,"spa":0,"spd":0,"spe":24},"ivs":{"hp":31,"atk":31,"def":31,"spa":31,"spd":31,"spe":31}},{"name":"Heatran","species":"Heatran","item":"airballoon","ability":"Flash Fire","moves":["willowisp","lavaplume","earthpower","ancientpower"],"nature":"Calm","evs":{"hp":248,"atk":0,"def":0,"spa":8,"spd":252,"spe":0},"ivs":{"hp":31,"atk":31,"def":31,"spa":31,"spd":31,"spe":31}},{"name":"Ferrothorn","species":"Ferrothorn","item":"leftovers","ability":"Iron Barbs","moves":["leechseed","protect","spikes","seedbomb"],"nature":"Impish","evs":{"hp":208,"atk":0,"def":200,"spa":0,"spd":100,"spe":0},"ivs":{"hp":31,"atk":31,"def":31,"spa":31,"spd":31,"spe":31}},{"name":"Bisharp","species":"Bisharp","item":"lifeorb","ability":"Defiant","moves":["swordsdance","suckerpunch","knockoff","ironhead"],"nature":"Jolly","evs":{"hp":0,"atk":252,"def":0,"spa":0,"spd":4,"spe":252},"ivs":{"hp":31,"atk":31,"def":31,"spa":31,"spd":31,"spe":31}},{"name":"Scizor","species":"Scizor","item":"scizorite","ability":"Technician","moves":["swordsdance","bulletpunch","bugbite","superpower"],"nature":"Adamant","evs":{"hp":248,"atk":252,"def":0,"spa":0,"spd":8,"spe":0},"ivs":{"hp":31,"atk":31,"def":31,"spa":31,"spd":31,"spe":31}},{"name":"Magnezone","species":"Magnezone","item":"choicescarf","ability":"Magnet Pull","moves":["flashcannon","thunderbolt","hiddenpowerwater","voltswitch"],"nature":"Timid","evs":{"hp":0,"atk":0,"def":0,"spa":252,"spd":4,"spe":252},"ivs":{"hp":31,"atk":30,"def":30,"spa":30,"spd":31,"spe":31}}],"p2team":[{"name":"Hippowdon","species":"Hippowdon","item":"leftovers","ability":"Sand Stream","moves":["earthquake","stealthrock","slackoff","toxic"],"nature":"Impish","evs":{"hp":252,"atk":6,"def":252,"spa":0,"spd":0,"spe":0},"ivs":{"hp":31,"atk":31,"def":31,"spa":31,"spd":31,"spe":31}},{"name":"Garchomp","species":"Garchomp","item":"garchompite","ability":"Rough Skin","moves":["earthquake","dracometeor","fireblast","stoneedge"],"nature":"Rash","evs":{"hp":0,"atk":172,"def":0,"spa":156,"spd":0,"spe":180},"ivs":{"hp":31,"atk":31,"def":31,"spa":31,"spd":31,"spe":31}},{"name":"Gastrodon","species":"Gastrodon","item":"leftovers","ability":"Storm Drain","moves":["scald","recover","icebeam","earthpower"],"nature":"","evs":{"hp":0,"atk":0,"def":0,"spa":0,"spd":0,"spe":0},"ivs":{"hp":31,"atk":31,"def":31,"spa":31,"spd":31,"spe":31}},{"name":"Excadrill","species":"Excadrill","item":"airballoon","ability":"Sand Rush","moves":["earthquake","ironhead","rockslide","swordsdance"],"nature":"Adamant","evs":{"hp":0,"atk":252,"def":0,"spa":0,"spd":4,"spe":252},"ivs":{"hp":31,"atk":31,"def":31,"spa":31,"spd":31,"spe":31}},{"name":"Landorus","species":"Landorus","item":"lifeorb","ability":"Sheer Force","moves":["earthpower","knockoff","rockslide","sludgewave"],"nature":"Naive","evs":{"hp":0,"atk":6,"def":0,"spa":252,"spd":0,"spe":252},"ivs":{"hp":31,"atk":31,"def":31,"spa":31,"spd":31,"spe":31}},{"name":"Claydol","species":"Claydol","item":"leftovers","ability":"Levitate","moves":["rapidspin","earthpower","shadowball","psyshock"],"nature":"Modest","evs":{"hp":6,"atk":0,"def":0,"spa":252,"spd":0,"spe":2},"ivs":{"hp":31,"atk":31,"def":31,"spa":31,"spd":31,"spe":31}}],"log":["|player|p1|Yung draco|143","|player|p2|silver - anon|163","|gametype|singles","|gen|6","|tier|Monotype","|rated","|rule|Baton Pass Clause: Limit one Baton Passer, can't pass Spe and other stats simultaneously","|rule|Swagger Clause: Swagger is banned","|rule|Same Type Clause: Pokémon in a team must share a type","|clearpoke","|poke|p1|Skarmory, M","|poke|p1|Heatran, M","|poke|p1|Ferrothorn, M","|poke|p1|Bisharp, M","|poke|p1|Scizor, F","|poke|p1|Magnezone","|poke|p2|Hippowdon, F","|poke|p2|Garchomp, M","|poke|p2|Gastrodon, M","|poke|p2|Excadrill, F","|poke|p2|Landorus, M","|poke|p2|Claydol","|rule|Sleep Clause Mod: Limit one foe put to sleep","|rule|Species Clause: Limit one of each Pokémon","|rule|OHKO Clause: OHKO moves are banned","|rule|Moody Clause: Moody is banned","|rule|Evasion Moves Clause: Evasion moves are banned","|rule|Endless Battle Clause: Forcing endless battles is banned","|rule|HP Percentage Mod: HP is shown in percentages","|teampreview","|","|start","|switch|p1a: Magnezone|Magnezone|281/281","|switch|p2a: Hippowdon|Hippowdon, F|420/420","|-weather|Sandstorm","|turn|1","|","|move|p1a: Magnezone|Hidden Power|p2a: Hippowdon","|-supereffective|p2a: Hippowdon","|-damage|p2a: Hippowdon|220/420","|move|p2a: Hippowdon|Stealth Rock|p1a: Magnezone","|-sidestart|p1: Yung draco|move: Stealth Rock","|","|-weather|Sandstorm|[upkeep]","|-heal|p2a: Hippowdon|246/420|[from] item: Leftovers","|turn|2","|","|move|p1a: Magnezone|Hidden Power|p2a: Hippowdon","|-supereffective|p2a: Hippowdon","|-damage|p2a: Hippowdon|48/420","|move|p2a: Hippowdon|Earthquake|p1a: Magnezone","|-supereffective|p1a: Magnezone","|-damage|p1a: Magnezone|0 fnt","|faint|p1a: Magnezone","|","|-weather|Sandstorm|[upkeep]","|-heal|p2a: Hippowdon|74/420|[from] item: Leftovers","|","|switch|p1a: Ferrothorn|Ferrothorn, M|341/341","|-damage|p1a: Ferrothorn|320/341|[from] Stealth Rock","|turn|3","|","|switch|p2a: Garchomp|Garchomp, M|357/357","|move|p1a: Ferrothorn|Spikes|p2a: Garchomp","|-sidestart|p2: silver - anon|Spikes","|","|-weather|Sandstorm|[upkeep]","|-heal|p1a: Ferrothorn|341/341|[from] item: Leftovers","|turn|4","|","|detailschange|p2a: Garchomp|Garchomp-Mega, M","|-mega|p2a: Garchomp|Garchomp|Garchompite","|move|p1a: Ferrothorn|Protect|p1a: Ferrothorn","|-singleturn|p1a: Ferrothorn|Protect","|move|p2a: Garchomp|Fire Blast|p1a: Ferrothorn","|-activate|p1a: Ferrothorn|Protect","|","|-weather|Sandstorm|[upkeep]","|turn|5","|","|move|p2a: Garchomp|Stone Edge|p1a: Ferrothorn","|-resisted|p1a: Ferrothorn","|-damage|p1a: Ferrothorn|284/341","|move|p1a: Ferrothorn|Leech Seed|p2a: Garchomp","|-start|p2a: Garchomp|move: Leech Seed","|","|-weather|none","|-heal|p1a: Ferrothorn|305/341|[from] item: Leftovers","|-damage|p2a: Garchomp|313/357|[from] Leech Seed|[of] p1a: Ferrothorn","|-heal|p1a: Ferrothorn|341/341|[silent]","|turn|6","|","|switch|p1a: Heatran|Heatran, M|385/385","|-damage|p1a: Heatran|337/385|[from] Stealth Rock","|-item|p1a: Heatran|Air Balloon","|move|p2a: Garchomp|Fire Blast|p1a: Heatran","|-start|p1a: Heatran|ability: Flash Fire","|","|-damage|p2a: Garchomp|269/357|[from] Leech Seed|[of] p1a: Heatran","|-heal|p1a: Heatran|381/385|[silent]","|turn|7","|","|switch|p2a: Claydol|Claydol|262/262","|move|p1a: Heatran|Will-O-Wisp|p2a: Claydol","|-status|p2a: Claydol|brn","|","|-damage|p2a: Claydol|230/262 brn|[from] brn","|turn|8","|","|-end|p1a: Heatran|ability: Flash Fire|[silent]","|switch|p1a: Ferrothorn|Ferrothorn, M|341/341","|-damage|p1a: Ferrothorn|320/341|[from] Stealth Rock","|move|p2a: Claydol|Rapid Spin|p1a: Ferrothorn","|-resisted|p1a: Ferrothorn","|-damage|p1a: Ferrothorn|319/341","|-damage|p2a: Claydol|198/262 brn|[from] ability: Iron Barbs|[of] p1a: Ferrothorn","|-sideend|p2: silver - anon|Spikes|[from] move: Rapid Spin|[of] p2a: Claydol","|","|-heal|p2a: Claydol|214/262 brn|[from] item: Leftovers","|-heal|p1a: Ferrothorn|340/341|[from] item: Leftovers","|-damage|p2a: Claydol|182/262 brn|[from] brn","|turn|9","|","|switch|p2a: Hippowdon|Hippowdon, F|74/420","|-weather|Sandstorm","|move|p1a: Ferrothorn|Leech Seed|p2a: Hippowdon|[miss]","|-miss|p1a: Ferrothorn|p2a: Hippowdon","|","|-weather|Sandstorm|[upkeep]","|-heal|p2a: Hippowdon|100/420|[from] item: Leftovers","|-heal|p1a: Ferrothorn|341/341|[from] item: Leftovers","|turn|10","|","|switch|p2a: Garchomp|Garchomp-Mega, M|269/357","|move|p1a: Ferrothorn|Leech Seed|p2a: Garchomp|[miss]","|-miss|p1a: Ferrothorn|p2a: Garchomp","|","|-weather|Sandstorm|[upkeep]","|turn|11","|","|move|p1a: Ferrothorn|Protect|p1a: Ferrothorn","|-singleturn|p1a: Ferrothorn|Protect","|move|p2a: Garchomp|Fire Blast|p1a: Ferrothorn","|-activate|p1a: Ferrothorn|Protect","|","|-weather|Sandstorm|[upkeep]","|turn|12","|","|switch|p1a: Heatran|Heatran, M|381/385","|-damage|p1a: Heatran|333/385|[from] Stealth Rock","|-item|p1a: Heatran|Air Balloon","|move|p2a: Garchomp|Stone Edge|p1a: Heatran","|-damage|p1a: Heatran|157/385","|-enditem|p1a: Heatran|Air Balloon","|","|-weather|Sandstorm|[upkeep]","|turn|13","|","|switch|p1a: Ferrothorn|Ferrothorn, M|341/341","|-damage|p1a: Ferrothorn|320/341|[from] Stealth Rock","|move|p2a: Garchomp|Earthquake|p1a: Ferrothorn","|-crit|p1a: Ferrothorn","|-damage|p1a: Ferrothorn|49/341","|","|-weather|none","|-heal|p1a: Ferrothorn|70/341|[from] item: Leftovers","|turn|14","|","|move|p1a: Ferrothorn|Protect|p1a: Ferrothorn","|-singleturn|p1a: Ferrothorn|Protect","|move|p2a: Garchomp|Earthquake|p1a: Ferrothorn","|-activate|p1a: Ferrothorn|Protect","|","|-heal|p1a: Ferrothorn|91/341|[from] item: Leftovers","|turn|15","|","|switch|p2a: Hippowdon|Hippowdon, F|100/420","|-weather|Sandstorm","|move|p1a: Ferrothorn|Spikes|p2a: Hippowdon","|-sidestart|p2: silver - anon|Spikes","|","|-weather|Sandstorm|[upkeep]","|-heal|p2a: Hippowdon|126/420|[from] item: Leftovers","|-heal|p1a: Ferrothorn|112/341|[from] item: Leftovers","|turn|16","|","|switch|p2a: Excadrill|Excadrill, F|361/361","|-item|p2a: Excadrill|Air Balloon","|move|p1a: Ferrothorn|Leech Seed|p2a: Excadrill","|-start|p2a: Excadrill|move: Leech Seed","|","|-weather|Sandstorm|[upkeep]","|-heal|p1a: Ferrothorn|133/341|[from] item: Leftovers","|-damage|p2a: Excadrill|316/361|[from] Leech Seed|[of] p1a: Ferrothorn","|-heal|p1a: Ferrothorn|178/341|[silent]","|turn|17","|","|move|p1a: Ferrothorn|Protect|p1a: Ferrothorn","|-singleturn|p1a: Ferrothorn|Protect","|move|p2a: Excadrill|Swords Dance|p2a: Excadrill","|-boost|p2a: Excadrill|atk|2","|","|-weather|Sandstorm|[upkeep]","|-heal|p1a: Ferrothorn|199/341|[from] item: Leftovers","|-damage|p2a: Excadrill|271/361|[from] Leech Seed|[of] p1a: Ferrothorn","|-heal|p1a: Ferrothorn|244/341|[silent]","|turn|18","|","|move|p2a: Excadrill|Earthquake|p1a: Ferrothorn","|-damage|p1a: Ferrothorn|0 fnt","|faint|p1a: Ferrothorn","|","|-weather|Sandstorm|[upkeep]","|","|switch|p1a: Bisharp|Bisharp, M|271/271","|-damage|p1a: Bisharp|255/271|[from] Stealth Rock","|turn|19","|","|move|p1a: Bisharp|Sucker Punch|p2a: Excadrill","|-crit|p2a: Excadrill","|-damage|p2a: Excadrill|0 fnt","|-enditem|p2a: Excadrill|Air Balloon","|-damage|p1a: Bisharp|228/271|[from] item: Life Orb","|faint|p2a: Excadrill","|","|-weather|none","|","|switch|p2a: Landorus|Landorus, M|319/319","|turn|20","|","|move|p1a: Bisharp|Sucker Punch|p2a: Landorus","|-damage|p2a: Landorus|112/319","|-damage|p1a: Bisharp|201/271|[from] item: Life Orb","|move|p2a: Landorus|Earth Power|p1a: Bisharp","|-supereffective|p1a: Bisharp","|-damage|p1a: Bisharp|0 fnt","|faint|p1a: Bisharp","|","|","|switch|p1a: Skarmory|Skarmory, M|334/334","|-damage|p1a: Skarmory|293/334|[from] Stealth Rock","|turn|21","|","|move|p2a: Landorus|Knock Off|p1a: Skarmory","|-damage|p1a: Skarmory|218/334","|-enditem|p1a: Skarmory|Leftovers|[from] move: Knock Off|[of] p2a: Landorus","|-damage|p2a: Landorus|81/319|[from] item: Life Orb","|move|p1a: Skarmory|Brave Bird|p2a: Landorus","|-damage|p2a: Landorus|0 fnt","|-damage|p1a: Skarmory|191/334|[from] recoil|[of] p2a: Landorus","|faint|p2a: Landorus","|","|","|switch|p2a: Gastrodon|Gastrodon, M|363/363","|-damage|p2a: Gastrodon|318/363|[from] Spikes","|turn|22","|","|move|p1a: Skarmory|Stealth Rock|p2a: Gastrodon","|-sidestart|p2: silver - anon|move: Stealth Rock","|move|p2a: Gastrodon|Scald|p1a: Skarmory","|-damage|p1a: Skarmory|73/334","|-status|p1a: Skarmory|brn","|","|-heal|p2a: Gastrodon|340/363|[from] item: Leftovers","|-damage|p1a: Skarmory|32/334 brn|[from] brn","|turn|23","|","|switch|p2a: Claydol|Claydol|182/262 brn","|-damage|p2a: Claydol|166/262 brn|[from] Stealth Rock","|move|p1a: Skarmory|Brave Bird|p2a: Claydol","|-crit|p2a: Claydol","|-damage|p2a: Claydol|76/262 brn","|-damage|p1a: Skarmory|2/334 brn|[from] recoil|[of] p2a: Claydol","|","|-heal|p2a: Claydol|92/262 brn|[from] item: Leftovers","|-damage|p2a: Claydol|60/262 brn|[from] brn","|-damage|p1a: Skarmory|0 fnt|[from] brn","|faint|p1a: Skarmory","|","|switch|p1a: Scizor|Scizor, F|343/343","|-damage|p1a: Scizor|301/343|[from] Stealth Rock","|turn|24","|","|detailschange|p1a: Scizor|Scizor-Mega, F","|-mega|p1a: Scizor|Scizor|Scizorite","|move|p2a: Claydol|Rapid Spin|p1a: Scizor","|-resisted|p1a: Scizor","|-damage|p1a: Scizor|299/343","|-sideend|p2: silver - anon|Spikes|[from] move: Rapid Spin|[of] p2a: Claydol","|-sideend|p2: silver - anon|Stealth Rock|[from] move: Rapid Spin|[of] p2a: Claydol","|move|p1a: Scizor|Swords Dance|p1a: Scizor","|-boost|p1a: Scizor|atk|2","|","|-heal|p2a: Claydol|76/262 brn|[from] item: Leftovers","|-damage|p2a: Claydol|44/262 brn|[from] brn","|turn|25","|","|move|p2a: Claydol|Earth Power|p1a: Scizor","|-damage|p1a: Scizor|172/343","|move|p1a: Scizor|Swords Dance|p1a: Scizor","|-boost|p1a: Scizor|atk|2","|","|-heal|p2a: Claydol|60/262 brn|[from] item: Leftovers","|-damage|p2a: Claydol|28/262 brn|[from] brn","|turn|26","|","|move|p1a: Scizor|Bullet Punch|p2a: Claydol","|-damage|p2a: Claydol|0 fnt","|faint|p2a: Claydol","|","|","|switch|p2a: Gastrodon|Gastrodon, M|340/363","|turn|27","|","|move|p1a: Scizor|Bug Bite|p2a: Gastrodon","|-damage|p2a: Gastrodon|0 fnt","|faint|p2a: Gastrodon","|","|","|switch|p2a: Hippowdon|Hippowdon, F|126/420","|-weather|Sandstorm","|turn|28","|","|move|p1a: Scizor|Bullet Punch|p2a: Hippowdon","|-damage|p2a: Hippowdon|0 fnt","|faint|p2a: Hippowdon","|","|-weather|Sandstorm|[upkeep]","|","|switch|p2a: Garchomp|Garchomp-Mega, M|269/357","|turn|29","|","|move|p1a: Scizor|Bullet Punch|p2a: Garchomp","|-damage|p2a: Garchomp|0 fnt","|faint|p2a: Garchomp","|","|win|Yung draco"],"p1rating":{"entryid":"6653831","serverid":"eos","formatid":"monotype","userid":"yungdraco","username":"Yung draco - ⓦⓐⓘⓣ","w":23,"l":"9","t":"0","gxe":66.7,"r":"1651.3041119871","rd":"71.308485470839","sigma":"0","rptime":"1438333200","rpr":1632.5424801578,"rprd":61.473539396115,"rpsigma":"0","acre":1253.4593396698,"lacre":1253.4593396698,"oldacre":"1232.3055714898"},"p2rating":{"entryid":"5851484","serverid":"eos","formatid":"monotype","userid":"silveranon","username":"silver - anon","w":"155","l":107,"t":"0","gxe":58.5,"r":"1566.4576644151","rd":"28.432443521933","sigma":"0","rptime":"1438333200","rpr":1564.7292271471,"rprd":28.347210778701,"rpsigma":"0","acre":1157.2712638444,"lacre":1157.2712638444,"oldacre":"1178.4250320244"},"endType":"normal"}