{"seed":[40281,24216,11127,37751],"turns":28,"p1":"Recruiter♕Kingdra","p2":"Guard Wanderer","p1team":[{"name":"Azumarill","species":"Azumarill","item":"sitrusberry","ability":"Huge Power","moves":["bellydrum","aquajet","knockoff","playrough"],"nature":"Adamant","evs":{"hp":4,"atk":252,"def":0,"spa":0,"spd":0,"spe":252},"ivs":{"hp":31,"atk":31,"def":31,"spa":31,"spd":31,"spe":31}},{"name":"Gyarados","species":"Gyarados","item":"gyaradosite","ability":"Intimidate","moves":["dragondance","waterfall","earthquake","icefang"],"nature":"Adamant","evs":{"hp":0,"atk":252,"def":4,"spa":0,"spd":0,"spe":252},"ivs":{"hp":31,"atk":31,"def":31,"spa":31,"spd":31,"spe":31}},{"name":"Rotom-Wash","species":"Rotom-Wash","item":"leftovers","ability":"Levitate","moves":["voltswitch","hydropump","willowisp","painsplit"],"nature":"Bold","evs":{"hp":248,"atk":0,"def":252,"spa":0,"spd":0,"spe":8},"ivs":{"hp":31,"atk":31,"def":31,"spa":31,"spd":31,"spe":31}},{"name":"Slowbro","species":"Slowbro","item":"leftovers","ability":"Oblivious","moves":["calmmind","irondefense","slackoff","scald"],"nature":"Bold","evs":{"hp":252,"atk":0,"def":60,"spa":0,"spd":196,"spe":0},"ivs":{"hp":31,"atk":31,"def":31,"spa":31,"spd":31,"spe":31}},{"name":"Crawdaunt","species":"Crawdaunt","item":"focussash","ability":"Adaptability","moves":["dragondance","aquajet","knockoff","crabhammer"],"nature":"Adamant","evs":{"hp":4,"atk":252,"def":0,"spa":0,"spd":0,"spe":252},"ivs":{"hp":31,"atk":31,"def":31,"spa":31,"spd":31,"spe":31}},{"name":"Cloyster","species":"Cloyster","item":"focussash","ability":"Skill Link","moves":["shellsmash","iceshard","iciclespear","rockblast"],"nature":"Adamant","evs":{"hp":0,"atk":252,"def":4,"spa":0,"spd":0,"spe":252},"ivs":{"hp":31,"atk":31,"def":31,"spa":31,"spd":31,"spe":31}}],"p2team":[{"name":"Weezing","species":"Weezing","item":"sitrusberry","ability":"Levitate","moves":["toxicspikes","willowisp","memento","thief"],"nature":"Careful","evs":{"hp":248,"atk":8,"def":0,"spa":0,"spd":252,"spe":0},"ivs":{"hp":31,"atk":31,"def":31,"spa":31,"spd":31,"spe":31}},{"name":"Tentacruel","species":"Tentacruel","item":"assaultvest","ability":"Liquid Ooze","moves":["scald","acidspray","gigadrain","hex"],"nature":"Timid","evs":{"hp":0,"atk":0,"def":4,"spa":252,"spd":0,"spe":252},"ivs":{"hp":31,"atk":31,"def":31,"spa":31,"spd":31,"spe":31}},{"name":"Skuntank","species":"Skuntank","item":"","ability":"Stench","moves":["snatch","thief","suckerpunch","poisonjab"],"nature":"Adamant","evs":{"hp":248,"atk":252,"def":0,"spa":0,"spd":8,"spe":0},"ivs":{"hp":31,"atk":31,"def":31,"spa":31,"spd":31,"spe":31}},{"name":"Crobat","species":"Crobat","item":"whiteherb","ability":"Infiltrator","moves":["curse","acrobatics","roost","payback"],"nature":"Jolly","evs":{"hp":248,"atk":8,"def":0,"spa":0,"spd":0,"spe":252},"ivs":{"hp":31,"atk":31,"def":31,"spa":31,"spd":31,"spe":31}},{"name":"Gengar","species":"Gengar","item":"choicescarf","ability":"Levitate","moves":["trick","destinybond","venoshock","hex"],"nature":"Timid","evs":{"hp":0,"atk":0,"def":0,"spa":252,"spd":4,"spe":252},"ivs":{"hp":31,"atk":31,"def":31,"spa":31,"spd":31,"spe":31}},{"name":"Amoonguss","species":"Amoonguss","item":"blacksludge","ability":"Regenerator","moves":["spore","gigadrain","gastroacid","stunspore"],"nature":"Calm","evs":{"hp":248,"atk":0,"def":0,"spa":8,"spd":252,"spe":0},"shiny":true,"ivs":{"hp":31,"atk":31,"def":31,"spa":31,"spd":31,"spe":31}}],"log":["|player|p1|Recruiter♕Kingdra|40","|player|p2|Guard Wanderer|235","|gametype|singles","|gen|6","|tier|Monotype","|rated","|rule|Baton Pass Clause: Limit one Baton Passer, can't pass Spe and other stats simultaneously","|rule|Swagger Clause: Swagger is banned","|rule|Same Type Clause: Pokémon in a team must share a type","|clearpoke","|poke|p1|Azumarill, F","|poke|p1|Gyarados, F","|poke|p1|Rotom-Wash","|poke|p1|Slowbro, F","|poke|p1|Crawdaunt, F","|poke|p1|Cloyster, M","|poke|p2|Weezing, M","|poke|p2|Tentacruel, F","|poke|p2|Skuntank, M","|poke|p2|Crobat, M","|poke|p2|Gengar, M","|poke|p2|Amoonguss, M, shiny","|rule|Sleep Clause Mod: Limit one foe put to sleep","|rule|Species Clause: Limit one of each Pokémon","|rule|OHKO Clause: OHKO moves are banned","|rule|Moody Clause: Moody is banned","|rule|Evasion Moves Clause: Evasion moves are banned","|rule|Endless Battle Clause: Forcing endless battles is banned","|rule|HP Percentage Mod: HP is shown in percentages","|teampreview","|","|start","|switch|p1a: Cloyster|Cloyster, M|241/241","|switch|p2a: Amoonguss|Amoonguss, M, shiny|431/431","|turn|1","|","|move|p1a: Cloyster|Shell Smash|p1a: Cloyster","|-boost|p1a: Cloyster|atk|2","|-boost|p1a: Cloyster|spa|2","|-boost|p1a: Cloyster|spe|2","|-unboost|p1a: Cloyster|def|1","|-unboost|p1a: Cloyster|spd|1","|move|p2a: Amoonguss|Spore|p1a: Cloyster","|-status|p1a: Cloyster|slp","|","|turn|2","|","|cant|p1a: Cloyster|slp","|move|p2a: Amoonguss|Giga Drain|p1a: Cloyster","|-crit|p1a: Cloyster","|-supereffective|p1a: Cloyster","|-enditem|p1a: Cloyster|Focus Sash","|-damage|p1a: Cloyster|1/241 slp","|","|turn|3","|","|cant|p1a: Cloyster|slp","|move|p2a: Amoonguss|Giga Drain|p1a: Cloyster","|-supereffective|p1a: Cloyster","|-damage|p1a: Cloyster|0 fnt","|faint|p1a: Cloyster","|","|","|switch|p1a: Gyarados|Gyarados, F|331/331","|-ability|p1a: Gyarados|Intimidate","|-unboost|p2a: Amoonguss|atk|1","|turn|4","|","|detailschange|p1a: Gyarados|Gyarados-Mega, F","|-mega|p1a: Gyarados|Gyarados|Gyaradosite","|-ability|p1a: Gyarados|Mold Breaker","|move|p1a: Gyarados|Dragon Dance|p1a: Gyarados","|-boost|p1a: Gyarados|atk|1","|-boost|p1a: Gyarados|spe|1","|move|p2a: Amoonguss|Stun Spore|p1a: Gyarados","|-status|p1a: Gyarados|par","|","|turn|5","|","|move|p1a: Gyarados|Ice Fang|p2a: Amoonguss","|-supereffective|p2a: Amoonguss","|-damage|p2a: Amoonguss|21/431","|cant|p2a: Amoonguss|flinch","|","|-heal|p2a: Amoonguss|47/431|[from] item: Black Sludge","|turn|6","|","|switch|p2a: Tentacruel|Tentacruel, F|301/301","|move|p1a: Gyarados|Ice Fang|p2a: Tentacruel","|-resisted|p2a: Tentacruel","|-damage|p2a: Tentacruel|199/301","|","|turn|7","|","|move|p2a: Tentacruel|Giga Drain|p1a: Gyarados","|-crit|p1a: Gyarados","|-supereffective|p1a: Gyarados","|-damage|p1a: Gyarados|175/331 par","|-heal|p2a: Tentacruel|277/301|[from] drain|[of] p1a: Gyarados","|move|p1a: Gyarados|Earthquake|p2a: Tentacruel","|-supereffective|p2a: Tentacruel","|-damage|p2a: Tentacruel|0 fnt","|faint|p2a: Tentacruel","|","|","|switch|p2a: Crobat|Crobat, M|373/373","|turn|8","|","|move|p2a: Crobat|Curse|p2a: Crobat","|-boost|p2a: Crobat|atk|1","|-boost|p2a: Crobat|def|1","|-unboost|p2a: Crobat|spe|1","|-enditem|p2a: Crobat|White Herb","|-restoreboost|p2a: Crobat|[silent]","|cant|p1a: Gyarados|par","|","|turn|9","|","|move|p2a: Crobat|Acrobatics|p1a: Gyarados","|-crit|p1a: Gyarados","|-damage|p1a: Gyarados|0 fnt","|faint|p1a: Gyarados","|","|","|switch|p1a: Rotom-Wash|Rotom-Wash|303/303","|turn|10","|","|switch|p2a: Weezing|Weezing, M|333/333","|move|p1a: Rotom-Wash|Volt Switch|p2a: Weezing","|-damage|p2a: Weezing|254/333","|","|switch|p1a: Slowbro|Slowbro, F|394/394","|","|turn|11","|","|switch|p1a: Rotom-Wash|Rotom-Wash|303/303","|move|p2a: Weezing|Toxic Spikes|p1a: Rotom-Wash","|-sidestart|p1: Recruiter♕Kingdra|move: Toxic Spikes","|","|turn|12","|","|move|p1a: Rotom-Wash|Hydro Pump|p2a: Weezing","|-damage|p2a: Weezing|140/333","|-enditem|p2a: Weezing|Sitrus Berry|[eat]","|-heal|p2a: Weezing|223/333|[from] item: Sitrus Berry","|move|p2a: Weezing|Toxic Spikes|p1a: Rotom-Wash","|-sidestart|p1: Recruiter♕Kingdra|move: Toxic Spikes","|","|turn|13","|","|move|p1a: Rotom-Wash|Hydro Pump|p2a: Weezing|[miss]","|-miss|p1a: Rotom-Wash|p2a: Weezing","|move|p2a: Weezing|Will-O-Wisp|p1a: Rotom-Wash","|-status|p1a: Rotom-Wash|brn","|","|-damage|p1a: Rotom-Wash|266/303 brn|[from] brn","|turn|14","|","|move|p1a: Rotom-Wash|Hydro Pump|p2a: Weezing|[miss]","|-miss|p1a: Rotom-Wash|p2a: Weezing","|move|p2a: Weezing|Thief|p1a: Rotom-Wash","|-damage|p1a: Rotom-Wash|238/303 brn","|-item|p2a: Weezing|Leftovers|[from] move: Thief|[of] p1a: Rotom-Wash","|","|-heal|p2a: Weezing|243/333|[from] item: Leftovers","|-damage|p1a: Rotom-Wash|201/303 brn|[from] brn","|turn|15","|","|switch|p2a: Amoonguss|Amoonguss, M, shiny|190/431","|move|p1a: Rotom-Wash|Hydro Pump|p2a: Amoonguss","|-resisted|p2a: Amoonguss","|-damage|p2a: Amoonguss|139/431","|","|-heal|p2a: Amoonguss|165/431|[from] item: Black Sludge","|-damage|p1a: Rotom-Wash|164/303 brn|[from] brn","|turn|16","|","|move|p1a: Rotom-Wash|Will-O-Wisp|p2a: Amoonguss","|-status|p2a: Amoonguss|brn","|move|p2a: Amoonguss|Giga Drain|p1a: Rotom-Wash","|-supereffective|p1a: Rotom-Wash","|-damage|p1a: Rotom-Wash|26/303 brn","|-heal|p2a: Amoonguss|234/431 brn|[from] drain|[of] p1a: Rotom-Wash","|","|-heal|p2a: Amoonguss|260/431 brn|[from] item: Black Sludge","|-damage|p1a: Rotom-Wash|0 fnt|[from] brn","|-damage|p2a: Amoonguss|207/431 brn|[from] brn","|faint|p1a: Rotom-Wash","|","|switch|p1a: Azumarill|Azumarill, F|342/342","|-status|p1a: Azumarill|tox","|turn|17","|","|move|p1a: Azumarill|Belly Drum|p1a: Azumarill","|-damage|p1a: Azumarill|171/342 tox","|-setboost|p1a: Azumarill|atk|6|[from] move: Belly Drum","|-enditem|p1a: Azumarill|Sitrus Berry|[eat]","|-heal|p1a: Azumarill|256/342 tox|[from] item: Sitrus Berry","|move|p2a: Amoonguss|Giga Drain|p1a: Azumarill","|-supereffective|p1a: Azumarill","|-damage|p1a: Azumarill|68/342 tox","|-heal|p2a: Amoonguss|301/431 brn|[from] drain|[of] p1a: Azumarill","|","|-heal|p2a: Amoonguss|327/431 brn|[from] item: Black Sludge","|-damage|p1a: Azumarill|47/342 tox|[from] psn","|-damage|p2a: Amoonguss|274/431 brn|[from] brn","|turn|18","|","|switch|p2a: Weezing|Weezing, M|243/333","|move|p1a: Azumarill|Knock Off|p2a: Weezing","|-damage|p2a: Weezing|0 fnt","|-enditem|p2a: Weezing|Leftovers|[from] move: Knock Off|[of] p1a: Azumarill","|faint|p2a: Weezing","|","|-damage|p1a: Azumarill|5/342 tox|[from] psn","|","|switch|p2a: Skuntank|Skuntank, M|409/409","|turn|19","|","|move|p2a: Skuntank|Sucker Punch|p1a: Azumarill","|-resisted|p1a: Azumarill","|-damage|p1a: Azumarill|0 fnt","|faint|p1a: Azumarill","|","|","|switch|p1a: Crawdaunt|Crawdaunt, F|268/268","|-status|p1a: Crawdaunt|tox","|turn|20","|","|move|p2a: Skuntank|Snatch|p2a: Skuntank","|-singleturn|p2a: Skuntank|Snatch","|move|p1a: Crawdaunt|Crabhammer|p2a: Skuntank","|-damage|p2a: Skuntank|95/409","|","|-damage|p1a: Crawdaunt|252/268 tox|[from] psn","|turn|21","|","|move|p2a: Skuntank|Snatch|p2a: Skuntank","|-singleturn|p2a: Skuntank|Snatch","|move|p1a: Crawdaunt|Aqua Jet|p2a: Skuntank","|-damage|p2a: Skuntank|0 fnt","|faint|p2a: Skuntank","|","|-damage|p1a: Crawdaunt|220/268 tox|[from] psn","|","|switch|p2a: Amoonguss|Amoonguss, M, shiny|417/431 brn","|turn|22","|","|move|p1a: Crawdaunt|Knock Off|p2a: Amoonguss","|-damage|p2a: Amoonguss|115/431 brn","|-enditem|p2a: Amoonguss|Black Sludge|[from] move: Knock Off|[of] p1a: Crawdaunt","|move|p2a: Amoonguss|Gastro Acid|p1a: Crawdaunt","|-endability|p1a: Crawdaunt","|","|-damage|p1a: Crawdaunt|172/268 tox|[from] psn","|-damage|p2a: Amoonguss|62/431 brn|[from] brn","|turn|23","|","|switch|p2a: Crobat|Crobat, M|373/373","|move|p1a: Crawdaunt|Knock Off|p2a: Crobat","|-damage|p2a: Crobat|228/373","|","|-damage|p1a: Crawdaunt|108/268 tox|[from] psn","|turn|24","|","|move|p2a: Crobat|Acrobatics|p1a: Crawdaunt","|-crit|p1a: Crawdaunt","|-damage|p1a: Crawdaunt|0 fnt","|faint|p1a: Crawdaunt","|","|","|switch|p1a: Slowbro|Slowbro, F|394/394","|-status|p1a: Slowbro|tox","|turn|25","|","|move|p2a: Crobat|Curse|p2a: Crobat","|-boost|p2a: Crobat|atk|1","|-boost|p2a: Crobat|def|1","|-unboost|p2a: Crobat|spe|1","|move|p1a: Slowbro|Scald|p2a: Crobat","|-damage|p2a: Crobat|120/373","|","|-damage|p1a: Slowbro|370/394 tox|[from] psn","|turn|26","|","|move|p2a: Crobat|Payback|p1a: Slowbro","|-supereffective|p1a: Slowbro","|-damage|p1a: Slowbro|288/394 tox","|move|p1a: Slowbro|Scald|p2a: Crobat","|-damage|p2a: Crobat|9/373","|","|-heal|p1a: Slowbro|312/394 tox|[from] item: Leftovers","|-damage|p1a: Slowbro|264/394 tox|[from] psn","|turn|27","|","|move|p2a: Crobat|Payback|p1a: Slowbro","|-supereffective|p1a: Slowbro","|-damage|p1a: Slowbro|170/394 tox","|move|p1a: Slowbro|Scald|p2a: Crobat","|-damage|p2a: Crobat|0 fnt","|faint|p2a: Crobat","|","|-heal|p1a: Slowbro|194/394 tox|[from] item: Leftovers","|-damage|p1a: Slowbro|122/394 tox|[from] psn","|","|switch|p2a: Gengar|Gengar, M|261/261","|turn|28","|","|move|p2a: Gengar|Hex|p1a: Slowbro","|-supereffective|p1a: Slowbro","|-damage|p1a: Slowbro|0 fnt","|faint|p1a: Slowbro","|","|win|Guard Wanderer"],"p1rating":{"entryid":"7080447","serverid":"eos","formatid":"monotype","userid":"recruiterkingdra","username":"Recruiter♕Kingdra","w":"60","l":56,"t":"0","gxe":52,"r":"1518.7032948422","rd":"36.546749320857","sigma":"0","rptime":"1438333200","rpr":1515.1241579003,"rprd":35.052231794668,"rpsigma":"0","acre":1130.5517357773,"lacre":1130.5517357773,"oldacre":"1159.6855695484"},"p2rating":{"entryid":"6731189","serverid":"eos","formatid":"monotype","userid":"guardwanderer","username":"Guard Wanderer","w":67,"l":"94","t":"0","gxe":39.5,"r":"1410.3514723474","rd":"31.547348975123","sigma":"0","rptime":"1438333200","rpr":1419.3229163761,"rprd":31.120178144835,"rpsigma":"0","acre":1130.8374132765,"lacre":1130.8374132765,"oldacre":"1101.7035795054"},"endType":"normal"}