{"seed":[32563,25775,53958,58136],"turns":29,"p1":"Alliance - Gamma~","p2":"Prof ♅ Skyhops","p1team":[{"name":"Tyranitar","species":"Tyranitar","item":"leftovers","ability":"Sand Stream","moves":["stealthrock","thunderwave","darkpulse","earthpower"],"nature":"Calm","evs":{"hp":252,"atk":0,"def":0,"spa":0,"spd":252,"spe":0},"ivs":{"hp":31,"atk":0,"def":31,"spa":31,"spd":31,"spe":31}},{"name":"Sableye","species":"Sableye","item":"leftovers","ability":"Prankster","moves":["willowisp","recover","snarl","taunt"],"nature":"Calm","evs":{"hp":252,"atk":0,"def":0,"spa":4,"spd":252,"spe":0},"ivs":{"hp":31,"atk":0,"def":31,"spa":31,"spd":31,"spe":31}},{"name":"Mandibuzz","species":"Mandibuzz","item":"rockyhelmet","ability":"Overcoat","moves":["foulplay","toxic","defog","roost"],"nature":"Bold","evs":{"hp":248,"atk":0,"def":252,"spa":0,"spd":8,"spe":0},"ivs":{"hp":31,"atk":31,"def":31,"spa":0,"spd":31,"spe":31}},{"name":"Absol","species":"Absol","item":"absolite","ability":"Pressure","moves":["swordsdance","suckerpunch","playrough","superpower"],"nature":"Jolly","evs":{"hp":0,"atk":252,"def":0,"spa":0,"spd":4,"spe":252},"ivs":{"hp":31,"atk":31,"def":31,"spa":0,"spd":31,"spe":31}},{"name":"Bisharp","species":"Bisharp","item":"leftovers","ability":"Defiant","moves":["swordsdance","substitute","suckerpunch","ironhead"],"nature":"Impish","evs":{"hp":252,"atk":0,"def":252,"spa":0,"spd":4,"spe":0},"ivs":{"hp":31,"atk":31,"def":31,"spa":0,"spd":31,"spe":31}},{"name":"Hydreigon","species":"Hydreigon","item":"choicescarf","ability":"Levitate","moves":["dracometeor","darkpulse","flamethrower","flashcannon"],"nature":"Timid","evs":{"hp":0,"atk":0,"def":0,"spa":252,"spd":4,"spe":252},"ivs":{"hp":31,"atk":0,"def":31,"spa":31,"spd":31,"spe":31}}],"p2team":[{"name":"Alakazam","species":"Alakazam","item":"lifeorb","ability":"Magic Guard","moves":["psychic","dazzlinggleam","focusblast","taunt"],"nature":"Timid","evs":{"hp":0,"atk":0,"def":0,"spa":252,"spd":4,"spe":252},"ivs":{"hp":31,"atk":31,"def":31,"spa":31,"spd":31,"spe":31}},{"name":"Victini","species":"Victini","item":"choicescarf","ability":"Victory Star","moves":["finalgambit","vcreate","fusionbolt","dazzlinggleam"],"nature":"Hasty","evs":{"hp":252,"atk":4,"def":0,"spa":0,"spd":0,"spe":252},"ivs":{"hp":31,"atk":31,"def":31,"spa":31,"spd":31,"spe":31}},{"name":"Xatu","species":"Xatu","item":"lightclay","ability":"Magic Bounce","moves":["reflect","lightscreen","roost","toxic"],"nature":"Calm","evs":{"hp":248,"atk":0,"def":8,"spa":0,"spd":252,"spe":0},"ivs":{"hp":31,"atk":31,"def":31,"spa":31,"spd":31,"spe":31}},{"name":"Hoopa-Unbound","species":"Hoopa-Unbound","item":"assaultvest","ability":"Magician","moves":["drainpunch","zenheadbutt","icepunch","knockoff"],"nature":"Careful","evs":{"hp":248,"atk":132,"def":0,"spa":0,"spd":128,"spe":0},"ivs":{"hp":31,"atk":31,"def":31,"spa":31,"spd":31,"spe":31}},{"name":"Gardevoir","species":"Gardevoir","item":"gardevoirite","ability":"Trace","moves":["hypervoice","willowisp","calmmind","psychic"],"nature":"Modest","evs":{"hp":248,"atk":0,"def":0,"spa":252,"spd":8,"spe":0},"ivs":{"hp":31,"atk":31,"def":31,"spa":31,"spd":31,"spe":31}},{"name":"Metagross","species":"Metagross","item":"lifeorb","ability":"Clear Body","moves":["rockpolish","meteormash","earthquake","zenheadbutt"],"nature":"Adamant","evs":{"hp":0,"atk":252,"def":0,"spa":0,"spd":4,"spe":252},"ivs":{"hp":31,"atk":31,"def":31,"spa":31,"spd":31,"spe":31}}],"log":["|player|p1|Alliance - Gamma~|alliancegamma.gif","|player|p2|Prof ♅ Skyhops|256","|gametype|singles","|gen|6","|tier|Monotype","|rated","|rule|Baton Pass Clause: Limit one Baton Passer, can't pass Spe and other stats simultaneously","|rule|Swagger Clause: Swagger is banned","|rule|Same Type Clause: Pokémon in a team must share a type","|clearpoke","|poke|p1|Tyranitar, F","|poke|p1|Sableye, F","|poke|p1|Mandibuzz, F","|poke|p1|Absol, F","|poke|p1|Bisharp, F","|poke|p1|Hydreigon, M","|poke|p2|Alakazam, M","|poke|p2|Victini","|poke|p2|Xatu, M","|poke|p2|Hoopa-Unbound","|poke|p2|Gardevoir, F","|poke|p2|Metagross","|rule|Sleep Clause Mod: Limit one foe put to sleep","|rule|Species Clause: Limit one of each Pokémon","|rule|OHKO Clause: OHKO moves are banned","|rule|Moody Clause: Moody is banned","|rule|Evasion Moves Clause: Evasion moves are banned","|rule|Endless Battle Clause: Forcing endless battles is banned","|rule|HP Percentage Mod: HP is shown in percentages","|teampreview","|","|start","|switch|p1a: Sableye|Sableye, F|304/304","|switch|p2a: Victini|Victini|404/404","|turn|1","|","|switch|p2a: Xatu|Xatu, M|333/333","|switch|p1a: Mandibuzz|Mandibuzz, F|423/423","|","|turn|2","|","|move|p2a: Xatu|Toxic|p1a: Mandibuzz","|-status|p1a: Mandibuzz|tox","|move|p1a: Mandibuzz|Toxic|p2a: Xatu","|move|p2a: Xatu|Toxic|p1a: Mandibuzz|[from]Magic Bounce","|-fail|p1a: Mandibuzz|tox","|","|-damage|p1a: Mandibuzz|397/423 tox|[from] psn","|turn|3","|","|switch|p1a: Bisharp|Bisharp, F|334/334","|move|p2a: Xatu|Reflect|p2a: Xatu","|-sidestart|p2: Prof ♅ Skyhops|Reflect","|","|turn|4","|","|switch|p2a: Hoopa-Unbound|Hoopa-Unbound|363/363","|move|p1a: Bisharp|Substitute|p1a: Bisharp","|-start|p1a: Bisharp|Substitute","|-damage|p1a: Bisharp|251/334","|","|-heal|p1a: Bisharp|271/334|[from] item: Leftovers","|turn|5","|","|move|p1a: Bisharp|Sucker Punch|p2a: Hoopa-Unbound","|-damage|p2a: Hoopa-Unbound|282/363","|move|p2a: Hoopa-Unbound|Drain Punch|p1a: Bisharp","|-supereffective|p1a: Bisharp","|-end|p1a: Bisharp|Substitute","|-heal|p2a: Hoopa-Unbound|324/363|[from] drain|[of] p1a: Bisharp","|","|-heal|p1a: Bisharp|291/334|[from] item: Leftovers","|turn|6","|","|switch|p1a: Sableye|Sableye, F|304/304","|move|p2a: Hoopa-Unbound|Drain Punch|p1a: Sableye","|-immune|p1a: Sableye|[msg]","|","|turn|7","|","|switch|p2a: Xatu|Xatu, M|333/333","|move|p1a: Sableye|Will-O-Wisp|p2a: Xatu","|move|p2a: Xatu|Will-O-Wisp|p1a: Sableye|[from]Magic Bounce","|-status|p1a: Sableye|brn","|","|-damage|p1a: Sableye|266/304 brn|[from] brn","|turn|8","|","|move|p2a: Xatu|Light Screen|p2a: Xatu","|-sidestart|p2: Prof ♅ Skyhops|move: Light Screen","|move|p1a: Sableye|Snarl|p2a: Xatu","|-supereffective|p2a: Xatu","|-damage|p2a: Xatu|290/333","|-unboost|p2a: Xatu|spa|1","|","|-heal|p1a: Sableye|285/304 brn|[from] item: Leftovers","|-damage|p1a: Sableye|247/304 brn|[from] brn","|turn|9","|","|switch|p1a: Absol|Absol, F|271/271","|-ability|p1a: Absol|Pressure","|move|p2a: Xatu|Light Screen|p2a: Xatu","|-fail|p2a: Xatu","|","|turn|10","|","|switch|p2a: Hoopa-Unbound|Hoopa-Unbound|324/363","|detailschange|p1a: Absol|Absol-Mega, F","|-mega|p1a: Absol|Absol|Absolite","|move|p1a: Absol|Swords Dance|p1a: Absol","|-boost|p1a: Absol|atk|2","|","|-sideend|p2: Prof ♅ Skyhops|Reflect","|turn|11","|","|move|p1a: Absol|Play Rough|p2a: Hoopa-Unbound","|-supereffective|p2a: Hoopa-Unbound","|-damage|p2a: Hoopa-Unbound|0 fnt","|faint|p2a: Hoopa-Unbound","|","|","|switch|p2a: Victini|Victini|404/404","|turn|12","|","|move|p1a: Absol|Sucker Punch|p2a: Victini","|-supereffective|p2a: Victini","|-damage|p2a: Victini|0 fnt","|faint|p2a: Victini","|","|","|switch|p2a: Alakazam|Alakazam, M|251/251","|turn|13","|","|switch|p2a: Xatu|Xatu, M|290/333","|switch|p1a: Sableye|Sableye, F|247/304 brn","|","|-heal|p1a: Sableye|266/304 brn|[from] item: Leftovers","|-damage|p1a: Sableye|228/304 brn|[from] brn","|turn|14","|","|switch|p1a: Tyranitar|Tyranitar, F|404/404","|-weather|Sandstorm","|move|p2a: Xatu|Reflect|p2a: Xatu","|-sidestart|p2: Prof ♅ Skyhops|Reflect","|","|-weather|Sandstorm|[upkeep]","|-damage|p2a: Xatu|270/333|[from] sandstorm","|turn|15","|","|move|p2a: Xatu|Toxic|p1a: Tyranitar","|-status|p1a: Tyranitar|tox","|move|p1a: Tyranitar|Dark Pulse|p2a: Xatu","|-supereffective|p2a: Xatu","|-damage|p2a: Xatu|191/333","|","|-weather|Sandstorm|[upkeep]","|-damage|p2a: Xatu|171/333|[from] sandstorm","|-damage|p1a: Tyranitar|379/404 tox|[from] psn","|-sideend|p2: Prof ♅ Skyhops|move: Light Screen","|turn|16","|","|move|p2a: Xatu|Light Screen|p2a: Xatu","|-sidestart|p2: Prof ♅ Skyhops|move: Light Screen","|move|p1a: Tyranitar|Dark Pulse|p2a: Xatu","|-supereffective|p2a: Xatu","|-damage|p2a: Xatu|84/333","|","|-weather|Sandstorm|[upkeep]","|-damage|p2a: Xatu|64/333|[from] sandstorm","|-heal|p1a: Tyranitar|404/404 tox|[from] item: Leftovers","|-damage|p1a: Tyranitar|354/404 tox|[from] psn","|turn|17","|","|switch|p2a: Gardevoir|Gardevoir, F|339/339","|-ability|p2a: Gardevoir|Sand Stream|[from] ability: Trace|[of] p1a: Tyranitar","|switch|p1a: Hydreigon|Hydreigon, M|325/325","|","|-weather|Sandstorm|[upkeep]","|-damage|p1a: Hydreigon|305/325|[from] sandstorm","|-damage|p2a: Gardevoir|318/339|[from] sandstorm","|turn|18","|","|switch|p1a: Tyranitar|Tyranitar, F|354/404 tox","|detailschange|p2a: Gardevoir|Gardevoir-Mega, F","|-mega|p2a: Gardevoir|Gardevoir|Gardevoirite","|move|p2a: Gardevoir|Calm Mind|p2a: Gardevoir","|-boost|p2a: Gardevoir|spa|1","|-boost|p2a: Gardevoir|spd|1","|","|-weather|none","|-heal|p1a: Tyranitar|379/404 tox|[from] item: Leftovers","|-damage|p1a: Tyranitar|354/404 tox|[from] psn","|turn|19","|","|move|p2a: Gardevoir|Hyper Voice|p1a: Tyranitar","|-supereffective|p1a: Tyranitar","|-damage|p1a: Tyranitar|0 fnt","|faint|p1a: Tyranitar","|","|","|switch|p1a: Sableye|Sableye, F|228/304 brn","|turn|20","|","|move|p1a: Sableye|Taunt|p2a: Gardevoir","|-start|p2a: Gardevoir|move: Taunt","|move|p2a: Gardevoir|Hyper Voice|p1a: Sableye","|-supereffective|p1a: Sableye","|-damage|p1a: Sableye|0 fnt","|faint|p1a: Sableye","|","|","|switch|p1a: Bisharp|Bisharp, F|291/334","|turn|21","|","|switch|p2a: Metagross|Metagross|301/301","|move|p1a: Bisharp|Iron Head|p2a: Metagross","|-resisted|p2a: Metagross","|-damage|p2a: Metagross|279/301","|","|-heal|p1a: Bisharp|311/334|[from] item: Leftovers","|-sideend|p2: Prof ♅ Skyhops|Reflect","|turn|22","|","|switch|p1a: Mandibuzz|Mandibuzz, F|397/423 tox","|move|p2a: Metagross|Rock Polish|p2a: Metagross","|-boost|p2a: Metagross|spe|2","|","|-damage|p1a: Mandibuzz|371/423 tox|[from] psn","|turn|23","|","|move|p2a: Metagross|Meteor Mash|p1a: Mandibuzz","|-damage|p1a: Mandibuzz|214/423 tox","|-damage|p2a: Metagross|229/301|[from] item: Rocky Helmet|[of] p1a: Mandibuzz","|-damage|p2a: Metagross|199/301|[from] item: Life Orb","|move|p1a: Mandibuzz|Foul Play|p2a: Metagross","|-supereffective|p2a: Metagross","|-damage|p2a: Metagross|0 fnt","|faint|p2a: Metagross","|","|-damage|p1a: Mandibuzz|162/423 tox|[from] psn","|-sideend|p2: Prof ♅ Skyhops|move: Light Screen","|","|switch|p2a: Alakazam|Alakazam, M|251/251","|turn|24","|","|move|p2a: Alakazam|Dazzling Gleam|p1a: Mandibuzz","|-supereffective|p1a: Mandibuzz","|-damage|p1a: Mandibuzz|0 fnt","|faint|p1a: Mandibuzz","|","|","|switch|p1a: Hydreigon|Hydreigon, M|305/325","|turn|25","|","|switch|p2a: Xatu|Xatu, M|64/333","|move|p1a: Hydreigon|Dark Pulse|p2a: Xatu","|-supereffective|p2a: Xatu","|-damage|p2a: Xatu|0 fnt","|faint|p2a: Xatu","|","|","|switch|p2a: Gardevoir|Gardevoir-Mega, F|318/339","|turn|26","|","|move|p1a: Hydreigon|Dark Pulse|p2a: Gardevoir","|-damage|p2a: Gardevoir|204/339","|cant|p2a: Gardevoir|flinch","|","|turn|27","|","|move|p1a: Hydreigon|Dark Pulse|p2a: Gardevoir","|-damage|p2a: Gardevoir|92/339","|cant|p2a: Gardevoir|flinch","|","|turn|28","|","|move|p1a: Hydreigon|Dark Pulse|p2a: Gardevoir","|-damage|p2a: Gardevoir|0 fnt","|faint|p2a: Gardevoir","|","|","|switch|p2a: Alakazam|Alakazam, M|251/251","|turn|29","|","|move|p1a: Hydreigon|Dark Pulse|p2a: Alakazam","|-supereffective|p2a: Alakazam","|-damage|p2a: Alakazam|0 fnt","|faint|p2a: Alakazam","|","|win|Alliance - Gamma~"],"p1rating":{"entryid":"7175041","serverid":"eos","formatid":"monotype","userid":"alliancegamma","username":"Alliance ♥ Gamma","w":2,"l":"1","t":"0","gxe":54.3,"r":"1460.7971311935","rd":"122.91204601559","sigma":"0","rptime":"1438333200","rpr":1534.0454296689,"rprd":111.6651087445,"rpsigma":"0","acre":1070.1028089042,"lacre":1070.1028089042,"oldacre":"1040"},"p2rating":{"entryid":7288333,"formatid":"monotype","userid":"profskyhops","username":"Prof ♅ Skyhops","r":1500,"rd":130,"sigma":0,"rpr":1455.3085198931,"rprd":122.82858309156,"rpsigma":0,"rptime":1438333200,"w":0,"l":1,"t":0,"gxe":44.4,"acre":1000,"lacre":1000,"oldacre":1000},"endType":"normal"}