{"seed":[26492,51662,46568,32044],"turns":20,"p1":"DJ Biggie","p2":"GL♅Akuma","p1team":[{"name":"Reuniclus","species":"Reuniclus","item":"leftovers","ability":"Magic Guard","moves":["calmmind","psyshock","focusblast","recover"],"nature":"Bold","evs":{"hp":252,"atk":0,"def":252,"spa":4,"spd":0,"spe":0},"ivs":{"hp":31,"atk":31,"def":31,"spa":31,"spd":31,"spe":31}},{"name":"Meloetta","species":"Meloetta","item":"choicespecs","ability":"Serene Grace","moves":["hypervoice","psychic","focusblast","uturn"],"nature":"Timid","evs":{"hp":0,"atk":0,"def":4,"spa":252,"spd":0,"spe":252},"ivs":{"hp":31,"atk":31,"def":31,"spa":31,"spd":31,"spe":31}},{"name":"Medicham","species":"Medicham","item":"medichamite","ability":"Pure Power","moves":["highjumpkick","zenheadbutt","fakeout","icepunch"],"nature":"Jolly","evs":{"hp":0,"atk":252,"def":4,"spa":0,"spd":0,"spe":252},"ivs":{"hp":31,"atk":31,"def":31,"spa":31,"spd":31,"spe":31}},{"name":"Deoxys-Defense","species":"Deoxys-Defense","item":"leftovers","ability":"Pressure","moves":["spikes","recover","skillswap","toxic"],"nature":"Bold","evs":{"hp":248,"atk":0,"def":252,"spa":0,"spd":8,"spe":0},"ivs":{"hp":31,"atk":31,"def":31,"spa":31,"spd":31,"spe":31}},{"name":"Latios","species":"Latios","item":"lifeorb","ability":"Levitate","moves":["dracometeor","psyshock","earthquake","defog"],"nature":"Timid","evs":{"hp":0,"atk":0,"def":4,"spa":252,"spd":0,"spe":252},"ivs":{"hp":31,"atk":31,"def":31,"spa":31,"spd":31,"spe":31}},{"name":"Jirachi","species":"Jirachi","item":"choicescarf","ability":"Serene Grace","moves":["stealthrock","ironhead","uturn","bodyslam"],"nature":"Careful","evs":{"hp":252,"atk":0,"def":0,"spa":0,"spd":176,"spe":80},"ivs":{"hp":31,"atk":31,"def":31,"spa":31,"spd":31,"spe":31}}],"p2team":[{"name":"Charetard","species":"charizard","item":"charizarditex","ability":"Blaze","moves":["dragondance","dragonclaw","earthquake","firepunch"],"nature":"Adamant","evs":{"hp":0,"atk":252,"def":0,"spa":0,"spd":4,"spe":252},"ivs":{"hp":31,"atk":31,"def":31,"spa":31,"spd":31,"spe":31}},{"name":"Magma","species":"heatran","item":"airballoon","ability":"Flash Fire","moves":["lavaplume","toxic","stealthrock","flashcannon"],"nature":"Calm","evs":{"hp":248,"atk":0,"def":0,"spa":8,"spd":252,"spe":0},"ivs":{"hp":31,"atk":31,"def":31,"spa":31,"spd":31,"spe":31}},{"name":"Infernape","species":"Infernape","item":"focussash","ability":"Iron Fist","moves":["closecombat","machpunch","thunderpunch","firepunch"],"nature":"Jolly","evs":{"hp":0,"atk":252,"def":0,"spa":0,"spd":4,"spe":252},"ivs":{"hp":31,"atk":31,"def":31,"spa":31,"spd":31,"spe":31}},{"name":"Eightales","species":"ninetales","item":"lifeorb","ability":"Drought","moves":["energyball","flamethrower","nastyplot","psyshock"],"nature":"Timid","evs":{"hp":0,"atk":0,"def":0,"spa":252,"spd":4,"spe":252},"ivs":{"hp":31,"atk":31,"def":31,"spa":31,"spd":31,"spe":31}},{"name":"Microwave","species":"rotomheat","item":"choicescarf","ability":"Levitate","moves":["voltswitch","thunderbolt","overheat","painsplit"],"nature":"Timid","evs":{"hp":0,"atk":0,"def":0,"spa":252,"spd":4,"spe":252},"ivs":{"hp":31,"atk":31,"def":31,"spa":31,"spd":31,"spe":31}},{"name":"V for Victini","species":"victini","item":"choicescarf","ability":"Victory Star","moves":["vcreate","boltstrike","zenheadbutt","brickbreak"],"nature":"Jolly","evs":{"hp":0,"atk":252,"def":0,"spa":0,"spd":4,"spe":252},"ivs":{"hp":31,"atk":31,"def":31,"spa":31,"spd":31,"spe":31}}],"log":["|player|p1|DJ Biggie|109","|player|p2|GL♅Akuma|145","|gametype|singles","|gen|6","|tier|Monotype","|rated","|rule|Baton Pass Clause: Limit one Baton Passer, can't pass Spe and other stats simultaneously","|rule|Swagger Clause: Swagger is banned","|rule|Same Type Clause: Pokémon in a team must share a type","|clearpoke","|poke|p1|Reuniclus, F","|poke|p1|Meloetta","|poke|p1|Medicham, M","|poke|p1|Deoxys-Defense","|poke|p1|Latios, M","|poke|p1|Jirachi","|poke|p2|Charizard, F","|poke|p2|Heatran, F","|poke|p2|Infernape, F","|poke|p2|Ninetales, F","|poke|p2|Rotom-Heat","|poke|p2|Victini","|rule|Sleep Clause Mod: Limit one foe put to sleep","|rule|Species Clause: Limit one of each Pokémon","|rule|OHKO Clause: OHKO moves are banned","|rule|Moody Clause: Moody is banned","|rule|Evasion Moves Clause: Evasion moves are banned","|rule|Endless Battle Clause: Forcing endless battles is banned","|rule|HP Percentage Mod: HP is shown in percentages","|teampreview","|","|start","|switch|p1a: Medicham|Medicham, M|261/261","|switch|p2a: Charetard|Charizard, F|297/297","|turn|1","|","|switch|p2a: Magma|Heatran, F|385/385","|-item|p2a: Magma|Air Balloon","|detailschange|p1a: Medicham|Medicham-Mega, M","|-mega|p1a: Medicham|Medicham|Medichamite","|move|p1a: Medicham|Fake Out|p2a: Magma","|-resisted|p2a: Magma","|-damage|p2a: Magma|350/385","|-enditem|p2a: Magma|Air Balloon","|","|turn|2","|","|move|p1a: Medicham|High Jump Kick|p2a: Magma|[miss]","|-miss|p1a: Medicham|p2a: Magma","|-damage|p1a: Medicham|131/261|[from] highjumpkick","|move|p2a: Magma|Lava Plume|p1a: Medicham","|-damage|p1a: Medicham|2/261","|-status|p1a: Medicham|brn","|","|-damage|p1a: Medicham|0 fnt|[from] brn","|faint|p1a: Medicham","|","|switch|p1a: Deoxys-Defense|Deoxys-Defense|303/303","|-ability|p1a: Deoxys-Defense|Pressure","|turn|3","|","|move|p1a: Deoxys-Defense|Skill Swap|p2a: Magma","|-activate|p1a: Deoxys-Defense|move: Skill Swap|Flash Fire|Pressure|[of] p2a: Magma","|-ability|p2a: Magma|Pressure","|move|p2a: Magma|Toxic|p1a: Deoxys-Defense","|-status|p1a: Deoxys-Defense|tox","|","|-damage|p1a: Deoxys-Defense|285/303 tox|[from] psn","|turn|4","|","|move|p1a: Deoxys-Defense|Spikes|p2a: Magma","|-sidestart|p2: GL♅Akuma|Spikes","|move|p2a: Magma|Stealth Rock|p1a: Deoxys-Defense","|-sidestart|p1: DJ Biggie|move: Stealth Rock","|","|-heal|p1a: Deoxys-Defense|303/303 tox|[from] item: Leftovers","|-damage|p1a: Deoxys-Defense|267/303 tox|[from] psn","|turn|5","|","|switch|p1a: Latios|Latios, M|301/301","|-damage|p1a: Latios|264/301|[from] Stealth Rock","|move|p2a: Magma|Flash Cannon|p1a: Latios","|-damage|p1a: Latios|152/301","|","|turn|6","|","|move|p1a: Latios|Earthquake|p2a: Magma","|-supereffective|p2a: Magma","|-damage|p2a: Magma|28/385","|-damage|p1a: Latios|122/301|[from] item: Life Orb","|move|p2a: Magma|Toxic|p1a: Latios","|-status|p1a: Latios|tox","|","|-damage|p1a: Latios|104/301 tox|[from] psn","|turn|7","|","|move|p1a: Latios|Earthquake|p2a: Magma","|-supereffective|p2a: Magma","|-damage|p2a: Magma|0 fnt","|-damage|p1a: Latios|74/301 tox|[from] item: Life Orb","|faint|p2a: Magma","|","|-damage|p1a: Latios|38/301 tox|[from] psn","|","|switch|p2a: V for Victini|Victini|341/341","|-damage|p2a: V for Victini|299/341|[from] Spikes","|turn|8","|","|move|p2a: V for Victini|Bolt Strike|p1a: Latios","|-crit|p1a: Latios","|-resisted|p1a: Latios","|-damage|p1a: Latios|0 fnt","|faint|p1a: Latios","|","|","|switch|p1a: Meloetta|Meloetta|341/341","|-damage|p1a: Meloetta|299/341|[from] Stealth Rock","|turn|9","|","|move|p2a: V for Victini|Bolt Strike|p1a: Meloetta","|-damage|p1a: Meloetta|153/341","|move|p1a: Meloetta|Hyper Voice|p2a: V for Victini","|-damage|p2a: V for Victini|64/341","|","|turn|10","|","|switch|p2a: Charetard|Charizard, F|297/297","|move|p1a: Meloetta|Hyper Voice|p2a: Charetard","|-damage|p2a: Charetard|3/297","|","|turn|11","|","|detailschange|p2a: Charetard|Charizard-Mega-X, F","|-mega|p2a: Charetard|Charizard|Charizardite X","|move|p1a: Meloetta|Hyper Voice|p2a: Charetard","|-damage|p2a: Charetard|0 fnt","|faint|p2a: Charetard","|","|","|switch|p2a: Microwave|Rotom-Heat|241/241","|turn|12","|","|move|p2a: Microwave|Volt Switch|p1a: Meloetta","|-damage|p1a: Meloetta|69/341","|","|switch|p2a: Eightales|Ninetales, F|287/287","|-damage|p2a: Eightales|252/287|[from] Spikes","|-weather|SunnyDay","|move|p1a: Meloetta|Hyper Voice|p2a: Eightales","|-damage|p2a: Eightales|2/287","|","|-weather|SunnyDay|[upkeep]","|turn|13","|","|switch|p2a: Microwave|Rotom-Heat|241/241","|move|p1a: Meloetta|Hyper Voice|p2a: Microwave","|-damage|p2a: Microwave|4/241","|","|-weather|SunnyDay|[upkeep]","|turn|14","|","|move|p2a: Microwave|Volt Switch|p1a: Meloetta","|-damage|p1a: Meloetta|0 fnt","|faint|p1a: Meloetta","|","|switch|p2a: Eightales|Ninetales, F|2/287","|-damage|p2a: Eightales|0 fnt|[from] Spikes","|faint|p2a: Eightales","|","|-weather|SunnyDay|[upkeep]","|","|switch|p2a: V for Victini|Victini|64/341","|switch|p1a: Jirachi|Jirachi|404/404","|-damage|p2a: V for Victini|22/341|[from] Spikes","|-damage|p1a: Jirachi|379/404|[from] Stealth Rock","|turn|15","|","|move|p2a: V for Victini|V-create|p1a: Jirachi","|-supereffective|p1a: Jirachi","|-damage|p1a: Jirachi|0 fnt","|-unboost|p2a: V for Victini|def|1","|-unboost|p2a: V for Victini|spd|1","|-unboost|p2a: V for Victini|spe|1","|faint|p1a: Jirachi","|","|-weather|SunnyDay|[upkeep]","|","|switch|p1a: Reuniclus|Reuniclus, F|424/424","|turn|16","|","|move|p2a: V for Victini|V-create|p1a: Reuniclus","|-damage|p1a: Reuniclus|64/424","|-unboost|p2a: V for Victini|def|1","|-unboost|p2a: V for Victini|spd|1","|-unboost|p2a: V for Victini|spe|1","|move|p1a: Reuniclus|Calm Mind|p1a: Reuniclus","|-boost|p1a: Reuniclus|spa|1","|-boost|p1a: Reuniclus|spd|1","|","|-weather|none","|-heal|p1a: Reuniclus|90/424|[from] item: Leftovers","|turn|17","|","|move|p2a: V for Victini|V-create|p1a: Reuniclus","|-damage|p1a: Reuniclus|0 fnt","|-unboost|p2a: V for Victini|def|1","|-unboost|p2a: V for Victini|spd|1","|-unboost|p2a: V for Victini|spe|1","|faint|p1a: Reuniclus","|","|","|switch|p1a: Deoxys-Defense|Deoxys-Defense|267/303 tox","|-damage|p1a: Deoxys-Defense|230/303 tox|[from] Stealth Rock","|-ability|p1a: Deoxys-Defense|Pressure","|turn|18","|","|move|p1a: Deoxys-Defense|Toxic|p2a: V for Victini","|-status|p2a: V for Victini|tox","|move|p2a: V for Victini|V-create|p1a: Deoxys-Defense","|-crit|p1a: Deoxys-Defense","|-damage|p1a: Deoxys-Defense|13/303 tox","|-unboost|p2a: V for Victini|def|1","|-unboost|p2a: V for Victini|spd|1","|-unboost|p2a: V for Victini|spe|1","|","|-heal|p1a: Deoxys-Defense|31/303 tox|[from] item: Leftovers","|-damage|p1a: Deoxys-Defense|13/303 tox|[from] psn","|-damage|p2a: V for Victini|1/341 tox|[from] psn","|turn|19","|","|move|p1a: Deoxys-Defense|Recover|p1a: Deoxys-Defense","|-heal|p1a: Deoxys-Defense|165/303 tox","|move|p2a: V for Victini|V-create|p1a: Deoxys-Defense","|-damage|p1a: Deoxys-Defense|26/303 tox","|-unboost|p2a: V for Victini|def|1","|-unboost|p2a: V for Victini|spd|1","|-unboost|p2a: V for Victini|spe|1","|","|-heal|p1a: Deoxys-Defense|44/303 tox|[from] item: Leftovers","|-damage|p1a: Deoxys-Defense|8/303 tox|[from] psn","|-damage|p2a: V for Victini|0 fnt|[from] psn","|faint|p2a: V for Victini","|","|switch|p2a: Infernape|Infernape, F|293/293","|-damage|p2a: Infernape|257/293|[from] Spikes","|turn|20","|","|move|p2a: Infernape|Mach Punch|p1a: Deoxys-Defense","|-resisted|p1a: Deoxys-Defense","|-damage|p1a: Deoxys-Defense|0 fnt","|faint|p1a: Deoxys-Defense","|","|win|GL♅Akuma"],"p1rating":{"entryid":"7236327","serverid":"eos","formatid":"monotype","userid":"djbiggie","username":"DJ Biggie","w":"7","l":5,"t":"0","gxe":54.2,"r":"1533.7744725796","rd":"92.014299578768","sigma":"0","rptime":"1438246800","rpr":1532.5263330398,"rprd":82.208584886186,"rpsigma":"0","acre":1133.4966373905,"lacre":1133.4966373905,"oldacre":"1161.739333295"},"p2rating":{"entryid":"6735374","serverid":"eos","formatid":"monotype","userid":"glakuma","username":"GL♅Akuma","w":37,"l":"48","t":"0","gxe":45.4,"r":"1462.2347573975","rd":"40.430622581993","sigma":"0","rptime":"1438246800","rpr":1465.1582511774,"rprd":39.993885070064,"rpsigma":"0","acre":1144.6616019533,"lacre":1144.6616019533,"oldacre":"1116.4189060488"},"endType":"normal"}