{"seed":[30593,14177,1043,57252],"turns":27,"p1":"Adviser♕Boo","p2":"SWL ah b","p1team":[{"name":"Link to the Past","species":"doublade","item":"eviolite","ability":"No Guard","moves":["swordsdance","gyroball","sacredsword","shadowsneak"],"nature":"Brave","evs":{"hp":248,"atk":252,"def":0,"spa":0,"spd":8,"spe":0},"ivs":{"hp":31,"atk":31,"def":31,"spa":31,"spd":31,"spe":0}},{"name":"Magne Ace","species":"magnezone","item":"choicescarf","ability":"Sturdy","moves":["voltswitch","thunderbolt","hiddenpowerice","flashcannon"],"nature":"Timid","evs":{"hp":0,"atk":0,"def":0,"spa":252,"spd":4,"spe":252},"ivs":{"hp":31,"atk":30,"def":30,"spa":31,"spd":31,"spe":31}},{"name":"Star Powa","species":"jirachi","item":"choicescarf","ability":"Serene Grace","moves":["ironhead","trick","firepunch","icepunch"],"nature":"Jolly","evs":{"hp":0,"atk":252,"def":0,"spa":0,"spd":4,"spe":252},"ivs":{"hp":31,"atk":31,"def":31,"spa":31,"spd":31,"spe":31}},{"name":"Excadrill","species":"Excadrill","item":"choiceband","ability":"Mold Breaker","moves":["earthquake","ironhead","rapidspin","rockslide"],"nature":"Adamant","evs":{"hp":252,"atk":252,"def":0,"spa":0,"spd":0,"spe":4},"ivs":{"hp":31,"atk":31,"def":31,"spa":31,"spd":31,"spe":31}},{"name":"Ultron","species":"heatran","item":"airballoon","ability":"Flash Fire","moves":["flashcannon","flamethrower","earthpower","ancientpower"],"nature":"Modest","evs":{"hp":248,"atk":0,"def":0,"spa":252,"spd":8,"spe":0},"ivs":{"hp":31,"atk":31,"def":31,"spa":31,"spd":31,"spe":31}},{"name":"Hokey Pokey","species":"ferrothorn","item":"leftovers","ability":"Iron Barbs","moves":["leechseed","powerwhip","gyroball","thunderwave"],"nature":"Relaxed","evs":{"hp":252,"atk":4,"def":252,"spa":0,"spd":0,"spe":0},"ivs":{"hp":31,"atk":31,"def":31,"spa":31,"spd":31,"spe":0}}],"p2team":[{"name":"Venomoth","species":"Venomoth","item":"blacksludge","ability":"Tinted Lens","moves":["bugbuzz","substitute","quiverdance","sludgebomb"],"nature":"Calm","evs":{"hp":252,"atk":0,"def":252,"spa":0,"spd":4,"spe":0},"ivs":{"hp":31,"atk":31,"def":31,"spa":31,"spd":31,"spe":31}},{"name":"Venusaur","species":"Venusaur","item":"venusaurite","ability":"Chlorophyll","moves":["synthesis","petalblizzard","earthquake","hiddenpowerfire"],"nature":"Relaxed","evs":{"hp":248,"atk":8,"def":252,"spa":0,"spd":0,"spe":0},"ivs":{"hp":31,"atk":30,"def":31,"spa":30,"spd":31,"spe":30}},{"name":"Skuntank","species":"Skuntank","item":"airballoon","ability":"Aftermath","moves":["defog","foulplay","poisonjab","suckerpunch"],"nature":"Adamant","evs":{"hp":248,"atk":0,"def":252,"spa":0,"spd":8,"spe":0},"ivs":{"hp":31,"atk":31,"def":31,"spa":31,"spd":31,"spe":31}},{"name":"Gengar","species":"Gengar","item":"focussash","ability":"Levitate","moves":["shadowball","icywind","willowisp","focusblast"],"nature":"Timid","evs":{"hp":0,"atk":0,"def":0,"spa":252,"spd":4,"spe":252},"ivs":{"hp":31,"atk":31,"def":31,"spa":31,"spd":31,"spe":31}},{"name":"Tentacruel","species":"Tentacruel","item":"blacksludge","ability":"Clear Body","moves":["acidspray","surf","toxicspikes","reflecttype"],"nature":"Calm","evs":{"hp":208,"atk":0,"def":0,"spa":0,"spd":252,"spe":48},"ivs":{"hp":31,"atk":31,"def":31,"spa":31,"spd":31,"spe":31}},{"name":"Nidoking","species":"Nidoking","item":"lifeorb","ability":"Sheer Force","moves":["earthpower","flamethrower","icebeam","stealthrock"],"nature":"Timid","evs":{"hp":0,"atk":0,"def":0,"spa":252,"spd":4,"spe":252},"ivs":{"hp":31,"atk":31,"def":31,"spa":31,"spd":31,"spe":31}}],"log":["|player|p1|Adviser♕Boo|3","|player|p2|SWL ah b|swlahb.gif","|gametype|singles","|gen|6","|tier|Monotype","|rated","|rule|Baton Pass Clause: Limit one Baton Passer, can't pass Spe and other stats simultaneously","|rule|Swagger Clause: Swagger is banned","|rule|Same Type Clause: Pokémon in a team must share a type","|clearpoke","|poke|p1|Doublade, M","|poke|p1|Magnezone","|poke|p1|Jirachi","|poke|p1|Excadrill, F","|poke|p1|Heatran, M","|poke|p1|Ferrothorn, F","|poke|p2|Venomoth, F","|poke|p2|Venusaur, F","|poke|p2|Skuntank, F","|poke|p2|Gengar, M","|poke|p2|Tentacruel, F","|poke|p2|Nidoking, M","|rule|Sleep Clause Mod: Limit one foe put to sleep","|rule|Species Clause: Limit one of each Pokémon","|rule|OHKO Clause: OHKO moves are banned","|rule|Moody Clause: Moody is banned","|rule|Evasion Moves Clause: Evasion moves are banned","|rule|Endless Battle Clause: Forcing endless battles is banned","|rule|HP Percentage Mod: HP is shown in percentages","|teampreview","|","|start","|switch|p1a: Star Powa|Jirachi|341/341","|switch|p2a: Nidoking|Nidoking, M|303/303","|turn|1","|","|switch|p2a: Skuntank|Skuntank, F|409/409","|-item|p2a: Skuntank|Air Balloon","|move|p1a: Star Powa|Iron Head|p2a: Skuntank","|-damage|p2a: Skuntank|288/409","|-enditem|p2a: Skuntank|Air Balloon","|","|turn|2","|","|switch|p1a: Ultron|Heatran, M|385/385","|-item|p1a: Ultron|Air Balloon","|switch|p2a: Nidoking|Nidoking, M|303/303","|","|turn|3","|","|switch|p2a: Tentacruel|Tentacruel, F|353/353","|move|p1a: Ultron|Flamethrower|p2a: Tentacruel","|-resisted|p2a: Tentacruel","|-damage|p2a: Tentacruel|302/353","|","|-heal|p2a: Tentacruel|324/353|[from] item: Black Sludge","|turn|4","|","|switch|p1a: Hokey Pokey|Ferrothorn, F|352/352","|move|p2a: Tentacruel|Surf|p1a: Hokey Pokey","|-resisted|p1a: Hokey Pokey","|-damage|p1a: Hokey Pokey|314/352","|","|-heal|p2a: Tentacruel|346/353|[from] item: Black Sludge","|-heal|p1a: Hokey Pokey|336/352|[from] item: Leftovers","|turn|5","|","|switch|p2a: Nidoking|Nidoking, M|303/303","|move|p1a: Hokey Pokey|Power Whip|p2a: Nidoking","|-damage|p2a: Nidoking|141/303","|","|-heal|p1a: Hokey Pokey|352/352|[from] item: Leftovers","|turn|6","|","|switch|p1a: Ultron|Heatran, M|385/385","|-item|p1a: Ultron|Air Balloon","|move|p2a: Nidoking|Stealth Rock|p1a: Ultron","|-sidestart|p1: Adviser♕Boo|move: Stealth Rock","|","|turn|7","|","|switch|p2a: Gengar|Gengar, M|261/261","|move|p1a: Ultron|Earth Power|p2a: Gengar","|-immune|p2a: Gengar|[msg]","|","|turn|8","|","|move|p2a: Gengar|Focus Blast|p1a: Ultron|[miss]","|-miss|p2a: Gengar|p1a: Ultron","|move|p1a: Ultron|Flamethrower|p2a: Gengar","|-crit|p2a: Gengar","|-enditem|p2a: Gengar|Focus Sash","|-damage|p2a: Gengar|1/261","|","|turn|9","|","|move|p2a: Gengar|Shadow Ball|p1a: Ultron","|-damage|p1a: Ultron|259/385","|-enditem|p1a: Ultron|Air Balloon","|-unboost|p1a: Ultron|spd|1","|move|p1a: Ultron|Flamethrower|p2a: Gengar","|-damage|p2a: Gengar|0 fnt","|faint|p2a: Gengar","|","|","|switch|p2a: Nidoking|Nidoking, M|141/303","|turn|10","|","|move|p2a: Nidoking|Earth Power|p1a: Ultron","|-supereffective|p1a: Ultron","|-damage|p1a: Ultron|0 fnt","|faint|p1a: Ultron","|","|","|switch|p1a: Star Powa|Jirachi|341/341","|-damage|p1a: Star Powa|320/341|[from] Stealth Rock","|turn|11","|","|switch|p2a: Skuntank|Skuntank, F|288/409","|move|p1a: Star Powa|Iron Head|p2a: Skuntank","|-damage|p2a: Skuntank|159/409","|","|turn|12","|","|move|p2a: Skuntank|Sucker Punch|p1a: Star Powa","|-supereffective|p1a: Star Powa","|-damage|p1a: Star Powa|132/341","|move|p1a: Star Powa|Iron Head|p2a: Skuntank","|-damage|p2a: Skuntank|48/409","|","|turn|13","|","|switch|p1a: Hokey Pokey|Ferrothorn, F|352/352","|-damage|p1a: Hokey Pokey|330/352|[from] Stealth Rock","|switch|p2a: Nidoking|Nidoking, M|141/303","|","|-heal|p1a: Hokey Pokey|352/352|[from] item: Leftovers","|turn|14","|","|move|p2a: Nidoking|Flamethrower|p1a: Hokey Pokey","|-supereffective|p1a: Hokey Pokey","|-damage|p1a: Hokey Pokey|0 fnt","|faint|p1a: Hokey Pokey","|","|","|switch|p1a: Excadrill|Excadrill, F|424/424","|-damage|p1a: Excadrill|411/424|[from] Stealth Rock","|-ability|p1a: Excadrill|Mold Breaker","|turn|15","|","|switch|p2a: Venomoth|Venomoth, F|344/344","|move|p1a: Excadrill|Earthquake|p2a: Venomoth","|-damage|p2a: Venomoth|1/344","|","|-heal|p2a: Venomoth|22/344|[from] item: Black Sludge","|turn|16","|","|move|p2a: Venomoth|Bug Buzz|p1a: Excadrill","|-resisted|p1a: Excadrill","|-damage|p1a: Excadrill|267/424","|move|p1a: Excadrill|Earthquake|p2a: Venomoth","|-damage|p2a: Venomoth|0 fnt","|faint|p2a: Venomoth","|","|","|switch|p2a: Venusaur|Venusaur, F|363/363","|turn|17","|","|detailschange|p2a: Venusaur|Venusaur-Mega, F","|-mega|p2a: Venusaur|Venusaur|Venusaurite","|move|p1a: Excadrill|Earthquake|p2a: Venusaur","|-damage|p2a: Venusaur|185/363","|move|p2a: Venusaur|Earthquake|p1a: Excadrill","|-supereffective|p1a: Excadrill","|-damage|p1a: Excadrill|47/424","|","|turn|18","|","|move|p1a: Excadrill|Earthquake|p2a: Venusaur","|-damage|p2a: Venusaur|0 fnt","|faint|p2a: Venusaur","|","|","|switch|p2a: Skuntank|Skuntank, F|48/409","|turn|19","|","|move|p2a: Skuntank|Sucker Punch|p1a: Excadrill","|-damage|p1a: Excadrill|0 fnt","|faint|p1a: Excadrill","|","|","|switch|p1a: Link to the Past|Doublade, M|321/321","|-damage|p1a: Link to the Past|301/321|[from] Stealth Rock","|turn|20","|","|switch|p2a: Tentacruel|Tentacruel, F|346/353","|move|p1a: Link to the Past|Swords Dance|p1a: Link to the Past","|-boost|p1a: Link to the Past|atk|2","|","|-heal|p2a: Tentacruel|353/353|[from] item: Black Sludge","|turn|21","|","|move|p2a: Tentacruel|Surf|p1a: Link to the Past","|-damage|p1a: Link to the Past|196/321","|move|p1a: Link to the Past|Swords Dance|p1a: Link to the Past","|-boost|p1a: Link to the Past|atk|2","|","|turn|22","|","|move|p1a: Link to the Past|Shadow Sneak|p2a: Tentacruel","|-damage|p2a: Tentacruel|40/353","|move|p2a: Tentacruel|Surf|p1a: Link to the Past","|-damage|p1a: Link to the Past|94/321","|","|-heal|p2a: Tentacruel|62/353|[from] item: Black Sludge","|turn|23","|","|move|p1a: Link to the Past|Shadow Sneak|p2a: Tentacruel","|-crit|p2a: Tentacruel","|-damage|p2a: Tentacruel|0 fnt","|faint|p2a: Tentacruel","|","|","|switch|p2a: Skuntank|Skuntank, F|48/409","|turn|24","|","|move|p2a: Skuntank|Sucker Punch|p1a: Link to the Past","|-fail|p2a: Skuntank","|move|p1a: Link to the Past|Swords Dance|p1a: Link to the Past","|-boost|p1a: Link to the Past|atk|2","|","|turn|25","|","|move|p2a: Skuntank|Sucker Punch|p1a: Link to the Past","|-fail|p2a: Skuntank","|move|p1a: Link to the Past|Swords Dance|p1a: Link to the Past","|-fail|p1a: Link to the Past","|","|turn|26","|","|move|p1a: Link to the Past|Shadow Sneak|p2a: Skuntank","|-resisted|p2a: Skuntank","|-damage|p2a: Skuntank|0 fnt","|-damage|p1a: Link to the Past|14/321|[from] ability: Aftermath|[of] p2a: Skuntank","|faint|p2a: Skuntank","|","|","|switch|p2a: Nidoking|Nidoking, M|141/303","|turn|27","|","|move|p1a: Link to the Past|Shadow Sneak|p2a: Nidoking","|-damage|p2a: Nidoking|0 fnt","|faint|p2a: Nidoking","|","|win|Adviser♕Boo"],"p1rating":{"entryid":"7083956","serverid":"eos","formatid":"monotype","userid":"adviserboo","username":"Adviser♕Boo","w":70,"l":"39","t":"0","gxe":62.7,"r":"1598.7812125998","rd":"36.82735512897","sigma":"0","rptime":"1438246800","rpr":1598.1779220658,"rprd":35.961550529897,"rpsigma":"0","acre":1255.5847605827,"lacre":1255.5847605827,"oldacre":"1228.6916249635"},"p2rating":{"entryid":"7100015","serverid":"eos","formatid":"monotype","userid":"swlahb","username":"SWL Aесh Bее","w":"15","l":5,"t":"0","gxe":67.1,"r":"1646.0790172772","rd":"73.458439421807","sigma":"0","rptime":"1438246800","rpr":1636.9240820308,"rprd":70.875801216444,"rpsigma":"0","acre":1228.1586599776,"lacre":1228.1586599776,"oldacre":"1255.0517955968"},"endType":"normal"}