{"seed":[36006,26360,62255,19076],"turns":27,"p1":"xNailz","p2":"SWL ah b","p1team":[{"name":"Charizard","species":"Charizard","item":"charizarditey","ability":"Blaze","moves":["solarbeam","flamethrower","dragonpulse","defog"],"nature":"Timid","evs":{"hp":0,"atk":0,"def":0,"spa":252,"spd":4,"spe":252},"ivs":{"hp":31,"atk":0,"def":31,"spa":31,"spd":31,"spe":31}},{"name":"Infernape","species":"Infernape","item":"focussash","ability":"Iron Fist","moves":["closecombat","overheat","machpunch","stealthrock"],"nature":"Naive","evs":{"hp":0,"atk":252,"def":4,"spa":0,"spd":0,"spe":252},"ivs":{"hp":31,"atk":30,"def":30,"spa":31,"spd":31,"spe":31}},{"name":"Victini","species":"Victini","item":"choicescarf","ability":"Victory Star","moves":["vcreate","boltstrike","uturn","zenheadbutt"],"nature":"Naive","evs":{"hp":0,"atk":252,"def":0,"spa":4,"spd":0,"spe":252},"ivs":{"hp":31,"atk":31,"def":31,"spa":31,"spd":31,"spe":31}},{"name":"Arcanine","species":"Arcanine","item":"leftovers","ability":"Intimidate","moves":["willowisp","extremespeed","morningsun","ironhead"],"nature":"Impish","evs":{"hp":240,"atk":0,"def":252,"spa":0,"spd":0,"spe":16},"ivs":{"hp":31,"atk":30,"def":30,"spa":31,"spd":31,"spe":31}},{"name":"Rotom-Heat","species":"Rotom-Heat","item":"leftovers","ability":"Levitate","moves":["thunderwave","overheat","hiddenpowerice","voltswitch"],"nature":"Modest","evs":{"hp":248,"atk":0,"def":0,"spa":8,"spd":252,"spe":0},"ivs":{"hp":31,"atk":30,"def":30,"spa":31,"spd":31,"spe":31}},{"name":"Chandelure","species":"Chandelure","item":"lifeorb","ability":"Infiltrator","moves":["flamethrower","energyball","trickroom","shadowball"],"nature":"Quiet","evs":{"hp":248,"atk":0,"def":8,"spa":252,"spd":0,"spe":0},"ivs":{"hp":31,"atk":30,"def":30,"spa":31,"spd":31,"spe":31}}],"p2team":[{"name":"Venomoth","species":"Venomoth","item":"blacksludge","ability":"Tinted Lens","moves":["bugbuzz","substitute","quiverdance","sludgebomb"],"nature":"Calm","evs":{"hp":252,"atk":0,"def":252,"spa":0,"spd":4,"spe":0},"ivs":{"hp":31,"atk":31,"def":31,"spa":31,"spd":31,"spe":31}},{"name":"Venusaur","species":"Venusaur","item":"venusaurite","ability":"Chlorophyll","moves":["synthesis","petalblizzard","earthquake","hiddenpowerfire"],"nature":"Relaxed","evs":{"hp":248,"atk":8,"def":252,"spa":0,"spd":0,"spe":0},"ivs":{"hp":31,"atk":30,"def":31,"spa":30,"spd":31,"spe":30}},{"name":"Skuntank","species":"Skuntank","item":"airballoon","ability":"Aftermath","moves":["defog","foulplay","poisonjab","suckerpunch"],"nature":"Adamant","evs":{"hp":248,"atk":0,"def":252,"spa":0,"spd":8,"spe":0},"ivs":{"hp":31,"atk":31,"def":31,"spa":31,"spd":31,"spe":31}},{"name":"Gengar","species":"Gengar","item":"focussash","ability":"Levitate","moves":["shadowball","icywind","willowisp","focusblast"],"nature":"Timid","evs":{"hp":0,"atk":0,"def":0,"spa":252,"spd":4,"spe":252},"ivs":{"hp":31,"atk":31,"def":31,"spa":31,"spd":31,"spe":31}},{"name":"Tentacruel","species":"Tentacruel","item":"blacksludge","ability":"Clear Body","moves":["acidspray","surf","toxicspikes","reflecttype"],"nature":"Calm","evs":{"hp":208,"atk":0,"def":0,"spa":0,"spd":252,"spe":48},"ivs":{"hp":31,"atk":31,"def":31,"spa":31,"spd":31,"spe":31}},{"name":"Nidoking","species":"Nidoking","item":"lifeorb","ability":"Sheer Force","moves":["earthpower","flamethrower","icebeam","stealthrock"],"nature":"Timid","evs":{"hp":0,"atk":0,"def":0,"spa":252,"spd":4,"spe":252},"ivs":{"hp":31,"atk":31,"def":31,"spa":31,"spd":31,"spe":31}}],"log":["|player|p1|xNailz|160","|player|p2|SWL ah b|swlahb.gif","|gametype|singles","|gen|6","|tier|Monotype","|rated","|rule|Baton Pass Clause: Limit one Baton Passer, can't pass Spe and other stats simultaneously","|rule|Swagger Clause: Swagger is banned","|rule|Same Type Clause: Pokémon in a team must share a type","|clearpoke","|poke|p1|Charizard, M","|poke|p1|Infernape, F","|poke|p1|Victini","|poke|p1|Arcanine, F","|poke|p1|Rotom-Heat","|poke|p1|Chandelure, F","|poke|p2|Venomoth, M","|poke|p2|Venusaur, F","|poke|p2|Skuntank, F","|poke|p2|Gengar, F","|poke|p2|Tentacruel, M","|poke|p2|Nidoking, M","|rule|Sleep Clause Mod: Limit one foe put to sleep","|rule|Species Clause: Limit one of each Pokémon","|rule|OHKO Clause: OHKO moves are banned","|rule|Moody Clause: Moody is banned","|rule|Evasion Moves Clause: Evasion moves are banned","|rule|Endless Battle Clause: Forcing endless battles is banned","|rule|HP Percentage Mod: HP is shown in percentages","|teampreview","|","|start","|switch|p1a: Charizard|Charizard, M|297/297","|switch|p2a: Nidoking|Nidoking, M|303/303","|turn|1","|","|switch|p2a: Skuntank|Skuntank, F|409/409","|-item|p2a: Skuntank|Air Balloon","|detailschange|p1a: Charizard|Charizard-Mega-Y, M","|-mega|p1a: Charizard|Charizard|Charizardite Y","|-weather|SunnyDay","|move|p1a: Charizard|Flamethrower|p2a: Skuntank","|-damage|p2a: Skuntank|27/409","|-enditem|p2a: Skuntank|Air Balloon","|","|-weather|SunnyDay|[upkeep]","|turn|2","|","|switch|p2a: Tentacruel|Tentacruel, M|353/353","|move|p1a: Charizard|Flamethrower|p2a: Tentacruel","|-resisted|p2a: Tentacruel","|-damage|p2a: Tentacruel|264/353","|-status|p2a: Tentacruel|brn","|","|-weather|SunnyDay|[upkeep]","|-heal|p2a: Tentacruel|286/353 brn|[from] item: Black Sludge","|-damage|p2a: Tentacruel|242/353 brn|[from] brn","|turn|3","|","|switch|p1a: Rotom-Heat|Rotom-Heat|303/303","|move|p2a: Tentacruel|Reflect Type|p1a: Rotom-Heat","|-start|p2a: Tentacruel|typechange|[from] move: Reflect Type|[of] p1a: Rotom-Heat","|","|-weather|SunnyDay|[upkeep]","|-damage|p2a: Tentacruel|198/353 brn|[from] item: Black Sludge","|-damage|p2a: Tentacruel|154/353 brn|[from] brn","|turn|4","|","|move|p2a: Tentacruel|Acid Spray|p1a: Rotom-Heat","|-damage|p1a: Rotom-Heat|281/303","|-unboost|p1a: Rotom-Heat|spd|2","|move|p1a: Rotom-Heat|Volt Switch|p2a: Tentacruel","|-resisted|p2a: Tentacruel","|-damage|p2a: Tentacruel|124/353 brn","|","|switch|p1a: Infernape|Infernape, F|293/293","|","|-weather|SunnyDay|[upkeep]","|-damage|p2a: Tentacruel|80/353 brn|[from] item: Black Sludge","|-damage|p2a: Tentacruel|36/353 brn|[from] brn","|turn|5","|","|move|p1a: Infernape|Stealth Rock|p2a: Tentacruel","|-sidestart|p2: SWL ah b|move: Stealth Rock","|move|p2a: Tentacruel|Surf|p1a: Infernape","|-supereffective|p1a: Infernape","|-damage|p1a: Infernape|199/293","|","|-weather|none","|-damage|p2a: Tentacruel|0 fnt|[from] item: Black Sludge","|faint|p2a: Tentacruel","|","|switch|p2a: Nidoking|Nidoking, M|303/303","|-damage|p2a: Nidoking|285/303|[from] Stealth Rock","|turn|6","|","|move|p1a: Infernape|Overheat|p2a: Nidoking","|-damage|p2a: Nidoking|72/303","|-unboost|p1a: Infernape|spa|2","|move|p2a: Nidoking|Stealth Rock|p1a: Infernape","|-sidestart|p1: xNailz|move: Stealth Rock","|","|turn|7","|","|move|p1a: Infernape|Overheat|p2a: Nidoking|[miss]","|-miss|p1a: Infernape|p2a: Nidoking","|move|p2a: Nidoking|Earth Power|p1a: Infernape","|-supereffective|p1a: Infernape","|-damage|p1a: Infernape|0 fnt","|faint|p1a: Infernape","|","|","|switch|p1a: Charizard|Charizard-Mega-Y, M|297/297","|-damage|p1a: Charizard|149/297|[from] Stealth Rock","|-weather|SunnyDay","|turn|8","|","|move|p1a: Charizard|Defog|p2a: Nidoking","|-unboost|p2a: Nidoking|evasion|1","|-sideend|p2: SWL ah b|Stealth Rock|[from] move: Defog|[of] p2a: Nidoking","|-sideend|p1: xNailz|Stealth Rock|[from] move: Defog|[of] p1a: Charizard","|move|p2a: Nidoking|Ice Beam|p1a: Charizard","|-damage|p1a: Charizard|27/297","|","|-weather|SunnyDay|[upkeep]","|turn|9","|","|move|p1a: Charizard|Flamethrower|p2a: Nidoking","|-crit|p2a: Nidoking","|-damage|p2a: Nidoking|0 fnt","|faint|p2a: Nidoking","|","|-weather|SunnyDay|[upkeep]","|","|switch|p2a: Venusaur|Venusaur, F|363/363","|turn|10","|","|switch|p1a: Rotom-Heat|Rotom-Heat|281/303","|move|p2a: Venusaur|Petal Blizzard|p1a: Rotom-Heat","|-resisted|p1a: Rotom-Heat","|-damage|p1a: Rotom-Heat|242/303","|","|-weather|SunnyDay|[upkeep]","|-heal|p1a: Rotom-Heat|260/303|[from] item: Leftovers","|turn|11","|","|detailschange|p2a: Venusaur|Venusaur-Mega, F","|-mega|p2a: Venusaur|Venusaur|Venusaurite","|move|p2a: Venusaur|Hidden Power|p1a: Rotom-Heat","|-resisted|p1a: Rotom-Heat","|-damage|p1a: Rotom-Heat|228/303","|move|p1a: Rotom-Heat|Overheat|p2a: Venusaur","|-supereffective|p2a: Venusaur","|-damage|p2a: Venusaur|117/363","|-unboost|p1a: Rotom-Heat|spa|2","|","|-weather|SunnyDay|[upkeep]","|-heal|p1a: Rotom-Heat|246/303|[from] item: Leftovers","|turn|12","|","|move|p1a: Rotom-Heat|Overheat|p2a: Venusaur","|-supereffective|p2a: Venusaur","|-damage|p2a: Venusaur|13/363","|-unboost|p1a: Rotom-Heat|spa|2","|move|p2a: Venusaur|Hidden Power|p1a: Rotom-Heat","|-resisted|p1a: Rotom-Heat","|-damage|p1a: Rotom-Heat|215/303","|","|-weather|none","|-heal|p1a: Rotom-Heat|233/303|[from] item: Leftovers","|turn|13","|","|move|p1a: Rotom-Heat|Overheat|p2a: Venusaur","|-supereffective|p2a: Venusaur","|-damage|p2a: Venusaur|0 fnt","|-unboost|p1a: Rotom-Heat|spa|2","|faint|p2a: Venusaur","|","|-heal|p1a: Rotom-Heat|251/303|[from] item: Leftovers","|","|switch|p2a: Venomoth|Venomoth, M|344/344","|turn|14","|","|move|p2a: Venomoth|Quiver Dance|p2a: Venomoth","|-boost|p2a: Venomoth|spa|1","|-boost|p2a: Venomoth|spd|1","|-boost|p2a: Venomoth|spe|1","|move|p1a: Rotom-Heat|Thunder Wave|p2a: Venomoth","|-status|p2a: Venomoth|par","|","|-heal|p1a: Rotom-Heat|269/303|[from] item: Leftovers","|turn|15","|","|move|p1a: Rotom-Heat|Volt Switch|p2a: Venomoth","|-damage|p2a: Venomoth|325/344 par","|","|switch|p1a: Charizard|Charizard-Mega-Y, M|27/297","|-weather|SunnyDay","|move|p2a: Venomoth|Substitute|p2a: Venomoth","|-start|p2a: Venomoth|Substitute","|-damage|p2a: Venomoth|239/344 par","|","|-weather|SunnyDay|[upkeep]","|-heal|p2a: Venomoth|260/344 par|[from] item: Black Sludge","|turn|16","|","|switch|p1a: Rotom-Heat|Rotom-Heat|269/303","|move|p2a: Venomoth|Sludge Bomb|p1a: Rotom-Heat","|-damage|p1a: Rotom-Heat|167/303","|","|-weather|SunnyDay|[upkeep]","|-heal|p1a: Rotom-Heat|185/303|[from] item: Leftovers","|-heal|p2a: Venomoth|281/344 par|[from] item: Black Sludge","|turn|17","|","|move|p1a: Rotom-Heat|Overheat|p2a: Venomoth","|-supereffective|p2a: Venomoth","|-end|p2a: Venomoth|Substitute","|-unboost|p1a: Rotom-Heat|spa|2","|move|p2a: Venomoth|Sludge Bomb|p1a: Rotom-Heat","|-damage|p1a: Rotom-Heat|65/303","|","|-weather|SunnyDay|[upkeep]","|-heal|p1a: Rotom-Heat|83/303|[from] item: Leftovers","|-heal|p2a: Venomoth|302/344 par|[from] item: Black Sludge","|turn|18","|","|move|p1a: Rotom-Heat|Volt Switch|p2a: Venomoth","|-damage|p2a: Venomoth|263/344 par","|","|switch|p1a: Chandelure|Chandelure, F|323/323","|cant|p2a: Venomoth|par","|","|-weather|SunnyDay|[upkeep]","|-heal|p2a: Venomoth|284/344 par|[from] item: Black Sludge","|turn|19","|","|move|p1a: Chandelure|Flamethrower|p2a: Venomoth","|-supereffective|p2a: Venomoth","|-damage|p2a: Venomoth|0 fnt","|-damage|p1a: Chandelure|291/323|[from] item: Life Orb","|faint|p2a: Venomoth","|","|-weather|none","|","|switch|p2a: Gengar|Gengar, F|261/261","|turn|20","|","|switch|p1a: Charizard|Charizard-Mega-Y, M|27/297","|-weather|SunnyDay","|move|p2a: Gengar|Shadow Ball|p1a: Charizard","|-damage|p1a: Charizard|0 fnt","|faint|p1a: Charizard","|","|-weather|SunnyDay|[upkeep]","|","|switch|p1a: Rotom-Heat|Rotom-Heat|83/303","|turn|21","|","|move|p2a: Gengar|Shadow Ball|p1a: Rotom-Heat","|-damage|p1a: Rotom-Heat|0 fnt","|faint|p1a: Rotom-Heat","|","|-weather|SunnyDay|[upkeep]","|","|switch|p1a: Victini|Victini|341/341","|turn|22","|","|move|p1a: Victini|U-turn|p2a: Gengar","|-resisted|p2a: Gengar","|-damage|p2a: Gengar|234/261","|","|switch|p1a: Chandelure|Chandelure, F|291/323","|move|p2a: Gengar|Shadow Ball|p1a: Chandelure","|-supereffective|p1a: Chandelure","|-damage|p1a: Chandelure|0 fnt","|faint|p1a: Chandelure","|","|-weather|SunnyDay|[upkeep]","|","|switch|p1a: Victini|Victini|341/341","|turn|23","|","|switch|p2a: Skuntank|Skuntank, F|27/409","|move|p1a: Victini|V-create|p2a: Skuntank","|-damage|p2a: Skuntank|0 fnt","|-damage|p1a: Victini|256/341|[from] ability: Aftermath|[of] p2a: Skuntank","|-unboost|p1a: Victini|def|1","|-unboost|p1a: Victini|spd|1","|-unboost|p1a: Victini|spe|1","|faint|p2a: Skuntank","|","|-weather|SunnyDay|[upkeep]","|","|switch|p2a: Gengar|Gengar, F|234/261","|turn|24","|","|switch|p1a: Arcanine|Arcanine, F|381/381","|-ability|p1a: Arcanine|Intimidate","|-unboost|p2a: Gengar|atk|1","|move|p2a: Gengar|Shadow Ball|p1a: Arcanine","|-damage|p1a: Arcanine|209/381","|","|-weather|none","|-heal|p1a: Arcanine|232/381|[from] item: Leftovers","|turn|25","|","|move|p2a: Gengar|Shadow Ball|p1a: Arcanine","|-damage|p1a: Arcanine|55/381","|-unboost|p1a: Arcanine|spd|1","|move|p1a: Arcanine|Iron Head|p2a: Gengar","|-damage|p2a: Gengar|130/261","|","|-heal|p1a: Arcanine|78/381|[from] item: Leftovers","|turn|26","|","|move|p2a: Gengar|Shadow Ball|p1a: Arcanine","|-crit|p1a: Arcanine","|-damage|p1a: Arcanine|0 fnt","|faint|p1a: Arcanine","|","|","|switch|p1a: Victini|Victini|256/341","|turn|27","|","|move|p1a: Victini|V-create|p2a: Gengar","|-damage|p2a: Gengar|0 fnt","|-unboost|p1a: Victini|def|1","|-unboost|p1a: Victini|spd|1","|-unboost|p1a: Victini|spe|1","|faint|p2a: Gengar","|","|win|xNailz"],"p1rating":{"entryid":"6782407","serverid":"eos","formatid":"monotype","userid":"xnailz","username":"xNailz","w":21,"l":"5","t":"0","gxe":74.7,"r":"1696.6129574281","rd":"69.339701246197","sigma":"0","rptime":"1438246800","rpr":1707.7801902892,"rprd":68.090491227362,"rpsigma":"0","acre":1303.7895138872,"lacre":1303.7895138872,"oldacre":"1282.6808075002"},"p2rating":{"entryid":"7100015","serverid":"eos","formatid":"monotype","userid":"swlahb","username":"SWL Aесh Bее","w":"15","l":6,"t":"0","gxe":65.8,"r":"1646.0790172772","rd":"73.458439421807","sigma":"0","rptime":"1438246800","rpr":1625.5929008306,"rprd":69.536149083169,"rpsigma":"0","acre":1207.0499535906,"lacre":1207.0499535906,"oldacre":"1228.1586599776"},"endType":"normal"}