{"seed":[12208,57916,27143,23739],"turns":16,"p1":"Emporer Galaxious","p2":"Sovereign♕Cactus","p1team":[{"name":"Boss Cavebro","species":"conkeldurr","item":"assaultvest","ability":"Sheer Force","moves":["knockoff","icepunch","drainpunch","stoneedge"],"nature":"Careful","evs":{"hp":4,"atk":0,"def":252,"spa":0,"spd":252,"spe":0},"gender":"M","shiny":true,"ivs":{"hp":31,"atk":31,"def":31,"spa":31,"spd":31,"spe":31}},{"name":"Boss Brigdin","species":"scrafty","item":"quickclaw","ability":"Moxie","moves":["dragondance","outrage","knockoff","drainpunch"],"nature":"Impish","evs":{"hp":4,"atk":0,"def":252,"spa":0,"spd":252,"spe":0},"gender":"M","ivs":{"hp":31,"atk":31,"def":31,"spa":31,"spd":31,"spe":31}},{"name":"Boss Slick","species":"hawlucha","item":"focussash","ability":"Unburden","moves":["flyingpress","encore","substitute","focuspunch"],"nature":"Adamant","evs":{"hp":0,"atk":252,"def":24,"spa":0,"spd":120,"spe":112},"gender":"M","ivs":{"hp":31,"atk":31,"def":31,"spa":31,"spd":31,"spe":31}},{"name":"Boss Vortex","species":"gallade","item":"galladite","ability":"Justified","moves":["drainpunch","icepunch","psychocut","leafblade"],"nature":"Jolly","evs":{"hp":0,"atk":252,"def":0,"spa":0,"spd":4,"spe":252},"shiny":true,"ivs":{"hp":31,"atk":31,"def":31,"spa":31,"spd":31,"spe":31}},{"name":"Boss Buffetron","species":"terrakion","item":"choicescarf","ability":"Justified","moves":["ironhead","rockslide","closecombat","zenheadbutt"],"nature":"Adamant","evs":{"hp":0,"atk":252,"def":0,"spa":0,"spd":144,"spe":112},"shiny":true,"ivs":{"hp":31,"atk":31,"def":31,"spa":31,"spd":31,"spe":31}},{"name":"Boss Toxx","species":"toxicroak","item":"blacksludge","ability":"Anticipation","moves":["fakeout","toxic","protect","superfang"],"nature":"Careful","evs":{"hp":0,"atk":0,"def":252,"spa":0,"spd":252,"spe":0},"gender":"M","shiny":true,"ivs":{"hp":31,"atk":31,"def":31,"spa":31,"spd":31,"spe":31}}],"p2team":[{"name":"Kermit On Roids","species":"seismitoad","item":"leftovers","ability":"Water Absorb","moves":["earthquake","scald","grassknot","sludgewave"],"nature":"Mild","evs":{"hp":252,"atk":4,"def":0,"spa":252,"spd":0,"spe":0},"shiny":true,"ivs":{"hp":31,"atk":31,"def":31,"spa":31,"spd":31,"spe":31}},{"name":"Barny On Roids","species":"garchomp","item":"choicescarf","ability":"Rough Skin","moves":["dragonclaw","earthquake","ironhead","stoneedge"],"nature":"Jolly","evs":{"hp":0,"atk":252,"def":0,"spa":0,"spd":4,"spe":252},"ivs":{"hp":31,"atk":31,"def":31,"spa":31,"spd":31,"spe":31}},{"name":"Excadrill","species":"Excadrill","item":"lifeorb","ability":"Sand Rush","moves":["earthquake","xscissor","swordsdance","ironhead"],"nature":"Adamant","evs":{"hp":0,"atk":252,"def":0,"spa":0,"spd":4,"spe":252},"ivs":{"hp":31,"atk":31,"def":31,"spa":31,"spd":31,"spe":31}},{"name":"Sonic-On-Roids","species":"nidoking","item":"choicescarf","ability":"Sheer Force","moves":["shadowball","earthpower","sludgewave","thunderbolt"],"nature":"Timid","evs":{"hp":0,"atk":0,"def":0,"spa":252,"spd":4,"spe":252},"shiny":true,"ivs":{"hp":31,"atk":31,"def":31,"spa":31,"spd":31,"spe":31}},{"name":"Hulk W/o Roids","species":"landorus","item":"choicescarf","ability":"Sheer Force","moves":["earthpower","focusblast","grassknot","uturn"],"nature":"Naive","evs":{"hp":0,"atk":252,"def":0,"spa":4,"spd":0,"spe":252},"shiny":true,"ivs":{"hp":31,"atk":31,"def":31,"spa":31,"spd":31,"spe":31}},{"name":"Numel On Roids","species":"hippowdon","item":"leftovers","ability":"Sand Stream","moves":["earthquake","stoneedge","stealthrock","whirlwind"],"nature":"Adamant","evs":{"hp":252,"atk":252,"def":0,"spa":0,"spd":4,"spe":0},"shiny":true,"ivs":{"hp":31,"atk":31,"def":31,"spa":31,"spd":31,"spe":31}}],"log":["|player|p1|Emporer Galaxious|136","|player|p2|Sovereign♕Cactus|251","|gametype|singles","|gen|6","|tier|Monotype","|rated","|rule|Baton Pass Clause: Limit one Baton Passer, can't pass Spe and other stats simultaneously","|rule|Swagger Clause: Swagger is banned","|rule|Same Type Clause: Pokémon in a team must share a type","|clearpoke","|poke|p1|Conkeldurr, M, shiny","|poke|p1|Scrafty, M","|poke|p1|Hawlucha, M","|poke|p1|Gallade, M, shiny","|poke|p1|Terrakion, shiny","|poke|p1|Toxicroak, M, shiny","|poke|p2|Seismitoad, M, shiny","|poke|p2|Garchomp, F","|poke|p2|Excadrill, F","|poke|p2|Nidoking, M, shiny","|poke|p2|Landorus, M, shiny","|poke|p2|Hippowdon, M, shiny","|rule|Sleep Clause Mod: Limit one foe put to sleep","|rule|Species Clause: Limit one of each Pokémon","|rule|OHKO Clause: OHKO moves are banned","|rule|Moody Clause: Moody is banned","|rule|Evasion Moves Clause: Evasion moves are banned","|rule|Endless Battle Clause: Forcing endless battles is banned","|rule|HP Percentage Mod: HP is shown in percentages","|teampreview","|","|start","|switch|p1a: Boss Vortex|Gallade, M, shiny|277/277","|switch|p2a: Numel On Roids|Hippowdon, M, shiny|420/420","|-weather|Sandstorm","|turn|1","|","|move|p1a: Boss Vortex|Leaf Blade|p2a: Numel On Roids","|-supereffective|p2a: Numel On Roids","|-damage|p2a: Numel On Roids|222/420","|move|p2a: Numel On Roids|Stealth Rock|p1a: Boss Vortex","|-sidestart|p1: Emporer Galaxious|move: Stealth Rock","|","|-weather|Sandstorm|[upkeep]","|-damage|p1a: Boss Vortex|260/277|[from] sandstorm","|-heal|p2a: Numel On Roids|248/420|[from] item: Leftovers","|turn|2","|","|detailschange|p1a: Boss Vortex|Gallade-Mega, M, shiny","|-mega|p1a: Boss Vortex|Gallade|Galladite","|move|p1a: Boss Vortex|Leaf Blade|p2a: Numel On Roids","|-supereffective|p2a: Numel On Roids","|-damage|p2a: Numel On Roids|12/420","|move|p2a: Numel On Roids|Earthquake|p1a: Boss Vortex","|-damage|p1a: Boss Vortex|76/277","|","|-weather|Sandstorm|[upkeep]","|-damage|p1a: Boss Vortex|59/277|[from] sandstorm","|-heal|p2a: Numel On Roids|38/420|[from] item: Leftovers","|turn|3","|","|switch|p2a: Barny On Roids|Garchomp, F|357/357","|move|p1a: Boss Vortex|Drain Punch|p2a: Barny On Roids","|-damage|p2a: Barny On Roids|201/357","|-heal|p1a: Boss Vortex|137/277|[from] drain|[of] p2a: Barny On Roids","|-damage|p1a: Boss Vortex|103/277|[from] ability: Rough Skin|[of] p2a: Barny On Roids","|","|-weather|Sandstorm|[upkeep]","|-damage|p1a: Boss Vortex|86/277|[from] sandstorm","|turn|4","|","|move|p2a: Barny On Roids|Earthquake|p1a: Boss Vortex","|-damage|p1a: Boss Vortex|0 fnt","|faint|p1a: Boss Vortex","|","|-weather|Sandstorm|[upkeep]","|","|switch|p1a: Boss Slick|Hawlucha, M|297/297","|-damage|p1a: Boss Slick|260/297|[from] Stealth Rock","|turn|5","|","|switch|p2a: Kermit On Roids|Seismitoad, M, shiny|414/414","|move|p1a: Boss Slick|Encore|p2a: Kermit On Roids","|-fail|p2a: Kermit On Roids","|","|-weather|none","|turn|6","|","|move|p1a: Boss Slick|Substitute|p1a: Boss Slick","|-start|p1a: Boss Slick|Substitute","|-damage|p1a: Boss Slick|186/297","|move|p2a: Kermit On Roids|Scald|p1a: Boss Slick","|-end|p1a: Boss Slick|Substitute","|","|turn|7","|","|move|p1a: Boss Slick|Flying Press|p2a: Kermit On Roids","|-damage|p2a: Kermit On Roids|249/414","|move|p2a: Kermit On Roids|Scald|p1a: Boss Slick","|-crit|p1a: Boss Slick","|-damage|p1a: Boss Slick|0 fnt","|faint|p1a: Boss Slick","|","|-heal|p2a: Kermit On Roids|274/414|[from] item: Leftovers","|","|switch|p1a: Boss Brigdin|Scrafty, M|272/272","|-damage|p1a: Boss Brigdin|255/272|[from] Stealth Rock","|turn|8","|","|move|p2a: Kermit On Roids|Scald|p1a: Boss Brigdin","|-damage|p1a: Boss Brigdin|170/272","|-status|p1a: Boss Brigdin|brn","|move|p1a: Boss Brigdin|Knock Off|p2a: Kermit On Roids","|-damage|p2a: Kermit On Roids|199/414","|-enditem|p2a: Kermit On Roids|Leftovers|[from] move: Knock Off|[of] p1a: Boss Brigdin","|","|-damage|p1a: Boss Brigdin|136/272 brn|[from] brn","|turn|9","|","|move|p2a: Kermit On Roids|Scald|p1a: Boss Brigdin","|-damage|p1a: Boss Brigdin|54/272 brn","|move|p1a: Boss Brigdin|Drain Punch|p2a: Kermit On Roids","|-damage|p2a: Kermit On Roids|139/414","|-heal|p1a: Boss Brigdin|84/272 brn|[from] drain|[of] p2a: Kermit On Roids","|","|-damage|p1a: Boss Brigdin|50/272 brn|[from] brn","|turn|10","|-activate|p1a: Boss Brigdin|item: Quick Claw","|","|move|p1a: Boss Brigdin|Outrage|p2a: Kermit On Roids","|-damage|p2a: Kermit On Roids|75/414","|move|p2a: Kermit On Roids|Earthquake|p1a: Boss Brigdin","|-crit|p1a: Boss Brigdin","|-damage|p1a: Boss Brigdin|0 fnt","|faint|p1a: Boss Brigdin","|","|","|switch|p1a: Boss Cavebro|Conkeldurr, M, shiny|352/352","|-damage|p1a: Boss Cavebro|330/352|[from] Stealth Rock","|turn|11","|","|move|p2a: Kermit On Roids|Scald|p1a: Boss Cavebro","|-damage|p1a: Boss Cavebro|252/352","|move|p1a: Boss Cavebro|Drain Punch|p2a: Kermit On Roids","|-damage|p2a: Kermit On Roids|0 fnt","|-heal|p1a: Boss Cavebro|290/352|[from] drain|[of] p2a: Kermit On Roids","|faint|p2a: Kermit On Roids","|","|","|switch|p2a: Numel On Roids|Hippowdon, M, shiny|38/420","|-weather|Sandstorm","|turn|12","|","|move|p2a: Numel On Roids|Earthquake|p1a: Boss Cavebro","|-damage|p1a: Boss Cavebro|151/352","|move|p1a: Boss Cavebro|Drain Punch|p2a: Numel On Roids","|-damage|p2a: Numel On Roids|0 fnt","|-heal|p1a: Boss Cavebro|170/352|[from] drain|[of] p2a: Numel On Roids","|faint|p2a: Numel On Roids","|","|-weather|Sandstorm|[upkeep]","|-damage|p1a: Boss Cavebro|148/352|[from] sandstorm","|","|switch|p2a: Barny On Roids|Garchomp, F|201/357","|turn|13","|","|move|p2a: Barny On Roids|Earthquake|p1a: Boss Cavebro","|-damage|p1a: Boss Cavebro|6/352","|move|p1a: Boss Cavebro|Ice Punch|p2a: Barny On Roids","|-supereffective|p2a: Barny On Roids","|-damage|p2a: Barny On Roids|0 fnt","|-damage|p1a: Boss Cavebro|0 fnt|[from] ability: Rough Skin|[of] p2a: Barny On Roids","|faint|p1a: Boss Cavebro","|faint|p2a: Barny On Roids","|","|-weather|Sandstorm|[upkeep]","|","|switch|p1a: Boss Buffetron|Terrakion, shiny|323/323","|switch|p2a: Excadrill|Excadrill, F|361/361","|-damage|p1a: Boss Buffetron|303/323|[from] Stealth Rock","|turn|14","|","|move|p2a: Excadrill|Earthquake|p1a: Boss Buffetron","|-supereffective|p1a: Boss Buffetron","|-damage|p1a: Boss Buffetron|0 fnt","|-damage|p2a: Excadrill|325/361|[from] item: Life Orb","|faint|p1a: Boss Buffetron","|","|-weather|Sandstorm|[upkeep]","|","|switch|p1a: Boss Toxx|Toxicroak, M, shiny|307/307","|-damage|p1a: Boss Toxx|288/307|[from] Stealth Rock","|-activate|p1a: Boss Toxx|ability: Anticipation","|turn|15","|","|move|p1a: Boss Toxx|Fake Out|p2a: Excadrill","|-resisted|p2a: Excadrill","|-damage|p2a: Excadrill|300/361","|cant|p2a: Excadrill|flinch","|","|-weather|Sandstorm|[upkeep]","|-damage|p1a: Boss Toxx|269/307|[from] sandstorm","|-heal|p1a: Boss Toxx|288/307|[from] item: Black Sludge","|turn|16","|","|move|p2a: Excadrill|Earthquake|p1a: Boss Toxx","|-crit|p1a: Boss Toxx","|-supereffective|p1a: Boss Toxx","|-damage|p1a: Boss Toxx|0 fnt","|-damage|p2a: Excadrill|264/361|[from] item: Life Orb","|faint|p1a: Boss Toxx","|","|win|Sovereign♕Cactus"],"p1rating":{"entryid":"6733187","serverid":"eos","formatid":"monotype","userid":"emporergalaxious","username":"Emporer Galaxious","w":"13","l":20,"t":"0","gxe":38.4,"r":1419.2700685741,"rd":61.204463183325,"sigma":"0","rptime":1438333200,"rpr":1410.1392725339,"rprd":60.303946923363,"rpsigma":"0","acre":1062.0624098412,"lacre":1062.0624098412,"oldacre":"1081.8978464632"},"p2rating":{"entryid":"6867552","serverid":"eos","formatid":"monotype","userid":"sovereigncactus","username":"Sovereign♕Cactus","w":43,"l":"53","t":"0","gxe":44.4,"r":"1461.6956434101","rd":"40.32407721443","sigma":"0","rptime":"1438333200","rpr":1457.8094683097,"rprd":36.72943520644,"rpsigma":"0","acre":1142.490629288,"lacre":1142.490629288,"oldacre":"1120.2383024435"},"endType":"normal"}