{"seed":[64394,50937,47483,39957],"turns":26,"p1":"Alliance - Mxy","p2":"Guard Mentalist","p1team":[{"name":"Stunfisk","species":"Stunfisk","item":"airballoon","ability":"Static","moves":["stealthrock","scald","hiddenpowerice","toxic"],"nature":"Bold","evs":{"hp":248,"atk":0,"def":252,"spa":8,"spd":0,"spe":0},"ivs":{"hp":31,"atk":30,"def":30,"spa":31,"spd":31,"spe":31}},{"name":"Dixan","species":"rotomwash","item":"leftovers","ability":"Levitate","moves":["voltswitch","thunderwave","willowisp","hydropump"],"nature":"Calm","evs":{"hp":248,"atk":0,"def":0,"spa":8,"spd":252,"spe":0},"ivs":{"hp":31,"atk":31,"def":31,"spa":31,"spd":31,"spe":31}},{"name":"God","species":"magnezone","item":"choicescarf","ability":"Magnet Pull","moves":["voltswitch","flashcannon","thunderbolt","hiddenpowerfire"],"nature":"Timid","evs":{"hp":0,"atk":0,"def":0,"spa":252,"spd":4,"spe":252},"ivs":{"hp":31,"atk":30,"def":31,"spa":30,"spd":31,"spe":30}},{"name":"I don't like you","species":"thundurus","item":"lifeorb","ability":"Prankster","moves":["discharge","hiddenpowerice","grassknot","focusblast"],"nature":"Timid","evs":{"hp":0,"atk":0,"def":0,"spa":252,"spd":4,"spe":252},"ivs":{"hp":31,"atk":30,"def":30,"spa":31,"spd":31,"spe":31}},{"name":"Zaptres","species":"zapdos","item":"custapberry","ability":"Pressure","moves":["defog","tailwind","voltswitch","heatwave"],"nature":"Bold","evs":{"hp":248,"atk":0,"def":152,"spa":0,"spd":0,"spe":108},"ivs":{"hp":31,"atk":31,"def":31,"spa":31,"spd":31,"spe":31}},{"name":"Difficult name","species":"eelektross","item":"assaultvest","ability":"Levitate","moves":["dragonclaw","knockoff","drainpunch","firepunch"],"nature":"Adamant","evs":{"hp":96,"atk":252,"def":0,"spa":0,"spd":0,"spe":160},"ivs":{"hp":31,"atk":31,"def":31,"spa":31,"spd":31,"spe":31}}],"p2team":[{"name":"Jirachi","species":"Jirachi","item":"choicescarf","ability":"Serene Grace","moves":["ironhead","trick","healingwish","uturn"],"nature":"Jolly","evs":{"hp":0,"atk":252,"def":0,"spa":0,"spd":4,"spe":252},"ivs":{"hp":31,"atk":31,"def":31,"spa":31,"spd":31,"spe":31}},{"name":"Victini","species":"Victini","item":"choicescarf","ability":"Victory Star","moves":["vcreate","boltstrike","zenheadbutt","blueflare"],"nature":"Adamant","evs":{"hp":0,"atk":252,"def":0,"spa":0,"spd":4,"spe":252},"ivs":{"hp":31,"atk":31,"def":31,"spa":31,"spd":31,"spe":31}},{"name":"Mew","species":"Mew","item":"leftovers","ability":"Synchronize","moves":["roost","stealthrock","defog","willowisp"],"nature":"Calm","evs":{"hp":252,"atk":0,"def":4,"spa":0,"spd":144,"spe":108},"ivs":{"hp":31,"atk":31,"def":31,"spa":31,"spd":31,"spe":31}},{"name":"Gardevoir","species":"Gardevoir","item":"gardevoirite","ability":"Trace","moves":["hypervoice","psyshock","focusblast","substitute"],"nature":"Timid","evs":{"hp":0,"atk":0,"def":0,"spa":252,"spd":4,"spe":252},"ivs":{"hp":31,"atk":31,"def":31,"spa":31,"spd":31,"spe":31}},{"name":"Meloetta","species":"Meloetta","item":"assaultvest","ability":"Serene Grace","moves":["focusblast","psyshock","energyball","shadowball"],"nature":"Modest","evs":{"hp":248,"atk":0,"def":0,"spa":252,"spd":8,"spe":0},"ivs":{"hp":31,"atk":31,"def":31,"spa":31,"spd":31,"spe":31}},{"name":"Slowbro","species":"Slowbro","item":"rockyhelmet","ability":"Regenerator","moves":["slackoff","scald","fireblast","thunderwave"],"nature":"Bold","evs":{"hp":248,"atk":0,"def":252,"spa":8,"spd":0,"spe":0},"ivs":{"hp":31,"atk":31,"def":31,"spa":31,"spd":31,"spe":31}}],"log":["|player|p1|Alliance - Mxy|270","|player|p2|Guard Mentalist|184","|gametype|singles","|gen|6","|tier|Monotype","|rated","|rule|Baton Pass Clause: Limit one Baton Passer, can't pass Spe and other stats simultaneously","|rule|Swagger Clause: Swagger is banned","|rule|Same Type Clause: Pokémon in a team must share a type","|clearpoke","|poke|p1|Stunfisk, M","|poke|p1|Rotom-Wash","|poke|p1|Magnezone","|poke|p1|Thundurus, M","|poke|p1|Zapdos","|poke|p1|Eelektross, M","|poke|p2|Jirachi","|poke|p2|Victini","|poke|p2|Mew","|poke|p2|Gardevoir, M","|poke|p2|Meloetta","|poke|p2|Slowbro, F","|rule|Sleep Clause Mod: Limit one foe put to sleep","|rule|Species Clause: Limit one of each Pokémon","|rule|OHKO Clause: OHKO moves are banned","|rule|Moody Clause: Moody is banned","|rule|Evasion Moves Clause: Evasion moves are banned","|rule|Endless Battle Clause: Forcing endless battles is banned","|rule|HP Percentage Mod: HP is shown in percentages","|teampreview","|","|start","|switch|p1a: God|Magnezone|281/281","|switch|p2a: Mew|Mew|404/404","|turn|1","|","|move|p1a: God|Volt Switch|p2a: Mew","|-crit|p2a: Mew","|-damage|p2a: Mew|260/404","|","|switch|p1a: Zaptres|Zapdos|383/383","|-ability|p1a: Zaptres|Pressure","|move|p2a: Mew|Stealth Rock|p1a: Zaptres","|-sidestart|p1: Alliance - Mxy|move: Stealth Rock","|","|-heal|p2a: Mew|285/404|[from] item: Leftovers","|turn|2","|","|move|p1a: Zaptres|Defog|p2a: Mew","|-unboost|p2a: Mew|evasion|1","|-sideend|p1: Alliance - Mxy|Stealth Rock|[from] move: Defog|[of] p1a: Zaptres","|move|p2a: Mew|Will-O-Wisp|p1a: Zaptres","|-status|p1a: Zaptres|brn","|","|-heal|p2a: Mew|310/404|[from] item: Leftovers","|-damage|p1a: Zaptres|336/383 brn|[from] brn","|turn|3","|","|move|p1a: Zaptres|Volt Switch|p2a: Mew","|-damage|p2a: Mew|235/404","|","|switch|p1a: Difficult name|Eelektross, M|335/335","|move|p2a: Mew|Roost|p2a: Mew","|-heal|p2a: Mew|404/404","|","|turn|4","|","|move|p2a: Mew|Stealth Rock|p1a: Difficult name","|-sidestart|p1: Alliance - Mxy|move: Stealth Rock","|move|p1a: Difficult name|Knock Off|p2a: Mew","|-supereffective|p2a: Mew","|-damage|p2a: Mew|184/404","|-enditem|p2a: Mew|Leftovers|[from] move: Knock Off|[of] p1a: Difficult name","|","|turn|5","|","|switch|p1a: Zaptres|Zapdos|336/383 brn","|-damage|p1a: Zaptres|241/383 brn|[from] Stealth Rock","|-ability|p1a: Zaptres|Pressure","|move|p2a: Mew|Roost|p2a: Mew","|-heal|p2a: Mew|386/404","|","|-damage|p1a: Zaptres|194/383 brn|[from] brn","|turn|6","|","|move|p1a: Zaptres|Defog|p2a: Mew","|-unboost|p2a: Mew|evasion|1","|-sideend|p1: Alliance - Mxy|Stealth Rock|[from] move: Defog|[of] p1a: Zaptres","|move|p2a: Mew|Stealth Rock|p1a: Zaptres","|-sidestart|p1: Alliance - Mxy|move: Stealth Rock","|","|-damage|p1a: Zaptres|147/383 brn|[from] brn","|turn|7","|","|move|p1a: Zaptres|Defog|p2a: Mew","|-unboost|p2a: Mew|evasion|1","|-sideend|p1: Alliance - Mxy|Stealth Rock|[from] move: Defog|[of] p1a: Zaptres","|move|p2a: Mew|Stealth Rock|p1a: Zaptres","|-sidestart|p1: Alliance - Mxy|move: Stealth Rock","|","|-damage|p1a: Zaptres|100/383 brn|[from] brn","|turn|8","|","|move|p1a: Zaptres|Volt Switch|p2a: Mew","|-damage|p2a: Mew|308/404","|","|switch|p1a: Stunfisk|Stunfisk, M|421/421","|-damage|p1a: Stunfisk|395/421|[from] Stealth Rock","|-item|p1a: Stunfisk|Air Balloon","|move|p2a: Mew|Stealth Rock|p1a: Stunfisk","|-fail|p1a: Stunfisk","|","|turn|9","|","|move|p2a: Mew|Will-O-Wisp|p1a: Stunfisk|[miss]","|-miss|p2a: Mew|p1a: Stunfisk","|move|p1a: Stunfisk|Stealth Rock|p2a: Mew","|-sidestart|p2: Guard Mentalist|move: Stealth Rock","|","|turn|10","|","|move|p2a: Mew|Defog|p1a: Stunfisk","|-unboost|p1a: Stunfisk|evasion|1","|-sideend|p1: Alliance - Mxy|Stealth Rock|[from] move: Defog|[of] p1a: Stunfisk","|-sideend|p2: Guard Mentalist|Stealth Rock|[from] move: Defog|[of] p2a: Mew","|move|p1a: Stunfisk|Toxic|p2a: Mew","|-status|p2a: Mew|tox","|-status|p1a: Stunfisk|tox","|","|-damage|p2a: Mew|283/404 tox|[from] psn","|-damage|p1a: Stunfisk|369/421 tox|[from] psn","|turn|11","|","|move|p2a: Mew|Stealth Rock|p1a: Stunfisk","|-sidestart|p1: Alliance - Mxy|move: Stealth Rock","|move|p1a: Stunfisk|Stealth Rock|p2a: Mew","|-sidestart|p2: Guard Mentalist|move: Stealth Rock","|","|-damage|p2a: Mew|233/404 tox|[from] psn","|-damage|p1a: Stunfisk|317/421 tox|[from] psn","|turn|12","|","|switch|p2a: Gardevoir|Gardevoir, M|277/277","|-damage|p2a: Gardevoir|243/277|[from] Stealth Rock","|-ability|p2a: Gardevoir|Static|[from] ability: Trace|[of] p1a: Stunfisk","|move|p1a: Stunfisk|Stealth Rock|p2a: Gardevoir","|-fail|p2a: Gardevoir","|","|-damage|p1a: Stunfisk|239/421 tox|[from] psn","|turn|13","|","|detailschange|p2a: Gardevoir|Gardevoir-Mega, M","|-mega|p2a: Gardevoir|Gardevoir|Gardevoirite","|move|p2a: Gardevoir|Substitute|p2a: Gardevoir","|-start|p2a: Gardevoir|Substitute","|-damage|p2a: Gardevoir|174/277","|move|p1a: Stunfisk|Scald|p2a: Gardevoir","|-activate|p2a: Gardevoir|Substitute|[damage]","|","|-damage|p1a: Stunfisk|135/421 tox|[from] psn","|turn|14","|","|move|p2a: Gardevoir|Hyper Voice|p1a: Stunfisk","|-damage|p1a: Stunfisk|0 fnt","|-enditem|p1a: Stunfisk|Air Balloon","|faint|p1a: Stunfisk","|","|","|switch|p1a: God|Magnezone|281/281","|-damage|p1a: God|264/281|[from] Stealth Rock","|turn|15","|","|move|p1a: God|Volt Switch|p2a: Gardevoir","|-end|p2a: Gardevoir|Substitute","|","|switch|p1a: Dixan|Rotom-Wash|303/303","|-damage|p1a: Dixan|266/303|[from] Stealth Rock","|move|p2a: Gardevoir|Focus Blast|p1a: Dixan","|-crit|p1a: Dixan","|-damage|p1a: Dixan|76/303","|","|-heal|p1a: Dixan|94/303|[from] item: Leftovers","|turn|16","|","|move|p2a: Gardevoir|Hyper Voice|p1a: Dixan","|-damage|p1a: Dixan|0 fnt","|faint|p1a: Dixan","|","|","|switch|p1a: God|Magnezone|264/281","|-damage|p1a: God|247/281|[from] Stealth Rock","|turn|17","|","|switch|p2a: Meloetta|Meloetta|403/403","|-damage|p2a: Meloetta|353/403|[from] Stealth Rock","|move|p1a: God|Thunderbolt|p2a: Meloetta","|-damage|p2a: Meloetta|262/403","|","|turn|18","|","|move|p1a: God|Thunderbolt|p2a: Meloetta","|-damage|p2a: Meloetta|174/403","|move|p2a: Meloetta|Focus Blast|p1a: God","|-supereffective|p1a: God","|-damage|p1a: God|0 fnt","|faint|p1a: God","|","|","|switch|p1a: Zaptres|Zapdos|100/383 brn","|-damage|p1a: Zaptres|5/383 brn|[from] Stealth Rock","|-ability|p1a: Zaptres|Pressure","|turn|19","|-enditem|p1a: Zaptres|Custap Berry|[eat]","|-activate|p1a: Zaptres|Custap Berry","|","|move|p1a: Zaptres|Tailwind|p1a: Zaptres","|-sidestart|p1: Alliance - Mxy|move: Tailwind","|move|p2a: Meloetta|Psyshock|p1a: Zaptres","|-damage|p1a: Zaptres|0 fnt","|faint|p1a: Zaptres","|","|","|switch|p1a: Difficult name|Eelektross, M|335/335","|-damage|p1a: Difficult name|294/335|[from] Stealth Rock","|turn|20","|","|move|p1a: Difficult name|Knock Off|p2a: Meloetta","|-supereffective|p2a: Meloetta","|-damage|p2a: Meloetta|0 fnt","|-enditem|p2a: Meloetta|Assault Vest|[from] move: Knock Off|[of] p1a: Difficult name","|faint|p2a: Meloetta","|","|","|switch|p2a: Slowbro|Slowbro, F|393/393","|-damage|p2a: Slowbro|344/393|[from] Stealth Rock","|turn|21","|","|move|p1a: Difficult name|Knock Off|p2a: Slowbro","|-supereffective|p2a: Slowbro","|-damage|p2a: Slowbro|196/393","|-damage|p1a: Difficult name|239/335|[from] item: Rocky Helmet|[of] p2a: Slowbro","|-enditem|p2a: Slowbro|Rocky Helmet|[from] move: Knock Off|[of] p1a: Difficult name","|move|p2a: Slowbro|Scald|p1a: Difficult name","|-damage|p1a: Difficult name|166/335","|","|turn|22","|","|switch|p1a: I don't like you|Thundurus, M|299/299","|-damage|p1a: I don't like you|225/299|[from] Stealth Rock","|move|p2a: Slowbro|Slack Off|p2a: Slowbro","|-heal|p2a: Slowbro|393/393","|","|-sideend|p1: Alliance - Mxy|move: Tailwind","|turn|23","|","|switch|p2a: Jirachi|Jirachi|341/341","|-damage|p2a: Jirachi|320/341|[from] Stealth Rock","|move|p1a: I don't like you|Discharge|p2a: Jirachi","|-damage|p2a: Jirachi|139/341","|-status|p2a: Jirachi|par","|-damage|p1a: I don't like you|196/299|[from] item: Life Orb","|","|turn|24","|","|move|p1a: I don't like you|Discharge|p2a: Jirachi","|-damage|p2a: Jirachi|0 fnt","|-damage|p1a: I don't like you|167/299|[from] item: Life Orb","|faint|p2a: Jirachi","|","|","|switch|p2a: Victini|Victini|341/341","|-damage|p2a: Victini|256/341|[from] Stealth Rock","|turn|25","|","|move|p2a: Victini|V-create|p1a: I don't like you","|-damage|p1a: I don't like you|0 fnt","|-unboost|p2a: Victini|def|1","|-unboost|p2a: Victini|spd|1","|-unboost|p2a: Victini|spe|1","|faint|p1a: I don't like you","|","|","|switch|p1a: Difficult name|Eelektross, M|166/335","|-damage|p1a: Difficult name|125/335|[from] Stealth Rock","|turn|26","|","|move|p2a: Victini|V-create|p1a: Difficult name","|-damage|p1a: Difficult name|0 fnt","|-unboost|p2a: Victini|def|1","|-unboost|p2a: Victini|spd|1","|-unboost|p2a: Victini|spe|1","|faint|p1a: Difficult name","|","|win|Guard Mentalist"],"p1rating":{"entryid":"6690851","serverid":"eos","formatid":"monotype","userid":"alliancemxy","username":"Alliance - Mxy","w":"47","l":21,"t":"0","gxe":68.1,"r":"1650.3309103742","rd":"45.293245680802","sigma":"0","rptime":"1438333200","rpr":1644.0393263958,"rprd":44.956418305918,"rpsigma":"0","acre":1314.8569650227,"lacre":1314.8569650227,"oldacre":"1342.8592212414"},"p2rating":{"entryid":"6929172","serverid":"eos","formatid":"monotype","userid":"guardmentalist","username":"Guard Mentalist","w":8,"l":"1","t":"0","gxe":70.6,"r":"1599.3158172508","rd":"103.65549106529","sigma":"0","rptime":"1438333200","rpr":1669.9624963449,"rprd":91.146618922379,"rpsigma":"0","acre":1230.6246647322,"lacre":1230.6246647322,"oldacre":"1195.6218444589"},"endType":"normal"}