{"seed":[21712,55257,4062,53581],"turns":20,"p1":"Dusk Mistral","p2":"Inferno Sasuke","p1team":[{"name":"Yolo Swagit","species":"gengar","item":"focussash","ability":"Levitate","moves":["sludgewave","shadowball","destinybond","taunt"],"nature":"Timid","evs":{"hp":0,"atk":0,"def":0,"spa":252,"spd":4,"spe":252},"gender":"F","shiny":true,"ivs":{"hp":31,"atk":31,"def":31,"spa":31,"spd":31,"spe":31}},{"name":"Move Over","species":"drapion","item":"lifeorb","ability":"Sniper","moves":["swordsdance","crunch","earthquake","brickbreak"],"nature":"Jolly","evs":{"hp":0,"atk":0,"def":0,"spa":0,"spd":4,"spe":252},"gender":"F","shiny":true,"ivs":{"hp":31,"atk":31,"def":31,"spa":31,"spd":31,"spe":31}},{"name":"Coming Through","species":"venusaur","item":"venusaurite","ability":"Overgrow","moves":["sludgebomb","gigadrain","leechseed","synthesis"],"nature":"Calm","evs":{"hp":248,"atk":0,"def":0,"spa":8,"spd":252,"spe":0},"gender":"F","shiny":true,"ivs":{"hp":31,"atk":31,"def":31,"spa":31,"spd":31,"spe":31}},{"name":"GetOnMyLvl","species":"scolipede","item":"choiceband","ability":"Speed Boost","moves":["megahorn","poisonjab","earthquake","rockslide"],"nature":"Adamant","evs":{"hp":0,"atk":252,"def":0,"spa":0,"spd":4,"spe":252},"gender":"F","shiny":true,"ivs":{"hp":31,"atk":31,"def":31,"spa":31,"spd":31,"spe":31}},{"name":"Dis Algea Sweep","species":"dragalge","item":"blacksludge","ability":"Adaptability","moves":["dracometeor","toxicspikes","sludgewave","thunderbolt"],"nature":"Modest","evs":{"hp":252,"atk":0,"def":0,"spa":252,"spd":4,"spe":0},"gender":"F","ivs":{"hp":31,"atk":31,"def":31,"spa":31,"spd":31,"spe":31}},{"name":"Swagbat","species":"crobat","item":"blacksludge","ability":"Inner Focus","moves":["bravebird","defog","roost","taunt"],"nature":"Jolly","evs":{"hp":0,"atk":252,"def":4,"spa":0,"spd":0,"spe":252},"gender":"F","shiny":true,"ivs":{"hp":31,"atk":31,"def":31,"spa":31,"spd":31,"spe":31}}],"p2team":[{"name":"Politoed","species":"Politoed","item":"leftovers","ability":"Drizzle","moves":["icebeam","scald","toxic","encore"],"nature":"Bold","evs":{"hp":252,"atk":0,"def":252,"spa":4,"spd":0,"spe":0},"ivs":{"hp":31,"atk":31,"def":31,"spa":31,"spd":31,"spe":31}},{"name":"Carracosta","species":"Carracosta","item":"whiteherb","ability":"Solid Rock","moves":["shellsmash","stoneedge","waterfall","aquajet"],"nature":"Adamant","evs":{"hp":4,"atk":252,"def":0,"spa":0,"spd":0,"spe":252},"ivs":{"hp":31,"atk":31,"def":31,"spa":31,"spd":31,"spe":31}},{"name":"Feraligatr","species":"Feraligatr","item":"lifeorb","ability":"Torrent","moves":["waterfall","swordsdance","aquajet","crunch"],"nature":"Jolly","evs":{"hp":4,"atk":252,"def":0,"spa":0,"spd":0,"spe":252},"ivs":{"hp":31,"atk":31,"def":31,"spa":31,"spd":31,"spe":31}},{"name":"Cloyster","species":"Cloyster","item":"focussash","ability":"Shell Armor","moves":["iceshard","iciclespear","shellsmash","rockblast"],"nature":"Adamant","evs":{"hp":4,"atk":252,"def":0,"spa":0,"spd":0,"spe":252},"ivs":{"hp":31,"atk":31,"def":31,"spa":31,"spd":31,"spe":31}},{"name":"Keldeo","species":"Keldeo","item":"choicescarf","ability":"Justified","moves":["secretsword","surf","hydropump","hiddenpowerground"],"nature":"Timid","evs":{"hp":4,"atk":0,"def":0,"spa":252,"spd":0,"spe":252},"ivs":{"hp":31,"atk":31,"def":31,"spa":30,"spd":30,"spe":31}},{"name":"Swampert","species":"Swampert","item":"swampertite","ability":"Torrent","moves":["dynamicpunch","brickbreak","hydropump","icebeam"],"nature":"Lonely","evs":{"hp":4,"atk":252,"def":0,"spa":0,"spd":0,"spe":252},"ivs":{"hp":31,"atk":31,"def":31,"spa":31,"spd":31,"spe":31}}],"log":["|player|p1|Dusk Mistral|52","|player|p2|Inferno Sasuke|1","|gametype|singles","|gen|6","|tier|Monotype","|rated","|rule|Baton Pass Clause: Limit one Baton Passer, can't pass Spe and other stats simultaneously","|rule|Swagger Clause: Swagger is banned","|rule|Same Type Clause: Pokémon in a team must share a type","|clearpoke","|poke|p1|Gengar, F, shiny","|poke|p1|Drapion, F, shiny","|poke|p1|Venusaur, F, shiny","|poke|p1|Scolipede, F, shiny","|poke|p1|Dragalge, F","|poke|p1|Crobat, F, shiny","|poke|p2|Politoed, F","|poke|p2|Carracosta, M","|poke|p2|Feraligatr, M","|poke|p2|Cloyster, M","|poke|p2|Keldeo","|poke|p2|Swampert, F","|rule|Sleep Clause Mod: Limit one foe put to sleep","|rule|Species Clause: Limit one of each Pokémon","|rule|OHKO Clause: OHKO moves are banned","|rule|Moody Clause: Moody is banned","|rule|Evasion Moves Clause: Evasion moves are banned","|rule|Endless Battle Clause: Forcing endless battles is banned","|rule|HP Percentage Mod: HP is shown in percentages","|teampreview","|","|start","|switch|p1a: Dis Algea Sweep|Dragalge, F|334/334","|switch|p2a: Cloyster|Cloyster, M|242/242","|turn|1","|","|move|p2a: Cloyster|Icicle Spear|p1a: Dis Algea Sweep","|-supereffective|p1a: Dis Algea Sweep","|-damage|p1a: Dis Algea Sweep|244/334","|-supereffective|p1a: Dis Algea Sweep","|-damage|p1a: Dis Algea Sweep|164/334","|-supereffective|p1a: Dis Algea Sweep","|-damage|p1a: Dis Algea Sweep|80/334","|-supereffective|p1a: Dis Algea Sweep","|-damage|p1a: Dis Algea Sweep|0 fnt","|-hitcount|p1a: Dis Algea Sweep|4","|faint|p1a: Dis Algea Sweep","|","|","|switch|p1a: Yolo Swagit|Gengar, F, shiny|261/261","|turn|2","|","|move|p1a: Yolo Swagit|Destiny Bond|p1a: Yolo Swagit","|-singlemove|p1a: Yolo Swagit|Destiny Bond","|move|p2a: Cloyster|Rock Blast|p1a: Yolo Swagit","|-damage|p1a: Yolo Swagit|218/261","|-damage|p1a: Yolo Swagit|179/261","|-damage|p1a: Yolo Swagit|142/261","|-damage|p1a: Yolo Swagit|105/261","|-damage|p1a: Yolo Swagit|65/261","|-hitcount|p1a: Yolo Swagit|5","|","|turn|3","|","|move|p1a: Yolo Swagit|Destiny Bond|p1a: Yolo Swagit","|-singlemove|p1a: Yolo Swagit|Destiny Bond","|move|p2a: Cloyster|Rock Blast|p1a: Yolo Swagit|[miss]","|-miss|p2a: Cloyster|p1a: Yolo Swagit","|","|turn|4","|","|move|p1a: Yolo Swagit|Destiny Bond|p1a: Yolo Swagit","|-singlemove|p1a: Yolo Swagit|Destiny Bond","|move|p2a: Cloyster|Shell Smash|p2a: Cloyster","|-boost|p2a: Cloyster|atk|2","|-boost|p2a: Cloyster|spa|2","|-boost|p2a: Cloyster|spe|2","|-unboost|p2a: Cloyster|def|1","|-unboost|p2a: Cloyster|spd|1","|","|turn|5","|","|move|p2a: Cloyster|Shell Smash|p2a: Cloyster","|-boost|p2a: Cloyster|atk|2","|-boost|p2a: Cloyster|spa|2","|-boost|p2a: Cloyster|spe|2","|-unboost|p2a: Cloyster|def|1","|-unboost|p2a: Cloyster|spd|1","|move|p1a: Yolo Swagit|Destiny Bond|p1a: Yolo Swagit","|-singlemove|p1a: Yolo Swagit|Destiny Bond","|","|turn|6","|","|move|p2a: Cloyster|Shell Smash|p2a: Cloyster","|-boost|p2a: Cloyster|atk|2","|-boost|p2a: Cloyster|spa|2","|-boost|p2a: Cloyster|spe|2","|-unboost|p2a: Cloyster|def|1","|-unboost|p2a: Cloyster|spd|1","|move|p1a: Yolo Swagit|Destiny Bond|p1a: Yolo Swagit","|-singlemove|p1a: Yolo Swagit|Destiny Bond","|","|turn|7","|","|switch|p2a: Feraligatr|Feraligatr, M|312/312","|move|p1a: Yolo Swagit|Shadow Ball|p2a: Feraligatr","|-damage|p2a: Feraligatr|159/312","|","|turn|8","|","|move|p1a: Yolo Swagit|Sludge Wave|p2a: Feraligatr","|-damage|p2a: Feraligatr|0 fnt","|faint|p2a: Feraligatr","|","|","|switch|p2a: Cloyster|Cloyster, M|242/242","|turn|9","|","|move|p1a: Yolo Swagit|Destiny Bond|p1a: Yolo Swagit","|-singlemove|p1a: Yolo Swagit|Destiny Bond","|move|p2a: Cloyster|Shell Smash|p2a: Cloyster","|-boost|p2a: Cloyster|atk|2","|-boost|p2a: Cloyster|spa|2","|-boost|p2a: Cloyster|spe|2","|-unboost|p2a: Cloyster|def|1","|-unboost|p2a: Cloyster|spd|1","|","|turn|10","|","|move|p2a: Cloyster|Ice Shard|p1a: Yolo Swagit","|-damage|p1a: Yolo Swagit|0 fnt","|faint|p1a: Yolo Swagit","|-activate|p1a: Yolo Swagit|Destiny Bond","|faint|p2a: Cloyster","|","|","|switch|p1a: Coming Through|Venusaur, F, shiny|363/363","|switch|p2a: Politoed|Politoed, F|384/384","|-weather|RainDance","|turn|11","|","|detailschange|p1a: Coming Through|Venusaur-Mega, F, shiny","|-mega|p1a: Coming Through|Venusaur|Venusaurite","|move|p1a: Coming Through|Giga Drain|p2a: Politoed","|-supereffective|p2a: Politoed","|-damage|p2a: Politoed|160/384","|move|p2a: Politoed|Ice Beam|p1a: Coming Through","|-crit|p1a: Coming Through","|-supereffective|p1a: Coming Through","|-damage|p1a: Coming Through|297/363","|","|-weather|RainDance|[upkeep]","|-heal|p2a: Politoed|184/384|[from] item: Leftovers","|turn|12","|","|move|p1a: Coming Through|Giga Drain|p2a: Politoed","|-supereffective|p2a: Politoed","|-damage|p2a: Politoed|0 fnt","|-heal|p1a: Coming Through|363/363|[from] drain|[of] p2a: Politoed","|faint|p2a: Politoed","|","|-weather|RainDance|[upkeep]","|","|switch|p2a: Swampert|Swampert, F|342/342","|turn|13","|","|detailschange|p2a: Swampert|Swampert-Mega, F","|-mega|p2a: Swampert|Swampert|Swampertite","|move|p2a: Swampert|Dynamic Punch|p1a: Coming Through","|-resisted|p1a: Coming Through","|-damage|p1a: Coming Through|301/363","|-start|p1a: Coming Through|confusion","|-activate|p1a: Coming Through|confusion","|-damage|p1a: Coming Through|276/363|[from] confusion","|","|-weather|RainDance|[upkeep]","|turn|14","|","|move|p2a: Swampert|Ice Beam|p1a: Coming Through","|-supereffective|p1a: Coming Through","|-damage|p1a: Coming Through|232/363","|-activate|p1a: Coming Through|confusion","|-damage|p1a: Coming Through|209/363|[from] confusion","|","|-weather|RainDance|[upkeep]","|turn|15","|","|move|p2a: Swampert|Ice Beam|p1a: Coming Through","|-supereffective|p1a: Coming Through","|-damage|p1a: Coming Through|163/363","|-activate|p1a: Coming Through|confusion","|-damage|p1a: Coming Through|138/363|[from] confusion","|","|-weather|none","|turn|16","|","|move|p2a: Swampert|Ice Beam|p1a: Coming Through","|-supereffective|p1a: Coming Through","|-damage|p1a: Coming Through|96/363","|-activate|p1a: Coming Through|confusion","|move|p1a: Coming Through|Synthesis|p1a: Coming Through","|-heal|p1a: Coming Through|277/363","|","|turn|17","|","|move|p2a: Swampert|Ice Beam|p1a: Coming Through","|-supereffective|p1a: Coming Through","|-damage|p1a: Coming Through|233/363","|-end|p1a: Coming Through|confusion","|move|p1a: Coming Through|Giga Drain|p2a: Swampert","|-supereffective|p2a: Swampert","|-damage|p2a: Swampert|0 fnt","|-heal|p1a: Coming Through|363/363|[from] drain|[of] p2a: Swampert","|faint|p2a: Swampert","|","|","|switch|p2a: Carracosta|Carracosta, M|290/290","|turn|18","|","|move|p1a: Coming Through|Giga Drain|p2a: Carracosta","|-supereffective|p2a: Carracosta","|-damage|p2a: Carracosta|0 fnt","|faint|p2a: Carracosta","|","|","|switch|p2a: Keldeo|Keldeo|324/324","|turn|19","|","|move|p2a: Keldeo|Hidden Power|p1a: Coming Through","|-damage|p1a: Coming Through|315/363","|move|p1a: Coming Through|Giga Drain|p2a: Keldeo","|-supereffective|p2a: Keldeo","|-damage|p2a: Keldeo|96/324","|-heal|p1a: Coming Through|363/363|[from] drain|[of] p2a: Keldeo","|","|turn|20","|","|move|p2a: Keldeo|Hidden Power|p1a: Coming Through","|-damage|p1a: Coming Through|319/363","|move|p1a: Coming Through|Giga Drain|p2a: Keldeo","|-supereffective|p2a: Keldeo","|-damage|p2a: Keldeo|0 fnt","|-heal|p1a: Coming Through|363/363|[from] drain|[of] p2a: Keldeo","|faint|p2a: Keldeo","|","|win|Dusk Mistral"],"p1rating":{"entryid":"7292339","serverid":"eos","formatid":"monotype","userid":"duskmistral","username":"Dusk Mistral","w":2,"l":"0","t":"0","gxe":59.1,"r":"1500","rd":"130","sigma":"0","rptime":"1438333200","rpr":1572.9557590871,"rprd":116.24186069124,"rpsigma":"0","acre":1076.0924545384,"lacre":1076.0924545384,"oldacre":"1047.7368752561"},"p2rating":{"entryid":"7291991","serverid":"eos","formatid":"monotype","userid":"infernosasuke","username":"Inferno Sasuke","w":"0","l":2,"t":"0","gxe":39.8,"r":"1500","rd":"130","sigma":"0","rptime":"1438333200","rpr":1417.556658731,"rprd":116.44382965117,"rpsigma":"0","acre":1000,"lacre":1000,"oldacre":"1000"},"endType":"normal"}