{"seed":[23239,49552,24799,50039],"turns":22,"p1":"SWL Soul Eclipse","p2":"SWL HB","p1team":[{"name":"Jolteon","species":"Jolteon","item":"lifeorb","ability":"Quick Feet","moves":["thunder","hiddenpowerice","voltswitch","signalbeam"],"nature":"Timid","evs":{"hp":0,"atk":0,"def":0,"spa":252,"spd":4,"spe":252},"ivs":{"hp":31,"atk":30,"def":30,"spa":31,"spd":31,"spe":31}},{"name":"Magnezone","species":"Magnezone","item":"airballoon","ability":"Magnet Pull","moves":["hiddenpowerfire","discharge","flashcannon","toxic"],"nature":"Modest","evs":{"hp":248,"atk":0,"def":0,"spa":252,"spd":8,"spe":0},"ivs":{"hp":31,"atk":30,"def":31,"spa":30,"spd":31,"spe":30}},{"name":"Thundurus","species":"Thundurus","item":"lifeorb","ability":"Prankster","moves":["taunt","nastyplot","thunderbolt","hiddenpowerice"],"nature":"Timid","evs":{"hp":0,"atk":0,"def":0,"spa":252,"spd":4,"spe":252},"ivs":{"hp":31,"atk":30,"def":30,"spa":31,"spd":31,"spe":31}},{"name":"Electivire","species":"Electivire","item":"choicescarf","ability":"Motor Drive","moves":["crosschop","earthquake","icepunch","wildcharge"],"nature":"Adamant","evs":{"hp":0,"atk":252,"def":0,"spa":0,"spd":4,"spe":252},"ivs":{"hp":31,"atk":31,"def":31,"spa":31,"spd":31,"spe":31}},{"name":"Ampharos","species":"Ampharos","item":"ampharosite","ability":"Static","moves":["dragonpulse","thunderbolt","cottonguard","focusblast"],"nature":"Modest","evs":{"hp":248,"atk":0,"def":0,"spa":252,"spd":8,"spe":0},"ivs":{"hp":31,"atk":31,"def":31,"spa":31,"spd":31,"spe":31}},{"name":"Eelektross","species":"Eelektross","item":"leftovers","ability":"Levitate","moves":["acidspray","grassknot","thunderbolt","flamethrower"],"nature":"Modest","evs":{"hp":252,"atk":0,"def":0,"spa":252,"spd":4,"spe":0},"ivs":{"hp":31,"atk":31,"def":31,"spa":31,"spd":31,"spe":31}}],"p2team":[{"name":"Breloom","species":"Breloom","item":"lifeorb","ability":"Technician","moves":["spore","machpunch","bulletseed","rocktomb"],"nature":"Jolly","evs":{"hp":0,"atk":252,"def":0,"spa":0,"spd":4,"spe":252},"ivs":{"hp":31,"atk":31,"def":31,"spa":31,"spd":31,"spe":31}},{"name":"Ferrothorn","species":"Ferrothorn","item":"rockyhelmet","ability":"Iron Barbs","moves":["gyroball","leechseed","thunderwave","powerwhip"],"nature":"Relaxed","evs":{"hp":248,"atk":8,"def":252,"spa":0,"spd":0,"spe":0},"ivs":{"hp":31,"atk":31,"def":31,"spa":31,"spd":31,"spe":0}},{"name":"Venusaur","species":"Venusaur","item":"venusaurite","ability":"Chlorophyll","moves":["gigadrain","hiddenpowerfire","sludgebomb","synthesis"],"nature":"Modest","evs":{"hp":248,"atk":0,"def":0,"spa":252,"spd":8,"spe":0},"ivs":{"hp":31,"atk":30,"def":31,"spa":30,"spd":31,"spe":30}},{"name":"Cradily","species":"Cradily","item":"leftovers","ability":"Storm Drain","moves":["barrier","gigadrain","ancientpower","recover"],"nature":"Calm","evs":{"hp":252,"atk":0,"def":0,"spa":4,"spd":252,"spe":0},"ivs":{"hp":31,"atk":31,"def":31,"spa":31,"spd":31,"spe":31}},{"name":"Exeggutor","species":"Exeggutor","item":"sitrusberry","ability":"Harvest","moves":["leechseed","substitute","psychic","gigadrain"],"nature":"Bold","evs":{"hp":252,"atk":0,"def":252,"spa":4,"spd":0,"spe":0},"ivs":{"hp":31,"atk":31,"def":31,"spa":31,"spd":31,"spe":31}},{"name":"Shiftry","species":"Shiftry","item":"focussash","ability":"Chlorophyll","moves":["rockslide","tailwind","leafblade","suckerpunch"],"nature":"Adamant","evs":{"hp":0,"atk":252,"def":0,"spa":0,"spd":4,"spe":252},"ivs":{"hp":31,"atk":31,"def":31,"spa":31,"spd":31,"spe":31}}],"log":["|player|p1|SWL Soul Eclipse|swlsouleclipse.png","|player|p2|SWL HB|swlhb.gif","|gametype|singles","|gen|6","|tier|Monotype","|rated","|rule|Baton Pass Clause: Limit one Baton Passer, can't pass Spe and other stats simultaneously","|rule|Swagger Clause: Swagger is banned","|rule|Same Type Clause: Pokémon in a team must share a type","|clearpoke","|poke|p1|Jolteon, M","|poke|p1|Magnezone","|poke|p1|Thundurus, M","|poke|p1|Electivire, F","|poke|p1|Ampharos, M","|poke|p1|Eelektross, M","|poke|p2|Breloom, F","|poke|p2|Ferrothorn, M","|poke|p2|Venusaur, M","|poke|p2|Cradily, M","|poke|p2|Exeggutor, M","|poke|p2|Shiftry, F","|rule|Sleep Clause Mod: Limit one foe put to sleep","|rule|Species Clause: Limit one of each Pokémon","|rule|OHKO Clause: OHKO moves are banned","|rule|Moody Clause: Moody is banned","|rule|Evasion Moves Clause: Evasion moves are banned","|rule|Endless Battle Clause: Forcing endless battles is banned","|rule|HP Percentage Mod: HP is shown in percentages","|teampreview","|","|start","|switch|p1a: Magnezone|Magnezone|343/343","|switch|p2a: Breloom|Breloom, F|261/261","|-item|p1a: Magnezone|Air Balloon","|turn|1","|","|move|p2a: Breloom|Spore|p1a: Magnezone","|-status|p1a: Magnezone|slp","|cant|p1a: Magnezone|slp","|","|turn|2","|","|move|p2a: Breloom|Rock Tomb|p1a: Magnezone","|-resisted|p1a: Magnezone","|-damage|p1a: Magnezone|283/343 slp","|-enditem|p1a: Magnezone|Air Balloon","|-unboost|p1a: Magnezone|spe|1","|-damage|p2a: Breloom|235/261|[from] item: Life Orb","|cant|p1a: Magnezone|slp","|","|turn|3","|","|move|p2a: Breloom|Mach Punch|p1a: Magnezone","|-supereffective|p1a: Magnezone","|-damage|p1a: Magnezone|26/343 slp","|-damage|p2a: Breloom|209/261|[from] item: Life Orb","|-curestatus|p1a: Magnezone|slp","|move|p1a: Magnezone|Toxic|p2a: Breloom","|-status|p2a: Breloom|tox","|","|-damage|p2a: Breloom|193/261 tox|[from] psn","|turn|4","|","|switch|p1a: Thundurus|Thundurus, M|299/299","|move|p2a: Breloom|Mach Punch|p1a: Thundurus","|-resisted|p1a: Thundurus","|-damage|p1a: Thundurus|200/299","|-damage|p2a: Breloom|167/261 tox|[from] item: Life Orb","|","|-damage|p2a: Breloom|135/261 tox|[from] psn","|turn|5","|","|switch|p1a: Magnezone|Magnezone|26/343","|switch|p2a: Cradily|Cradily, M|376/376","|","|turn|6","|","|move|p1a: Magnezone|Toxic|p2a: Cradily","|-status|p2a: Cradily|tox","|move|p2a: Cradily|Ancient Power|p1a: Magnezone","|-resisted|p1a: Magnezone","|-damage|p1a: Magnezone|0 fnt","|faint|p1a: Magnezone","|","|-damage|p2a: Cradily|353/376 tox|[from] psn","|","|switch|p1a: Eelektross|Eelektross, M|374/374","|turn|7","|","|switch|p2a: Breloom|Breloom, F|135/261 tox","|move|p1a: Eelektross|Acid Spray|p2a: Breloom","|-supereffective|p2a: Breloom","|-damage|p2a: Breloom|0 fnt","|faint|p2a: Breloom","|","|","|switch|p2a: Ferrothorn|Ferrothorn, M|351/351","|turn|8","|","|move|p1a: Eelektross|Flamethrower|p2a: Ferrothorn","|-supereffective|p2a: Ferrothorn","|-damage|p2a: Ferrothorn|0 fnt","|faint|p2a: Ferrothorn","|","|","|switch|p2a: Exeggutor|Exeggutor, M|394/394","|turn|9","|","|move|p2a: Exeggutor|Leech Seed|p1a: Eelektross","|-start|p1a: Eelektross|move: Leech Seed","|move|p1a: Eelektross|Flamethrower|p2a: Exeggutor","|-supereffective|p2a: Exeggutor","|-damage|p2a: Exeggutor|82/394","|-enditem|p2a: Exeggutor|Sitrus Berry|[eat]","|-heal|p2a: Exeggutor|180/394|[from] item: Sitrus Berry","|","|-damage|p1a: Eelektross|328/374|[from] Leech Seed|[of] p2a: Exeggutor","|-heal|p2a: Exeggutor|226/394|[silent]","|turn|10","|","|move|p2a: Exeggutor|Substitute|p2a: Exeggutor","|-start|p2a: Exeggutor|Substitute","|-damage|p2a: Exeggutor|128/394","|move|p1a: Eelektross|Flamethrower|p2a: Exeggutor","|-supereffective|p2a: Exeggutor","|-end|p2a: Exeggutor|Substitute","|","|-heal|p1a: Eelektross|351/374|[from] item: Leftovers","|-damage|p1a: Eelektross|305/374|[from] Leech Seed|[of] p2a: Exeggutor","|-heal|p2a: Exeggutor|174/394|[silent]","|turn|11","|","|move|p2a: Exeggutor|Giga Drain|p1a: Eelektross","|-damage|p1a: Eelektross|187/374","|-heal|p2a: Exeggutor|233/394|[from] drain|[of] p1a: Eelektross","|move|p1a: Eelektross|Flamethrower|p2a: Exeggutor","|-supereffective|p2a: Exeggutor","|-damage|p2a: Exeggutor|0 fnt","|faint|p2a: Exeggutor","|","|-heal|p1a: Eelektross|210/374|[from] item: Leftovers","|","|switch|p2a: Venusaur|Venusaur, M|363/363","|turn|12","|","|switch|p1a: Thundurus|Thundurus, M|200/299","|detailschange|p2a: Venusaur|Venusaur-Mega, M","|-mega|p2a: Venusaur|Venusaur|Venusaurite","|move|p2a: Venusaur|Sludge Bomb|p1a: Thundurus","|-damage|p1a: Thundurus|0 fnt","|faint|p1a: Thundurus","|","|","|switch|p1a: Electivire|Electivire, F|291/291","|turn|13","|","|move|p1a: Electivire|Earthquake|p2a: Venusaur","|-damage|p2a: Venusaur|264/363","|move|p2a: Venusaur|Giga Drain|p1a: Electivire","|-crit|p1a: Electivire","|-damage|p1a: Electivire|57/291","|-heal|p2a: Venusaur|363/363|[from] drain|[of] p1a: Electivire","|","|turn|14","|","|move|p1a: Electivire|Earthquake|p2a: Venusaur","|-damage|p2a: Venusaur|265/363","|move|p2a: Venusaur|Giga Drain|p1a: Electivire","|-crit|p1a: Electivire","|-damage|p1a: Electivire|0 fnt","|-heal|p2a: Venusaur|294/363|[from] drain|[of] p1a: Electivire","|faint|p1a: Electivire","|","|","|switch|p1a: Eelektross|Eelektross, M|210/374","|turn|15","|","|move|p2a: Venusaur|Sludge Bomb|p1a: Eelektross","|-damage|p1a: Eelektross|0 fnt","|faint|p1a: Eelektross","|","|","|switch|p1a: Jolteon|Jolteon, M|271/271","|turn|16","|","|move|p1a: Jolteon|Signal Beam|p2a: Venusaur","|-damage|p2a: Venusaur|210/363","|-damage|p1a: Jolteon|244/271|[from] item: Life Orb","|move|p2a: Venusaur|Sludge Bomb|p1a: Jolteon","|-damage|p1a: Jolteon|79/271","|","|turn|17","|","|move|p1a: Jolteon|Signal Beam|p2a: Venusaur","|-damage|p2a: Venusaur|115/363","|-damage|p1a: Jolteon|52/271|[from] item: Life Orb","|move|p2a: Venusaur|Sludge Bomb|p1a: Jolteon","|-damage|p1a: Jolteon|0 fnt","|faint|p1a: Jolteon","|","|","|switch|p1a: Ampharos|Ampharos, M|383/383","|turn|18","|","|detailschange|p1a: Ampharos|Ampharos-Mega, M","|-mega|p1a: Ampharos|Ampharos|Ampharosite","|-ability|p1a: Ampharos|Mold Breaker","|move|p2a: Venusaur|Giga Drain|p1a: Ampharos","|-crit|p1a: Ampharos","|-resisted|p1a: Ampharos","|-damage|p1a: Ampharos|283/383","|-heal|p2a: Venusaur|165/363|[from] drain|[of] p1a: Ampharos","|move|p1a: Ampharos|Dragon Pulse|p2a: Venusaur","|-damage|p2a: Venusaur|0 fnt","|faint|p2a: Venusaur","|","|","|switch|p2a: Shiftry|Shiftry, F|321/321","|turn|19","|","|move|p2a: Shiftry|Leaf Blade|p1a: Ampharos","|-resisted|p1a: Ampharos","|-damage|p1a: Ampharos|209/383","|move|p1a: Ampharos|Focus Blast|p2a: Shiftry","|-supereffective|p2a: Shiftry","|-enditem|p2a: Shiftry|Focus Sash","|-damage|p2a: Shiftry|1/321","|","|turn|20","|","|move|p2a: Shiftry|Sucker Punch|p1a: Ampharos","|-damage|p1a: Ampharos|83/383","|move|p1a: Ampharos|Thunderbolt|p2a: Shiftry","|-crit|p2a: Shiftry","|-resisted|p2a: Shiftry","|-damage|p2a: Shiftry|0 fnt","|faint|p2a: Shiftry","|","|","|switch|p2a: Cradily|Cradily, M|353/376 tox","|turn|21","|","|move|p1a: Ampharos|Focus Blast|p2a: Cradily","|-supereffective|p2a: Cradily","|-damage|p2a: Cradily|97/376 tox","|move|p2a: Cradily|Ancient Power|p1a: Ampharos","|-damage|p1a: Ampharos|28/383","|","|-heal|p2a: Cradily|120/376 tox|[from] item: Leftovers","|-damage|p2a: Cradily|97/376 tox|[from] psn","|turn|22","|","|move|p1a: Ampharos|Dragon Pulse|p2a: Cradily","|-damage|p2a: Cradily|0 fnt","|faint|p2a: Cradily","|","|win|SWL Soul Eclipse"],"p1rating":{"entryid":"6458157","serverid":"eos","formatid":"monotype","userid":"swlsouleclipse","username":"SWL Soul Eclipse","w":11,"l":"8","t":"0","gxe":54.5,"r":"1525.6288434274","rd":"78.433241799747","sigma":"0","rptime":"1438333200","rpr":1534.9571622167,"rprd":76.992390611541,"rpsigma":"0","acre":1151.3302288356,"lacre":1151.3302288356,"oldacre":"1133.8809510917"},"p2rating":{"entryid":"6872578","serverid":"eos","formatid":"monotype","userid":"swlhb","username":"SWL HB","w":"2","l":8,"t":"0","gxe":30.9,"r":"1359.7793391052","rd":"102.1074726151","sigma":"0","rptime":"1438333200","rpr":1343.2449965541,"rprd":90.332690603799,"rpsigma":"0","acre":1015.9111449568,"lacre":1015.9111449568,"oldacre":"1025.56768151"},"endType":"normal"}