{"seed":[1794,27349,36777,27602],"turns":28,"p1":"DuskStefanClutch","p2":"Crystl Sabo","p1team":[{"name":"Flinch City!","species":"jirachi","item":"choicescarf","ability":"Serene Grace","moves":["ironhead","zenheadbutt","firepunch","playrough"],"nature":"Jolly","evs":{"hp":0,"atk":252,"def":0,"spa":0,"spd":4,"spe":252},"shiny":true,"ivs":{"hp":31,"atk":31,"def":31,"spa":31,"spd":31,"spe":31}},{"name":"Grand Master","species":"hoopaunbound","item":"lifeorb","ability":"Magician","moves":["psychic","darkpulse","hyperspacefury","firepunch"],"nature":"Hasty","evs":{"hp":0,"atk":4,"def":0,"spa":252,"spd":0,"spe":252},"shiny":true,"ivs":{"hp":31,"atk":31,"def":31,"spa":31,"spd":31,"spe":31}},{"name":"Lil-Muchkin","species":"azelf","item":"focussash","ability":"Levitate","moves":["stealthrock","knockoff","zenheadbutt","uturn"],"nature":"Jolly","evs":{"hp":0,"atk":252,"def":0,"spa":0,"spd":4,"spe":252},"shiny":true,"ivs":{"hp":31,"atk":31,"def":31,"spa":31,"spd":31,"spe":31}},{"name":"piece of shit","species":"sigilyph","item":"leftovers","ability":"Magic Guard","moves":["cosmicpower","roost","storedpower","airslash"],"nature":"Serious","evs":{"hp":178,"atk":0,"def":190,"spa":0,"spd":140,"spe":0},"shiny":true,"ivs":{"hp":31,"atk":31,"def":31,"spa":31,"spd":31,"spe":31}},{"name":"QueenOfBulk","species":"cresselia","item":"leftovers","ability":"Levitate","moves":["calmmind","shadowball","moonlight","psychic"],"nature":"Modest","evs":{"hp":252,"atk":0,"def":0,"spa":252,"spd":4,"spe":0},"shiny":true,"ivs":{"hp":31,"atk":31,"def":31,"spa":31,"spd":31,"spe":31}},{"name":"Gardevoir","species":"Gardevoir","item":"gardevoirite","ability":"Synchronize","moves":["hypervoice","shadowball","substitute","psyshock"],"nature":"Timid","evs":{"hp":0,"atk":0,"def":0,"spa":252,"spd":4,"spe":252},"gender":"F","shiny":true,"ivs":{"hp":31,"atk":31,"def":31,"spa":31,"spd":31,"spe":31}}],"p2team":[{"name":"GetWet","species":"politoed","item":"chestoberry","ability":"Drizzle","moves":["rest","scald","icebeam","psychic"],"nature":"Calm","evs":{"hp":252,"atk":0,"def":108,"spa":0,"spd":148,"spe":0},"shiny":true,"ivs":{"hp":31,"atk":31,"def":31,"spa":31,"spd":31,"spe":31}},{"name":"Hulk Smash","species":"poliwrath","item":"sitrusberry","ability":"Swift Swim","moves":["bellydrum","waterfall","brickbreak","earthquake"],"nature":"Adamant","evs":{"hp":4,"atk":252,"def":0,"spa":0,"spd":0,"spe":252},"shiny":true,"ivs":{"hp":31,"atk":31,"def":31,"spa":31,"spd":31,"spe":31}},{"name":"TwinkleToes","species":"swampert","item":"swampertite","ability":"Torrent","moves":["raindance","waterfall","earthquake","icepunch"],"nature":"Adamant","evs":{"hp":200,"atk":156,"def":0,"spa":0,"spd":4,"spe":148},"ivs":{"hp":31,"atk":31,"def":31,"spa":31,"spd":31,"spe":31}},{"name":"SSM","species":"gyarados","item":"leftovers","ability":"Intimidate","moves":["thunderwave","waterfall","bounce","earthquake"],"nature":"Adamant","evs":{"hp":252,"atk":252,"def":0,"spa":0,"spd":0,"spe":0},"shiny":true,"ivs":{"hp":31,"atk":31,"def":31,"spa":31,"spd":31,"spe":31}},{"name":"ShakeDatDaDaDa","species":"ludicolo","item":"lifeorb","ability":"Swift Swim","moves":["scald","energyball","icebeam","raindance"],"nature":"Modest","evs":{"hp":0,"atk":0,"def":0,"spa":252,"spd":0,"spe":252},"shiny":true,"ivs":{"hp":31,"atk":31,"def":31,"spa":31,"spd":31,"spe":31}},{"name":"Mega Illuminati","species":"starmie","item":"weaknesspolicy","ability":"Natural Cure","moves":["cosmicpower","recover","psychic","icebeam"],"nature":"Timid","evs":{"hp":220,"atk":0,"def":0,"spa":36,"spd":0,"spe":252},"shiny":true,"ivs":{"hp":31,"atk":31,"def":31,"spa":31,"spd":31,"spe":31}}],"log":["|player|p1|DuskStefanClutch|265","|player|p2|Crystl Sabo|161","|gametype|singles","|gen|6","|tier|Monotype","|rated","|rule|Baton Pass Clause: Limit one Baton Passer, can't pass Spe and other stats simultaneously","|rule|Swagger Clause: Swagger is banned","|rule|Same Type Clause: Pokémon in a team must share a type","|clearpoke","|poke|p1|Jirachi, shiny","|poke|p1|Hoopa-Unbound, shiny","|poke|p1|Azelf, shiny","|poke|p1|Sigilyph, M, shiny","|poke|p1|Cresselia, F, shiny","|poke|p1|Gardevoir, F, shiny","|poke|p2|Politoed, F, shiny","|poke|p2|Poliwrath, F, shiny","|poke|p2|Swampert, F","|poke|p2|Gyarados, M, shiny","|poke|p2|Ludicolo, F, shiny","|poke|p2|Starmie, shiny","|rule|Sleep Clause Mod: Limit one foe put to sleep","|rule|Species Clause: Limit one of each Pokémon","|rule|OHKO Clause: OHKO moves are banned","|rule|Moody Clause: Moody is banned","|rule|Evasion Moves Clause: Evasion moves are banned","|rule|Endless Battle Clause: Forcing endless battles is banned","|rule|HP Percentage Mod: HP is shown in percentages","|teampreview","|","|start","|switch|p1a: Lil-Muchkin|Azelf, shiny|291/291","|switch|p2a: GetWet|Politoed, F, shiny|384/384","|-weather|RainDance","|turn|1","|","|move|p1a: Lil-Muchkin|Stealth Rock|p2a: GetWet","|-sidestart|p2: Crystl Sabo|move: Stealth Rock","|move|p2a: GetWet|Scald|p1a: Lil-Muchkin","|-damage|p1a: Lil-Muchkin|119/291","|","|-weather|RainDance|[upkeep]","|turn|2","|","|move|p1a: Lil-Muchkin|Knock Off|p2a: GetWet","|-damage|p2a: GetWet|264/384","|-enditem|p2a: GetWet|Chesto Berry|[from] move: Knock Off|[of] p1a: Lil-Muchkin","|move|p2a: GetWet|Scald|p1a: Lil-Muchkin","|-crit|p1a: Lil-Muchkin","|-damage|p1a: Lil-Muchkin|0 fnt","|faint|p1a: Lil-Muchkin","|","|-weather|RainDance|[upkeep]","|","|switch|p1a: QueenOfBulk|Cresselia, F, shiny|444/444","|turn|3","|","|move|p1a: QueenOfBulk|Calm Mind|p1a: QueenOfBulk","|-boost|p1a: QueenOfBulk|spa|1","|-boost|p1a: QueenOfBulk|spd|1","|move|p2a: GetWet|Scald|p1a: QueenOfBulk","|-damage|p1a: QueenOfBulk|377/444","|","|-weather|RainDance|[upkeep]","|-heal|p1a: QueenOfBulk|404/444|[from] item: Leftovers","|turn|4","|","|switch|p2a: SSM|Gyarados, M, shiny|394/394","|-damage|p2a: SSM|296/394|[from] Stealth Rock","|-ability|p2a: SSM|Intimidate","|-unboost|p1a: QueenOfBulk|atk|1","|move|p1a: QueenOfBulk|Calm Mind|p1a: QueenOfBulk","|-boost|p1a: QueenOfBulk|spa|1","|-boost|p1a: QueenOfBulk|spd|1","|","|-weather|RainDance|[upkeep]","|-heal|p1a: QueenOfBulk|431/444|[from] item: Leftovers","|-heal|p2a: SSM|320/394|[from] item: Leftovers","|turn|5","|","|move|p1a: QueenOfBulk|Psychic|p2a: SSM","|-damage|p2a: SSM|68/394","|-unboost|p2a: SSM|spd|1","|move|p2a: SSM|Thunder Wave|p1a: QueenOfBulk","|-status|p1a: QueenOfBulk|par","|","|-weather|none","|-heal|p2a: SSM|92/394|[from] item: Leftovers","|-heal|p1a: QueenOfBulk|444/444 par|[from] item: Leftovers","|turn|6","|","|move|p2a: SSM|Waterfall|p1a: QueenOfBulk","|-damage|p1a: QueenOfBulk|317/444 par","|cant|p1a: QueenOfBulk|par","|","|-heal|p2a: SSM|116/394|[from] item: Leftovers","|-heal|p1a: QueenOfBulk|344/444 par|[from] item: Leftovers","|turn|7","|","|move|p2a: SSM|Waterfall|p1a: QueenOfBulk","|-damage|p1a: QueenOfBulk|209/444 par","|cant|p1a: QueenOfBulk|flinch","|","|-heal|p2a: SSM|140/394|[from] item: Leftovers","|-heal|p1a: QueenOfBulk|236/444 par|[from] item: Leftovers","|turn|8","|","|move|p2a: SSM|Waterfall|p1a: QueenOfBulk","|-damage|p1a: QueenOfBulk|110/444 par","|move|p1a: QueenOfBulk|Moonlight|p1a: QueenOfBulk","|-heal|p1a: QueenOfBulk|332/444 par","|","|-heal|p2a: SSM|164/394|[from] item: Leftovers","|-heal|p1a: QueenOfBulk|359/444 par|[from] item: Leftovers","|turn|9","|","|move|p2a: SSM|Waterfall|p1a: QueenOfBulk","|-damage|p1a: QueenOfBulk|239/444 par","|cant|p1a: QueenOfBulk|flinch","|","|-heal|p2a: SSM|188/394|[from] item: Leftovers","|-heal|p1a: QueenOfBulk|266/444 par|[from] item: Leftovers","|turn|10","|","|move|p2a: SSM|Waterfall|p1a: QueenOfBulk","|-damage|p1a: QueenOfBulk|131/444 par","|move|p1a: QueenOfBulk|Psychic|p2a: SSM","|-damage|p2a: SSM|0 fnt","|faint|p2a: SSM","|","|-heal|p1a: QueenOfBulk|158/444 par|[from] item: Leftovers","|","|switch|p2a: GetWet|Politoed, F, shiny|264/384","|-damage|p2a: GetWet|216/384|[from] Stealth Rock","|-weather|RainDance","|turn|11","|","|move|p2a: GetWet|Scald|p1a: QueenOfBulk","|-crit|p1a: QueenOfBulk","|-damage|p1a: QueenOfBulk|1/444 par","|move|p1a: QueenOfBulk|Moonlight|p1a: QueenOfBulk","|-heal|p1a: QueenOfBulk|112/444 par","|","|-weather|RainDance|[upkeep]","|-heal|p1a: QueenOfBulk|139/444 par|[from] item: Leftovers","|turn|12","|","|move|p2a: GetWet|Scald|p1a: QueenOfBulk","|-damage|p1a: QueenOfBulk|90/444 par","|move|p1a: QueenOfBulk|Psychic|p2a: GetWet","|-damage|p2a: GetWet|32/384","|","|-weather|RainDance|[upkeep]","|-heal|p1a: QueenOfBulk|117/444 par|[from] item: Leftovers","|turn|13","|","|move|p2a: GetWet|Rest|p2a: GetWet","|-status|p2a: GetWet|slp","|-heal|p2a: GetWet|384/384 slp|[silent]","|-status|p2a: GetWet|slp|[from] move: Rest","|move|p1a: QueenOfBulk|Psychic|p2a: GetWet","|-damage|p2a: GetWet|206/384 slp","|","|-weather|RainDance|[upkeep]","|-heal|p1a: QueenOfBulk|144/444 par|[from] item: Leftovers","|turn|14","|","|switch|p2a: TwinkleToes|Swampert, F|391/391","|-damage|p2a: TwinkleToes|367/391|[from] Stealth Rock","|move|p1a: QueenOfBulk|Psychic|p2a: TwinkleToes","|-damage|p2a: TwinkleToes|79/391","|","|-weather|RainDance|[upkeep]","|-heal|p1a: QueenOfBulk|171/444 par|[from] item: Leftovers","|turn|15","|","|detailschange|p2a: TwinkleToes|Swampert-Mega, F","|-mega|p2a: TwinkleToes|Swampert|Swampertite","|move|p2a: TwinkleToes|Waterfall|p1a: QueenOfBulk","|-crit|p1a: QueenOfBulk","|-damage|p1a: QueenOfBulk|0 fnt","|faint|p1a: QueenOfBulk","|","|-weather|none","|","|switch|p1a: Flinch City!|Jirachi, shiny|341/341","|turn|16","|","|move|p1a: Flinch City!|Iron Head|p2a: TwinkleToes","|-crit|p2a: TwinkleToes","|-resisted|p2a: TwinkleToes","|-damage|p2a: TwinkleToes|1/391","|move|p2a: TwinkleToes|Earthquake|p1a: Flinch City!","|-supereffective|p1a: Flinch City!","|-damage|p1a: Flinch City!|0 fnt","|faint|p1a: Flinch City!","|","|","|switch|p1a: Gardevoir|Gardevoir, F, shiny|277/277","|turn|17","|","|detailschange|p1a: Gardevoir|Gardevoir-Mega, F, shiny","|-mega|p1a: Gardevoir|Gardevoir|Gardevoirite","|move|p1a: Gardevoir|Hyper Voice|p2a: TwinkleToes","|-damage|p2a: TwinkleToes|0 fnt","|faint|p2a: TwinkleToes","|","|","|switch|p2a: Mega Illuminati|Starmie, shiny|316/316","|-damage|p2a: Mega Illuminati|277/316|[from] Stealth Rock","|turn|18","|","|move|p2a: Mega Illuminati|Cosmic Power|p2a: Mega Illuminati","|-boost|p2a: Mega Illuminati|def|1","|-boost|p2a: Mega Illuminati|spd|1","|move|p1a: Gardevoir|Shadow Ball|p2a: Mega Illuminati","|-supereffective|p2a: Mega Illuminati","|-damage|p2a: Mega Illuminati|113/316","|-enditem|p2a: Mega Illuminati|Weakness Policy","|-boost|p2a: Mega Illuminati|atk|2|[from] item: Weakness Policy","|-boost|p2a: Mega Illuminati|spa|2|[from] item: Weakness Policy","|","|turn|19","|","|move|p2a: Mega Illuminati|Recover|p2a: Mega Illuminati","|-heal|p2a: Mega Illuminati|271/316","|move|p1a: Gardevoir|Shadow Ball|p2a: Mega Illuminati","|-supereffective|p2a: Mega Illuminati","|-damage|p2a: Mega Illuminati|85/316","|","|turn|20","|","|move|p2a: Mega Illuminati|Ice Beam|p1a: Gardevoir","|-damage|p1a: Gardevoir|168/277","|move|p1a: Gardevoir|Shadow Ball|p2a: Mega Illuminati","|-supereffective|p2a: Mega Illuminati","|-damage|p2a: Mega Illuminati|0 fnt","|faint|p2a: Mega Illuminati","|","|","|switch|p2a: GetWet|Politoed, F, shiny|206/384 slp","|-damage|p2a: GetWet|158/384 slp|[from] Stealth Rock","|-weather|RainDance","|turn|21","|","|move|p1a: Gardevoir|Hyper Voice|p2a: GetWet","|-damage|p2a: GetWet|0 fnt","|faint|p2a: GetWet","|","|-weather|RainDance|[upkeep]","|","|switch|p2a: ShakeDatDaDaDa|Ludicolo, F, shiny|301/301","|-damage|p2a: ShakeDatDaDaDa|264/301|[from] Stealth Rock","|turn|22","|","|move|p2a: ShakeDatDaDaDa|Scald|p1a: Gardevoir","|-damage|p1a: Gardevoir|0 fnt","|-damage|p2a: ShakeDatDaDaDa|234/301|[from] item: Life Orb","|faint|p1a: Gardevoir","|","|-weather|RainDance|[upkeep]","|","|switch|p1a: piece of shit|Sigilyph, M, shiny|329/329","|turn|23","|","|switch|p2a: Hulk Smash|Poliwrath, F, shiny|322/322","|-damage|p2a: Hulk Smash|302/322|[from] Stealth Rock","|move|p1a: piece of shit|Cosmic Power|p1a: piece of shit","|-boost|p1a: piece of shit|def|1","|-boost|p1a: piece of shit|spd|1","|","|-weather|RainDance|[upkeep]","|turn|24","|","|move|p2a: Hulk Smash|Belly Drum|p2a: Hulk Smash","|-damage|p2a: Hulk Smash|141/322","|-setboost|p2a: Hulk Smash|atk|6|[from] move: Belly Drum","|-enditem|p2a: Hulk Smash|Sitrus Berry|[eat]","|-heal|p2a: Hulk Smash|221/322|[from] item: Sitrus Berry","|move|p1a: piece of shit|Cosmic Power|p1a: piece of shit","|-boost|p1a: piece of shit|def|1","|-boost|p1a: piece of shit|spd|1","|","|-weather|RainDance|[upkeep]","|turn|25","|","|move|p2a: Hulk Smash|Waterfall|p1a: piece of shit","|-damage|p1a: piece of shit|0 fnt","|faint|p1a: piece of shit","|","|-weather|none","|","|switch|p1a: Grand Master|Hoopa-Unbound, shiny|301/301","|turn|26","|","|move|p1a: Grand Master|Psychic|p2a: Hulk Smash","|-supereffective|p2a: Hulk Smash","|-damage|p2a: Hulk Smash|0 fnt","|-damage|p1a: Grand Master|271/301|[from] item: Life Orb","|faint|p2a: Hulk Smash","|","|","|switch|p2a: ShakeDatDaDaDa|Ludicolo, F, shiny|234/301","|-damage|p2a: ShakeDatDaDaDa|197/301|[from] Stealth Rock","|turn|27","|","|move|p1a: Grand Master|Fire Punch|p2a: ShakeDatDaDaDa","|-damage|p2a: ShakeDatDaDaDa|35/301","|-damage|p1a: Grand Master|241/301|[from] item: Life Orb","|move|p2a: ShakeDatDaDaDa|Ice Beam|p1a: Grand Master","|-damage|p1a: Grand Master|141/301","|-damage|p2a: ShakeDatDaDaDa|5/301|[from] item: Life Orb","|","|turn|28","|","|move|p1a: Grand Master|Hyperspace Fury|p2a: ShakeDatDaDaDa","|-damage|p2a: ShakeDatDaDaDa|0 fnt","|-unboost|p1a: Grand Master|def|1","|-damage|p1a: Grand Master|111/301|[from] item: Life Orb","|faint|p2a: ShakeDatDaDaDa","|","|win|DuskStefanClutch"],"p1rating":{"entryid":"6460224","serverid":"eos","formatid":"monotype","userid":"duskstefanclutch","username":"DuskStefanClutch","w":1,"l":"1","t":"0","gxe":51.4,"r":1458.9828888935,"rd":128.11278310085,"sigma":"0","rptime":1438333200,"rpr":1510.8385538292,"rprd":120.77376043229,"rpsigma":"0","acre":1053.7392085347,"lacre":1053.7392085347,"oldacre":"1000"},"p2rating":{"entryid":"5846197","serverid":"eos","formatid":"monotype","userid":"crystlsabo","username":"Crystl Sabo","w":"50","l":42,"t":"0","gxe":55.5,"r":"1547.5092113422","rd":"43.963146158257","sigma":"0","rptime":"1438333200","rpr":1541.7970991327,"rprd":43.670098305302,"rpsigma":"0","acre":1090.8063766231,"lacre":1090.8063766231,"oldacre":"1124.3933819573"},"endType":"normal"}