{"seed":[19632,57860,54501,27849],"turns":26,"p1":"Metalyte","p2":"Traine✘ Redbraze","p1team":[{"name":"Beedrill","species":"Beedrill","item":"beedrillite","ability":"Swarm","moves":["protect","uturn","poisonjab","knockoff"],"nature":"Jolly","evs":{"hp":0,"atk":252,"def":0,"spa":0,"spd":4,"spe":252},"ivs":{"hp":31,"atk":31,"def":31,"spa":31,"spd":31,"spe":31}},{"name":"Weezing","species":"Weezing","item":"blacksludge","ability":"Levitate","moves":["painsplit","willowisp","sludgebomb","toxicspikes"],"nature":"Bold","evs":{"hp":252,"atk":0,"def":252,"spa":0,"spd":4,"spe":0},"ivs":{"hp":31,"atk":31,"def":31,"spa":31,"spd":31,"spe":31}},{"name":"Tentacruel","species":"Tentacruel","item":"assaultvest","ability":"Liquid Ooze","moves":["scald","acidspray","gigadrain","icebeam"],"nature":"Modest","evs":{"hp":240,"atk":0,"def":0,"spa":252,"spd":0,"spe":16},"ivs":{"hp":31,"atk":31,"def":31,"spa":31,"spd":31,"spe":31}},{"name":"Nidoking","species":"Nidoking","item":"lifeorb","ability":"Sheer Force","moves":["sludgewave","earthpower","thunderbolt","icebeam"],"nature":"Timid","evs":{"hp":0,"atk":0,"def":0,"spa":252,"spd":4,"spe":252},"ivs":{"hp":31,"atk":31,"def":31,"spa":31,"spd":31,"spe":31}},{"name":"Gengar","species":"Gengar","item":"focussash","ability":"Levitate","moves":["shadowball","sludgewave","focusblast","energyball"],"nature":"Timid","evs":{"hp":0,"atk":0,"def":0,"spa":252,"spd":4,"spe":252},"ivs":{"hp":31,"atk":31,"def":31,"spa":31,"spd":31,"spe":31}},{"name":"Skuntank","species":"Skuntank","item":"blacksludge","ability":"Aftermath","moves":["defog","suckerpunch","snatch","shadowclaw"],"nature":"Adamant","evs":{"hp":252,"atk":252,"def":0,"spa":0,"spd":4,"spe":0},"ivs":{"hp":31,"atk":31,"def":31,"spa":31,"spd":31,"spe":31}}],"p2team":[{"name":"Breloom","species":"Breloom","item":"lifeorb","ability":"Technician","moves":["bulletseed","machpunch","spore","rocktomb"],"nature":"Jolly","evs":{"hp":0,"atk":252,"def":0,"spa":0,"spd":4,"spe":252},"ivs":{"hp":31,"atk":31,"def":31,"spa":31,"spd":31,"spe":31}},{"name":"Conkeldurr","species":"Conkeldurr","item":"assaultvest","ability":"Iron Fist","moves":["drainpunch","machpunch","knockoff","icepunch"],"nature":"Adamant","evs":{"hp":248,"atk":252,"def":0,"spa":0,"spd":8,"spe":0},"ivs":{"hp":31,"atk":31,"def":31,"spa":31,"spd":31,"spe":31}},{"name":"Keldeo-Resolute","species":"Keldeo-Resolute","item":"","ability":"Justified","moves":["hydropump","hiddenpowerice","secretsword","focusblast"],"nature":"Timid","evs":{"hp":0,"atk":0,"def":0,"spa":252,"spd":4,"spe":252},"ivs":{"hp":31,"atk":30,"def":30,"spa":31,"spd":31,"spe":31}},{"name":"Infernape","species":"Infernape","item":"focussash","ability":"Blaze","moves":["stealthrock","endeavor","overheat","focusblast"],"nature":"Timid","evs":{"hp":0,"atk":0,"def":0,"spa":252,"spd":4,"spe":252},"ivs":{"hp":31,"atk":31,"def":31,"spa":31,"spd":31,"spe":31}},{"name":"Medicham","species":"Medicham","item":"medichamite","ability":"Pure Power","moves":["fakeout","highjumpkick","icepunch","zenheadbutt"],"nature":"Jolly","evs":{"hp":0,"atk":252,"def":0,"spa":0,"spd":4,"spe":252},"ivs":{"hp":31,"atk":31,"def":31,"spa":31,"spd":31,"spe":31}},{"name":"Lucario","species":"Lucario","item":"choiceband","ability":"Justified","moves":["bulletpunch","closecombat","earthquake","extremespeed"],"nature":"Jolly","evs":{"hp":0,"atk":252,"def":0,"spa":0,"spd":4,"spe":252},"ivs":{"hp":31,"atk":31,"def":31,"spa":31,"spd":31,"spe":31}}],"log":["|player|p1|Metalyte|165","|player|p2|Traine✘ Redbraze|148","|gametype|singles","|gen|6","|tier|Monotype","|rated","|rule|Baton Pass Clause: Limit one Baton Passer, can't pass Spe and other stats simultaneously","|rule|Swagger Clause: Swagger is banned","|rule|Same Type Clause: Pokémon in a team must share a type","|clearpoke","|poke|p1|Beedrill, M","|poke|p1|Weezing, M","|poke|p1|Tentacruel, F","|poke|p1|Nidoking, M","|poke|p1|Gengar, F","|poke|p1|Skuntank, F","|poke|p2|Breloom, F","|poke|p2|Conkeldurr, M","|poke|p2|Keldeo-Resolute","|poke|p2|Infernape, M","|poke|p2|Medicham, F","|poke|p2|Lucario, F","|rule|Sleep Clause Mod: Limit one foe put to sleep","|rule|Species Clause: Limit one of each Pokémon","|rule|OHKO Clause: OHKO moves are banned","|rule|Moody Clause: Moody is banned","|rule|Evasion Moves Clause: Evasion moves are banned","|rule|Endless Battle Clause: Forcing endless battles is banned","|rule|HP Percentage Mod: HP is shown in percentages","|teampreview","|","|start","|switch|p1a: Beedrill|Beedrill, M|271/271","|switch|p2a: Infernape|Infernape, M|293/293","|turn|1","|","|detailschange|p1a: Beedrill|Beedrill-Mega, M","|-mega|p1a: Beedrill|Beedrill|Beedrillite","|move|p1a: Beedrill|Protect|p1a: Beedrill","|-singleturn|p1a: Beedrill|Protect","|move|p2a: Infernape|Stealth Rock|p1a: Beedrill","|-sidestart|p1: Metalyte|move: Stealth Rock","|","|turn|2","|","|move|p1a: Beedrill|U-turn|p2a: Infernape","|-resisted|p2a: Infernape","|-damage|p2a: Infernape|236/293","|","|switch|p1a: Tentacruel|Tentacruel, F|361/361","|-damage|p1a: Tentacruel|316/361|[from] Stealth Rock","|move|p2a: Infernape|Overheat|p1a: Tentacruel","|-resisted|p1a: Tentacruel","|-damage|p1a: Tentacruel|262/361","|-unboost|p2a: Infernape|spa|2","|","|turn|3","|","|switch|p2a: Medicham|Medicham, F|261/261","|move|p1a: Tentacruel|Acid Spray|p2a: Medicham","|-damage|p2a: Medicham|185/261","|-unboost|p2a: Medicham|spd|2","|","|turn|4","|","|switch|p1a: Weezing|Weezing, M|334/334","|-damage|p1a: Weezing|293/334|[from] Stealth Rock","|detailschange|p2a: Medicham|Medicham-Mega, F","|-mega|p2a: Medicham|Medicham|Medichamite","|move|p2a: Medicham|Fake Out|p1a: Weezing","|-damage|p1a: Weezing|240/334","|","|-heal|p1a: Weezing|260/334|[from] item: Black Sludge","|turn|5","|","|switch|p1a: Skuntank|Skuntank, F|410/410","|-damage|p1a: Skuntank|359/410|[from] Stealth Rock","|move|p2a: Medicham|Zen Headbutt|p1a: Skuntank","|-immune|p1a: Skuntank|[msg]","|","|-heal|p1a: Skuntank|384/410|[from] item: Black Sludge","|turn|6","|","|switch|p2a: Infernape|Infernape, M|236/293","|move|p1a: Skuntank|Shadow Claw|p2a: Infernape","|-damage|p2a: Infernape|131/293","|","|-heal|p1a: Skuntank|409/410|[from] item: Black Sludge","|turn|7","|","|move|p2a: Infernape|Overheat|p1a: Skuntank","|-damage|p1a: Skuntank|96/410","|-unboost|p2a: Infernape|spa|2","|move|p1a: Skuntank|Defog|p2a: Infernape","|-unboost|p2a: Infernape|evasion|1","|-sideend|p1: Metalyte|Stealth Rock|[from] move: Defog|[of] p1a: Skuntank","|","|-heal|p1a: Skuntank|121/410|[from] item: Black Sludge","|turn|8","|","|move|p1a: Skuntank|Snatch|p1a: Skuntank","|-singleturn|p1a: Skuntank|Snatch","|move|p2a: Infernape|Stealth Rock|p1a: Skuntank","|-sidestart|p1: Metalyte|move: Stealth Rock","|","|-heal|p1a: Skuntank|146/410|[from] item: Black Sludge","|turn|9","|","|move|p2a: Infernape|Overheat|p1a: Skuntank","|-damage|p1a: Skuntank|0 fnt","|-unboost|p2a: Infernape|spa|2","|faint|p1a: Skuntank","|","|","|switch|p1a: Gengar|Gengar, F|261/261","|-damage|p1a: Gengar|229/261|[from] Stealth Rock","|turn|10","|","|switch|p2a: Conkeldurr|Conkeldurr, M|413/413","|move|p1a: Gengar|Shadow Ball|p2a: Conkeldurr","|-damage|p2a: Conkeldurr|269/413","|","|turn|11","|","|switch|p1a: Weezing|Weezing, M|260/334","|-damage|p1a: Weezing|219/334|[from] Stealth Rock","|move|p2a: Conkeldurr|Knock Off|p1a: Weezing","|-damage|p1a: Weezing|133/334","|-enditem|p1a: Weezing|Black Sludge|[from] move: Knock Off|[of] p2a: Conkeldurr","|","|turn|12","|","|switch|p2a: Infernape|Infernape, M|131/293","|move|p1a: Weezing|Toxic Spikes|p2a: Infernape","|-sidestart|p2: Traine✘ Redbraze|move: Toxic Spikes","|","|turn|13","|","|move|p2a: Infernape|Overheat|p1a: Weezing","|-damage|p1a: Weezing|0 fnt","|-unboost|p2a: Infernape|spa|2","|faint|p1a: Weezing","|","|","|switch|p1a: Nidoking|Nidoking, M|303/303","|-damage|p1a: Nidoking|285/303|[from] Stealth Rock","|turn|14","|","|switch|p2a: Conkeldurr|Conkeldurr, M|269/413","|-status|p2a: Conkeldurr|psn","|move|p1a: Nidoking|Earth Power|p2a: Conkeldurr","|-damage|p2a: Conkeldurr|88/413 psn","|","|-damage|p2a: Conkeldurr|37/413 psn|[from] psn","|turn|15","|","|switch|p1a: Gengar|Gengar, F|229/261","|-damage|p1a: Gengar|197/261|[from] Stealth Rock","|move|p2a: Conkeldurr|Ice Punch|p1a: Gengar","|-damage|p1a: Gengar|0 fnt","|faint|p1a: Gengar","|","|-damage|p2a: Conkeldurr|0 fnt|[from] psn","|faint|p2a: Conkeldurr","|","|switch|p1a: Beedrill|Beedrill-Mega, M|271/271","|switch|p2a: Medicham|Medicham-Mega, F|185/261","|-damage|p1a: Beedrill|204/271|[from] Stealth Rock","|-status|p2a: Medicham|psn","|turn|16","|","|move|p1a: Beedrill|Protect|p1a: Beedrill","|-singleturn|p1a: Beedrill|Protect","|move|p2a: Medicham|Fake Out|p1a: Beedrill","|-activate|p1a: Beedrill|Protect","|","|-damage|p2a: Medicham|153/261 psn|[from] psn","|turn|17","|","|move|p1a: Beedrill|Poison Jab|p2a: Medicham","|-damage|p2a: Medicham|0 fnt","|faint|p2a: Medicham","|","|","|switch|p2a: Lucario|Lucario, F|281/281","|turn|18","|","|switch|p1a: Tentacruel|Tentacruel, F|262/361","|-damage|p1a: Tentacruel|217/361|[from] Stealth Rock","|move|p2a: Lucario|Bullet Punch|p1a: Tentacruel","|-resisted|p1a: Tentacruel","|-damage|p1a: Tentacruel|154/361","|","|turn|19","|","|switch|p2a: Breloom|Breloom, F|261/261","|-status|p2a: Breloom|psn","|move|p1a: Tentacruel|Scald|p2a: Breloom","|-resisted|p2a: Breloom","|-damage|p2a: Breloom|175/261 psn","|","|-damage|p2a: Breloom|143/261 psn|[from] psn","|turn|20","|","|move|p2a: Breloom|Spore|p1a: Tentacruel","|-status|p1a: Tentacruel|slp","|cant|p1a: Tentacruel|slp","|","|-damage|p2a: Breloom|111/261 psn|[from] psn","|turn|21","|","|move|p2a: Breloom|Bullet Seed|p1a: Tentacruel","|-damage|p1a: Tentacruel|33/361 slp","|-damage|p1a: Tentacruel|0 fnt","|-hitcount|p1a: Tentacruel|2","|-damage|p2a: Breloom|85/261 psn|[from] item: Life Orb","|faint|p1a: Tentacruel","|","|-damage|p2a: Breloom|53/261 psn|[from] psn","|","|switch|p1a: Beedrill|Beedrill-Mega, M|204/271","|-damage|p1a: Beedrill|137/271|[from] Stealth Rock","|turn|22","|","|move|p1a: Beedrill|Protect|p1a: Beedrill","|-singleturn|p1a: Beedrill|Protect","|move|p2a: Breloom|Mach Punch|p1a: Beedrill","|-activate|p1a: Beedrill|Protect","|","|-damage|p2a: Breloom|21/261 psn|[from] psn","|turn|23","|","|move|p1a: Beedrill|Protect|p1a: Beedrill","|-fail|p1a: Beedrill","|move|p2a: Breloom|Mach Punch|p1a: Beedrill","|-resisted|p1a: Beedrill","|-damage|p1a: Beedrill|67/271","|-damage|p2a: Breloom|0 fnt|[from] item: Life Orb","|faint|p2a: Breloom","|","|","|switch|p2a: Lucario|Lucario, F|281/281","|turn|24","|","|switch|p1a: Nidoking|Nidoking, M|285/303","|-damage|p1a: Nidoking|267/303|[from] Stealth Rock","|move|p2a: Lucario|Bullet Punch|p1a: Nidoking","|-damage|p1a: Nidoking|153/303","|","|turn|25","|","|move|p2a: Lucario|Bullet Punch|p1a: Nidoking","|-damage|p1a: Nidoking|44/303","|move|p1a: Nidoking|Earth Power|p2a: Lucario","|-supereffective|p2a: Lucario","|-damage|p2a: Lucario|0 fnt","|faint|p2a: Lucario","|","|","|switch|p2a: Keldeo-Resolute|Keldeo-Resolute|323/323","|-status|p2a: Keldeo-Resolute|psn","|turn|26","|","|move|p2a: Keldeo-Resolute|Hidden Power|p1a: Nidoking","|-crit|p1a: Nidoking","|-supereffective|p1a: Nidoking","|-damage|p1a: Nidoking|0 fnt","|faint|p1a: Nidoking","|","|-damage|p2a: Keldeo-Resolute|283/323 psn|[from] psn","|","|switch|p1a: Beedrill|Beedrill-Mega, M|67/271","|-damage|p1a: Beedrill|0 fnt|[from] Stealth Rock","|faint|p1a: Beedrill","|","|win|Traine✘ Redbraze"],"p1rating":{"entryid":"6571486","serverid":"eos","formatid":"monotype","userid":"metalyte","username":"Metalyte","w":"32","l":24,"t":"0","gxe":54.4,"r":"1548.0608741386","rd":"51.348713129493","sigma":"0","rptime":"1438333200","rpr":1533.5793673372,"rprd":49.378528529116,"rpsigma":"0","acre":1168.6859505926,"lacre":1168.6859505926,"oldacre":"1199.3433444422"},"p2rating":{"entryid":"7247602","serverid":"eos","formatid":"monotype","userid":"traineredbraze","username":"Traine✘ Redbraze","w":9,"l":"8","t":"0","gxe":51,"r":"1504.9274690701","rd":"76.445644053412","sigma":"0","rptime":"1438333200","rpr":1507.568172365,"rprd":73.294909278191,"rpsigma":"0","acre":1149.9926405719,"lacre":1149.9926405719,"oldacre":"1119.3352467223"},"endType":"normal"}