{"seed":[20141,63760,58623,49936],"turns":22,"p1":"samuelwade223","p2":"Seven Swell","p1team":[{"name":"Ferrothorn","species":"Ferrothorn","item":"rockyhelmet","ability":"Iron Barbs","moves":["leechseed","protect","stealthrock","powerwhip"],"nature":"Sassy","evs":{"hp":252,"atk":0,"def":0,"spa":0,"spd":252,"spe":4},"shiny":true,"ivs":{"hp":31,"atk":31,"def":31,"spa":31,"spd":31,"spe":31}},{"name":"Skarmory","species":"Skarmory","item":"leftovers","ability":"Keen Eye","moves":["bravebird","spikes","whirlwind","roost"],"nature":"Impish","evs":{"hp":252,"atk":4,"def":252,"spa":0,"spd":0,"spe":0},"shiny":true,"ivs":{"hp":31,"atk":31,"def":31,"spa":31,"spd":31,"spe":31}},{"name":"Scizor","species":"Scizor","item":"scizorite","ability":"Technician","moves":["swordsdance","bulletpunch","bugbite","superpower"],"nature":"Adamant","evs":{"hp":96,"atk":252,"def":40,"spa":0,"spd":116,"spe":4},"shiny":true,"ivs":{"hp":31,"atk":31,"def":31,"spa":31,"spd":31,"spe":31}},{"name":"Metagross","species":"Metagross","item":"lifeorb","ability":"Clear Body","moves":["zenheadbutt","meteormash","earthquake","bulletpunch"],"nature":"Adamant","evs":{"hp":160,"atk":252,"def":0,"spa":0,"spd":0,"spe":96},"shiny":true,"ivs":{"hp":31,"atk":31,"def":31,"spa":31,"spd":31,"spe":31}},{"name":"Heatran","species":"Heatran","item":"choicescarf","ability":"Flash Fire","moves":["hiddenpowergrass","fireblast","earthpower","dragonpulse"],"nature":"Modest","evs":{"hp":4,"atk":0,"def":0,"spa":252,"spd":0,"spe":252},"ivs":{"hp":31,"atk":30,"def":31,"spa":30,"spd":31,"spe":31},"shiny":true},{"name":"Bisharp","species":"Bisharp","item":"lifeorb","ability":"Inner Focus","moves":["aerialace","nightslash","suckerpunch","ironhead"],"nature":"Jolly","evs":{"hp":4,"atk":252,"def":0,"spa":0,"spd":0,"spe":252},"shiny":true,"ivs":{"hp":31,"atk":31,"def":31,"spa":31,"spd":31,"spe":31}}],"p2team":[{"name":"Mew","species":"Mew","item":"leftovers","ability":"Synchronize","moves":["roost","toxic","healbell","aurasphere"],"nature":"Calm","evs":{"hp":252,"atk":0,"def":0,"spa":4,"spd":252,"spe":0},"ivs":{"hp":31,"atk":31,"def":31,"spa":31,"spd":31,"spe":31}},{"name":"Slowbro","species":"Slowbro","item":"rockyhelmet","ability":"Regenerator","moves":["scald","yawn","flamethrower","slackoff"],"nature":"Bold","evs":{"hp":252,"atk":0,"def":252,"spa":4,"spd":0,"spe":0},"ivs":{"hp":31,"atk":31,"def":31,"spa":31,"spd":31,"spe":31}},{"name":"Deoxys-Speed","species":"Deoxys-Speed","item":"focussash","ability":"Pressure","moves":["stealthrock","spikes","thunderwave","icebeam"],"nature":"Timid","evs":{"hp":252,"atk":0,"def":44,"spa":0,"spd":0,"spe":212},"ivs":{"hp":31,"atk":31,"def":31,"spa":31,"spd":31,"spe":31}},{"name":"Gardevoir","species":"Gardevoir","item":"gardevoirite","ability":"Trace","moves":["hypervoice","psyshock","destinybond","thunderbolt"],"nature":"Timid","evs":{"hp":0,"atk":0,"def":0,"spa":252,"spd":0,"spe":252},"ivs":{"hp":31,"atk":0,"def":31,"spa":31,"spd":31,"spe":31}},{"name":"Latias","species":"Latias","item":"leftovers","ability":"Levitate","moves":["dracometeor","psyshock","roost","defog"],"nature":"Timid","evs":{"hp":252,"atk":0,"def":0,"spa":4,"spd":0,"spe":252},"ivs":{"hp":31,"atk":31,"def":31,"spa":31,"spd":31,"spe":31}},{"name":"Hoopa-Unbound","species":"Hoopa-Unbound","item":"focussash","ability":"Magician","moves":["hyperspacefury","drainpunch","firepunch","gunkshot"],"nature":"Adamant","evs":{"hp":0,"atk":252,"def":0,"spa":0,"spd":4,"spe":252},"ivs":{"hp":31,"atk":31,"def":31,"spa":31,"spd":31,"spe":31}}],"log":["|player|p1|samuelwade223|99","|player|p2|Seven Swell|sevenswell.png","|gametype|singles","|gen|6","|tier|Monotype","|rated","|rule|Baton Pass Clause: Limit one Baton Passer, can't pass Spe and other stats simultaneously","|rule|Swagger Clause: Swagger is banned","|rule|Same Type Clause: Pokémon in a team must share a type","|clearpoke","|poke|p1|Ferrothorn, F, shiny","|poke|p1|Skarmory, F, shiny","|poke|p1|Scizor, F, shiny","|poke|p1|Metagross, shiny","|poke|p1|Heatran, F, shiny","|poke|p1|Bisharp, M, shiny","|poke|p2|Mew","|poke|p2|Slowbro, F","|poke|p2|Deoxys-Speed","|poke|p2|Gardevoir, F","|poke|p2|Latias, F","|poke|p2|Hoopa-Unbound","|rule|Sleep Clause Mod: Limit one foe put to sleep","|rule|Species Clause: Limit one of each Pokémon","|rule|OHKO Clause: OHKO moves are banned","|rule|Moody Clause: Moody is banned","|rule|Evasion Moves Clause: Evasion moves are banned","|rule|Endless Battle Clause: Forcing endless battles is banned","|rule|HP Percentage Mod: HP is shown in percentages","|teampreview","|","|start","|switch|p1a: Ferrothorn|Ferrothorn, F, shiny|352/352","|switch|p2a: Slowbro|Slowbro, F|394/394","|turn|1","|","|move|p2a: Slowbro|Flamethrower|p1a: Ferrothorn","|-supereffective|p1a: Ferrothorn","|-damage|p1a: Ferrothorn|164/352","|move|p1a: Ferrothorn|Stealth Rock|p2a: Slowbro","|-sidestart|p2: Seven Swell|move: Stealth Rock","|","|turn|2","|","|move|p1a: Ferrothorn|Protect|p1a: Ferrothorn","|-singleturn|p1a: Ferrothorn|Protect","|move|p2a: Slowbro|Flamethrower|p1a: Ferrothorn","|-activate|p1a: Ferrothorn|Protect","|","|turn|3","|","|move|p2a: Slowbro|Flamethrower|p1a: Ferrothorn","|-supereffective|p1a: Ferrothorn","|-damage|p1a: Ferrothorn|0 fnt","|faint|p1a: Ferrothorn","|","|","|switch|p1a: Bisharp|Bisharp, M, shiny|272/272","|turn|4","|","|move|p1a: Bisharp|Sucker Punch|p2a: Slowbro","|-fail|p1a: Bisharp","|move|p2a: Slowbro|Yawn|p1a: Bisharp","|-start|p1a: Bisharp|move: Yawn|[of] p2a: Slowbro","|","|turn|5","|","|move|p1a: Bisharp|Sucker Punch|p2a: Slowbro","|-supereffective|p2a: Slowbro","|-damage|p2a: Slowbro|152/394","|-damage|p1a: Bisharp|227/272|[from] item: Rocky Helmet|[of] p2a: Slowbro","|-damage|p1a: Bisharp|200/272|[from] item: Life Orb","|move|p2a: Slowbro|Scald|p1a: Bisharp","|-damage|p1a: Bisharp|79/272","|-status|p1a: Bisharp|brn","|","|-end|p1a: Bisharp|move: Yawn|[silent]","|-damage|p1a: Bisharp|45/272 brn|[from] brn","|turn|6","|","|move|p1a: Bisharp|Night Slash|p2a: Slowbro","|-supereffective|p2a: Slowbro","|-damage|p2a: Slowbro|49/394","|-damage|p1a: Bisharp|0 fnt|[from] item: Rocky Helmet|[of] p2a: Slowbro","|faint|p1a: Bisharp","|move|p2a: Slowbro|Slack Off|p2a: Slowbro","|-heal|p2a: Slowbro|246/394","|","|","|switch|p1a: Heatran|Heatran, F, shiny|324/324","|turn|7","|","|switch|p2a: Mew|Mew|404/404","|-damage|p2a: Mew|354/404|[from] Stealth Rock","|move|p1a: Heatran|Hidden Power|p2a: Mew","|-crit|p2a: Mew","|-damage|p2a: Mew|268/404","|","|-heal|p2a: Mew|293/404|[from] item: Leftovers","|turn|8","|","|switch|p1a: Metagross|Metagross, shiny|341/341","|move|p2a: Mew|Aura Sphere|p1a: Metagross","|-crit|p1a: Metagross","|-damage|p1a: Metagross|245/341","|","|-heal|p2a: Mew|318/404|[from] item: Leftovers","|turn|9","|","|switch|p2a: Slowbro|Slowbro, F|377/394","|-damage|p2a: Slowbro|328/394|[from] Stealth Rock","|move|p1a: Metagross|Meteor Mash|p2a: Slowbro","|-resisted|p2a: Slowbro","|-damage|p2a: Slowbro|250/394","|-damage|p1a: Metagross|189/341|[from] item: Rocky Helmet|[of] p2a: Slowbro","|-damage|p1a: Metagross|155/341|[from] item: Life Orb","|","|turn|10","|","|move|p1a: Metagross|Bullet Punch|p2a: Slowbro","|-resisted|p2a: Slowbro","|-damage|p2a: Slowbro|218/394","|-damage|p1a: Metagross|99/341|[from] item: Rocky Helmet|[of] p2a: Slowbro","|-damage|p1a: Metagross|65/341|[from] item: Life Orb","|move|p2a: Slowbro|Slack Off|p2a: Slowbro","|-heal|p2a: Slowbro|394/394","|","|turn|11","|","|move|p1a: Metagross|Earthquake|p2a: Slowbro","|-damage|p2a: Slowbro|276/394","|-damage|p1a: Metagross|31/341|[from] item: Life Orb","|move|p2a: Slowbro|Scald|p1a: Metagross","|-damage|p1a: Metagross|0 fnt","|faint|p1a: Metagross","|","|","|switch|p1a: Skarmory|Skarmory, F, shiny|334/334","|turn|12","|","|move|p1a: Skarmory|Spikes|p2a: Slowbro","|-sidestart|p2: Seven Swell|Spikes","|move|p2a: Slowbro|Flamethrower|p1a: Skarmory","|-supereffective|p1a: Skarmory","|-damage|p1a: Skarmory|132/334","|","|-heal|p1a: Skarmory|152/334|[from] item: Leftovers","|turn|13","|","|move|p2a: Slowbro|Scald|p1a: Skarmory","|-damage|p1a: Skarmory|14/334","|move|p1a: Skarmory|Whirlwind|p2a: Slowbro","|drag|p2a: Mew|Mew|318/404","|-damage|p2a: Mew|268/404|[from] Stealth Rock","|-damage|p2a: Mew|218/404|[from] Spikes","|","|-heal|p2a: Mew|243/404|[from] item: Leftovers","|-heal|p1a: Skarmory|34/334|[from] item: Leftovers","|turn|14","|","|move|p2a: Mew|Roost|p2a: Mew","|-heal|p2a: Mew|404/404","|move|p1a: Skarmory|Roost|p1a: Skarmory","|-heal|p1a: Skarmory|201/334","|","|-heal|p1a: Skarmory|221/334|[from] item: Leftovers","|turn|15","|","|switch|p2a: Slowbro|Slowbro, F|394/394","|-damage|p2a: Slowbro|345/394|[from] Stealth Rock","|-damage|p2a: Slowbro|296/394|[from] Spikes","|move|p1a: Skarmory|Whirlwind|p2a: Slowbro","|drag|p2a: Gardevoir|Gardevoir, F|277/277","|-damage|p2a: Gardevoir|243/277|[from] Spikes","|-damage|p2a: Gardevoir|209/277|[from] Stealth Rock","|-ability|p2a: Gardevoir|Keen Eye|[from] ability: Trace|[of] p1a: Skarmory","|","|-heal|p1a: Skarmory|241/334|[from] item: Leftovers","|turn|16","|","|detailschange|p2a: Gardevoir|Gardevoir-Mega, F","|-mega|p2a: Gardevoir|Gardevoir|Gardevoirite","|move|p2a: Gardevoir|Thunderbolt|p1a: Skarmory","|-supereffective|p1a: Skarmory","|-damage|p1a: Skarmory|0 fnt","|faint|p1a: Skarmory","|","|","|switch|p1a: Scizor|Scizor, F, shiny|305/305","|turn|17","|","|switch|p2a: Slowbro|Slowbro, F|394/394","|-damage|p2a: Slowbro|345/394|[from] Stealth Rock","|-damage|p2a: Slowbro|296/394|[from] Spikes","|detailschange|p1a: Scizor|Scizor-Mega, F, shiny","|-mega|p1a: Scizor|Scizor|Scizorite","|move|p1a: Scizor|Swords Dance|p1a: Scizor","|-boost|p1a: Scizor|atk|2","|","|turn|18","|","|move|p1a: Scizor|Bug Bite|p2a: Slowbro","|-supereffective|p2a: Slowbro","|-damage|p2a: Slowbro|0 fnt","|-damage|p1a: Scizor|255/305|[from] item: Rocky Helmet|[of] p2a: Slowbro","|faint|p2a: Slowbro","|","|","|switch|p2a: Latias|Latias, F|364/364","|-damage|p2a: Latias|319/364|[from] Stealth Rock","|turn|19","|","|move|p2a: Latias|Defog|p1a: Scizor","|-unboost|p1a: Scizor|evasion|1","|-sideend|p2: Seven Swell|Spikes|[from] move: Defog|[of] p2a: Latias","|-sideend|p2: Seven Swell|Stealth Rock|[from] move: Defog|[of] p2a: Latias","|move|p1a: Scizor|Bug Bite|p2a: Latias","|-supereffective|p2a: Latias","|-damage|p2a: Latias|0 fnt","|faint|p2a: Latias","|","|","|switch|p2a: Hoopa-Unbound|Hoopa-Unbound|301/301","|turn|20","|","|move|p2a: Hoopa-Unbound|Fire Punch|p1a: Scizor","|-supereffective|p1a: Scizor","|-damage|p1a: Scizor|0 fnt","|faint|p1a: Scizor","|","|","|switch|p1a: Heatran|Heatran, F, shiny|324/324","|turn|21","|","|move|p1a: Heatran|Dragon Pulse|p2a: Hoopa-Unbound","|-damage|p2a: Hoopa-Unbound|216/301","|move|p2a: Hoopa-Unbound|Drain Punch|p1a: Heatran","|-crit|p1a: Heatran","|-supereffective|p1a: Heatran","|-damage|p1a: Heatran|24/324","|-heal|p2a: Hoopa-Unbound|301/301|[from] drain|[of] p1a: Heatran","|","|turn|22","|","|move|p1a: Heatran|Dragon Pulse|p2a: Hoopa-Unbound","|-damage|p2a: Hoopa-Unbound|210/301","|move|p2a: Hoopa-Unbound|Drain Punch|p1a: Heatran","|-supereffective|p1a: Heatran","|-damage|p1a: Heatran|0 fnt","|-heal|p2a: Hoopa-Unbound|222/301|[from] drain|[of] p1a: Heatran","|faint|p1a: Heatran","|","|win|Seven Swell"],"p1rating":{"entryid":"7061762","serverid":"eos","formatid":"monotype","userid":"samuelwade223","username":"samuelwade223","w":"9","l":24,"t":"0","gxe":33.2,"r":"1389.9010939128","rd":"65.242673404942","sigma":"0","rptime":"1438333200","rpr":1366.5191592313,"rprd":59.79977141056,"rpsigma":"0","acre":1049.1086697498,"lacre":1049.1086697498,"oldacre":"1063.8473370725"},"p2rating":{"entryid":"7267988","serverid":"eos","formatid":"monotype","userid":"sevenswell","username":"Seven Swell","w":8,"l":"5","t":"0","gxe":58.4,"r":"1444.0503046494","rd":"123.17369180523","sigma":"0","rptime":"1438333200","rpr":1565.3042728647,"rprd":82.208995060384,"rpsigma":"0","acre":1170.3518503264,"lacre":1170.3518503264,"oldacre":"1151.530540096"},"endType":"normal"}