{"seed":[64232,36085,41418,31447],"turns":36,"p1":"nick151🌙","p2":"Kre8noyz🌙","p1team":[{"name":"Amoonguss","species":"Amoonguss","item":"chestoberry","ability":"Effect Spore","moves":["gigadrain","rest","sleeptalk","spore"],"nature":"","evs":{"hp":252,"atk":0,"def":4,"spa":0,"spd":252,"spe":0},"ivs":{"hp":31,"atk":31,"def":31,"spa":31,"spd":31,"spe":31}},{"name":"Venusaur","species":"Venusaur","item":"venusaurite","ability":"Overgrow","moves":["leechseed","gigadrain","protect","earthquake"],"nature":"Gentle","evs":{"hp":248,"atk":8,"def":0,"spa":0,"spd":252,"spe":0},"ivs":{"hp":31,"atk":31,"def":31,"spa":31,"spd":31,"spe":31}},{"name":"Beedrill","species":"Beedrill","item":"stickybarb","ability":"Swarm","moves":["uturn","drillrun","knockoff","poisonjab"],"nature":"Jolly","evs":{"hp":0,"atk":252,"def":0,"spa":0,"spd":4,"spe":252},"ivs":{"hp":31,"atk":31,"def":31,"spa":31,"spd":31,"spe":31}},{"name":"Scolipede","species":"Scolipede","item":"focussash","ability":"Speed Boost","moves":["protect","swordsdance","poisonjab","megahorn"],"nature":"Adamant","evs":{"hp":0,"atk":252,"def":0,"spa":0,"spd":4,"spe":252},"ivs":{"hp":31,"atk":31,"def":31,"spa":31,"spd":31,"spe":31}},{"name":"Drapion","species":"Drapion","item":"","ability":"Battle Armor","moves":["crunch","toxicspikes","earthquake","honeclaws"],"nature":"Adamant","evs":{"hp":248,"atk":252,"def":0,"spa":0,"spd":8,"spe":0},"ivs":{"hp":31,"atk":31,"def":31,"spa":31,"spd":31,"spe":31}},{"name":"Crobat","species":"Crobat","item":"expertbelt","ability":"Infiltrator","moves":["bravebird","darkpulse","nastyplot","heatwave"],"nature":"Hasty","evs":{"hp":0,"atk":156,"def":0,"spa":100,"spd":0,"spe":252},"ivs":{"hp":31,"atk":31,"def":31,"spa":31,"spd":31,"spe":31}}],"p2team":[{"name":"Swampert","species":"Swampert","item":"focussash","ability":"Damp","moves":["earthquake","brickbreak","icepunch","counter"],"nature":"Impish","evs":{"hp":8,"atk":252,"def":0,"spa":0,"spd":0,"spe":248},"happiness":0,"ivs":{"hp":31,"atk":31,"def":31,"spa":31,"spd":31,"spe":31}},{"name":"Starmie","species":"Starmie","item":"leftovers","ability":"Natural Cure","moves":["rapidspin","signalbeam","psychic","reflecttype"],"nature":"Timid","evs":{"hp":0,"atk":0,"def":4,"spa":188,"spd":64,"spe":252},"ivs":{"hp":31,"atk":31,"def":31,"spa":31,"spd":31,"spe":31}},{"name":"Keldeo-Resolute","species":"Keldeo-Resolute","item":"leftovers","ability":"Justified","moves":["surf","secretsword","hiddenpowerflying","calmmind"],"nature":"Timid","evs":{"hp":0,"atk":4,"def":0,"spa":252,"spd":0,"spe":252},"ivs":{"hp":30,"atk":30,"def":30,"spa":30,"spd":30,"spe":31}},{"name":"Politoed","species":"Politoed","item":"leftovers","ability":"Drizzle","moves":["endeavor","hypnosis","perishsong","scald"],"nature":"","evs":{"hp":0,"atk":0,"def":252,"spa":0,"spd":252,"spe":4},"ivs":{"hp":31,"atk":31,"def":31,"spa":31,"spd":31,"spe":31}},{"name":"Lapras","species":"Lapras","item":"leftovers","ability":"Hydration","moves":["raindance","confuseray","freezedry","surf"],"nature":"Timid","evs":{"hp":0,"atk":0,"def":4,"spa":252,"spd":0,"spe":252},"ivs":{"hp":31,"atk":31,"def":31,"spa":31,"spd":31,"spe":31}},{"name":"Kingdra","species":"Kingdra","item":"lifeorb","ability":"Swift Swim","moves":["clearsmog","dragonpulse","scald","raindance"],"nature":"","evs":{"hp":4,"atk":0,"def":0,"spa":252,"spd":0,"spe":252},"ivs":{"hp":31,"atk":31,"def":31,"spa":31,"spd":31,"spe":31}}],"log":["|player|p1|nick151🌙|nick151.gif","|player|p2|Kre8noyz🌙|163","|gametype|singles","|gen|6","|tier|Monotype","|rated","|rule|Baton Pass Clause: Limit one Baton Passer, can't pass Spe and other stats simultaneously","|rule|Swagger Clause: Swagger is banned","|rule|Same Type Clause: Pokémon in a team must share a type","|clearpoke","|poke|p1|Amoonguss, M","|poke|p1|Venusaur, F","|poke|p1|Beedrill, M","|poke|p1|Scolipede, M","|poke|p1|Drapion, M","|poke|p1|Crobat, M","|poke|p2|Swampert, F","|poke|p2|Starmie","|poke|p2|Keldeo-Resolute","|poke|p2|Politoed, F","|poke|p2|Lapras, M","|poke|p2|Kingdra, F","|rule|Sleep Clause Mod: Limit one foe put to sleep","|rule|Species Clause: Limit one of each Pokémon","|rule|OHKO Clause: OHKO moves are banned","|rule|Moody Clause: Moody is banned","|rule|Evasion Moves Clause: Evasion moves are banned","|rule|Endless Battle Clause: Forcing endless battles is banned","|rule|HP Percentage Mod: HP is shown in percentages","|teampreview","|","|start","|switch|p1a: Venusaur|Venusaur, F|363/363","|switch|p2a: Politoed|Politoed, F|321/321","|-weather|RainDance","|turn|1","|","|move|p1a: Venusaur|Giga Drain|p2a: Politoed","|-supereffective|p2a: Politoed","|-damage|p2a: Politoed|183/321","|move|p2a: Politoed|Hypnosis|p1a: Venusaur","|-status|p1a: Venusaur|slp","|","|-weather|RainDance|[upkeep]","|-heal|p2a: Politoed|203/321|[from] item: Leftovers","|turn|2","|","|switch|p1a: Amoonguss|Amoonguss, M|432/432","|move|p2a: Politoed|Endeavor|p1a: Amoonguss","|-damage|p1a: Amoonguss|203/432","|","|-weather|RainDance|[upkeep]","|-heal|p2a: Politoed|223/321|[from] item: Leftovers","|turn|3","|","|switch|p2a: Kingdra|Kingdra, F|292/292","|move|p1a: Amoonguss|Rest|p1a: Amoonguss","|-status|p1a: Amoonguss|slp","|-heal|p1a: Amoonguss|432/432 slp|[silent]","|-status|p1a: Amoonguss|slp|[from] move: Rest","|-enditem|p1a: Amoonguss|Chesto Berry|[eat]","|-curestatus|p1a: Amoonguss|slp","|","|-weather|RainDance|[upkeep]","|turn|4","|","|move|p2a: Kingdra|Dragon Pulse|p1a: Amoonguss","|-crit|p1a: Amoonguss","|-damage|p1a: Amoonguss|197/432","|-damage|p2a: Kingdra|263/292|[from] item: Life Orb","|move|p1a: Amoonguss|Giga Drain|p2a: Kingdra","|-damage|p2a: Kingdra|187/292","|-heal|p1a: Amoonguss|235/432|[from] drain|[of] p2a: Kingdra","|","|-weather|RainDance|[upkeep]","|turn|5","|","|move|p2a: Kingdra|Dragon Pulse|p1a: Amoonguss","|-damage|p1a: Amoonguss|78/432","|-damage|p2a: Kingdra|158/292|[from] item: Life Orb","|move|p1a: Amoonguss|Spore|p2a: Kingdra","|-status|p2a: Kingdra|slp","|","|-weather|none","|turn|6","|","|switch|p2a: Politoed|Politoed, F|223/321","|-weather|RainDance","|move|p1a: Amoonguss|Rest|p1a: Amoonguss","|-status|p1a: Amoonguss|slp","|-heal|p1a: Amoonguss|432/432 slp|[silent]","|-status|p1a: Amoonguss|slp|[from] move: Rest","|","|-weather|RainDance|[upkeep]","|-heal|p2a: Politoed|243/321|[from] item: Leftovers","|turn|7","|","|switch|p2a: Starmie|Starmie|261/261","|cant|p1a: Amoonguss|slp","|move|p1a: Amoonguss|Sleep Talk|p1a: Amoonguss","|move|p1a: Amoonguss|Rest|p1a: Amoonguss|[from]Sleep Talk","|-fail|p1a: Amoonguss","|","|-weather|RainDance|[upkeep]","|turn|8","|","|move|p2a: Starmie|Reflect Type|p1a: Amoonguss","|-start|p2a: Starmie|typechange|[from] move: Reflect Type|[of] p1a: Amoonguss","|cant|p1a: Amoonguss|slp","|move|p1a: Amoonguss|Sleep Talk|p1a: Amoonguss","|move|p1a: Amoonguss|Spore|p2a: Starmie|[from]Sleep Talk","|-immune|p2a: Starmie|[msg]","|","|-weather|RainDance|[upkeep]","|turn|9","|","|switch|p1a: Beedrill|Beedrill, M|271/271","|move|p2a: Starmie|Psychic|p1a: Beedrill","|-supereffective|p1a: Beedrill","|-damage|p1a: Beedrill|83/271","|","|-weather|RainDance|[upkeep]","|-damage|p1a: Beedrill|50/271|[from] item: Sticky Barb","|turn|10","|","|move|p2a: Starmie|Psychic|p1a: Beedrill","|-supereffective|p1a: Beedrill","|-damage|p1a: Beedrill|0 fnt","|faint|p1a: Beedrill","|","|-weather|none","|","|switch|p1a: Crobat|Crobat, M|311/311","|turn|11","|","|switch|p2a: Politoed|Politoed, F|243/321","|-weather|RainDance","|move|p1a: Crobat|Dark Pulse|p2a: Politoed","|-damage|p2a: Politoed|200/321","|","|-weather|RainDance|[upkeep]","|-heal|p2a: Politoed|220/321|[from] item: Leftovers","|turn|12","|","|switch|p1a: Amoonguss|Amoonguss, M|432/432 slp","|move|p2a: Politoed|Scald|p1a: Amoonguss","|-resisted|p1a: Amoonguss","|-damage|p1a: Amoonguss|374/432 slp","|","|-weather|RainDance|[upkeep]","|-heal|p2a: Politoed|240/321|[from] item: Leftovers","|turn|13","|","|switch|p2a: Starmie|Starmie|261/261","|-curestatus|p1a: Amoonguss|slp","|move|p1a: Amoonguss|Sleep Talk|p1a: Amoonguss","|-fail|p1a: Amoonguss","|","|-weather|RainDance|[upkeep]","|turn|14","|","|switch|p1a: Drapion|Drapion, M|343/343","|move|p2a: Starmie|Reflect Type|p1a: Drapion","|-start|p2a: Starmie|typechange|[from] move: Reflect Type|[of] p1a: Drapion","|","|-weather|RainDance|[upkeep]","|turn|15","|","|move|p2a: Starmie|Signal Beam|p1a: Drapion","|-damage|p1a: Drapion|253/343","|move|p1a: Drapion|Toxic Spikes|p2a: Starmie","|-sidestart|p2: Kre8noyz🌙|move: Toxic Spikes","|","|-weather|none","|turn|16","|","|move|p2a: Starmie|Signal Beam|p1a: Drapion","|-damage|p1a: Drapion|160/343","|move|p1a: Drapion|Hone Claws|p1a: Drapion","|-boost|p1a: Drapion|atk|1","|-boost|p1a: Drapion|accuracy|1","|","|turn|17","|","|move|p2a: Starmie|Rapid Spin|p1a: Drapion","|-damage|p1a: Drapion|149/343","|-sideend|p2: Kre8noyz🌙|Toxic Spikes|[from] move: Rapid Spin|[of] p2a: Starmie","|move|p1a: Drapion|Crunch|p2a: Starmie","|-resisted|p2a: Starmie","|-damage|p2a: Starmie|160/261","|","|-heal|p2a: Starmie|176/261|[from] item: Leftovers","|turn|18","|","|move|p2a: Starmie|Signal Beam|p1a: Drapion","|-damage|p1a: Drapion|59/343","|move|p1a: Drapion|Toxic Spikes|p2a: Starmie","|-sidestart|p2: Kre8noyz🌙|move: Toxic Spikes","|","|-heal|p2a: Starmie|192/261|[from] item: Leftovers","|turn|19","|","|move|p2a: Starmie|Signal Beam|p1a: Drapion","|-damage|p1a: Drapion|0 fnt","|faint|p1a: Drapion","|","|-heal|p2a: Starmie|208/261|[from] item: Leftovers","|","|switch|p1a: Amoonguss|Amoonguss, M|374/432","|turn|20","|","|move|p2a: Starmie|Psychic|p1a: Amoonguss","|-supereffective|p1a: Amoonguss","|-damage|p1a: Amoonguss|216/432","|move|p1a: Amoonguss|Giga Drain|p2a: Starmie","|-resisted|p2a: Starmie","|-damage|p2a: Starmie|169/261","|-heal|p1a: Amoonguss|236/432|[from] drain|[of] p2a: Starmie","|","|-heal|p2a: Starmie|185/261|[from] item: Leftovers","|turn|21","|","|move|p2a: Starmie|Rapid Spin|p1a: Amoonguss","|-damage|p1a: Amoonguss|221/432","|-sideend|p2: Kre8noyz🌙|Toxic Spikes|[from] move: Rapid Spin|[of] p2a: Starmie","|move|p1a: Amoonguss|Giga Drain|p2a: Starmie","|-resisted|p2a: Starmie","|-damage|p2a: Starmie|146/261","|-heal|p1a: Amoonguss|241/432|[from] drain|[of] p2a: Starmie","|","|-heal|p2a: Starmie|162/261|[from] item: Leftovers","|turn|22","|","|move|p2a: Starmie|Psychic|p1a: Amoonguss","|-supereffective|p1a: Amoonguss","|-damage|p1a: Amoonguss|95/432","|move|p1a: Amoonguss|Giga Drain|p2a: Starmie","|-resisted|p2a: Starmie","|-damage|p2a: Starmie|122/261","|-heal|p1a: Amoonguss|115/432|[from] drain|[of] p2a: Starmie","|","|-heal|p2a: Starmie|138/261|[from] item: Leftovers","|turn|23","|","|move|p2a: Starmie|Psychic|p1a: Amoonguss","|-supereffective|p1a: Amoonguss","|-damage|p1a: Amoonguss|0 fnt","|faint|p1a: Amoonguss","|","|-heal|p2a: Starmie|154/261|[from] item: Leftovers","|","|switch|p1a: Scolipede|Scolipede, M|261/261","|turn|24","|","|switch|p2a: Politoed|Politoed, F|240/321","|-weather|RainDance","|move|p1a: Scolipede|Protect|p1a: Scolipede","|-fail|p1a: Scolipede","|","|-weather|RainDance|[upkeep]","|-heal|p2a: Politoed|260/321|[from] item: Leftovers","|-boost|p1a: Scolipede|spe|1|[from] ability: Speed Boost","|turn|25","|","|move|p1a: Scolipede|Swords Dance|p1a: Scolipede","|-boost|p1a: Scolipede|atk|2","|move|p2a: Politoed|Perish Song|p2a: Politoed","|-start|p1a: Scolipede|perish3|[silent]","|-start|p2a: Politoed|perish3|[silent]","|-fieldactivate|move: Perish Song","|","|-start|p1a: Scolipede|perish3","|-start|p2a: Politoed|perish3","|-weather|RainDance|[upkeep]","|-heal|p2a: Politoed|280/321|[from] item: Leftovers","|-boost|p1a: Scolipede|spe|1|[from] ability: Speed Boost","|turn|26","|","|move|p1a: Scolipede|Poison Jab|p2a: Politoed","|-damage|p2a: Politoed|28/321","|move|p2a: Politoed|Scald|p1a: Scolipede","|-damage|p1a: Scolipede|83/261","|","|-start|p1a: Scolipede|perish2","|-start|p2a: Politoed|perish2","|-weather|RainDance|[upkeep]","|-heal|p2a: Politoed|48/321|[from] item: Leftovers","|-boost|p1a: Scolipede|spe|1|[from] ability: Speed Boost","|turn|27","|","|switch|p2a: Kingdra|Kingdra, F|158/292 slp","|move|p1a: Scolipede|Poison Jab|p2a: Kingdra","|-damage|p2a: Kingdra|0 fnt","|faint|p2a: Kingdra","|","|-start|p1a: Scolipede|perish1","|-weather|RainDance|[upkeep]","|-boost|p1a: Scolipede|spe|1|[from] ability: Speed Boost","|","|switch|p2a: Keldeo-Resolute|Keldeo-Resolute|322/322","|turn|28","|","|switch|p1a: Venusaur|Venusaur, F|363/363 slp","|move|p2a: Keldeo-Resolute|Hidden Power|p1a: Venusaur","|-supereffective|p1a: Venusaur","|-damage|p1a: Venusaur|259/363 slp","|","|-weather|none","|turn|29","|","|move|p2a: Keldeo-Resolute|Hidden Power|p1a: Venusaur","|-supereffective|p1a: Venusaur","|-damage|p1a: Venusaur|157/363 slp","|cant|p1a: Venusaur|slp","|","|turn|30","|","|move|p2a: Keldeo-Resolute|Hidden Power|p1a: Venusaur","|-supereffective|p1a: Venusaur","|-damage|p1a: Venusaur|59/363 slp","|cant|p1a: Venusaur|slp","|","|turn|31","|","|detailschange|p1a: Venusaur|Venusaur-Mega, F","|-mega|p1a: Venusaur|Venusaur|Venusaurite","|cant|p1a: Venusaur|slp","|move|p2a: Keldeo-Resolute|Hidden Power|p1a: Venusaur","|-supereffective|p1a: Venusaur","|-damage|p1a: Venusaur|0 fnt","|faint|p1a: Venusaur","|","|","|switch|p1a: Crobat|Crobat, M|311/311","|turn|32","|","|switch|p2a: Politoed|Politoed, F|48/321","|-weather|RainDance","|move|p1a: Crobat|Brave Bird|p2a: Politoed","|-damage|p2a: Politoed|0 fnt","|-damage|p1a: Crobat|295/311|[from] recoil|[of] p2a: Politoed","|faint|p2a: Politoed","|","|-weather|RainDance|[upkeep]","|","|switch|p2a: Lapras|Lapras, M|401/401","|turn|33","|","|move|p1a: Crobat|Heat Wave|p2a: Lapras","|-miss|p1a: Crobat|p2a: Lapras","|move|p2a: Lapras|Surf|p1a: Crobat","|-damage|p1a: Crobat|63/311","|","|-weather|RainDance|[upkeep]","|turn|34","|","|move|p1a: Crobat|Nasty Plot|p1a: Crobat","|-boost|p1a: Crobat|spa|2","|move|p2a: Lapras|Surf|p1a: Crobat","|-damage|p1a: Crobat|0 fnt","|faint|p1a: Crobat","|","|-weather|RainDance|[upkeep]","|","|switch|p1a: Scolipede|Scolipede, M|83/261","|turn|35","|","|move|p1a: Scolipede|Protect|p1a: Scolipede","|-singleturn|p1a: Scolipede|Protect","|move|p2a: Lapras|Surf|p1a: Scolipede","|-activate|p1a: Scolipede|Protect","|","|-weather|RainDance|[upkeep]","|-boost|p1a: Scolipede|spe|1|[from] ability: Speed Boost","|turn|36","|","|move|p1a: Scolipede|Swords Dance|p1a: Scolipede","|-boost|p1a: Scolipede|atk|2","|move|p2a: Lapras|Surf|p1a: Scolipede","|-crit|p1a: Scolipede","|-damage|p1a: Scolipede|0 fnt","|faint|p1a: Scolipede","|","|win|Kre8noyz🌙"],"p1rating":{"entryid":"7293154","serverid":"eos","formatid":"monotype","userid":"nick151","username":"nick151","w":"0","l":2,"t":"0","gxe":39.4,"r":"1500","rd":"130","sigma":"0","rptime":"1438333200","rpr":1414.1341717473,"rprd":116.20727807362,"rpsigma":"0","acre":1000,"lacre":1000,"oldacre":"1000"},"p2rating":{"entryid":"6510480","serverid":"eos","formatid":"monotype","userid":"kre8noyz","username":"Kre8noyz","w":25,"l":"37","t":"0","gxe":42,"r":"1430.4612744435","rd":"50.603162800899","sigma":"0","rptime":"1438333200","rpr":1438.3819991181,"rprd":50.165599246352,"rpsigma":"0","acre":1142.7561043757,"lacre":1142.7561043757,"oldacre":"1126.4749465253"},"endType":"normal"}