{"seed":[3232,22011,13472,26777],"turns":29,"p1":"Wаrden Arguѕ","p2":"Deucez","p1team":[{"name":"Sableye","species":"Sableye","item":"leftovers","ability":"Prankster","moves":["knockoff","willowisp","recover","taunt"],"nature":"Bold","evs":{"hp":228,"atk":0,"def":252,"spa":0,"spd":0,"spe":28},"gender":"M","ivs":{"hp":31,"atk":0,"def":31,"spa":31,"spd":31,"spe":31}},{"name":"Aegislash","species":"Aegislash","item":"weaknesspolicy","ability":"Stance Change","moves":["kingsshield","sacredsword","shadowball","shadowsneak"],"nature":"Lonely","evs":{"hp":0,"atk":252,"def":0,"spa":240,"spd":0,"spe":16},"gender":"M","shiny":true,"ivs":{"hp":31,"atk":31,"def":31,"spa":31,"spd":31,"spe":31}},{"name":"Jellicent","species":"Jellicent","item":"leftovers","ability":"Cursed Body","moves":["toxic","scald","recover","acidarmor"],"nature":"Calm","evs":{"hp":252,"atk":0,"def":0,"spa":0,"spd":252,"spe":4},"gender":"M","ivs":{"hp":31,"atk":0,"def":31,"spa":31,"spd":31,"spe":31},"shiny":true},{"name":"Golurk","species":"Golurk","item":"focussash","ability":"No Guard","moves":["stealthrock","stoneedge","dynamicpunch","curse"],"nature":"Adamant","evs":{"hp":0,"atk":252,"def":0,"spa":0,"spd":4,"spe":252},"shiny":true,"ivs":{"hp":31,"atk":31,"def":31,"spa":31,"spd":31,"spe":31}},{"name":"Chandelure","species":"Chandelure","item":"choicescarf","ability":"Infiltrator","moves":["flamethrower","shadowball","energyball","trick"],"nature":"Modest","evs":{"hp":0,"atk":0,"def":0,"spa":252,"spd":4,"spe":252},"gender":"F","ivs":{"hp":31,"atk":0,"def":31,"spa":31,"spd":31,"spe":31}},{"name":"Gengar","species":"Gengar","item":"focussash","ability":"Levitate","moves":["destinybond","sludgebomb","shadowball","energyball"],"nature":"Timid","evs":{"hp":0,"atk":0,"def":0,"spa":252,"spd":4,"spe":252},"gender":"F","ivs":{"hp":31,"atk":0,"def":31,"spa":31,"spd":31,"spe":31},"shiny":true}],"p2team":[{"name":"Aegislash","species":"Aegislash","item":"weaknesspolicy","ability":"Stance Change","moves":["kingsshield","swordsdance","shadowsneak","sacredsword"],"nature":"Adamant","evs":{"hp":208,"atk":252,"def":40,"spa":0,"spd":8,"spe":0},"gender":"M","ivs":{"hp":31,"atk":31,"def":31,"spa":31,"spd":31,"spe":0},"shiny":true},{"name":"Gengar","species":"Gengar","item":"focussash","ability":"Levitate","moves":["sludgewave","focusblast","shadowball","destinybond"],"nature":"Timid","evs":{"hp":0,"atk":0,"def":0,"spa":252,"spd":4,"spe":252},"gender":"M","shiny":true,"ivs":{"hp":31,"atk":31,"def":31,"spa":31,"spd":31,"spe":31}},{"name":"Jellicent","species":"Jellicent","item":"leftovers","ability":"Cursed Body","moves":["toxic","acidarmor","scald","recover"],"nature":"Calm","evs":{"hp":252,"atk":0,"def":4,"spa":0,"spd":252,"spe":0},"gender":"M","shiny":true,"ivs":{"hp":31,"atk":31,"def":31,"spa":31,"spd":31,"spe":31}},{"name":"Chandelure","species":"Chandelure","item":"choicescarf","ability":"Infiltrator","moves":["fireblast","energyball","darkpulse","shadowball"],"nature":"Modest","evs":{"hp":4,"atk":0,"def":0,"spa":252,"spd":0,"spe":252},"gender":"M","shiny":true,"ivs":{"hp":31,"atk":31,"def":31,"spa":31,"spd":31,"spe":31}},{"name":"Sableye","species":"Sableye","item":"sablenite","ability":"Prankster","moves":["calmmind","snarl","recover","willowisp"],"nature":"Bold","evs":{"hp":252,"atk":0,"def":252,"spa":0,"spd":4,"spe":0},"gender":"M","shiny":true,"ivs":{"hp":31,"atk":31,"def":31,"spa":31,"spd":31,"spe":31}},{"name":"Mismagius","species":"Mismagius","item":"leftovers","ability":"Levitate","moves":["taunt","willowisp","darkpulse","healbell"],"nature":"Timid","evs":{"hp":252,"atk":0,"def":40,"spa":0,"spd":0,"spe":216},"gender":"F","shiny":true,"ivs":{"hp":31,"atk":31,"def":31,"spa":31,"spd":31,"spe":31}}],"log":["|player|p1|Wаrden Arguѕ|144","|player|p2|Deucez|224","|gametype|singles","|gen|6","|tier|Monotype","|rated","|rule|Baton Pass Clause: Limit one Baton Passer, can't pass Spe and other stats simultaneously","|rule|Swagger Clause: Swagger is banned","|rule|Same Type Clause: Pokémon in a team must share a type","|clearpoke","|poke|p1|Sableye, M","|poke|p1|Aegislash, M, shiny","|poke|p1|Jellicent, M, shiny","|poke|p1|Golurk, shiny","|poke|p1|Chandelure, F","|poke|p1|Gengar, F, shiny","|poke|p2|Aegislash, M, shiny","|poke|p2|Gengar, M, shiny","|poke|p2|Jellicent, M, shiny","|poke|p2|Chandelure, M, shiny","|poke|p2|Sableye, M, shiny","|poke|p2|Mismagius, F, shiny","|rule|Sleep Clause Mod: Limit one foe put to sleep","|rule|Species Clause: Limit one of each Pokémon","|rule|OHKO Clause: OHKO moves are banned","|rule|Moody Clause: Moody is banned","|rule|Evasion Moves Clause: Evasion moves are banned","|rule|Endless Battle Clause: Forcing endless battles is banned","|rule|HP Percentage Mod: HP is shown in percentages","|teampreview","|","|start","|switch|p1a: Jellicent|Jellicent, M, shiny|404/404","|switch|p2a: Sableye|Sableye, M, shiny|304/304","|turn|1","|","|detailschange|p2a: Sableye|Sableye-Mega, M, shiny","|-mega|p2a: Sableye|Sableye|Sablenite","|move|p2a: Sableye|Calm Mind|p2a: Sableye","|-boost|p2a: Sableye|spa|1","|-boost|p2a: Sableye|spd|1","|move|p1a: Jellicent|Scald|p2a: Sableye","|-damage|p2a: Sableye|250/304","|-status|p2a: Sableye|brn","|","|-damage|p2a: Sableye|212/304 brn|[from] brn","|turn|2","|","|switch|p1a: Golurk|Golurk, shiny|319/319","|move|p2a: Sableye|Calm Mind|p2a: Sableye","|-boost|p2a: Sableye|spa|1","|-boost|p2a: Sableye|spd|1","|","|-damage|p2a: Sableye|174/304 brn|[from] brn","|turn|3","|","|move|p1a: Golurk|Stone Edge|p2a: Sableye","|-damage|p2a: Sableye|102/304 brn","|move|p2a: Sableye|Recover|p2a: Sableye","|-heal|p2a: Sableye|254/304 brn","|","|-damage|p2a: Sableye|216/304 brn|[from] brn","|turn|4","|","|move|p1a: Golurk|Stone Edge|p2a: Sableye","|-damage|p2a: Sableye|143/304 brn","|move|p2a: Sableye|Snarl|p1a: Golurk","|-crit|p1a: Golurk","|-supereffective|p1a: Golurk","|-enditem|p1a: Golurk|Focus Sash","|-damage|p1a: Golurk|1/319","|-unboost|p1a: Golurk|spa|1","|","|-damage|p2a: Sableye|105/304 brn|[from] brn","|turn|5","|","|move|p1a: Golurk|Stone Edge|p2a: Sableye","|-damage|p2a: Sableye|26/304 brn","|move|p2a: Sableye|Recover|p2a: Sableye","|-heal|p2a: Sableye|178/304 brn","|","|-damage|p2a: Sableye|140/304 brn|[from] brn","|turn|6","|","|move|p1a: Golurk|Curse|p2a: Sableye","|-start|p2a: Sableye|Curse|[of] p1a: Golurk","|-damage|p1a: Golurk|0 fnt","|faint|p1a: Golurk","|move|p2a: Sableye|Recover|p2a: Sableye","|-heal|p2a: Sableye|292/304 brn","|","|-damage|p2a: Sableye|254/304 brn|[from] brn","|-damage|p2a: Sableye|178/304 brn|[from] Curse","|","|switch|p1a: Jellicent|Jellicent, M, shiny|404/404","|turn|7","|","|move|p1a: Jellicent|Scald|p2a: Sableye","|-damage|p2a: Sableye|141/304 brn","|move|p2a: Sableye|Snarl|p1a: Jellicent","|-supereffective|p1a: Jellicent","|-damage|p1a: Jellicent|230/404","|-start|p2a: Sableye|Disable|Snarl","|-unboost|p1a: Jellicent|spa|1","|","|-heal|p1a: Jellicent|255/404|[from] item: Leftovers","|-damage|p2a: Sableye|103/304 brn|[from] brn","|-damage|p2a: Sableye|27/304 brn|[from] Curse","|turn|8","|","|move|p1a: Jellicent|Scald|p2a: Sableye","|-damage|p2a: Sableye|2/304 brn","|move|p2a: Sableye|Recover|p2a: Sableye","|-heal|p2a: Sableye|154/304 brn","|","|-heal|p1a: Jellicent|280/404|[from] item: Leftovers","|-damage|p2a: Sableye|116/304 brn|[from] brn","|-damage|p2a: Sableye|40/304 brn|[from] Curse","|turn|9","|","|move|p1a: Jellicent|Scald|p2a: Sableye","|-crit|p2a: Sableye","|-damage|p2a: Sableye|0 fnt","|faint|p2a: Sableye","|","|-heal|p1a: Jellicent|305/404|[from] item: Leftovers","|","|switch|p2a: Chandelure|Chandelure, M, shiny|262/262","|turn|10","|","|move|p2a: Chandelure|Shadow Ball|p1a: Jellicent","|-supereffective|p1a: Jellicent","|-damage|p1a: Jellicent|65/404","|-start|p2a: Chandelure|Disable|Shadow Ball","|move|p1a: Jellicent|Recover|p1a: Jellicent","|-heal|p1a: Jellicent|267/404","|","|-heal|p1a: Jellicent|292/404|[from] item: Leftovers","|turn|11","|","|switch|p2a: Gengar|Gengar, M, shiny|261/261","|move|p1a: Jellicent|Scald|p2a: Gengar","|-crit|p2a: Gengar","|-damage|p2a: Gengar|98/261","|-status|p2a: Gengar|brn","|","|-heal|p1a: Jellicent|317/404|[from] item: Leftovers","|-damage|p2a: Gengar|66/261 brn|[from] brn","|turn|12","|","|move|p2a: Gengar|Shadow Ball|p1a: Jellicent","|-supereffective|p1a: Jellicent","|-damage|p1a: Jellicent|107/404","|move|p1a: Jellicent|Recover|p1a: Jellicent","|-heal|p1a: Jellicent|309/404","|","|-heal|p1a: Jellicent|334/404|[from] item: Leftovers","|-damage|p2a: Gengar|34/261 brn|[from] brn","|turn|13","|","|move|p2a: Gengar|Shadow Ball|p1a: Jellicent","|-supereffective|p1a: Jellicent","|-damage|p1a: Jellicent|134/404","|move|p1a: Jellicent|Recover|p1a: Jellicent","|-heal|p1a: Jellicent|336/404","|","|-heal|p1a: Jellicent|361/404|[from] item: Leftovers","|-damage|p2a: Gengar|2/261 brn|[from] brn","|turn|14","|","|move|p2a: Gengar|Shadow Ball|p1a: Jellicent","|-supereffective|p1a: Jellicent","|-damage|p1a: Jellicent|175/404","|-start|p2a: Gengar|Disable|Shadow Ball","|move|p1a: Jellicent|Recover|p1a: Jellicent","|-heal|p1a: Jellicent|377/404","|","|-heal|p1a: Jellicent|402/404|[from] item: Leftovers","|-damage|p2a: Gengar|0 fnt|[from] brn","|faint|p2a: Gengar","|","|switch|p2a: Mismagius|Mismagius, F, shiny|324/324","|turn|15","|","|move|p2a: Mismagius|Taunt|p1a: Jellicent","|-start|p1a: Jellicent|move: Taunt","|cant|p1a: Jellicent|move: Taunt|Toxic","|","|-heal|p1a: Jellicent|404/404|[from] item: Leftovers","|turn|16","|","|switch|p2a: Chandelure|Chandelure, M, shiny|262/262","|move|p1a: Jellicent|Scald|p2a: Chandelure","|-supereffective|p2a: Chandelure","|-damage|p2a: Chandelure|148/262","|","|turn|17","|","|move|p2a: Chandelure|Shadow Ball|p1a: Jellicent","|-supereffective|p1a: Jellicent","|-damage|p1a: Jellicent|164/404","|move|p1a: Jellicent|Scald|p2a: Chandelure","|-supereffective|p2a: Chandelure","|-damage|p2a: Chandelure|28/262","|","|-heal|p1a: Jellicent|189/404|[from] item: Leftovers","|-end|p1a: Jellicent|move: Taunt","|turn|18","|","|move|p2a: Chandelure|Shadow Ball|p1a: Jellicent","|-supereffective|p1a: Jellicent","|-damage|p1a: Jellicent|0 fnt","|-start|p2a: Chandelure|Disable|Shadow Ball","|faint|p1a: Jellicent","|","|","|switch|p1a: Aegislash|Aegislash, M, shiny|261/261","|turn|19","|","|switch|p2a: Jellicent|Jellicent, M, shiny|404/404","|-formechange|p1a: Aegislash|Aegislash-Blade","|move|p1a: Aegislash|Shadow Ball|p2a: Jellicent","|-supereffective|p2a: Jellicent","|-damage|p2a: Jellicent|182/404","|","|-heal|p2a: Jellicent|207/404|[from] item: Leftovers","|turn|20","|","|switch|p2a: Chandelure|Chandelure, M, shiny|28/262","|move|p1a: Aegislash|Shadow Ball|p2a: Chandelure","|-supereffective|p2a: Chandelure","|-damage|p2a: Chandelure|0 fnt","|faint|p2a: Chandelure","|","|","|switch|p2a: Jellicent|Jellicent, M, shiny|207/404","|turn|21","|","|move|p1a: Aegislash|Shadow Ball|p2a: Jellicent","|-supereffective|p2a: Jellicent","|-damage|p2a: Jellicent|0 fnt","|faint|p2a: Jellicent","|","|","|switch|p2a: Mismagius|Mismagius, F, shiny|324/324","|turn|22","|","|-formechange|p1a: Aegislash|Aegislash","|move|p1a: Aegislash|King's Shield|p1a: Aegislash","|-singleturn|p1a: Aegislash|Protect","|move|p2a: Mismagius|Will-O-Wisp|p1a: Aegislash","|-status|p1a: Aegislash|brn","|","|-damage|p1a: Aegislash|229/261 brn|[from] brn","|turn|23","|","|move|p2a: Mismagius|Taunt|p1a: Aegislash","|-start|p1a: Aegislash|move: Taunt","|-formechange|p1a: Aegislash|Aegislash-Blade","|move|p1a: Aegislash|Shadow Ball|p2a: Mismagius","|-supereffective|p2a: Mismagius","|-damage|p2a: Mismagius|36/324","|","|-heal|p2a: Mismagius|56/324|[from] item: Leftovers","|-damage|p1a: Aegislash|197/261 brn|[from] brn","|turn|24","|","|move|p1a: Aegislash|Shadow Sneak|p2a: Mismagius","|-supereffective|p2a: Mismagius","|-damage|p2a: Mismagius|0 fnt","|faint|p2a: Mismagius","|","|-damage|p1a: Aegislash|165/261 brn|[from] brn","|","|switch|p2a: Aegislash|Aegislash, M, shiny|313/313","|turn|25","|","|move|p1a: Aegislash|Shadow Ball|p2a: Aegislash","|-supereffective|p2a: Aegislash","|-damage|p2a: Aegislash|77/313","|-enditem|p2a: Aegislash|Weakness Policy","|-boost|p2a: Aegislash|atk|2|[from] item: Weakness Policy","|-boost|p2a: Aegislash|spa|2|[from] item: Weakness Policy","|move|p2a: Aegislash|Swords Dance|p2a: Aegislash","|-boost|p2a: Aegislash|atk|2","|","|-damage|p1a: Aegislash|133/261 brn|[from] brn","|-end|p1a: Aegislash|move: Taunt","|turn|26","|","|move|p2a: Aegislash|King's Shield|p2a: Aegislash","|-singleturn|p2a: Aegislash|Protect","|move|p1a: Aegislash|Shadow Ball|p2a: Aegislash","|-activate|p2a: Aegislash|Protect","|","|-damage|p1a: Aegislash|101/261 brn|[from] brn","|turn|27","|","|-formechange|p2a: Aegislash|Aegislash-Blade","|move|p2a: Aegislash|Shadow Sneak|p1a: Aegislash","|-supereffective|p1a: Aegislash","|-damage|p1a: Aegislash|0 fnt","|faint|p1a: Aegislash","|","|","|switch|p1a: Gengar|Gengar, F, shiny|261/261","|turn|28","|","|-formechange|p2a: Aegislash|Aegislash","|move|p2a: Aegislash|King's Shield|p2a: Aegislash","|-singleturn|p2a: Aegislash|Protect","|move|p1a: Gengar|Shadow Ball|p2a: Aegislash","|-activate|p2a: Aegislash|Protect","|","|turn|29","|","|-formechange|p2a: Aegislash|Aegislash-Blade","|move|p2a: Aegislash|Shadow Sneak|p1a: Gengar","|-supereffective|p1a: Gengar","|-enditem|p1a: Gengar|Focus Sash","|-damage|p1a: Gengar|1/261","|move|p1a: Gengar|Shadow Ball|p2a: Aegislash","|-supereffective|p2a: Aegislash","|-damage|p2a: Aegislash|0 fnt","|faint|p2a: Aegislash","|","|win|Wаrden Arguѕ"],"p1rating":{"entryid":"7252450","serverid":"eos","formatid":"monotype","userid":"wrdenargu","username":"Wаrden Arguѕ","w":46,"l":"7","t":"0","gxe":80.2,"r":"1757.1132132948","rd":"50.343200975587","sigma":"0","rptime":"1438333200","rpr":1766.0751645349,"rprd":49.547882247279,"rpsigma":"0","acre":1475.9053194278,"lacre":1475.9053194278,"oldacre":"1468.6240626675"},"p2rating":{"entryid":"7192012","serverid":"eos","formatid":"monotype","userid":"deucez","username":"Deucez","w":"13","l":13,"t":"0","gxe":51.7,"r":"1492.9988848144","rd":"66.768197845453","sigma":"0","rptime":"1438333200","rpr":1512.7715412178,"rprd":63.875534058294,"rpsigma":"0","acre":1198.4863846388,"lacre":1198.4863846388,"oldacre":"1207.5879555892"},"endType":"normal"}