{"seed":[45903,7700,9107,18454],"turns":29,"p1":"Wаrden Arguѕ","p2":"Alliance - Healer","p1team":[{"name":"Sableye","species":"Sableye","item":"leftovers","ability":"Prankster","moves":["knockoff","willowisp","recover","taunt"],"nature":"Bold","evs":{"hp":228,"atk":0,"def":252,"spa":0,"spd":0,"spe":28},"gender":"M","ivs":{"hp":31,"atk":0,"def":31,"spa":31,"spd":31,"spe":31}},{"name":"Aegislash","species":"Aegislash","item":"weaknesspolicy","ability":"Stance Change","moves":["kingsshield","sacredsword","shadowball","shadowsneak"],"nature":"Lonely","evs":{"hp":0,"atk":252,"def":0,"spa":240,"spd":0,"spe":16},"gender":"M","shiny":true,"ivs":{"hp":31,"atk":31,"def":31,"spa":31,"spd":31,"spe":31}},{"name":"Jellicent","species":"Jellicent","item":"leftovers","ability":"Cursed Body","moves":["toxic","scald","recover","acidarmor"],"nature":"Calm","evs":{"hp":252,"atk":0,"def":0,"spa":0,"spd":252,"spe":4},"gender":"M","ivs":{"hp":31,"atk":0,"def":31,"spa":31,"spd":31,"spe":31},"shiny":true},{"name":"Golurk","species":"Golurk","item":"focussash","ability":"No Guard","moves":["stealthrock","stoneedge","dynamicpunch","curse"],"nature":"Adamant","evs":{"hp":0,"atk":252,"def":0,"spa":0,"spd":4,"spe":252},"shiny":true,"ivs":{"hp":31,"atk":31,"def":31,"spa":31,"spd":31,"spe":31}},{"name":"Chandelure","species":"Chandelure","item":"choicescarf","ability":"Infiltrator","moves":["flamethrower","shadowball","energyball","trick"],"nature":"Modest","evs":{"hp":0,"atk":0,"def":0,"spa":252,"spd":4,"spe":252},"gender":"F","ivs":{"hp":31,"atk":0,"def":31,"spa":31,"spd":31,"spe":31}},{"name":"Gengar","species":"Gengar","item":"focussash","ability":"Levitate","moves":["destinybond","sludgebomb","shadowball","energyball"],"nature":"Timid","evs":{"hp":0,"atk":0,"def":0,"spa":252,"spd":4,"spe":252},"gender":"F","ivs":{"hp":31,"atk":0,"def":31,"spa":31,"spd":31,"spe":31},"shiny":true}],"p2team":[{"name":"Ice elemental","species":"mamoswine","item":"lifeorb","ability":"Thick Fat","moves":["earthquake","iciclecrash","knockoff","iceshard"],"nature":"Jolly","evs":{"hp":4,"atk":252,"def":0,"spa":0,"spd":0,"spe":252},"gender":"F","ivs":{"hp":31,"atk":31,"def":31,"spa":31,"spd":31,"spe":31}},{"name":"Water elemental","species":"seismitoad","item":"assaultvest","ability":"Water Absorb","moves":["earthquake","drainpunch","knockoff","poisonjab"],"nature":"Careful","evs":{"hp":4,"atk":252,"def":0,"spa":0,"spd":252,"spe":0},"gender":"F","ivs":{"hp":31,"atk":31,"def":31,"spa":31,"spd":31,"spe":31}},{"name":"Fire elemental","species":"nidoking","item":"choicescarf","ability":"Sheer Force","moves":["sludgewave","flamethrower","thunderbolt","icebeam"],"nature":"Timid","evs":{"hp":4,"atk":0,"def":0,"spa":252,"spd":0,"spe":252},"ivs":{"hp":31,"atk":0,"def":31,"spa":31,"spd":31,"spe":31}},{"name":"Earth elemental","species":"hippowdon","item":"leftovers","ability":"Sand Stream","moves":["earthquake","stealthrock","slackoff","whirlwind"],"nature":"Impish","evs":{"hp":252,"atk":0,"def":252,"spa":0,"spd":4,"spe":0},"gender":"F","ivs":{"hp":31,"atk":31,"def":31,"spa":31,"spd":31,"spe":31}},{"name":"Thunder elemental","species":"excadrill","item":"choiceband","ability":"Sand Rush","moves":["ironhead","earthquake","rockslide","rapidspin"],"nature":"Adamant","evs":{"hp":4,"atk":252,"def":0,"spa":0,"spd":0,"spe":252},"gender":"F","ivs":{"hp":31,"atk":31,"def":31,"spa":31,"spd":31,"spe":31}},{"name":"Air elemental","species":"landorus","item":"lifeorb","ability":"Sheer Force","moves":["earthpower","sludgewave","rockslide","gravity"],"nature":"Naive","evs":{"hp":4,"atk":0,"def":0,"spa":252,"spd":0,"spe":252},"ivs":{"hp":31,"atk":0,"def":31,"spa":31,"spd":31,"spe":31}}],"log":["|player|p1|Wаrden Arguѕ|144","|player|p2|Alliance - Healer|102","|gametype|singles","|gen|6","|tier|Monotype","|rated","|rule|Baton Pass Clause: Limit one Baton Passer, can't pass Spe and other stats simultaneously","|rule|Swagger Clause: Swagger is banned","|rule|Same Type Clause: Pokémon in a team must share a type","|clearpoke","|poke|p1|Sableye, M","|poke|p1|Aegislash, M, shiny","|poke|p1|Jellicent, M, shiny","|poke|p1|Golurk, shiny","|poke|p1|Chandelure, F","|poke|p1|Gengar, F, shiny","|poke|p2|Mamoswine, F","|poke|p2|Seismitoad, F","|poke|p2|Nidoking, M","|poke|p2|Hippowdon, F","|poke|p2|Excadrill, F","|poke|p2|Landorus, M","|rule|Sleep Clause Mod: Limit one foe put to sleep","|rule|Species Clause: Limit one of each Pokémon","|rule|OHKO Clause: OHKO moves are banned","|rule|Moody Clause: Moody is banned","|rule|Evasion Moves Clause: Evasion moves are banned","|rule|Endless Battle Clause: Forcing endless battles is banned","|rule|HP Percentage Mod: HP is shown in percentages","|teampreview","|","|start","|switch|p1a: Golurk|Golurk, shiny|319/319","|switch|p2a: Air elemental|Landorus, M|320/320","|turn|1","|","|switch|p2a: Earth elemental|Hippowdon, F|420/420","|-weather|Sandstorm","|move|p1a: Golurk|Stone Edge|p2a: Earth elemental","|-resisted|p2a: Earth elemental","|-damage|p2a: Earth elemental|377/420","|","|-weather|Sandstorm|[upkeep]","|-heal|p2a: Earth elemental|403/420|[from] item: Leftovers","|turn|2","|","|move|p1a: Golurk|Dynamic Punch|p2a: Earth elemental","|-damage|p2a: Earth elemental|315/420","|-start|p2a: Earth elemental|confusion","|-activate|p2a: Earth elemental|confusion","|-damage|p2a: Earth elemental|291/420|[from] confusion","|","|-weather|Sandstorm|[upkeep]","|-heal|p2a: Earth elemental|317/420|[from] item: Leftovers","|turn|3","|","|move|p1a: Golurk|Curse|p2a: Earth elemental","|-start|p2a: Earth elemental|Curse|[of] p1a: Golurk","|-damage|p1a: Golurk|160/319","|-activate|p2a: Earth elemental|confusion","|-damage|p2a: Earth elemental|293/420|[from] confusion","|","|-weather|Sandstorm|[upkeep]","|-heal|p2a: Earth elemental|319/420|[from] item: Leftovers","|-damage|p2a: Earth elemental|214/420|[from] Curse","|turn|4","|","|move|p1a: Golurk|Stealth Rock|p2a: Earth elemental","|-sidestart|p2: Alliance - Healer|move: Stealth Rock","|-end|p2a: Earth elemental|confusion","|move|p2a: Earth elemental|Stealth Rock|p1a: Golurk","|-sidestart|p1: Wаrden Arguѕ|move: Stealth Rock","|","|-weather|Sandstorm|[upkeep]","|-heal|p2a: Earth elemental|240/420|[from] item: Leftovers","|-damage|p2a: Earth elemental|135/420|[from] Curse","|turn|5","|","|switch|p2a: Fire elemental|Nidoking, M|304/304","|-damage|p2a: Fire elemental|285/304|[from] Stealth Rock","|move|p1a: Golurk|Dynamic Punch|p2a: Fire elemental","|-resisted|p2a: Fire elemental","|-damage|p2a: Fire elemental|206/304","|-start|p2a: Fire elemental|confusion","|","|-weather|none","|turn|6","|","|switch|p1a: Jellicent|Jellicent, M, shiny|404/404","|-damage|p1a: Jellicent|354/404|[from] Stealth Rock","|-activate|p2a: Fire elemental|confusion","|move|p2a: Fire elemental|Ice Beam|p1a: Jellicent","|-resisted|p1a: Jellicent","|-damage|p1a: Jellicent|317/404","|","|-heal|p1a: Jellicent|342/404|[from] item: Leftovers","|turn|7","|","|switch|p2a: Water elemental|Seismitoad, F|352/352","|-damage|p2a: Water elemental|330/352|[from] Stealth Rock","|move|p1a: Jellicent|Toxic|p2a: Water elemental","|-status|p2a: Water elemental|tox","|","|-heal|p1a: Jellicent|367/404|[from] item: Leftovers","|-damage|p2a: Water elemental|308/352 tox|[from] psn","|turn|8","|","|move|p2a: Water elemental|Knock Off|p1a: Jellicent","|-supereffective|p1a: Jellicent","|-damage|p1a: Jellicent|131/404","|-enditem|p1a: Jellicent|Leftovers|[from] move: Knock Off|[of] p2a: Water elemental","|move|p1a: Jellicent|Acid Armor|p1a: Jellicent","|-boost|p1a: Jellicent|def|2","|","|-damage|p2a: Water elemental|264/352 tox|[from] psn","|turn|9","|","|switch|p2a: Earth elemental|Hippowdon, F|135/420","|-damage|p2a: Earth elemental|109/420|[from] Stealth Rock","|-weather|Sandstorm","|move|p1a: Jellicent|Recover|p1a: Jellicent","|-heal|p1a: Jellicent|333/404","|","|-weather|Sandstorm|[upkeep]","|-damage|p1a: Jellicent|308/404|[from] sandstorm","|-heal|p2a: Earth elemental|135/420|[from] item: Leftovers","|turn|10","|","|switch|p2a: Water elemental|Seismitoad, F|264/352 tox","|-damage|p2a: Water elemental|242/352 tox|[from] Stealth Rock","|move|p1a: Jellicent|Scald|p2a: Water elemental","|-heal|p2a: Water elemental|330/352 tox|[from] ability: Water Absorb|[of] p1a: Jellicent","|","|-weather|Sandstorm|[upkeep]","|-damage|p1a: Jellicent|283/404|[from] sandstorm","|-damage|p2a: Water elemental|308/352 tox|[from] psn","|turn|11","|","|move|p2a: Water elemental|Poison Jab|p1a: Jellicent","|-crit|p1a: Jellicent","|-resisted|p1a: Jellicent","|-damage|p1a: Jellicent|199/404","|-status|p1a: Jellicent|psn","|move|p1a: Jellicent|Recover|p1a: Jellicent","|-heal|p1a: Jellicent|401/404 psn","|","|-weather|Sandstorm|[upkeep]","|-damage|p1a: Jellicent|376/404 psn|[from] sandstorm","|-damage|p2a: Water elemental|264/352 tox|[from] psn","|-damage|p1a: Jellicent|326/404 psn|[from] psn","|turn|12","|","|switch|p2a: Fire elemental|Nidoking, M|206/304","|-damage|p2a: Fire elemental|187/304|[from] Stealth Rock","|move|p1a: Jellicent|Acid Armor|p1a: Jellicent","|-boost|p1a: Jellicent|def|2","|","|-weather|Sandstorm|[upkeep]","|-damage|p1a: Jellicent|301/404 psn|[from] sandstorm","|-damage|p1a: Jellicent|251/404 psn|[from] psn","|turn|13","|","|move|p2a: Fire elemental|Thunderbolt|p1a: Jellicent","|-supereffective|p1a: Jellicent","|-damage|p1a: Jellicent|117/404 psn","|move|p1a: Jellicent|Recover|p1a: Jellicent","|-heal|p1a: Jellicent|319/404 psn","|","|-weather|none","|-damage|p1a: Jellicent|269/404 psn|[from] psn","|turn|14","|","|move|p2a: Fire elemental|Thunderbolt|p1a: Jellicent","|-supereffective|p1a: Jellicent","|-damage|p1a: Jellicent|123/404 psn","|-start|p2a: Fire elemental|Disable|Thunderbolt","|move|p1a: Jellicent|Recover|p1a: Jellicent","|-heal|p1a: Jellicent|325/404 psn","|","|-damage|p1a: Jellicent|275/404 psn|[from] psn","|turn|15","|","|switch|p2a: Water elemental|Seismitoad, F|264/352 tox","|-damage|p2a: Water elemental|242/352 tox|[from] Stealth Rock","|move|p1a: Jellicent|Scald|p2a: Water elemental","|-heal|p2a: Water elemental|330/352 tox|[from] ability: Water Absorb|[of] p1a: Jellicent","|","|-damage|p2a: Water elemental|308/352 tox|[from] psn","|-damage|p1a: Jellicent|225/404 psn|[from] psn","|turn|16","|","|switch|p2a: Earth elemental|Hippowdon, F|135/420","|-damage|p2a: Earth elemental|109/420|[from] Stealth Rock","|-weather|Sandstorm","|move|p1a: Jellicent|Recover|p1a: Jellicent","|-heal|p1a: Jellicent|404/404 psn","|","|-weather|Sandstorm|[upkeep]","|-damage|p1a: Jellicent|379/404 psn|[from] sandstorm","|-heal|p2a: Earth elemental|135/420|[from] item: Leftovers","|-damage|p1a: Jellicent|329/404 psn|[from] psn","|turn|17","|","|switch|p2a: Water elemental|Seismitoad, F|308/352 tox","|-damage|p2a: Water elemental|286/352 tox|[from] Stealth Rock","|move|p1a: Jellicent|Scald|p2a: Water elemental","|-heal|p2a: Water elemental|352/352 tox|[from] ability: Water Absorb|[of] p1a: Jellicent","|","|-weather|Sandstorm|[upkeep]","|-damage|p1a: Jellicent|304/404 psn|[from] sandstorm","|-damage|p2a: Water elemental|330/352 tox|[from] psn","|-damage|p1a: Jellicent|254/404 psn|[from] psn","|turn|18","|","|move|p2a: Water elemental|Earthquake|p1a: Jellicent","|-damage|p1a: Jellicent|185/404 psn","|move|p1a: Jellicent|Recover|p1a: Jellicent","|-heal|p1a: Jellicent|387/404 psn","|","|-weather|Sandstorm|[upkeep]","|-damage|p1a: Jellicent|362/404 psn|[from] sandstorm","|-damage|p2a: Water elemental|286/352 tox|[from] psn","|-damage|p1a: Jellicent|312/404 psn|[from] psn","|turn|19","|","|move|p2a: Water elemental|Earthquake|p1a: Jellicent","|-damage|p1a: Jellicent|246/404 psn","|-start|p2a: Water elemental|Disable|Earthquake","|move|p1a: Jellicent|Scald|p2a: Water elemental","|-heal|p2a: Water elemental|352/352 tox|[from] ability: Water Absorb|[of] p1a: Jellicent","|","|-weather|Sandstorm|[upkeep]","|-damage|p1a: Jellicent|221/404 psn|[from] sandstorm","|-damage|p2a: Water elemental|286/352 tox|[from] psn","|-damage|p1a: Jellicent|171/404 psn|[from] psn","|turn|20","|","|switch|p2a: Fire elemental|Nidoking, M|187/304","|-damage|p2a: Fire elemental|168/304|[from] Stealth Rock","|move|p1a: Jellicent|Scald|p2a: Fire elemental","|-supereffective|p2a: Fire elemental","|-damage|p2a: Fire elemental|0 fnt","|faint|p2a: Fire elemental","|","|-weather|none","|-damage|p1a: Jellicent|121/404 psn|[from] psn","|","|switch|p2a: Air elemental|Landorus, M|320/320","|-damage|p2a: Air elemental|280/320|[from] Stealth Rock","|turn|21","|","|move|p2a: Air elemental|Earth Power|p1a: Jellicent","|-damage|p1a: Jellicent|0 fnt","|faint|p1a: Jellicent","|","|","|switch|p1a: Chandelure|Chandelure, F|261/261","|-damage|p1a: Chandelure|196/261|[from] Stealth Rock","|turn|22","|","|move|p1a: Chandelure|Shadow Ball|p2a: Air elemental","|-damage|p2a: Air elemental|61/320","|move|p2a: Air elemental|Earth Power|p1a: Chandelure","|-supereffective|p1a: Chandelure","|-damage|p1a: Chandelure|0 fnt","|faint|p1a: Chandelure","|","|","|switch|p1a: Aegislash|Aegislash, M, shiny|261/261","|-damage|p1a: Aegislash|245/261|[from] Stealth Rock","|turn|23","|","|-formechange|p1a: Aegislash|Aegislash-Blade","|move|p1a: Aegislash|Shadow Sneak|p2a: Air elemental","|-damage|p2a: Air elemental|0 fnt","|faint|p2a: Air elemental","|","|","|switch|p2a: Ice elemental|Mamoswine, F|362/362","|-damage|p2a: Ice elemental|317/362|[from] Stealth Rock","|turn|24","|","|switch|p1a: Gengar|Gengar, F, shiny|261/261","|-damage|p1a: Gengar|229/261|[from] Stealth Rock","|move|p2a: Ice elemental|Earthquake|p1a: Gengar","|-immune|p1a: Gengar|[msg]","|","|turn|25","|","|switch|p2a: Water elemental|Seismitoad, F|286/352 tox","|-damage|p2a: Water elemental|264/352 tox|[from] Stealth Rock","|move|p1a: Gengar|Energy Ball|p2a: Water elemental","|-supereffective|p2a: Water elemental","|-damage|p2a: Water elemental|0 fnt","|faint|p2a: Water elemental","|","|","|switch|p2a: Earth elemental|Hippowdon, F|135/420","|-damage|p2a: Earth elemental|109/420|[from] Stealth Rock","|-weather|Sandstorm","|turn|26","|","|move|p1a: Gengar|Shadow Ball|p2a: Earth elemental","|-crit|p2a: Earth elemental","|-damage|p2a: Earth elemental|0 fnt","|faint|p2a: Earth elemental","|","|-weather|Sandstorm|[upkeep]","|-damage|p1a: Gengar|213/261|[from] sandstorm","|","|switch|p2a: Thunder elemental|Excadrill, F|362/362","|-damage|p2a: Thunder elemental|351/362|[from] Stealth Rock","|turn|27","|","|switch|p2a: Ice elemental|Mamoswine, F|317/362","|-damage|p2a: Ice elemental|272/362|[from] Stealth Rock","|move|p1a: Gengar|Shadow Ball|p2a: Ice elemental","|-damage|p2a: Ice elemental|65/362","|","|-weather|Sandstorm|[upkeep]","|-damage|p1a: Gengar|197/261|[from] sandstorm","|turn|28","|","|switch|p1a: Golurk|Golurk, shiny|160/319","|-damage|p1a: Golurk|141/319|[from] Stealth Rock","|move|p2a: Ice elemental|Ice Shard|p1a: Golurk","|-supereffective|p1a: Golurk","|-damage|p1a: Golurk|0 fnt","|-damage|p2a: Ice elemental|29/362|[from] item: Life Orb","|faint|p1a: Golurk","|","|-weather|Sandstorm|[upkeep]","|","|switch|p1a: Aegislash|Aegislash, M, shiny|245/261","|-damage|p1a: Aegislash|229/261|[from] Stealth Rock","|turn|29","|","|-formechange|p1a: Aegislash|Aegislash-Blade","|move|p1a: Aegislash|Shadow Sneak|p2a: Ice elemental","|-damage|p2a: Ice elemental|0 fnt","|faint|p2a: Ice elemental","|","|-weather|Sandstorm|[upkeep]","|","|win|Wаrden Arguѕ"],"p1rating":{"entryid":"7252450","serverid":"eos","formatid":"monotype","userid":"wrdenargu","username":"Wаrden Arguѕ","w":45,"l":"7","t":"0","gxe":80,"r":"1757.1132132948","rd":"50.343200975587","sigma":"0","rptime":"1438333200","rpr":1763.602865099,"rprd":49.840438417376,"rpsigma":"0","acre":1468.6240626675,"lacre":1468.6240626675,"oldacre":"1451.8417711471"},"p2rating":{"entryid":"5885761","serverid":"eos","formatid":"monotype","userid":"alliancehealer","username":"Alliance - Healer","w":"52","l":14,"t":"0","gxe":76.5,"r":"1729.1167976668","rd":"53.622594007062","sigma":"0","rptime":"1438333200","rpr":1724.5033595214,"rprd":52.703384274565,"rpsigma":"0","acre":1378.6722423925,"lacre":1378.6722423925,"oldacre":"1395.4545339129"},"endType":"forfeit"}