{"seed":[4255,40458,44140,29948],"turns":19,"p1":"Traine✘ Jacobot","p2":"SWL ah b","p1team":[{"name":"Big Bad Bug","species":"yanmega","item":"expertbelt","ability":"Speed Boost","moves":["airslash","ancientpower","bugbuzz","gigadrain"],"nature":"Modest","evs":{"hp":0,"atk":0,"def":0,"spa":252,"spd":4,"spe":252},"gender":"M","ivs":{"hp":31,"atk":31,"def":31,"spa":31,"spd":31,"spe":31}},{"name":"Hell in a Shell","species":"shuckle","item":"leftovers","ability":"Sturdy","moves":["toxic","stickyweb","stealthrock","bind"],"nature":"Careful","evs":{"hp":4,"atk":0,"def":252,"spa":0,"spd":252,"spe":0},"gender":"M","shiny":true,"ivs":{"hp":31,"atk":31,"def":31,"spa":31,"spd":31,"spe":31}},{"name":"Mr Clamps","species":"scizor","item":"scizorite","ability":"Technician","moves":["swordsdance","bulletpunch","pursuit","aerialace"],"nature":"Adamant","evs":{"hp":248,"atk":252,"def":0,"spa":0,"spd":8,"spe":0},"gender":"M","ivs":{"hp":31,"atk":31,"def":31,"spa":31,"spd":31,"spe":31}},{"name":"Rollin Along","species":"scolipede","item":"assaultvest","ability":"Speed Boost","moves":["earthquake","aquatail","poisonjab","megahorn"],"nature":"Adamant","evs":{"hp":0,"atk":252,"def":0,"spa":0,"spd":4,"spe":252},"gender":"M","shiny":true,"ivs":{"hp":31,"atk":31,"def":31,"spa":31,"spd":31,"spe":31}},{"name":"Sir Awesome","species":"escavalier","item":"occaberry","ability":"Shell Armor","moves":["drillrun","poisonjab","xscissor","ironhead"],"nature":"Adamant","evs":{"hp":248,"atk":252,"def":0,"spa":0,"spd":8,"spe":0},"ivs":{"hp":31,"atk":31,"def":31,"spa":31,"spd":31,"spe":31}},{"name":"Bulldozer","species":"crustle","item":"expertbelt","ability":"Sturdy","moves":["shellsmash","earthquake","xscissor","stoneedge"],"nature":"Brave","evs":{"hp":0,"atk":252,"def":116,"spa":0,"spd":140,"spe":0},"gender":"M","shiny":true,"ivs":{"hp":31,"atk":31,"def":31,"spa":31,"spd":31,"spe":31}}],"p2team":[{"name":"Venomoth","species":"Venomoth","item":"blacksludge","ability":"Tinted Lens","moves":["bugbuzz","substitute","quiverdance","sludgebomb"],"nature":"Calm","evs":{"hp":252,"atk":0,"def":252,"spa":0,"spd":4,"spe":0},"ivs":{"hp":31,"atk":31,"def":31,"spa":31,"spd":31,"spe":31}},{"name":"Venusaur","species":"Venusaur","item":"venusaurite","ability":"Chlorophyll","moves":["synthesis","petalblizzard","earthquake","sludgebomb"],"nature":"Relaxed","evs":{"hp":248,"atk":8,"def":252,"spa":0,"spd":0,"spe":0},"ivs":{"hp":31,"atk":30,"def":31,"spa":30,"spd":31,"spe":30}},{"name":"Skuntank","species":"Skuntank","item":"airballoon","ability":"Aftermath","moves":["defog","foulplay","poisonjab","suckerpunch"],"nature":"Adamant","evs":{"hp":248,"atk":0,"def":252,"spa":0,"spd":8,"spe":0},"ivs":{"hp":31,"atk":31,"def":31,"spa":31,"spd":31,"spe":31}},{"name":"Gengar","species":"Gengar","item":"focussash","ability":"Levitate","moves":["shadowball","icywind","willowisp","focusblast"],"nature":"Timid","evs":{"hp":0,"atk":0,"def":0,"spa":252,"spd":4,"spe":252},"ivs":{"hp":31,"atk":31,"def":31,"spa":31,"spd":31,"spe":31}},{"name":"Tentacruel","species":"Tentacruel","item":"leftovers","ability":"Clear Body","moves":["acidspray","surf","toxicspikes","reflecttype"],"nature":"Calm","evs":{"hp":208,"atk":0,"def":0,"spa":0,"spd":252,"spe":48},"ivs":{"hp":31,"atk":31,"def":31,"spa":31,"spd":31,"spe":31}},{"name":"Nidoking","species":"Nidoking","item":"lifeorb","ability":"Sheer Force","moves":["earthpower","flamethrower","icebeam","stealthrock"],"nature":"Timid","evs":{"hp":0,"atk":0,"def":0,"spa":252,"spd":4,"spe":252},"ivs":{"hp":31,"atk":31,"def":31,"spa":31,"spd":31,"spe":31}}],"log":["|player|p1|Traine✘ Jacobot|147","|player|p2|SWL ah b|swlahb.gif","|gametype|singles","|gen|6","|tier|Monotype","|rated","|rule|Baton Pass Clause: Limit one Baton Passer, can't pass Spe and other stats simultaneously","|rule|Swagger Clause: Swagger is banned","|rule|Same Type Clause: Pokémon in a team must share a type","|clearpoke","|poke|p1|Yanmega, M","|poke|p1|Shuckle, M, shiny","|poke|p1|Scizor, M","|poke|p1|Scolipede, M, shiny","|poke|p1|Escavalier, M","|poke|p1|Crustle, M, shiny","|poke|p2|Venomoth, M","|poke|p2|Venusaur, F","|poke|p2|Skuntank, F","|poke|p2|Gengar, F","|poke|p2|Tentacruel, F","|poke|p2|Nidoking, M","|rule|Sleep Clause Mod: Limit one foe put to sleep","|rule|Species Clause: Limit one of each Pokémon","|rule|OHKO Clause: OHKO moves are banned","|rule|Moody Clause: Moody is banned","|rule|Evasion Moves Clause: Evasion moves are banned","|rule|Endless Battle Clause: Forcing endless battles is banned","|rule|HP Percentage Mod: HP is shown in percentages","|teampreview","|","|start","|switch|p1a: Hell in a Shell|Shuckle, M, shiny|182/182","|switch|p2a: Nidoking|Nidoking, M|303/303","|turn|1","|","|move|p2a: Nidoking|Stealth Rock|p1a: Hell in a Shell","|-sidestart|p1: Traine✘ Jacobot|move: Stealth Rock","|move|p1a: Hell in a Shell|Sticky Web|p2a: Nidoking","|-sidestart|p2: SWL ah b|move: Sticky Web","|","|turn|2","|","|switch|p2a: Tentacruel|Tentacruel, F|353/353","|-activate|p2a: Tentacruel|move: Sticky Web","|-fail|p2a: Tentacruel|unboost|[from] ability: Clear Body|[of] p2a: Tentacruel","|move|p1a: Hell in a Shell|Stealth Rock|p2a: Tentacruel","|-sidestart|p2: SWL ah b|move: Stealth Rock","|","|turn|3","|","|move|p2a: Tentacruel|Toxic Spikes|p1a: Hell in a Shell","|-sidestart|p1: Traine✘ Jacobot|move: Toxic Spikes","|move|p1a: Hell in a Shell|Bind|p2a: Tentacruel","|-damage|p2a: Tentacruel|348/353","|-activate|p2a: Tentacruel|move: Bind|[of] p1a: Hell in a Shell","|","|-heal|p2a: Tentacruel|353/353|[from] item: Leftovers","|-damage|p2a: Tentacruel|309/353|[from] move: Bind|[partiallytrapped]","|turn|4","|","|switch|p1a: Sir Awesome|Escavalier, M|343/343","|-damage|p1a: Sir Awesome|301/343|[from] Stealth Rock","|move|p2a: Tentacruel|Acid Spray|p1a: Sir Awesome","|-immune|p1a: Sir Awesome|[msg]","|","|-heal|p2a: Tentacruel|331/353|[from] item: Leftovers","|turn|5","|","|move|p2a: Tentacruel|Reflect Type|p1a: Sir Awesome","|-start|p2a: Tentacruel|typechange|[from] move: Reflect Type|[of] p1a: Sir Awesome","|move|p1a: Sir Awesome|Drill Run|p2a: Tentacruel","|-damage|p2a: Tentacruel|171/353","|","|-heal|p2a: Tentacruel|193/353|[from] item: Leftovers","|turn|6","|","|move|p2a: Tentacruel|Surf|p1a: Sir Awesome","|-damage|p1a: Sir Awesome|244/343","|move|p1a: Sir Awesome|Drill Run|p2a: Tentacruel","|-damage|p2a: Tentacruel|52/353","|","|-heal|p2a: Tentacruel|74/353|[from] item: Leftovers","|turn|7","|","|switch|p2a: Gengar|Gengar, F|261/261","|-damage|p2a: Gengar|229/261|[from] Stealth Rock","|move|p1a: Sir Awesome|Drill Run|p2a: Gengar","|-immune|p2a: Gengar|[msg]","|","|turn|8","|","|move|p2a: Gengar|Shadow Ball|p1a: Sir Awesome","|-damage|p1a: Sir Awesome|97/343","|move|p1a: Sir Awesome|Iron Head|p2a: Gengar","|-damage|p2a: Gengar|0 fnt","|faint|p2a: Gengar","|","|","|switch|p2a: Skuntank|Skuntank, F|409/409","|-damage|p2a: Skuntank|358/409|[from] Stealth Rock","|-item|p2a: Skuntank|Air Balloon","|turn|9","|","|move|p2a: Skuntank|Foul Play|p1a: Sir Awesome","|-damage|p1a: Sir Awesome|0 fnt","|faint|p1a: Sir Awesome","|","|","|switch|p1a: Bulldozer|Crustle, M, shiny|281/281","|-status|p1a: Bulldozer|psn","|-damage|p1a: Bulldozer|211/281 psn|[from] Stealth Rock","|turn|10","|","|move|p2a: Skuntank|Foul Play|p1a: Bulldozer","|-damage|p1a: Bulldozer|96/281 psn","|move|p1a: Bulldozer|Shell Smash|p1a: Bulldozer","|-boost|p1a: Bulldozer|atk|2","|-boost|p1a: Bulldozer|spa|2","|-boost|p1a: Bulldozer|spe|2","|-unboost|p1a: Bulldozer|def|1","|-unboost|p1a: Bulldozer|spd|1","|","|-damage|p1a: Bulldozer|61/281 psn|[from] psn","|turn|11","|","|move|p2a: Skuntank|Sucker Punch|p1a: Bulldozer","|-damage|p1a: Bulldozer|0 fnt","|faint|p1a: Bulldozer","|","|","|switch|p1a: Mr Clamps|Scizor, M|343/343","|-damage|p1a: Mr Clamps|301/343|[from] Stealth Rock","|turn|12","|","|detailschange|p1a: Mr Clamps|Scizor-Mega, M","|-mega|p1a: Mr Clamps|Scizor|Scizorite","|move|p2a: Skuntank|Foul Play|p1a: Mr Clamps","|-damage|p1a: Mr Clamps|145/343","|move|p1a: Mr Clamps|Swords Dance|p1a: Mr Clamps","|-boost|p1a: Mr Clamps|atk|2","|","|turn|13","|","|move|p1a: Mr Clamps|Bullet Punch|p2a: Skuntank","|-damage|p2a: Skuntank|99/409","|-enditem|p2a: Skuntank|Air Balloon","|move|p2a: Skuntank|Foul Play|p1a: Mr Clamps","|-crit|p1a: Mr Clamps","|-damage|p1a: Mr Clamps|0 fnt","|faint|p1a: Mr Clamps","|","|","|switch|p1a: Big Bad Bug|Yanmega, M|313/313","|-damage|p1a: Big Bad Bug|157/313|[from] Stealth Rock","|turn|14","|","|move|p2a: Skuntank|Sucker Punch|p1a: Big Bad Bug","|-damage|p1a: Big Bad Bug|55/313","|move|p1a: Big Bad Bug|Air Slash|p2a: Skuntank","|-damage|p2a: Skuntank|0 fnt","|faint|p2a: Skuntank","|","|-boost|p1a: Big Bad Bug|spe|1|[from] ability: Speed Boost","|","|switch|p2a: Nidoking|Nidoking, M|303/303","|-activate|p2a: Nidoking|move: Sticky Web","|-unboost|p2a: Nidoking|spe|1","|-damage|p2a: Nidoking|285/303|[from] Stealth Rock","|turn|15","|","|move|p1a: Big Bad Bug|Air Slash|p2a: Nidoking","|-damage|p2a: Nidoking|110/303","|cant|p2a: Nidoking|flinch","|","|-boost|p1a: Big Bad Bug|spe|1|[from] ability: Speed Boost","|turn|16","|","|move|p1a: Big Bad Bug|Air Slash|p2a: Nidoking","|-damage|p2a: Nidoking|0 fnt","|faint|p2a: Nidoking","|","|-boost|p1a: Big Bad Bug|spe|1|[from] ability: Speed Boost","|","|switch|p2a: Tentacruel|Tentacruel, F|74/353","|-damage|p2a: Tentacruel|30/353|[from] Stealth Rock","|-activate|p2a: Tentacruel|move: Sticky Web","|-fail|p2a: Tentacruel|unboost|[from] ability: Clear Body|[of] p2a: Tentacruel","|turn|17","|","|move|p1a: Big Bad Bug|Air Slash|p2a: Tentacruel","|-damage|p2a: Tentacruel|0 fnt","|faint|p2a: Tentacruel","|","|-boost|p1a: Big Bad Bug|spe|1|[from] ability: Speed Boost","|","|switch|p2a: Venusaur|Venusaur, F|363/363","|-damage|p2a: Venusaur|318/363|[from] Stealth Rock","|-activate|p2a: Venusaur|move: Sticky Web","|-unboost|p2a: Venusaur|spe|1","|turn|18","|","|detailschange|p2a: Venusaur|Venusaur-Mega, F","|-mega|p2a: Venusaur|Venusaur|Venusaurite","|move|p1a: Big Bad Bug|Air Slash|p2a: Venusaur","|-crit|p2a: Venusaur","|-supereffective|p2a: Venusaur","|-damage|p2a: Venusaur|0 fnt","|faint|p2a: Venusaur","|","|-boost|p1a: Big Bad Bug|spe|1|[from] ability: Speed Boost","|","|switch|p2a: Venomoth|Venomoth, M|344/344","|-damage|p2a: Venomoth|258/344|[from] Stealth Rock","|-activate|p2a: Venomoth|move: Sticky Web","|-unboost|p2a: Venomoth|spe|1","|turn|19","|","|move|p1a: Big Bad Bug|Air Slash|p2a: Venomoth","|-supereffective|p2a: Venomoth","|-damage|p2a: Venomoth|0 fnt","|faint|p2a: Venomoth","|","|win|Traine✘ Jacobot"],"p1rating":{"entryid":"7280237","serverid":"eos","formatid":"monotype","userid":"trainejacobot","username":"Traine✘ Jacobot","w":1,"l":"4","t":"0","gxe":41.6,"r":"1500","rd":"130","sigma":"0","rptime":"1438246800","rpr":1433.4994658757,"rprd":102.32799097393,"rpsigma":"0","acre":1062.9598045428,"lacre":1062.9598045428,"oldacre":"1000"},"p2rating":{"entryid":"7100015","serverid":"eos","formatid":"monotype","userid":"swlahb","username":"SWL Aесh Bее","w":"16","l":7,"t":"0","gxe":64.8,"r":"1646.0790172772","rd":"73.458439421807","sigma":"0","rptime":"1438246800","rpr":1616.8703351297,"rprd":67.545459016955,"rpsigma":"0","acre":1187.6856418102,"lacre":1187.6856418102,"oldacre":"1227.0355196495"},"endType":"normal"}