{"seed":[28791,52311,44370,41739],"turns":29,"p1":"Cilex Prism","p2":"Kre8noyz🌙","p1team":[{"name":"Venusaur","species":"Venusaur","item":"venusaurite","ability":"Overgrow","moves":["gigadrain","sludgebomb","synthesis","hiddenpowerfire"],"nature":"Modest","evs":{"hp":248,"atk":0,"def":0,"spa":252,"spd":8,"spe":0},"ivs":{"hp":31,"atk":30,"def":31,"spa":30,"spd":31,"spe":30}},{"name":"Gengar","species":"Gengar","item":"blacksludge","ability":"Levitate","moves":["disable","hex","substitute","focusblast"],"nature":"Timid","evs":{"hp":0,"atk":0,"def":0,"spa":252,"spd":4,"spe":252},"ivs":{"hp":31,"atk":31,"def":31,"spa":31,"spd":31,"spe":31}},{"name":"Tentacruel","species":"Tentacruel","item":"blacksludge","ability":"Clear Body","moves":["toxicspikes","scald","acidspray","rapidspin"],"nature":"Timid","evs":{"hp":0,"atk":0,"def":0,"spa":0,"spd":252,"spe":252},"ivs":{"hp":31,"atk":31,"def":31,"spa":31,"spd":31,"spe":31}},{"name":"Nidoqueen","species":"Nidoqueen","item":"blacksludge","ability":"Sheer Force","moves":["icebeam","stealthrock","earthpower","roar"],"nature":"Modest","evs":{"hp":252,"atk":0,"def":0,"spa":252,"spd":4,"spe":0},"ivs":{"hp":31,"atk":31,"def":31,"spa":31,"spd":31,"spe":31}},{"name":"Crobat","species":"Crobat","item":"blacksludge","ability":"Inner Focus","moves":["bravebird","taunt","roost","uturn"],"nature":"Adamant","evs":{"hp":0,"atk":252,"def":0,"spa":0,"spd":4,"spe":252},"ivs":{"hp":31,"atk":31,"def":31,"spa":31,"spd":31,"spe":31}},{"name":"Weezing","species":"Weezing","item":"blacksludge","ability":"Levitate","moves":["willowisp","sludgebomb","toxicspikes","painsplit"],"nature":"Bold","evs":{"hp":252,"atk":0,"def":252,"spa":4,"spd":0,"spe":0},"ivs":{"hp":31,"atk":31,"def":31,"spa":31,"spd":31,"spe":31}}],"p2team":[{"name":"Swampert","species":"Swampert","item":"focussash","ability":"Damp","moves":["earthquake","brickbreak","icepunch","counter"],"nature":"Impish","evs":{"hp":8,"atk":252,"def":0,"spa":0,"spd":0,"spe":248},"happiness":0,"ivs":{"hp":31,"atk":31,"def":31,"spa":31,"spd":31,"spe":31}},{"name":"Starmie","species":"Starmie","item":"leftovers","ability":"Natural Cure","moves":["rapidspin","signalbeam","psychic","reflecttype"],"nature":"Timid","evs":{"hp":0,"atk":0,"def":4,"spa":188,"spd":64,"spe":252},"ivs":{"hp":31,"atk":31,"def":31,"spa":31,"spd":31,"spe":31}},{"name":"Keldeo-Resolute","species":"Keldeo-Resolute","item":"leftovers","ability":"Justified","moves":["surf","secretsword","hiddenpowerflying","calmmind"],"nature":"Timid","evs":{"hp":0,"atk":4,"def":0,"spa":252,"spd":0,"spe":252},"ivs":{"hp":30,"atk":30,"def":30,"spa":30,"spd":30,"spe":31}},{"name":"Politoed","species":"Politoed","item":"leftovers","ability":"Drizzle","moves":["endeavor","hypnosis","perishsong","scald"],"nature":"","evs":{"hp":0,"atk":0,"def":252,"spa":0,"spd":252,"spe":4},"ivs":{"hp":31,"atk":31,"def":31,"spa":31,"spd":31,"spe":31}},{"name":"Lapras","species":"Lapras","item":"leftovers","ability":"Hydration","moves":["raindance","confuseray","freezedry","surf"],"nature":"Timid","evs":{"hp":0,"atk":0,"def":4,"spa":252,"spd":0,"spe":252},"ivs":{"hp":31,"atk":31,"def":31,"spa":31,"spd":31,"spe":31}},{"name":"Kingdra","species":"Kingdra","item":"lifeorb","ability":"Swift Swim","moves":["clearsmog","dragonpulse","scald","raindance"],"nature":"","evs":{"hp":4,"atk":0,"def":0,"spa":252,"spd":0,"spe":252},"ivs":{"hp":31,"atk":31,"def":31,"spa":31,"spd":31,"spe":31}}],"log":["|player|p1|Cilex Prism|209","|player|p2|Kre8noyz🌙|163","|gametype|singles","|gen|6","|tier|Monotype","|rated","|rule|Baton Pass Clause: Limit one Baton Passer, can't pass Spe and other stats simultaneously","|rule|Swagger Clause: Swagger is banned","|rule|Same Type Clause: Pokémon in a team must share a type","|clearpoke","|poke|p1|Venusaur, M","|poke|p1|Gengar, F","|poke|p1|Tentacruel, M","|poke|p1|Nidoqueen, F","|poke|p1|Crobat, F","|poke|p1|Weezing, M","|poke|p2|Swampert, F","|poke|p2|Starmie","|poke|p2|Keldeo-Resolute","|poke|p2|Politoed, M","|poke|p2|Lapras, M","|poke|p2|Kingdra, F","|rule|Sleep Clause Mod: Limit one foe put to sleep","|rule|Species Clause: Limit one of each Pokémon","|rule|OHKO Clause: OHKO moves are banned","|rule|Moody Clause: Moody is banned","|rule|Evasion Moves Clause: Evasion moves are banned","|rule|Endless Battle Clause: Forcing endless battles is banned","|rule|HP Percentage Mod: HP is shown in percentages","|teampreview","|","|start","|switch|p1a: Nidoqueen|Nidoqueen, F|384/384","|switch|p2a: Politoed|Politoed, M|321/321","|-weather|RainDance","|turn|1","|","|move|p1a: Nidoqueen|Stealth Rock|p2a: Politoed","|-sidestart|p2: Kre8noyz🌙|move: Stealth Rock","|move|p2a: Politoed|Scald|p1a: Nidoqueen","|-supereffective|p1a: Nidoqueen","|-damage|p1a: Nidoqueen|106/384","|","|-weather|RainDance|[upkeep]","|-heal|p1a: Nidoqueen|130/384|[from] item: Black Sludge","|turn|2","|","|move|p2a: Politoed|Scald|p1a: Nidoqueen","|-supereffective|p1a: Nidoqueen","|-damage|p1a: Nidoqueen|0 fnt","|faint|p1a: Nidoqueen","|","|-weather|RainDance|[upkeep]","|","|switch|p1a: Venusaur|Venusaur, M|363/363","|turn|3","|","|detailschange|p1a: Venusaur|Venusaur-Mega, M","|-mega|p1a: Venusaur|Venusaur|Venusaurite","|move|p1a: Venusaur|Giga Drain|p2a: Politoed","|-supereffective|p2a: Politoed","|-damage|p2a: Politoed|103/321","|move|p2a: Politoed|Hypnosis|p1a: Venusaur|[miss]","|-miss|p2a: Politoed|p1a: Venusaur","|","|-weather|RainDance|[upkeep]","|-heal|p2a: Politoed|123/321|[from] item: Leftovers","|turn|4","|","|move|p1a: Venusaur|Giga Drain|p2a: Politoed","|-supereffective|p2a: Politoed","|-damage|p2a: Politoed|0 fnt","|faint|p2a: Politoed","|","|-weather|RainDance|[upkeep]","|","|switch|p2a: Starmie|Starmie|261/261","|-damage|p2a: Starmie|229/261|[from] Stealth Rock","|turn|5","|","|switch|p1a: Tentacruel|Tentacruel, M|301/301","|move|p2a: Starmie|Reflect Type|p1a: Tentacruel","|-start|p2a: Starmie|typechange|[from] move: Reflect Type|[of] p1a: Tentacruel","|","|-weather|none","|-heal|p2a: Starmie|245/261|[from] item: Leftovers","|turn|6","|","|move|p2a: Starmie|Psychic|p1a: Tentacruel","|-supereffective|p1a: Tentacruel","|-damage|p1a: Tentacruel|183/301","|move|p1a: Tentacruel|Toxic Spikes|p2a: Starmie","|-sidestart|p2: Kre8noyz🌙|move: Toxic Spikes","|","|-heal|p2a: Starmie|261/261|[from] item: Leftovers","|-heal|p1a: Tentacruel|201/301|[from] item: Black Sludge","|turn|7","|","|move|p2a: Starmie|Psychic|p1a: Tentacruel","|-supereffective|p1a: Tentacruel","|-damage|p1a: Tentacruel|79/301","|move|p1a: Tentacruel|Toxic Spikes|p2a: Starmie","|-sidestart|p2: Kre8noyz🌙|move: Toxic Spikes","|","|-heal|p1a: Tentacruel|97/301|[from] item: Black Sludge","|turn|8","|","|move|p2a: Starmie|Psychic|p1a: Tentacruel","|-supereffective|p1a: Tentacruel","|-damage|p1a: Tentacruel|0 fnt","|faint|p1a: Tentacruel","|","|","|switch|p1a: Crobat|Crobat, F|311/311","|turn|9","|","|move|p2a: Starmie|Psychic|p1a: Crobat","|-supereffective|p1a: Crobat","|-damage|p1a: Crobat|105/311","|move|p1a: Crobat|U-turn|p2a: Starmie","|-resisted|p2a: Starmie","|-damage|p2a: Starmie|221/261","|","|switch|p1a: Venusaur|Venusaur-Mega, M|363/363","|","|-heal|p2a: Starmie|237/261|[from] item: Leftovers","|turn|10","|","|move|p2a: Starmie|Psychic|p1a: Venusaur","|-supereffective|p1a: Venusaur","|-damage|p1a: Venusaur|231/363","|move|p1a: Venusaur|Giga Drain|p2a: Starmie","|-crit|p2a: Starmie","|-damage|p2a: Starmie|20/261","|-heal|p1a: Venusaur|340/363|[from] drain|[of] p2a: Starmie","|","|-heal|p2a: Starmie|36/261|[from] item: Leftovers","|turn|11","|","|move|p2a: Starmie|Rapid Spin|p1a: Venusaur","|-damage|p1a: Venusaur|330/363","|-sideend|p2: Kre8noyz🌙|Toxic Spikes|[from] move: Rapid Spin|[of] p2a: Starmie","|-sideend|p2: Kre8noyz🌙|Stealth Rock|[from] move: Rapid Spin|[of] p2a: Starmie","|move|p1a: Venusaur|Giga Drain|p2a: Starmie","|-damage|p2a: Starmie|0 fnt","|-heal|p1a: Venusaur|348/363|[from] drain|[of] p2a: Starmie","|faint|p2a: Starmie","|","|","|switch|p2a: Kingdra|Kingdra, F|292/292","|turn|12","|","|move|p2a: Kingdra|Dragon Pulse|p1a: Venusaur","|-damage|p1a: Venusaur|204/363","|-damage|p2a: Kingdra|263/292|[from] item: Life Orb","|move|p1a: Venusaur|Sludge Bomb|p2a: Kingdra","|-damage|p2a: Kingdra|85/292","|-status|p2a: Kingdra|psn","|","|-damage|p2a: Kingdra|49/292 psn|[from] psn","|turn|13","|","|move|p2a: Kingdra|Dragon Pulse|p1a: Venusaur","|-damage|p1a: Venusaur|62/363","|-damage|p2a: Kingdra|20/292 psn|[from] item: Life Orb","|move|p1a: Venusaur|Synthesis|p1a: Venusaur","|-heal|p1a: Venusaur|243/363","|","|-damage|p2a: Kingdra|0 fnt|[from] psn","|faint|p2a: Kingdra","|","|switch|p2a: Keldeo-Resolute|Keldeo-Resolute|322/322","|turn|14","|","|move|p2a: Keldeo-Resolute|Calm Mind|p2a: Keldeo-Resolute","|-boost|p2a: Keldeo-Resolute|spa|1","|-boost|p2a: Keldeo-Resolute|spd|1","|move|p1a: Venusaur|Giga Drain|p2a: Keldeo-Resolute","|-supereffective|p2a: Keldeo-Resolute","|-damage|p2a: Keldeo-Resolute|116/322","|-heal|p1a: Venusaur|346/363|[from] drain|[of] p2a: Keldeo-Resolute","|","|-heal|p2a: Keldeo-Resolute|136/322|[from] item: Leftovers","|turn|15","|","|move|p2a: Keldeo-Resolute|Hidden Power|p1a: Venusaur","|-crit|p1a: Venusaur","|-supereffective|p1a: Venusaur","|-damage|p1a: Venusaur|68/363","|move|p1a: Venusaur|Giga Drain|p2a: Keldeo-Resolute","|-supereffective|p2a: Keldeo-Resolute","|-damage|p2a: Keldeo-Resolute|0 fnt","|-heal|p1a: Venusaur|136/363|[from] drain|[of] p2a: Keldeo-Resolute","|faint|p2a: Keldeo-Resolute","|","|","|switch|p2a: Swampert|Swampert, F|343/343","|turn|16","|","|move|p2a: Swampert|Earthquake|p1a: Venusaur","|-crit|p1a: Venusaur","|-damage|p1a: Venusaur|0 fnt","|faint|p1a: Venusaur","|","|","|switch|p1a: Weezing|Weezing, M|334/334","|turn|17","|","|switch|p2a: Lapras|Lapras, M|401/401","|move|p1a: Weezing|Will-O-Wisp|p2a: Lapras","|-status|p2a: Lapras|brn","|","|-damage|p2a: Lapras|351/401 brn|[from] brn","|turn|18","|","|move|p2a: Lapras|Rain Dance|p2a: Lapras","|-weather|RainDance","|move|p1a: Weezing|Toxic Spikes|p2a: Lapras","|-sidestart|p2: Kre8noyz🌙|move: Toxic Spikes","|","|-weather|RainDance|[upkeep]","|-curestatus|p2a: Lapras|brn","|-heal|p2a: Lapras|376/401|[from] item: Leftovers","|turn|19","|","|move|p2a: Lapras|Surf|p1a: Weezing","|-damage|p1a: Weezing|102/334","|move|p1a: Weezing|Will-O-Wisp|p2a: Lapras","|-status|p2a: Lapras|brn","|","|-weather|RainDance|[upkeep]","|-curestatus|p2a: Lapras|brn","|-heal|p2a: Lapras|401/401|[from] item: Leftovers","|-heal|p1a: Weezing|122/334|[from] item: Black Sludge","|turn|20","|","|move|p2a: Lapras|Surf|p1a: Weezing","|-damage|p1a: Weezing|0 fnt","|faint|p1a: Weezing","|","|-weather|RainDance|[upkeep]","|","|switch|p1a: Gengar|Gengar, F|261/261","|turn|21","|","|move|p1a: Gengar|Disable|p2a: Lapras","|-start|p2a: Lapras|Disable|Surf","|cant|p2a: Lapras|Disable|Surf","|","|-weather|RainDance|[upkeep]","|turn|22","|","|move|p1a: Gengar|Substitute|p1a: Gengar","|-start|p1a: Gengar|Substitute","|-damage|p1a: Gengar|196/261","|move|p2a: Lapras|Confuse Ray|p1a: Gengar","|-fail|p1a: Gengar","|","|-weather|none","|-heal|p1a: Gengar|212/261|[from] item: Black Sludge","|turn|23","|","|move|p1a: Gengar|Focus Blast|p2a: Lapras|[miss]","|-miss|p1a: Gengar|p2a: Lapras","|move|p2a: Lapras|Freeze-Dry|p1a: Gengar","|-end|p1a: Gengar|Substitute","|","|-heal|p1a: Gengar|228/261|[from] item: Black Sludge","|turn|24","|","|move|p1a: Gengar|Focus Blast|p2a: Lapras","|-supereffective|p2a: Lapras","|-damage|p2a: Lapras|101/401","|move|p2a: Lapras|Freeze-Dry|p1a: Gengar","|-damage|p1a: Gengar|108/261","|","|-heal|p1a: Gengar|124/261|[from] item: Black Sludge","|-heal|p2a: Lapras|126/401|[from] item: Leftovers","|-end|p2a: Lapras|Disable","|turn|25","|","|move|p1a: Gengar|Focus Blast|p2a: Lapras|[miss]","|-miss|p1a: Gengar|p2a: Lapras","|move|p2a: Lapras|Surf|p1a: Gengar","|-damage|p1a: Gengar|0 fnt","|faint|p1a: Gengar","|","|-heal|p2a: Lapras|151/401|[from] item: Leftovers","|","|switch|p1a: Crobat|Crobat, F|105/311","|turn|26","|","|move|p1a: Crobat|Brave Bird|p2a: Lapras","|-damage|p2a: Lapras|0 fnt","|-damage|p1a: Crobat|55/311|[from] recoil|[of] p2a: Lapras","|faint|p2a: Lapras","|","|-heal|p1a: Crobat|74/311|[from] item: Black Sludge","|","|switch|p2a: Swampert|Swampert, F|343/343","|-status|p2a: Swampert|psn","|turn|27","|","|move|p1a: Crobat|Roost|p1a: Crobat","|-heal|p1a: Crobat|230/311","|move|p2a: Swampert|Ice Punch|p1a: Crobat","|-damage|p1a: Crobat|126/311","|","|-heal|p1a: Crobat|145/311|[from] item: Black Sludge","|-damage|p2a: Swampert|301/343 psn|[from] psn","|turn|28","|","|move|p1a: Crobat|Roost|p1a: Crobat","|-heal|p1a: Crobat|301/311","|move|p2a: Swampert|Ice Punch|p1a: Crobat","|-damage|p1a: Crobat|204/311","|","|-heal|p1a: Crobat|223/311|[from] item: Black Sludge","|-damage|p2a: Swampert|259/343 psn|[from] psn","|turn|29","|","|move|p1a: Crobat|Brave Bird|p2a: Swampert","|-damage|p2a: Swampert|78/343 psn","|-damage|p1a: Crobat|163/311|[from] recoil|[of] p2a: Swampert","|move|p2a: Swampert|Ice Punch|p1a: Crobat","|-supereffective|p1a: Crobat","|-damage|p1a: Crobat|0 fnt","|faint|p1a: Crobat","|","|win|Kre8noyz🌙"],"p1rating":{"entryid":"6768148","serverid":"eos","formatid":"monotype","userid":"cilexprism","username":"Cilex Prism","w":"8","l":10,"t":"0","gxe":45,"r":"1478.0559637083","rd":"78.795772244025","sigma":"0","rptime":"1438333200","rpr":1461.6919468018,"rprd":73.483704527412,"rpsigma":"0","acre":1101.9356669079,"lacre":1101.9356669079,"oldacre":"1125.710090848"},"p2rating":{"entryid":"6510480","serverid":"eos","formatid":"monotype","userid":"kre8noyz","username":"Kre8noyz","w":26,"l":"37","t":"0","gxe":42.9,"r":"1430.4612744435","rd":"50.603162800899","sigma":"0","rptime":"1438333200","rpr":1446.0370450768,"rprd":49.688923640944,"rpsigma":"0","acre":1166.5305283158,"lacre":1166.5305283158,"oldacre":"1142.7561043757"},"endType":"normal"}