{"seed":[37604,1189,44666,62341],"turns":21,"p1":"miah Jenna-Tills","p2":"rubensd","p1team":[{"name":"Autism","species":"slowbro","item":"assaultvest","ability":"Regenerator","moves":["icebeam","scald","psyshock","flamethrower"],"nature":"Bold","evs":{"hp":248,"atk":0,"def":252,"spa":0,"spd":8,"spe":0},"ivs":{"hp":31,"atk":31,"def":31,"spa":31,"spd":31,"spe":31}},{"name":"Hope's sister","species":"blissey","item":"leftovers","ability":"Natural Cure","moves":["icebeam","thunderwave","flamethrower","thunderbolt"],"nature":"Modest","evs":{"hp":252,"atk":0,"def":0,"spa":252,"spd":4,"spe":0},"ivs":{"hp":31,"atk":31,"def":31,"spa":31,"spd":31,"spe":31}},{"name":"LoveChild","species":"chansey","item":"eviolite","ability":"Natural Cure","moves":["seismictoss","stealthrock","toxic","softboiled"],"nature":"Bold","evs":{"hp":248,"atk":0,"def":252,"spa":0,"spd":8,"spe":0},"ivs":{"hp":31,"atk":31,"def":31,"spa":31,"spd":31,"spe":31}},{"name":"BelieveInFrost","species":"jirachi","item":"choicescarf","ability":"Serene Grace","moves":["ironhead","icepunch","playrough","uturn"],"nature":"Jolly","evs":{"hp":0,"atk":252,"def":0,"spa":0,"spd":4,"spe":252},"ivs":{"hp":31,"atk":31,"def":31,"spa":31,"spd":31,"spe":31}},{"name":"NiggerX","species":"charizard","item":"charizarditex","ability":"Blaze","moves":["flareblitz","dragondance","dragonclaw","roost"],"nature":"Adamant","evs":{"hp":0,"atk":252,"def":0,"spa":0,"spd":4,"spe":252},"ivs":{"hp":31,"atk":31,"def":31,"spa":31,"spd":31,"spe":31}},{"name":"RazorDildo","species":"skarmory","item":"rockyhelmet","ability":"Sturdy","moves":["taunt","roost","counter","spikes"],"nature":"Bold","evs":{"hp":248,"atk":0,"def":236,"spa":0,"spd":0,"spe":24},"ivs":{"hp":31,"atk":31,"def":31,"spa":31,"spd":31,"spe":31}}],"p2team":[{"name":"Sweeping","species":"serperior","item":"lifeorb","ability":"Contrary","moves":["leafstorm","gigadrain","dragonpulse","hiddenpowerrock"],"nature":"Timid","evs":{"hp":0,"atk":0,"def":0,"spa":252,"spd":4,"spe":252},"gender":"F","ivs":{"hp":31,"atk":31,"def":30,"spa":31,"spd":30,"spe":30}},{"name":"Smasher","species":"metagross","item":"metagrossite","ability":"Clear Body","moves":["meteormash","earthquake","zenheadbutt","icepunch"],"nature":"Jolly","evs":{"hp":0,"atk":252,"def":0,"spa":0,"spd":4,"spe":252},"shiny":true,"ivs":{"hp":31,"atk":31,"def":31,"spa":31,"spd":31,"spe":31}},{"name":"TrueLove","species":"scolipede","item":"leftovers","ability":"Speed Boost","moves":["protect","substitute","megahorn","batonpass"],"nature":"Timid","evs":{"hp":248,"atk":0,"def":0,"spa":0,"spd":8,"spe":252},"gender":"F","ivs":{"hp":31,"atk":31,"def":31,"spa":31,"spd":31,"spe":31}},{"name":"Thor","species":"thundurustherian","item":"lifeorb","ability":"Volt Absorb","moves":["thunder","focusblast","darkpulse","nastyplot"],"nature":"Timid","evs":{"hp":0,"atk":0,"def":0,"spa":252,"spd":4,"spe":252},"ivs":{"hp":31,"atk":31,"def":31,"spa":31,"spd":31,"spe":31}},{"name":"UmAdBrO?","species":"ferrothorn","item":"rockyhelmet","ability":"Iron Barbs","moves":["powerwhip","leechseed","spikes","stealthrock"],"nature":"Impish","evs":{"hp":248,"atk":8,"def":252,"spa":0,"spd":0,"spe":0},"gender":"M","ivs":{"hp":31,"atk":31,"def":31,"spa":31,"spd":31,"spe":31}},{"name":"Marriland","species":"azumarill","item":"sitrusberry","ability":"Huge Power","moves":["bellydrum","playrough","knockoff","aquajet"],"nature":"Adamant","evs":{"hp":8,"atk":252,"def":0,"spa":0,"spd":0,"spe":248},"gender":"F","shiny":true,"ivs":{"hp":31,"atk":31,"def":31,"spa":31,"spd":31,"spe":31}}],"log":["|player|p1|miah Jenna-Tills|294","|player|p2|rubensd|144","|gametype|singles","|gen|6","|tier|OU","|rated","|clearpoke","|poke|p1|Slowbro, M","|poke|p1|Blissey, F","|poke|p1|Chansey, F","|poke|p1|Jirachi","|poke|p1|Charizard, F","|poke|p1|Skarmory, M","|poke|p2|Serperior, F","|poke|p2|Metagross, shiny","|poke|p2|Scolipede, F","|poke|p2|Thundurus-Therian, M","|poke|p2|Ferrothorn, M","|poke|p2|Azumarill, F, shiny","|rule|Swagger Clause: Swagger is banned","|rule|Baton Pass Clause: Limit one Baton Passer, can't pass Spe and other stats simultaneously","|rule|Sleep Clause Mod: Limit one foe put to sleep","|rule|Species Clause: Limit one of each Pokémon","|rule|OHKO Clause: OHKO moves are banned","|rule|Moody Clause: Moody is banned","|rule|Evasion Moves Clause: Evasion moves are banned","|rule|Endless Battle Clause: Forcing endless battles is banned","|rule|HP Percentage Mod: HP is shown in percentages","|teampreview","|","|start","|switch|p1a: BelieveInFrost|Jirachi|341/341","|switch|p2a: UmAdBrO?|Ferrothorn, M|351/351","|turn|1","|","|switch|p1a: NiggerX|Charizard, F|297/297","|move|p2a: UmAdBrO?|Stealth Rock|p1a: NiggerX","|-sidestart|p1: miah Jenna-Tills|move: Stealth Rock","|","|turn|2","|","|detailschange|p1a: NiggerX|Charizard-Mega-X, F","|-mega|p1a: NiggerX|Charizard|Charizardite X","|move|p1a: NiggerX|Dragon Dance|p1a: NiggerX","|-boost|p1a: NiggerX|atk|1","|-boost|p1a: NiggerX|spe|1","|move|p2a: UmAdBrO?|Spikes|p1a: NiggerX","|-sidestart|p1: miah Jenna-Tills|Spikes","|","|turn|3","|","|move|p1a: NiggerX|Dragon Dance|p1a: NiggerX","|-boost|p1a: NiggerX|atk|1","|-boost|p1a: NiggerX|spe|1","|move|p2a: UmAdBrO?|Leech Seed|p1a: NiggerX","|-start|p1a: NiggerX|move: Leech Seed","|","|-damage|p1a: NiggerX|260/297|[from] Leech Seed|[of] p2a: UmAdBrO?","|turn|4","|","|move|p1a: NiggerX|Flare Blitz|p2a: UmAdBrO?","|-supereffective|p2a: UmAdBrO?","|-damage|p2a: UmAdBrO?|0 fnt","|-damage|p1a: NiggerX|223/297|[from] ability: Iron Barbs|[of] p2a: UmAdBrO?","|-damage|p1a: NiggerX|174/297|[from] item: Rocky Helmet|[of] p2a: UmAdBrO?","|-damage|p1a: NiggerX|58/297|[from] recoil|[of] p2a: UmAdBrO?","|faint|p2a: UmAdBrO?","|","|","|switch|p2a: TrueLove|Scolipede, F|323/323","|turn|5","|","|move|p2a: TrueLove|Protect|p2a: TrueLove","|-singleturn|p2a: TrueLove|Protect","|move|p1a: NiggerX|Roost|p1a: NiggerX","|-heal|p1a: NiggerX|207/297","|","|-damage|p1a: NiggerX|170/297|[from] Leech Seed|[of] p2a: TrueLove","|-boost|p2a: TrueLove|spe|1|[from] ability: Speed Boost","|turn|6","|","|move|p1a: NiggerX|Flare Blitz|p2a: TrueLove","|-supereffective|p2a: TrueLove","|-damage|p2a: TrueLove|0 fnt","|-damage|p1a: NiggerX|63/297|[from] recoil|[of] p2a: TrueLove","|faint|p2a: TrueLove","|","|","|switch|p2a: Marriland|Azumarill, F, shiny|343/343","|turn|7","|","|move|p2a: Marriland|Aqua Jet|p1a: NiggerX","|-damage|p1a: NiggerX|0 fnt","|faint|p1a: NiggerX","|","|","|switch|p1a: BelieveInFrost|Jirachi|341/341","|-damage|p1a: BelieveInFrost|299/341|[from] Spikes","|-damage|p1a: BelieveInFrost|278/341|[from] Stealth Rock","|turn|8","|","|move|p1a: BelieveInFrost|U-turn|p2a: Marriland","|-resisted|p2a: Marriland","|-damage|p2a: Marriland|298/343","|","|switch|p1a: RazorDildo|Skarmory, M|333/333","|-damage|p1a: RazorDildo|292/333|[from] Stealth Rock","|move|p2a: Marriland|Belly Drum|p2a: Marriland","|-damage|p2a: Marriland|127/343","|-setboost|p2a: Marriland|atk|6|[from] move: Belly Drum","|-enditem|p2a: Marriland|Sitrus Berry|[eat]","|-heal|p2a: Marriland|212/343|[from] item: Sitrus Berry","|","|turn|9","|","|move|p2a: Marriland|Aqua Jet|p1a: RazorDildo","|-damage|p1a: RazorDildo|99/333","|-damage|p2a: Marriland|155/343|[from] item: Rocky Helmet|[of] p1a: RazorDildo","|move|p1a: RazorDildo|Counter|p2a: Marriland","|-damage|p2a: Marriland|0 fnt","|faint|p2a: Marriland","|","|","|switch|p2a: Thor|Thundurus-Therian, M|299/299","|turn|10","|","|switch|p1a: Hope's sister|Blissey, F|714/714","|-damage|p1a: Hope's sister|625/714|[from] Spikes","|-damage|p1a: Hope's sister|536/714|[from] Stealth Rock","|move|p2a: Thor|Thunder|p1a: Hope's sister","|-damage|p1a: Hope's sister|322/714","|-damage|p2a: Thor|270/299|[from] item: Life Orb","|","|-heal|p1a: Hope's sister|366/714|[from] item: Leftovers","|turn|11","|","|move|p2a: Thor|Focus Blast|p1a: Hope's sister","|-supereffective|p1a: Hope's sister","|-damage|p1a: Hope's sister|31/714","|-damage|p2a: Thor|241/299|[from] item: Life Orb","|move|p1a: Hope's sister|Flamethrower|p2a: Thor","|-damage|p2a: Thor|149/299","|","|-heal|p1a: Hope's sister|75/714|[from] item: Leftovers","|turn|12","|","|move|p2a: Thor|Nasty Plot|p2a: Thor","|-boost|p2a: Thor|spa|2","|move|p1a: Hope's sister|Ice Beam|p2a: Thor","|-supereffective|p2a: Thor","|-damage|p2a: Thor|0 fnt","|faint|p2a: Thor","|","|-heal|p1a: Hope's sister|119/714|[from] item: Leftovers","|","|switch|p2a: Smasher|Metagross, shiny|301/301","|turn|13","|","|detailschange|p2a: Smasher|Metagross-Mega, shiny","|-mega|p2a: Smasher|Metagross|Metagrossite","|move|p2a: Smasher|Meteor Mash|p1a: Hope's sister","|-damage|p1a: Hope's sister|0 fnt","|-boost|p2a: Smasher|atk|1","|faint|p1a: Hope's sister","|","|","|switch|p1a: Autism|Slowbro, M|393/393","|-damage|p1a: Autism|344/393|[from] Spikes","|-damage|p1a: Autism|295/393|[from] Stealth Rock","|turn|14","|","|move|p2a: Smasher|Earthquake|p1a: Autism","|-damage|p1a: Autism|173/393","|move|p1a: Autism|Flamethrower|p2a: Smasher","|-supereffective|p2a: Smasher","|-damage|p2a: Smasher|173/301","|","|turn|15","|","|move|p2a: Smasher|Earthquake|p1a: Autism","|-damage|p1a: Autism|48/393","|move|p1a: Autism|Flamethrower|p2a: Smasher","|-supereffective|p2a: Smasher","|-damage|p2a: Smasher|31/301","|-status|p2a: Smasher|brn","|","|-damage|p2a: Smasher|0 fnt|[from] brn","|faint|p2a: Smasher","|","|switch|p2a: Sweeping|Serperior, F|291/291","|turn|16","|","|move|p2a: Sweeping|Leaf Storm|p1a: Autism","|-supereffective|p1a: Autism","|-damage|p1a: Autism|0 fnt","|-boost|p2a: Sweeping|spa|2","|-damage|p2a: Sweeping|262/291|[from] item: Life Orb","|faint|p1a: Autism","|","|","|switch|p1a: LoveChild|Chansey, F|703/703","|-damage|p1a: LoveChild|616/703|[from] Spikes","|-damage|p1a: LoveChild|529/703|[from] Stealth Rock","|turn|17","|","|move|p2a: Sweeping|Leaf Storm|p1a: LoveChild|[miss]","|-miss|p2a: Sweeping|p1a: LoveChild","|move|p1a: LoveChild|Seismic Toss|p2a: Sweeping","|-damage|p2a: Sweeping|162/291","|","|turn|18","|","|move|p2a: Sweeping|Giga Drain|p1a: LoveChild","|-damage|p1a: LoveChild|369/703","|-heal|p2a: Sweeping|242/291|[from] drain|[of] p1a: LoveChild","|-damage|p2a: Sweeping|213/291|[from] item: Life Orb","|move|p1a: LoveChild|Seismic Toss|p2a: Sweeping","|-damage|p2a: Sweeping|113/291","|","|turn|19","|","|move|p2a: Sweeping|Leaf Storm|p1a: LoveChild","|-damage|p1a: LoveChild|114/703","|-boost|p2a: Sweeping|spa|2","|-damage|p2a: Sweeping|84/291|[from] item: Life Orb","|move|p1a: LoveChild|Toxic|p2a: Sweeping","|-status|p2a: Sweeping|tox","|","|-damage|p2a: Sweeping|66/291 tox|[from] psn","|turn|20","|","|move|p2a: Sweeping|Giga Drain|p1a: LoveChild","|-damage|p1a: LoveChild|0 fnt","|-heal|p2a: Sweeping|123/291 tox|[from] drain|[of] p1a: LoveChild","|-damage|p2a: Sweeping|94/291 tox|[from] item: Life Orb","|faint|p1a: LoveChild","|","|-damage|p2a: Sweeping|58/291 tox|[from] psn","|","|switch|p1a: BelieveInFrost|Jirachi|278/341","|-damage|p1a: BelieveInFrost|257/341|[from] Stealth Rock","|-damage|p1a: BelieveInFrost|215/341|[from] Spikes","|turn|21","|","|move|p1a: BelieveInFrost|Ice Punch|p2a: Sweeping","|-supereffective|p2a: Sweeping","|-damage|p2a: Sweeping|0 fnt","|faint|p2a: Sweeping","|","|win|miah Jenna-Tills"],"p1rating":{"entryid":"540295","serverid":"eos","formatid":"ou","userid":"miahjennatills","username":"miah Jenna-Tills","w":1,"l":"2","t":"0","gxe":45.8,"r":"1500","rd":"130","sigma":"0","rptime":"1440666000","rpr":1466.9108216389,"rprd":111.51861011339,"rpsigma":"0","acre":1040,"lacre":1040,"oldacre":"1000"},"p2rating":{"entryid":540525,"formatid":"ou","userid":"rubensd","username":"rubensd","r":1500,"rd":130,"sigma":0,"rpr":1459.8393856612,"rprd":122.8583080769,"rpsigma":0,"rptime":1440666000,"w":0,"l":1,"t":0,"gxe":45,"acre":1000,"lacre":1000,"oldacre":1000},"endType":"normal"}