{"seed":[60209,57446,37433,29994],"turns":41,"p1":"GTX♅Ghigo","p2":"DoctorPhrog","p1team":[{"name":"Shells","species":"blastoise","item":"blastoisinite","ability":"Torrent","moves":["icebeam","scald","aurasphere","darkpulse"],"nature":"Modest","evs":{"hp":192,"atk":0,"def":0,"spa":188,"spd":64,"spe":64},"gender":"M","ivs":{"hp":31,"atk":0,"def":31,"spa":31,"spd":31,"spe":31}},{"name":"Forest","species":"celebi","item":"leftovers","ability":"Natural Cure","moves":["gigadrain","recover","thunderwave","stealthrock"],"nature":"Calm","evs":{"hp":252,"atk":0,"def":160,"spa":0,"spd":80,"spe":16},"ivs":{"hp":31,"atk":0,"def":31,"spa":31,"spd":31,"spe":31}},{"name":"Clouds","species":"tornadustherian","item":"assaultvest","ability":"Regenerator","moves":["hurricane","focusblast","knockoff","uturn"],"nature":"Timid","evs":{"hp":116,"atk":0,"def":0,"spa":160,"spd":0,"spe":232},"shiny":true,"ivs":{"hp":31,"atk":31,"def":31,"spa":31,"spd":31,"spe":31}},{"name":"Moon","species":"clefable","item":"leftovers","ability":"Unaware","moves":["moonblast","healbell","wish","calmmind"],"nature":"Bold","evs":{"hp":184,"atk":0,"def":252,"spa":0,"spd":72,"spe":0},"gender":"F","ivs":{"hp":31,"atk":31,"def":31,"spa":31,"spd":31,"spe":31}},{"name":"Quarry","species":"starmie","item":"leftovers","ability":"Analytic","moves":["rapidspin","scald","recover","icebeam"],"nature":"Timid","evs":{"hp":0,"atk":0,"def":0,"spa":252,"spd":0,"spe":216},"shiny":true,"ivs":{"hp":31,"atk":31,"def":31,"spa":31,"spd":31,"spe":31}},{"name":"Fire","species":"talonflame","item":"sharpbeak","ability":"Gale Wings","moves":["bravebird","flareblitz","swordsdance","roost"],"nature":"Jolly","evs":{"hp":0,"atk":252,"def":0,"spa":0,"spd":4,"spe":252},"ivs":{"hp":31,"atk":31,"def":31,"spa":31,"spd":31,"spe":31}}],"p2team":[{"name":"Ghillie Creeper","species":"tangrowth","item":"assaultvest","ability":"Regenerator","moves":["gigadrain","hiddenpowerice","knockoff","earthquake"],"nature":"Sassy","evs":{"hp":248,"atk":0,"def":8,"spa":0,"spd":252,"spe":0},"gender":"M","ivs":{"hp":31,"atk":30,"def":30,"spa":31,"spd":31,"spe":31}},{"name":"Heartfishsiftraeh","species":"alomomola","item":"rockyhelmet","ability":"Regenerator","moves":["scald","toxic","protect","wish"],"nature":"Bold","evs":{"hp":248,"atk":0,"def":252,"spa":0,"spd":8,"spe":0},"gender":"F","ivs":{"hp":31,"atk":0,"def":31,"spa":31,"spd":31,"spe":31}},{"name":"Standard.OU","species":"audino","item":"assaultvest","ability":"Regenerator","moves":["icebeam","thunderbolt","focuspunch","irontail"],"nature":"Sassy","evs":{"hp":252,"atk":0,"def":4,"spa":0,"spd":252,"spe":0},"ivs":{"hp":31,"atk":31,"def":31,"spa":31,"spd":31,"spe":31}},{"name":"What Just Happened","species":"sableye","item":"sablenite","ability":"Stall","moves":["snatch","shadowsneak","powergem","recover"],"nature":"Sassy","evs":{"hp":248,"atk":0,"def":0,"spa":244,"spd":16,"spe":0},"gender":"M","ivs":{"hp":31,"atk":31,"def":31,"spa":31,"spd":31,"spe":31}},{"name":"Just switch out.","species":"clefable","item":"leftovers","ability":"Unaware","moves":["cosmicpower","moonblast","healbell","moonlight"],"nature":"Bold","evs":{"hp":248,"atk":0,"def":252,"spa":0,"spd":0,"spe":8},"gender":"F","ivs":{"hp":31,"atk":0,"def":31,"spa":31,"spd":31,"spe":31}},{"name":"Nopenopenope","species":"mew","item":"colburberry","ability":"Synchronize","moves":["willowisp","transform","defog","roost"],"nature":"Timid","evs":{"hp":248,"atk":0,"def":0,"spa":0,"spd":44,"spe":216},"ivs":{"hp":31,"atk":0,"def":30,"spa":31,"spd":31,"spe":31}}],"log":["|player|p1|GTX♅Ghigo|248","|player|p2|DoctorPhrog|117","|gametype|singles","|gen|6","|tier|OU","|rated","|clearpoke","|poke|p1|Blastoise, M","|poke|p1|Celebi","|poke|p1|Tornadus-Therian, M, shiny","|poke|p1|Clefable, F","|poke|p1|Starmie, shiny","|poke|p1|Talonflame, M","|poke|p2|Tangrowth, M","|poke|p2|Alomomola, F","|poke|p2|Audino, M","|poke|p2|Sableye, M","|poke|p2|Clefable, F","|poke|p2|Mew","|rule|Swagger Clause: Swagger is banned","|rule|Baton Pass Clause: Limit one Baton Passer, can't pass Spe and other stats simultaneously","|rule|Sleep Clause Mod: Limit one foe put to sleep","|rule|Species Clause: Limit one of each Pokémon","|rule|OHKO Clause: OHKO moves are banned","|rule|Moody Clause: Moody is banned","|rule|Evasion Moves Clause: Evasion moves are banned","|rule|Endless Battle Clause: Forcing endless battles is banned","|rule|HP Percentage Mod: HP is shown in percentages","|teampreview","|","|start","|switch|p1a: Forest|Celebi|404/404","|switch|p2a: What Just Happened|Sableye, M|303/303","|turn|1","|","|switch|p1a: Moon|Clefable, F|377/377","|detailschange|p2a: What Just Happened|Sableye-Mega, M","|-mega|p2a: What Just Happened|Sableye|Sablenite","|move|p2a: What Just Happened|Snatch|p2a: What Just Happened","|-singleturn|p2a: What Just Happened|Snatch","|","|turn|2","|","|switch|p2a: Ghillie Creeper|Tangrowth, M|403/403","|move|p1a: Moon|Calm Mind|p1a: Moon","|-boost|p1a: Moon|spa|1","|-boost|p1a: Moon|spd|1","|","|turn|3","|","|switch|p1a: Shells|Blastoise, M|347/347","|switch|p2a: Nopenopenope|Mew|403/403","|","|turn|4","|","|switch|p2a: Ghillie Creeper|Tangrowth, M|403/403","|detailschange|p1a: Shells|Blastoise-Mega, M","|-mega|p1a: Shells|Blastoise|Blastoisinite","|move|p1a: Shells|Dark Pulse|p2a: Ghillie Creeper","|-damage|p2a: Ghillie Creeper|285/403","|","|turn|5","|","|switch|p1a: Clouds|Tornadus-Therian, M, shiny|328/328","|move|p2a: Ghillie Creeper|Knock Off|p1a: Clouds","|-damage|p1a: Clouds|240/328","|-enditem|p1a: Clouds|Assault Vest|[from] move: Knock Off|[of] p2a: Ghillie Creeper","|","|turn|6","|","|move|p1a: Clouds|Hurricane|p2a: Ghillie Creeper|[miss]","|-miss|p1a: Clouds|p2a: Ghillie Creeper","|move|p2a: Ghillie Creeper|Hidden Power|p1a: Clouds","|-supereffective|p1a: Clouds","|-damage|p1a: Clouds|128/328","|","|turn|7","|","|switch|p2a: Standard.OU|Audino, M|410/410","|move|p1a: Clouds|Hurricane|p2a: Standard.OU","|-damage|p2a: Standard.OU|329/410","|","|turn|8","|","|switch|p1a: Forest|Celebi|404/404","|move|p2a: Standard.OU|Ice Beam|p1a: Forest","|-supereffective|p1a: Forest","|-damage|p1a: Forest|328/404","|","|-heal|p1a: Forest|353/404|[from] item: Leftovers","|turn|9","|","|switch|p2a: Nopenopenope|Mew|403/403","|move|p1a: Forest|Stealth Rock|p2a: Nopenopenope","|-sidestart|p2: DoctorPhrog|move: Stealth Rock","|","|-heal|p1a: Forest|378/404|[from] item: Leftovers","|turn|10","|","|switch|p1a: Shells|Blastoise-Mega, M|347/347","|move|p2a: Nopenopenope|Defog|p1a: Shells","|-unboost|p1a: Shells|evasion|1","|-sideend|p2: DoctorPhrog|Stealth Rock|[from] move: Defog|[of] p2a: Nopenopenope","|","|turn|11","|","|switch|p2a: Standard.OU|Audino, M|410/410","|move|p1a: Shells|Ice Beam|p2a: Standard.OU","|-damage|p2a: Standard.OU|344/410","|","|turn|12","|","|switch|p1a: Forest|Celebi|378/404","|move|p2a: Standard.OU|Thunderbolt|p1a: Forest","|-resisted|p1a: Forest","|-damage|p1a: Forest|360/404","|-status|p1a: Forest|par","|","|-heal|p1a: Forest|385/404 par|[from] item: Leftovers","|turn|13","|","|switch|p2a: What Just Happened|Sableye-Mega, M|303/303","|move|p1a: Forest|Stealth Rock|p2a: What Just Happened","|move|p2a: What Just Happened|Stealth Rock|p1a: Forest|[from]Magic Bounce","|-sidestart|p1: GTX♅Ghigo|move: Stealth Rock","|","|-heal|p1a: Forest|404/404 par|[from] item: Leftovers","|turn|14","|","|switch|p1a: Moon|Clefable, F|377/377","|-damage|p1a: Moon|330/377|[from] Stealth Rock","|move|p2a: What Just Happened|Shadow Sneak|p1a: Moon","|-damage|p1a: Moon|293/377","|","|-heal|p1a: Moon|316/377|[from] item: Leftovers","|turn|15","|","|switch|p2a: Ghillie Creeper|Tangrowth, M|403/403","|move|p1a: Moon|Moonblast|p2a: Ghillie Creeper","|-damage|p2a: Ghillie Creeper|319/403","|","|-heal|p1a: Moon|339/377|[from] item: Leftovers","|turn|16","|","|switch|p1a: Quarry|Starmie, shiny|261/261","|-damage|p1a: Quarry|229/261|[from] Stealth Rock","|move|p2a: Ghillie Creeper|Knock Off|p1a: Quarry","|-supereffective|p1a: Quarry","|-damage|p1a: Quarry|51/261","|-enditem|p1a: Quarry|Leftovers|[from] move: Knock Off|[of] p2a: Ghillie Creeper","|","|turn|17","|","|switch|p2a: What Just Happened|Sableye-Mega, M|303/303","|move|p1a: Quarry|Rapid Spin|p2a: What Just Happened","|-immune|p2a: What Just Happened|[msg]","|","|turn|18","|","|move|p2a: What Just Happened|Shadow Sneak|p1a: Quarry","|-supereffective|p1a: Quarry","|-damage|p1a: Quarry|0 fnt","|faint|p1a: Quarry","|","|","|switch|p1a: Moon|Clefable, F|339/377","|-damage|p1a: Moon|292/377|[from] Stealth Rock","|turn|19","|","|switch|p1a: Fire|Talonflame, M|297/297","|-damage|p1a: Fire|149/297|[from] Stealth Rock","|move|p2a: What Just Happened|Snatch|p2a: What Just Happened","|-singleturn|p2a: What Just Happened|Snatch","|","|turn|20","|","|move|p1a: Fire|Roost|p1a: Fire","|-heal|p1a: Fire|297/297","|move|p2a: What Just Happened|Power Gem|p1a: Fire","|-supereffective|p1a: Fire","|-damage|p1a: Fire|109/297","|","|turn|21","|","|move|p1a: Fire|Flare Blitz|p2a: What Just Happened","|-damage|p2a: What Just Happened|185/303","|-damage|p1a: Fire|70/297|[from] recoil|[of] p2a: What Just Happened","|move|p2a: What Just Happened|Power Gem|p1a: Fire","|-supereffective|p1a: Fire","|-damage|p1a: Fire|0 fnt","|faint|p1a: Fire","|","|","|switch|p1a: Moon|Clefable, F|292/377","|-damage|p1a: Moon|245/377|[from] Stealth Rock","|turn|22","|","|switch|p2a: Ghillie Creeper|Tangrowth, M|403/403","|move|p1a: Moon|Wish|p1a: Moon","|","|-heal|p1a: Moon|268/377|[from] item: Leftovers","|turn|23","|","|move|p1a: Moon|Calm Mind|p1a: Moon","|-boost|p1a: Moon|spa|1","|-boost|p1a: Moon|spd|1","|move|p2a: Ghillie Creeper|Hidden Power|p1a: Moon","|-damage|p1a: Moon|232/377","|","|-heal|p1a: Moon|377/377|[from] move: Wish|[wisher] Moon","|turn|24","|","|move|p1a: Moon|Calm Mind|p1a: Moon","|-boost|p1a: Moon|spa|1","|-boost|p1a: Moon|spd|1","|move|p2a: Ghillie Creeper|Knock Off|p1a: Moon","|-resisted|p1a: Moon","|-damage|p1a: Moon|346/377","|-enditem|p1a: Moon|Leftovers|[from] move: Knock Off|[of] p2a: Ghillie Creeper","|","|turn|25","|","|switch|p2a: Nopenopenope|Mew|403/403","|move|p1a: Moon|Calm Mind|p1a: Moon","|-boost|p1a: Moon|spa|1","|-boost|p1a: Moon|spd|1","|","|turn|26","|","|move|p2a: Nopenopenope|Will-O-Wisp|p1a: Moon","|-status|p1a: Moon|brn","|move|p1a: Moon|Moonblast|p2a: Nopenopenope","|-damage|p2a: Nopenopenope|139/403","|","|-damage|p1a: Moon|299/377 brn|[from] brn","|turn|27","|","|move|p2a: Nopenopenope|Roost|p2a: Nopenopenope","|-heal|p2a: Nopenopenope|341/403","|move|p1a: Moon|Moonblast|p2a: Nopenopenope","|-damage|p2a: Nopenopenope|91/403","|","|-damage|p1a: Moon|252/377 brn|[from] brn","|turn|28","|","|move|p2a: Nopenopenope|Roost|p2a: Nopenopenope","|-heal|p2a: Nopenopenope|293/403","|move|p1a: Moon|Calm Mind|p1a: Moon","|-boost|p1a: Moon|spa|1","|-boost|p1a: Moon|spd|1","|","|-damage|p1a: Moon|205/377 brn|[from] brn","|turn|29","|","|switch|p2a: Just switch out.|Clefable, F|393/393","|move|p1a: Moon|Wish|p1a: Moon","|","|-damage|p1a: Moon|158/377 brn|[from] brn","|turn|30","|","|move|p2a: Just switch out.|Cosmic Power|p2a: Just switch out.","|-boost|p2a: Just switch out.|def|1","|-boost|p2a: Just switch out.|spd|1","|move|p1a: Moon|Moonblast|p2a: Just switch out.","|-damage|p2a: Just switch out.|279/393","|-unboost|p2a: Just switch out.|spa|1","|","|-heal|p1a: Moon|346/377 brn|[from] move: Wish|[wisher] Moon","|-heal|p2a: Just switch out.|303/393|[from] item: Leftovers","|-damage|p1a: Moon|299/377 brn|[from] brn","|turn|31","|","|move|p2a: Just switch out.|Cosmic Power|p2a: Just switch out.","|-boost|p2a: Just switch out.|def|1","|-boost|p2a: Just switch out.|spd|1","|move|p1a: Moon|Moonblast|p2a: Just switch out.","|-damage|p2a: Just switch out.|183/393","|-unboost|p2a: Just switch out.|spa|1","|","|-heal|p2a: Just switch out.|207/393|[from] item: Leftovers","|-damage|p1a: Moon|252/377 brn|[from] brn","|turn|32","|","|move|p2a: Just switch out.|Cosmic Power|p2a: Just switch out.","|-boost|p2a: Just switch out.|def|1","|-boost|p2a: Just switch out.|spd|1","|move|p1a: Moon|Moonblast|p2a: Just switch out.","|-damage|p2a: Just switch out.|98/393","|","|-heal|p2a: Just switch out.|122/393|[from] item: Leftovers","|-damage|p1a: Moon|205/377 brn|[from] brn","|turn|33","|","|move|p2a: Just switch out.|Moonlight|p2a: Just switch out.","|-heal|p2a: Just switch out.|318/393","|move|p1a: Moon|Wish|p1a: Moon","|","|-heal|p2a: Just switch out.|342/393|[from] item: Leftovers","|-damage|p1a: Moon|158/377 brn|[from] brn","|turn|34","|","|move|p2a: Just switch out.|Moonblast|p1a: Moon","|-damage|p1a: Moon|50/377 brn","|-unboost|p1a: Moon|spa|1","|move|p1a: Moon|Calm Mind|p1a: Moon","|-boost|p1a: Moon|spa|1","|-boost|p1a: Moon|spd|1","|","|-heal|p1a: Moon|238/377 brn|[from] move: Wish|[wisher] Moon","|-heal|p2a: Just switch out.|366/393|[from] item: Leftovers","|-damage|p1a: Moon|191/377 brn|[from] brn","|turn|35","|","|move|p2a: Just switch out.|Moonblast|p1a: Moon","|-damage|p1a: Moon|83/377 brn","|move|p1a: Moon|Wish|p1a: Moon","|","|-heal|p2a: Just switch out.|390/393|[from] item: Leftovers","|-damage|p1a: Moon|36/377 brn|[from] brn","|turn|36","|","|move|p2a: Just switch out.|Cosmic Power|p2a: Just switch out.","|-boost|p2a: Just switch out.|def|1","|-boost|p2a: Just switch out.|spd|1","|move|p1a: Moon|Moonblast|p2a: Just switch out.","|-damage|p2a: Just switch out.|270/393","|-unboost|p2a: Just switch out.|spa|1","|","|-heal|p1a: Moon|224/377 brn|[from] move: Wish|[wisher] Moon","|-heal|p2a: Just switch out.|294/393|[from] item: Leftovers","|-damage|p1a: Moon|177/377 brn|[from] brn","|turn|37","|","|move|p2a: Just switch out.|Moonblast|p1a: Moon","|-damage|p1a: Moon|65/377 brn","|move|p1a: Moon|Moonblast|p2a: Just switch out.","|-damage|p2a: Just switch out.|182/393","|-unboost|p2a: Just switch out.|spa|1","|","|-heal|p2a: Just switch out.|206/393|[from] item: Leftovers","|-damage|p1a: Moon|18/377 brn|[from] brn","|turn|38","|","|move|p2a: Just switch out.|Moonblast|p1a: Moon","|-crit|p1a: Moon","|-damage|p1a: Moon|0 fnt","|faint|p1a: Moon","|","|-heal|p2a: Just switch out.|230/393|[from] item: Leftovers","|","|switch|p1a: Forest|Celebi|404/404","|-damage|p1a: Forest|354/404|[from] Stealth Rock","|turn|39","|","|switch|p2a: What Just Happened|Sableye-Mega, M|185/303","|move|p1a: Forest|Stealth Rock|p2a: What Just Happened","|move|p2a: What Just Happened|Stealth Rock|p1a: Forest|[from]Magic Bounce","|-fail|p1a: Forest","|","|-heal|p1a: Forest|379/404|[from] item: Leftovers","|turn|40","|","|move|p1a: Forest|Giga Drain|p2a: What Just Happened","|-damage|p2a: What Just Happened|116/303","|-heal|p1a: Forest|404/404|[from] drain|[of] p2a: What Just Happened","|move|p2a: What Just Happened|Recover|p2a: What Just Happened","|-heal|p2a: What Just Happened|268/303","|","|turn|41","|player|p1","|","|win|DoctorPhrog"],"p1rating":{"entryid":539459,"formatid":"ou","userid":"gtxghigo","username":"GTX♅Ghigo","r":1500,"rd":130,"sigma":0,"rpr":1459.8393856612,"rprd":122.8583080769,"rpsigma":0,"rptime":1440666000,"w":0,"l":1,"t":0,"gxe":45,"acre":1000,"lacre":1000,"oldacre":1000},"p2rating":{"entryid":539460,"formatid":"ou","userid":"doctorphrog","username":"DoctorPhrog","r":1500,"rd":130,"sigma":0,"rpr":1540.1606143388,"rprd":122.8583080769,"rpsigma":0,"rptime":1440666000,"w":1,"l":0,"t":0,"gxe":55,"acre":1040,"lacre":1040,"oldacre":1000},"endType":"forfeit"}