{"seed":[60472,4027,5304,58907],"turns":24,"p1":"Darth Malic","p2":"Crystal Giigan","p1team":[{"name":"Hippowdon","species":"Hippowdon","item":"leftovers","ability":"Sand Stream","moves":["earthquake","roar","slackoff","stealthrock"],"nature":"Impish","evs":{"hp":252,"atk":4,"def":252,"spa":0,"spd":0,"spe":0},"ivs":{"hp":31,"atk":31,"def":31,"spa":31,"spd":31,"spe":31}},{"name":"Excadrill","species":"Excadrill","item":"lifeorb","ability":"Sand Rush","moves":["earthquake","ironhead","rapidspin","rockslide"],"nature":"Adamant","evs":{"hp":0,"atk":252,"def":0,"spa":0,"spd":4,"spe":252},"ivs":{"hp":31,"atk":31,"def":31,"spa":31,"spd":31,"spe":31}},{"name":"Garchomp","species":"Garchomp","item":"garchompite","ability":"Rough Skin","moves":["earthquake","outrage","firefang","poisonjab"],"nature":"Jolly","evs":{"hp":0,"atk":252,"def":0,"spa":0,"spd":4,"spe":252},"ivs":{"hp":31,"atk":31,"def":31,"spa":31,"spd":31,"spe":31}},{"name":"Mamoswine","species":"Mamoswine","item":"lifeorb","ability":"Thick Fat","moves":["earthquake","iceshard","iciclecrash","superpower"],"nature":"Jolly","evs":{"hp":0,"atk":252,"def":0,"spa":0,"spd":4,"spe":252},"ivs":{"hp":31,"atk":31,"def":31,"spa":31,"spd":31,"spe":31}},{"name":"Nidoking","species":"Nidoking","item":"choicescarf","ability":"Sheer Force","moves":["earthpower","icebeam","sludgewave","thunderbolt"],"nature":"Timid","evs":{"hp":0,"atk":0,"def":0,"spa":252,"spd":4,"spe":252},"ivs":{"hp":31,"atk":31,"def":31,"spa":31,"spd":31,"spe":31}},{"name":"Torterra","species":"Torterra","item":"leftovers","ability":"Overgrow","moves":["earthquake","woodhammer","stoneedge","superpower"],"nature":"Adamant","evs":{"hp":252,"atk":252,"def":0,"spa":0,"spd":4,"spe":0},"ivs":{"hp":31,"atk":31,"def":31,"spa":31,"spd":31,"spe":31}}],"p2team":[{"name":"Absol","species":"Absol","item":"absolite","ability":"Super Luck","moves":["swordsdance","suckerpunch","pursuit","playrough"],"nature":"Jolly","evs":{"hp":0,"atk":252,"def":0,"spa":0,"spd":4,"spe":252},"ivs":{"hp":31,"atk":31,"def":31,"spa":31,"spd":31,"spe":31}},{"name":"Gyarados","species":"Gyarados","item":"leftovers","ability":"Intimidate","moves":["waterfall","bounce","earthquake","dragondance"],"nature":"Impish","evs":{"hp":252,"atk":0,"def":4,"spa":0,"spd":252,"spe":0},"ivs":{"hp":31,"atk":31,"def":31,"spa":31,"spd":31,"spe":31}},{"name":"Talonflame","species":"Talonflame","item":"leftovers","ability":"Gale Wings","moves":["bravebird","flareblitz","roost","bulkup"],"nature":"Careful","evs":{"hp":252,"atk":4,"def":0,"spa":0,"spd":252,"spe":0},"ivs":{"hp":31,"atk":31,"def":31,"spa":31,"spd":31,"spe":31}},{"name":"Conkeldurr","species":"Conkeldurr","item":"assaultvest","ability":"Guts","moves":["drainpunch","earthquake","knockoff","poisonjab"],"nature":"Adamant","evs":{"hp":248,"atk":252,"def":0,"spa":0,"spd":8,"spe":0},"ivs":{"hp":31,"atk":31,"def":31,"spa":31,"spd":31,"spe":31}},{"name":"Garchomp","species":"Garchomp","item":"rockyhelmet","ability":"Rough Skin","moves":["stealthrock","toxic","dragonclaw","roar"],"nature":"Jolly","evs":{"hp":248,"atk":8,"def":0,"spa":0,"spd":0,"spe":252},"ivs":{"hp":31,"atk":31,"def":31,"spa":31,"spd":31,"spe":31}},{"name":"Weavile","species":"Weavile","item":"choiceband","ability":"Pressure","moves":["icepunch","knockoff","poisonjab","aerialace"],"nature":"Jolly","evs":{"hp":0,"atk":252,"def":0,"spa":0,"spd":4,"spe":252},"ivs":{"hp":31,"atk":31,"def":31,"spa":31,"spd":31,"spe":31}}],"log":["|player|p1|Darth Malic|54","|player|p2|Crystal Giigan|crystalgiigan.png","|gametype|singles","|gen|6","|tier|OU","|rated","|clearpoke","|poke|p1|Hippowdon, F","|poke|p1|Excadrill, M","|poke|p1|Garchomp, M","|poke|p1|Mamoswine, M","|poke|p1|Nidoking, M","|poke|p1|Torterra, M","|poke|p2|Absol, F","|poke|p2|Gyarados, F","|poke|p2|Talonflame, F","|poke|p2|Conkeldurr, F","|poke|p2|Garchomp, M","|poke|p2|Weavile, F","|rule|Swagger Clause: Swagger is banned","|rule|Baton Pass Clause: Limit one Baton Passer, can't pass Spe and other stats simultaneously","|rule|Sleep Clause Mod: Limit one foe put to sleep","|rule|Species Clause: Limit one of each Pokémon","|rule|OHKO Clause: OHKO moves are banned","|rule|Moody Clause: Moody is banned","|rule|Evasion Moves Clause: Evasion moves are banned","|rule|Endless Battle Clause: Forcing endless battles is banned","|rule|HP Percentage Mod: HP is shown in percentages","|teampreview","|","|start","|switch|p1a: Hippowdon|Hippowdon, F|420/420","|switch|p2a: Absol|Absol, F|271/271","|-weather|Sandstorm","|turn|1","|","|detailschange|p2a: Absol|Absol-Mega, F","|-mega|p2a: Absol|Absol|Absolite","|move|p2a: Absol|Swords Dance|p2a: Absol","|-boost|p2a: Absol|atk|2","|move|p1a: Hippowdon|Earthquake|p2a: Absol","|-damage|p2a: Absol|81/271","|","|-weather|Sandstorm|[upkeep]","|-damage|p2a: Absol|65/271|[from] sandstorm","|turn|2","|","|move|p2a: Absol|Sucker Punch|p1a: Hippowdon","|-damage|p1a: Hippowdon|216/420","|move|p1a: Hippowdon|Earthquake|p2a: Absol","|-damage|p2a: Absol|0 fnt","|faint|p2a: Absol","|","|-weather|Sandstorm|[upkeep]","|-heal|p1a: Hippowdon|242/420|[from] item: Leftovers","|","|switch|p2a: Gyarados|Gyarados, F|394/394","|-ability|p2a: Gyarados|Intimidate","|-unboost|p1a: Hippowdon|atk|1","|turn|3","|","|switch|p1a: Torterra|Torterra, M|394/394","|move|p2a: Gyarados|Dragon Dance|p2a: Gyarados","|-boost|p2a: Gyarados|atk|1","|-boost|p2a: Gyarados|spe|1","|","|-weather|Sandstorm|[upkeep]","|-damage|p2a: Gyarados|370/394|[from] sandstorm","|-heal|p2a: Gyarados|394/394|[from] item: Leftovers","|turn|4","|","|move|p2a: Gyarados|Bounce|p1a: Torterra|[still]","|-prepare|p2a: Gyarados|Bounce|p1a: Torterra","|move|p1a: Torterra|Stone Edge|p2a: Gyarados|[miss]","|-miss|p1a: Torterra|p2a: Gyarados","|","|-weather|Sandstorm|[upkeep]","|-damage|p2a: Gyarados|370/394|[from] sandstorm","|-heal|p2a: Gyarados|394/394|[from] item: Leftovers","|turn|5","|","|move|p2a: Gyarados|Bounce|p1a: Torterra|[from]lockedmove","|-crit|p1a: Torterra","|-supereffective|p1a: Torterra","|-damage|p1a: Torterra|0 fnt","|faint|p1a: Torterra","|","|-weather|none","|","|switch|p1a: Nidoking|Nidoking, M|303/303","|turn|6","|","|move|p1a: Nidoking|Thunderbolt|p2a: Gyarados","|-supereffective|p2a: Gyarados","|-damage|p2a: Gyarados|34/394","|move|p2a: Gyarados|Waterfall|p1a: Nidoking","|-supereffective|p1a: Nidoking","|-damage|p1a: Nidoking|0 fnt","|faint|p1a: Nidoking","|","|-heal|p2a: Gyarados|58/394|[from] item: Leftovers","|","|switch|p1a: Mamoswine|Mamoswine, M|361/361","|turn|7","|","|move|p1a: Mamoswine|Ice Shard|p2a: Gyarados","|-damage|p2a: Gyarados|0 fnt","|-damage|p1a: Mamoswine|325/361|[from] item: Life Orb","|faint|p2a: Gyarados","|","|","|switch|p2a: Conkeldurr|Conkeldurr, F|413/413","|turn|8","|","|switch|p1a: Hippowdon|Hippowdon, F|242/420","|-weather|Sandstorm","|move|p2a: Conkeldurr|Knock Off|p1a: Hippowdon","|-damage|p1a: Hippowdon|150/420","|-enditem|p1a: Hippowdon|Leftovers|[from] move: Knock Off|[of] p2a: Conkeldurr","|","|-weather|Sandstorm|[upkeep]","|-damage|p2a: Conkeldurr|388/413|[from] sandstorm","|turn|9","|","|move|p1a: Hippowdon|Earthquake|p2a: Conkeldurr","|-damage|p2a: Conkeldurr|243/413","|move|p2a: Conkeldurr|Drain Punch|p1a: Hippowdon","|-damage|p1a: Hippowdon|42/420","|-heal|p2a: Conkeldurr|297/413|[from] drain|[of] p1a: Hippowdon","|","|-weather|Sandstorm|[upkeep]","|-damage|p2a: Conkeldurr|272/413|[from] sandstorm","|turn|10","|","|move|p1a: Hippowdon|Slack Off|p1a: Hippowdon","|-heal|p1a: Hippowdon|252/420","|move|p2a: Conkeldurr|Drain Punch|p1a: Hippowdon","|-damage|p1a: Hippowdon|152/420","|-heal|p2a: Conkeldurr|322/413|[from] drain|[of] p1a: Hippowdon","|","|-weather|Sandstorm|[upkeep]","|-damage|p2a: Conkeldurr|297/413|[from] sandstorm","|turn|11","|","|switch|p2a: Talonflame|Talonflame, F|360/360","|move|p1a: Hippowdon|Slack Off|p1a: Hippowdon","|-heal|p1a: Hippowdon|362/420","|","|-weather|Sandstorm|[upkeep]","|-damage|p2a: Talonflame|338/360|[from] sandstorm","|-heal|p2a: Talonflame|360/360|[from] item: Leftovers","|turn|12","|","|move|p2a: Talonflame|Bulk Up|p2a: Talonflame","|-boost|p2a: Talonflame|atk|1","|-boost|p2a: Talonflame|def|1","|move|p1a: Hippowdon|Roar|p2a: Talonflame","|drag|p2a: Garchomp|Garchomp, M|419/419","|","|-weather|none","|turn|13","|","|move|p2a: Garchomp|Stealth Rock|p1a: Hippowdon","|-sidestart|p1: Darth Malic|move: Stealth Rock","|move|p1a: Hippowdon|Stealth Rock|p2a: Garchomp","|-sidestart|p2: Crystal Giigan|move: Stealth Rock","|","|turn|14","|","|move|p2a: Garchomp|Toxic|p1a: Hippowdon","|-status|p1a: Hippowdon|tox","|move|p1a: Hippowdon|Slack Off|p1a: Hippowdon","|-heal|p1a: Hippowdon|420/420 tox","|","|-damage|p1a: Hippowdon|394/420 tox|[from] psn","|turn|15","|","|switch|p1a: Garchomp|Garchomp, M|357/357","|-damage|p1a: Garchomp|335/357|[from] Stealth Rock","|move|p2a: Garchomp|Dragon Claw|p1a: Garchomp","|-supereffective|p1a: Garchomp","|-damage|p1a: Garchomp|89/357","|-damage|p2a: Garchomp|367/419|[from] ability: Rough Skin|[of] p1a: Garchomp","|","|turn|16","|","|move|p2a: Garchomp|Dragon Claw|p1a: Garchomp","|-supereffective|p1a: Garchomp","|-damage|p1a: Garchomp|0 fnt","|-damage|p2a: Garchomp|315/419|[from] ability: Rough Skin|[of] p1a: Garchomp","|faint|p1a: Garchomp","|","|","|switch|p1a: Mamoswine|Mamoswine, M|325/361","|-damage|p1a: Mamoswine|280/361|[from] Stealth Rock","|turn|17","|","|switch|p2a: Conkeldurr|Conkeldurr, F|297/413","|-damage|p2a: Conkeldurr|272/413|[from] Stealth Rock","|move|p1a: Mamoswine|Icicle Crash|p2a: Conkeldurr","|-damage|p2a: Conkeldurr|72/413","|-damage|p1a: Mamoswine|244/361|[from] item: Life Orb","|","|turn|18","|","|move|p1a: Mamoswine|Ice Shard|p2a: Conkeldurr","|-damage|p2a: Conkeldurr|0 fnt","|-damage|p1a: Mamoswine|208/361|[from] item: Life Orb","|faint|p2a: Conkeldurr","|","|","|switch|p2a: Weavile|Weavile, F|281/281","|-damage|p2a: Weavile|211/281|[from] Stealth Rock","|-ability|p2a: Weavile|Pressure","|turn|19","|","|switch|p1a: Hippowdon|Hippowdon, F|394/420 tox","|-damage|p1a: Hippowdon|368/420 tox|[from] Stealth Rock","|-weather|Sandstorm","|move|p2a: Weavile|Ice Punch|p1a: Hippowdon","|-supereffective|p1a: Hippowdon","|-damage|p1a: Hippowdon|138/420 tox","|","|-weather|Sandstorm|[upkeep]","|-damage|p2a: Weavile|194/281|[from] sandstorm","|-damage|p1a: Hippowdon|112/420 tox|[from] psn","|turn|20","|","|move|p2a: Weavile|Ice Punch|p1a: Hippowdon","|-supereffective|p1a: Hippowdon","|-damage|p1a: Hippowdon|0 fnt","|faint|p1a: Hippowdon","|","|-weather|Sandstorm|[upkeep]","|-damage|p2a: Weavile|177/281|[from] sandstorm","|","|switch|p1a: Excadrill|Excadrill, M|361/361","|-damage|p1a: Excadrill|350/361|[from] Stealth Rock","|turn|21","|","|move|p1a: Excadrill|Iron Head|p2a: Weavile","|-supereffective|p2a: Weavile","|-damage|p2a: Weavile|0 fnt","|-damage|p1a: Excadrill|314/361|[from] item: Life Orb","|faint|p2a: Weavile","|","|-weather|Sandstorm|[upkeep]","|","|switch|p2a: Talonflame|Talonflame, F|360/360","|-damage|p2a: Talonflame|180/360|[from] Stealth Rock","|turn|22","|","|move|p1a: Excadrill|Rock Slide|p2a: Talonflame","|-supereffective|p2a: Talonflame","|-damage|p2a: Talonflame|0 fnt","|-damage|p1a: Excadrill|278/361|[from] item: Life Orb","|faint|p2a: Talonflame","|","|-weather|Sandstorm|[upkeep]","|","|switch|p2a: Garchomp|Garchomp, M|315/419","|-damage|p2a: Garchomp|289/419|[from] Stealth Rock","|turn|23","|","|move|p1a: Excadrill|Earthquake|p2a: Garchomp","|-damage|p2a: Garchomp|15/419","|-damage|p1a: Excadrill|242/361|[from] item: Life Orb","|move|p2a: Garchomp|Dragon Claw|p1a: Excadrill","|-resisted|p1a: Excadrill","|-damage|p1a: Excadrill|148/361","|","|-weather|none","|turn|24","|","|move|p2a: Garchomp|Dragon Claw|p1a: Excadrill","|-resisted|p1a: Excadrill","|-damage|p1a: Excadrill|53/361","|move|p1a: Excadrill|Rapid Spin|p2a: Garchomp","|-damage|p2a: Garchomp|0 fnt","|-damage|p1a: Excadrill|8/361|[from] ability: Rough Skin|[of] p2a: Garchomp","|-damage|p1a: Excadrill|0 fnt|[from] item: Rocky Helmet|[of] p2a: Garchomp","|faint|p1a: Excadrill","|faint|p2a: Garchomp","|","|win|Darth Malic"],"p1rating":{"entryid":545575,"formatid":"ou","userid":"darthmalic","username":"Darth Malic","r":1500,"rd":130,"sigma":0,"rpr":1536.1088752192,"rprd":122.8364905948,"rpsigma":0,"rptime":1440666000,"w":1,"l":0,"t":0,"gxe":54.5,"acre":1040,"lacre":1040,"oldacre":1000},"p2rating":{"entryid":"405272","serverid":"eos","formatid":"ou","userid":"crystalgiigan","username":"Crystal Giigan","w":"0","l":2,"t":"0","gxe":40.9,"r":"1459.8393856612","rd":"123.22070420879","sigma":"0","rptime":"1440666000","rpr":1427.2093424124,"rprd":117.15305015554,"rpsigma":"0","acre":1000,"lacre":1000,"oldacre":"1000"},"endType":"normal"}