{"seed":[63452,64731,53526,39382],"turns":24,"p1":"CancurB0ss","p2":"agro the horse","p1team":[{"name":"Heatran","species":"Heatran","item":"leftovers","ability":"Flash Fire","moves":["lavaplume","stealthrock","protect","toxic"],"nature":"Calm","evs":{"hp":248,"atk":0,"def":0,"spa":0,"spd":196,"spe":64},"ivs":{"hp":31,"atk":31,"def":31,"spa":31,"spd":31,"spe":31}},{"name":"ClapYoAss","species":"clefable","item":"leftovers","ability":"Magic Guard","moves":["softboiled","moonblast","calmmind","storedpower"],"nature":"Bold","evs":{"hp":244,"atk":0,"def":168,"spa":0,"spd":96,"spe":0},"ivs":{"hp":31,"atk":31,"def":31,"spa":31,"spd":31,"spe":31}},{"name":"Sableye","species":"Sableye","item":"sablenite","ability":"Prankster","moves":["fakeout","willowisp","recover","foulplay"],"nature":"Careful","evs":{"hp":252,"atk":0,"def":112,"spa":0,"spd":144,"spe":0},"ivs":{"hp":31,"atk":31,"def":31,"spa":31,"spd":31,"spe":31}},{"name":"Tangrowth","species":"Tangrowth","item":"assaultvest","ability":"Regenerator","moves":["gigadrain","knockoff","earthquake","hiddenpowerice"],"nature":"Sassy","evs":{"hp":252,"atk":0,"def":4,"spa":0,"spd":252,"spe":0},"ivs":{"hp":31,"atk":30,"def":30,"spa":31,"spd":31,"spe":31}},{"name":"Talonflame","species":"Talonflame","item":"leftovers","ability":"Gale Wings","moves":["bravebird","roost","taunt","willowisp"],"nature":"Careful","evs":{"hp":248,"atk":0,"def":0,"spa":0,"spd":252,"spe":8},"ivs":{"hp":31,"atk":31,"def":31,"spa":31,"spd":31,"spe":31}},{"name":"Latias","species":"Latias","item":"lifeorb","ability":"Levitate","moves":["dracometeor","roost","defog","psyshock"],"nature":"Timid","evs":{"hp":0,"atk":0,"def":0,"spa":252,"spd":4,"spe":252},"ivs":{"hp":31,"atk":31,"def":31,"spa":31,"spd":31,"spe":31}}],"p2team":[{"name":"Gliscor","species":"Gliscor","item":"toxicorb","ability":"Poison Heal","moves":["swordsdance","earthquake","knockoff","roost"],"nature":"Careful","evs":{"hp":244,"atk":0,"def":0,"spa":0,"spd":184,"spe":80},"ivs":{"hp":31,"atk":31,"def":31,"spa":31,"spd":31,"spe":31}},{"name":"Heatran","species":"Heatran","item":"leftovers","ability":"Flash Fire","moves":["stealthrock","lavaplume","toxic","earthpower"],"nature":"Calm","evs":{"hp":248,"atk":0,"def":0,"spa":0,"spd":192,"spe":68},"ivs":{"hp":31,"atk":31,"def":31,"spa":31,"spd":31,"spe":31}},{"name":"Alakazam","species":"Alakazam","item":"lifeorb","ability":"Magic Guard","moves":["psychic","shadowball","focusblast","dazzlinggleam"],"nature":"Timid","evs":{"hp":0,"atk":0,"def":0,"spa":252,"spd":4,"spe":252},"ivs":{"hp":31,"atk":31,"def":31,"spa":31,"spd":31,"spe":31}},{"name":"Keldeo","species":"Keldeo","item":"choicespecs","ability":"Justified","moves":["hydropump","scald","secretsword","hiddenpowerelectric"],"nature":"Timid","evs":{"hp":0,"atk":0,"def":0,"spa":252,"spd":4,"spe":252},"ivs":{"hp":31,"atk":31,"def":31,"spa":30,"spd":31,"spe":31}},{"name":"Scizor","species":"Scizor","item":"scizorite","ability":"Technician","moves":["swordsdance","roost","bugbite","bulletpunch"],"nature":"Adamant","evs":{"hp":216,"atk":96,"def":0,"spa":0,"spd":140,"spe":56},"ivs":{"hp":31,"atk":31,"def":31,"spa":31,"spd":31,"spe":31}},{"name":"Celebi","species":"Celebi","item":"leftovers","ability":"Natural Cure","moves":["batonpass","hiddenpowerfire","recover","gigadrain"],"nature":"Bold","evs":{"hp":248,"atk":0,"def":136,"spa":0,"spd":16,"spe":108},"ivs":{"hp":31,"atk":30,"def":31,"spa":30,"spd":31,"spe":30}}],"log":["|player|p1|CancurB0ss|34","|player|p2|agro the horse|1","|gametype|singles","|gen|6","|tier|OU","|rated","|clearpoke","|poke|p1|Heatran, F","|poke|p1|Clefable, F","|poke|p1|Sableye, M","|poke|p1|Tangrowth, M","|poke|p1|Talonflame, M","|poke|p1|Latias, F","|poke|p2|Gliscor, F","|poke|p2|Heatran, F","|poke|p2|Alakazam, F","|poke|p2|Keldeo","|poke|p2|Scizor, F","|poke|p2|Celebi","|rule|Swagger Clause: Swagger is banned","|rule|Baton Pass Clause: Limit one Baton Passer, can't pass Spe and other stats simultaneously","|rule|Sleep Clause Mod: Limit one foe put to sleep","|rule|Species Clause: Limit one of each Pokémon","|rule|OHKO Clause: OHKO moves are banned","|rule|Moody Clause: Moody is banned","|rule|Evasion Moves Clause: Evasion moves are banned","|rule|Endless Battle Clause: Forcing endless battles is banned","|rule|HP Percentage Mod: HP is shown in percentages","|teampreview","|","|start","|switch|p1a: Tangrowth|Tangrowth, M|404/404","|switch|p2a: Heatran|Heatran, F|385/385","|turn|1","|","|move|p2a: Heatran|Stealth Rock|p1a: Tangrowth","|-sidestart|p1: CancurB0ss|move: Stealth Rock","|move|p1a: Tangrowth|Earthquake|p2a: Heatran","|-supereffective|p2a: Heatran","|-damage|p2a: Heatran|77/385","|","|-heal|p2a: Heatran|101/385|[from] item: Leftovers","|turn|2","|","|switch|p2a: Gliscor|Gliscor, F|352/352","|move|p1a: Tangrowth|Earthquake|p2a: Gliscor","|-immune|p2a: Gliscor|[msg]","|","|-status|p2a: Gliscor|tox|[from] item: Toxic Orb","|turn|3","|","|move|p2a: Gliscor|Knock Off|p1a: Tangrowth","|-damage|p1a: Tangrowth|340/404","|-enditem|p1a: Tangrowth|Assault Vest|[from] move: Knock Off|[of] p2a: Gliscor","|move|p1a: Tangrowth|Hidden Power|p2a: Gliscor","|-supereffective|p2a: Gliscor","|-damage|p2a: Gliscor|168/352 tox","|","|-heal|p2a: Gliscor|212/352 tox|[from] ability: Poison Heal","|turn|4","|","|switch|p2a: Heatran|Heatran, F|101/385","|move|p1a: Tangrowth|Earthquake|p2a: Heatran","|-supereffective|p2a: Heatran","|-damage|p2a: Heatran|0 fnt","|faint|p2a: Heatran","|","|","|switch|p2a: Scizor|Scizor, F|335/335","|turn|5","|","|switch|p2a: Keldeo|Keldeo|323/323","|switch|p1a: Heatran|Heatran, F|385/385","|-damage|p1a: Heatran|337/385|[from] Stealth Rock","|","|-heal|p1a: Heatran|361/385|[from] item: Leftovers","|turn|6","|","|switch|p1a: ClapYoAss|Clefable, F|392/392","|move|p2a: Keldeo|Scald|p1a: ClapYoAss","|-damage|p1a: ClapYoAss|166/392","|","|-heal|p1a: ClapYoAss|190/392|[from] item: Leftovers","|turn|7","|","|switch|p1a: Tangrowth|Tangrowth, M|404/404","|-damage|p1a: Tangrowth|354/404|[from] Stealth Rock","|move|p2a: Keldeo|Scald|p1a: Tangrowth","|-resisted|p1a: Tangrowth","|-damage|p1a: Tangrowth|244/404","|-status|p1a: Tangrowth|brn","|","|-damage|p1a: Tangrowth|194/404 brn|[from] brn","|turn|8","|","|switch|p2a: Scizor|Scizor, F|335/335","|switch|p1a: Heatran|Heatran, F|361/385","|-damage|p1a: Heatran|313/385|[from] Stealth Rock","|","|-heal|p1a: Heatran|337/385|[from] item: Leftovers","|turn|9","|","|switch|p2a: Gliscor|Gliscor, F|212/352 tox","|move|p1a: Heatran|Stealth Rock|p2a: Gliscor","|-sidestart|p2: agro the horse|move: Stealth Rock","|","|-heal|p1a: Heatran|361/385|[from] item: Leftovers","|-heal|p2a: Gliscor|256/352 tox|[from] ability: Poison Heal","|turn|10","|","|switch|p1a: Tangrowth|Tangrowth, M|328/404 brn","|-damage|p1a: Tangrowth|278/404 brn|[from] Stealth Rock","|move|p2a: Gliscor|Earthquake|p1a: Tangrowth","|-resisted|p1a: Tangrowth","|-damage|p1a: Tangrowth|234/404 brn","|","|-heal|p2a: Gliscor|300/352 tox|[from] ability: Poison Heal","|-damage|p1a: Tangrowth|184/404 brn|[from] brn","|turn|11","|","|switch|p1a: Latias|Latias, F|301/301","|-damage|p1a: Latias|264/301|[from] Stealth Rock","|move|p2a: Gliscor|Swords Dance|p2a: Gliscor","|-boost|p2a: Gliscor|atk|2","|","|-heal|p2a: Gliscor|344/352 tox|[from] ability: Poison Heal","|turn|12","|","|move|p1a: Latias|Draco Meteor|p2a: Gliscor","|-damage|p2a: Gliscor|109/352 tox","|-unboost|p1a: Latias|spa|2","|-damage|p1a: Latias|234/301|[from] item: Life Orb","|move|p2a: Gliscor|Roost|p2a: Gliscor","|-heal|p2a: Gliscor|285/352 tox","|","|-heal|p2a: Gliscor|329/352 tox|[from] ability: Poison Heal","|turn|13","|","|move|p1a: Latias|Draco Meteor|p2a: Gliscor","|-damage|p2a: Gliscor|199/352 tox","|-unboost|p1a: Latias|spa|2","|-damage|p1a: Latias|204/301|[from] item: Life Orb","|move|p2a: Gliscor|Knock Off|p1a: Latias","|-supereffective|p1a: Latias","|-damage|p1a: Latias|0 fnt","|-enditem|p1a: Latias|Life Orb|[from] move: Knock Off|[of] p2a: Gliscor","|faint|p1a: Latias","|","|-heal|p2a: Gliscor|243/352 tox|[from] ability: Poison Heal","|","|switch|p1a: Sableye|Sableye, M|304/304","|-damage|p1a: Sableye|266/304|[from] Stealth Rock","|turn|14","|","|detailschange|p1a: Sableye|Sableye-Mega, M","|-mega|p1a: Sableye|Sableye|Sablenite","|move|p1a: Sableye|Fake Out|p2a: Gliscor","|-damage|p2a: Gliscor|220/352 tox","|cant|p2a: Gliscor|flinch","|","|-heal|p2a: Gliscor|264/352 tox|[from] ability: Poison Heal","|turn|15","|","|move|p2a: Gliscor|Earthquake|p1a: Sableye","|-crit|p1a: Sableye","|-damage|p1a: Sableye|0 fnt","|faint|p1a: Sableye","|","|-heal|p2a: Gliscor|308/352 tox|[from] ability: Poison Heal","|","|switch|p1a: Talonflame|Talonflame, M|359/359","|-damage|p1a: Talonflame|180/359|[from] Stealth Rock","|turn|16","|","|move|p1a: Talonflame|Roost|p1a: Talonflame","|-heal|p1a: Talonflame|359/359","|move|p2a: Gliscor|Knock Off|p1a: Talonflame","|-damage|p1a: Talonflame|154/359","|-enditem|p1a: Talonflame|Leftovers|[from] move: Knock Off|[of] p2a: Gliscor","|","|-heal|p2a: Gliscor|352/352 tox|[from] ability: Poison Heal","|turn|17","|","|move|p1a: Talonflame|Taunt|p2a: Gliscor","|-start|p2a: Gliscor|move: Taunt","|cant|p2a: Gliscor|move: Taunt|Swords Dance","|","|turn|18","|","|move|p1a: Talonflame|Brave Bird|p2a: Gliscor","|-damage|p2a: Gliscor|261/352 tox","|-damage|p1a: Talonflame|124/359|[from] recoil|[of] p2a: Gliscor","|move|p2a: Gliscor|Knock Off|p1a: Talonflame","|-damage|p1a: Talonflame|0 fnt","|faint|p1a: Talonflame","|","|-heal|p2a: Gliscor|305/352 tox|[from] ability: Poison Heal","|","|switch|p1a: Tangrowth|Tangrowth, M|318/404 brn","|-damage|p1a: Tangrowth|268/404 brn|[from] Stealth Rock","|turn|19","|","|move|p2a: Gliscor|Earthquake|p1a: Tangrowth","|-resisted|p1a: Tangrowth","|-damage|p1a: Tangrowth|168/404 brn","|move|p1a: Tangrowth|Hidden Power|p2a: Gliscor","|-supereffective|p2a: Gliscor","|-damage|p2a: Gliscor|113/352 tox","|","|-heal|p2a: Gliscor|157/352 tox|[from] ability: Poison Heal","|-damage|p1a: Tangrowth|118/404 brn|[from] brn","|-end|p2a: Gliscor|move: Taunt","|turn|20","|","|move|p2a: Gliscor|Roost|p2a: Gliscor","|-heal|p2a: Gliscor|333/352 tox","|move|p1a: Tangrowth|Giga Drain|p2a: Gliscor","|-supereffective|p2a: Gliscor","|-damage|p2a: Gliscor|163/352 tox","|-heal|p1a: Tangrowth|203/404 brn|[from] drain|[of] p2a: Gliscor","|","|-heal|p2a: Gliscor|207/352 tox|[from] ability: Poison Heal","|-damage|p1a: Tangrowth|153/404 brn|[from] brn","|turn|21","|","|move|p2a: Gliscor|Swords Dance|p2a: Gliscor","|-boost|p2a: Gliscor|atk|2","|move|p1a: Tangrowth|Hidden Power|p2a: Gliscor","|-supereffective|p2a: Gliscor","|-damage|p2a: Gliscor|15/352 tox","|","|-heal|p2a: Gliscor|59/352 tox|[from] ability: Poison Heal","|-damage|p1a: Tangrowth|103/404 brn|[from] brn","|turn|22","|","|move|p2a: Gliscor|Earthquake|p1a: Tangrowth","|-resisted|p1a: Tangrowth","|-damage|p1a: Tangrowth|0 fnt","|faint|p1a: Tangrowth","|","|-heal|p2a: Gliscor|103/352 tox|[from] ability: Poison Heal","|","|switch|p1a: ClapYoAss|Clefable, F|190/392","|turn|23","|","|move|p2a: Gliscor|Earthquake|p1a: ClapYoAss","|-damage|p1a: ClapYoAss|0 fnt","|faint|p1a: ClapYoAss","|","|-heal|p2a: Gliscor|147/352 tox|[from] ability: Poison Heal","|","|switch|p1a: Heatran|Heatran, F|361/385","|-damage|p1a: Heatran|313/385|[from] Stealth Rock","|turn|24","|","|move|p2a: Gliscor|Earthquake|p1a: Heatran","|-supereffective|p1a: Heatran","|-damage|p1a: Heatran|0 fnt","|faint|p1a: Heatran","|","|win|agro the horse"],"p1rating":{"entryid":540259,"formatid":"ou","userid":"cancurb0ss","username":"CancurB0ss","r":1500,"rd":130,"sigma":0,"rpr":1459.8393856612,"rprd":122.8583080769,"rpsigma":0,"rptime":1440666000,"w":0,"l":1,"t":0,"gxe":45,"acre":1000,"lacre":1000,"oldacre":1000},"p2rating":{"entryid":540260,"formatid":"ou","userid":"agrothehorse","username":"agro the horse","r":1500,"rd":130,"sigma":0,"rpr":1540.1606143388,"rprd":122.8583080769,"rpsigma":0,"rptime":1440666000,"w":1,"l":0,"t":0,"gxe":55,"acre":1040,"lacre":1040,"oldacre":1000},"endType":"normal"}