{"seed":[16659,13139,35224,22759],"turns":45,"p1":"DoctorPhrog","p2":"HH Ash Kita","p1team":[{"name":"Ghillie Creeper","species":"tangrowth","item":"assaultvest","ability":"Regenerator","moves":["gigadrain","hiddenpowerice","knockoff","earthquake"],"nature":"Sassy","evs":{"hp":248,"atk":0,"def":8,"spa":0,"spd":252,"spe":0},"gender":"M","ivs":{"hp":31,"atk":30,"def":30,"spa":31,"spd":31,"spe":31}},{"name":"Heartfishsiftraeh","species":"alomomola","item":"rockyhelmet","ability":"Regenerator","moves":["scald","toxic","protect","wish"],"nature":"Bold","evs":{"hp":248,"atk":0,"def":252,"spa":0,"spd":8,"spe":0},"gender":"F","ivs":{"hp":31,"atk":0,"def":31,"spa":31,"spd":31,"spe":31}},{"name":"Standard.OU","species":"audino","item":"assaultvest","ability":"Regenerator","moves":["icebeam","thunderbolt","focuspunch","irontail"],"nature":"Sassy","evs":{"hp":252,"atk":0,"def":4,"spa":0,"spd":252,"spe":0},"ivs":{"hp":31,"atk":31,"def":31,"spa":31,"spd":31,"spe":31}},{"name":"What Just Happened","species":"sableye","item":"sablenite","ability":"Stall","moves":["snatch","shadowsneak","powergem","recover"],"nature":"Sassy","evs":{"hp":248,"atk":0,"def":0,"spa":244,"spd":16,"spe":0},"gender":"M","ivs":{"hp":31,"atk":31,"def":31,"spa":31,"spd":31,"spe":31}},{"name":"Just switch out.","species":"clefable","item":"leftovers","ability":"Unaware","moves":["cosmicpower","moonblast","healbell","moonlight"],"nature":"Bold","evs":{"hp":248,"atk":0,"def":252,"spa":0,"spd":0,"spe":8},"gender":"F","ivs":{"hp":31,"atk":0,"def":31,"spa":31,"spd":31,"spe":31}},{"name":"Nopenopenope","species":"mew","item":"colburberry","ability":"Synchronize","moves":["willowisp","transform","defog","roost"],"nature":"Timid","evs":{"hp":248,"atk":0,"def":0,"spa":0,"spd":44,"spe":216},"ivs":{"hp":31,"atk":0,"def":30,"spa":31,"spd":31,"spe":31}}],"p2team":[{"name":"Charizard","species":"Charizard","item":"charizarditey","ability":"Blaze","moves":["solarbeam","flamethrower","roost","airslash"],"nature":"Modest","evs":{"hp":248,"atk":0,"def":0,"spa":252,"spd":0,"spe":8},"gender":"M","shiny":true,"ivs":{"hp":31,"atk":31,"def":31,"spa":31,"spd":31,"spe":31}},{"name":"Chandelure","species":"Chandelure","item":"choicescarf","ability":"Flash Fire","moves":["energyball","fireblast","shadowball","darkpulse"],"nature":"Timid","evs":{"hp":0,"atk":0,"def":0,"spa":252,"spd":4,"spe":252},"gender":"F","shiny":true,"ivs":{"hp":31,"atk":31,"def":31,"spa":31,"spd":31,"spe":31}},{"name":"Heatran","species":"Heatran","item":"airballoon","ability":"Flash Fire","moves":["eruption","lavaplume","hiddenpowerice","earthpower"],"nature":"Quiet","evs":{"hp":240,"atk":16,"def":0,"spa":252,"spd":0,"spe":0},"ivs":{"hp":31,"atk":30,"def":30,"spa":31,"spd":31,"spe":31}},{"name":"Victini","species":"Victini","item":"assaultvest","ability":"Victory Star","moves":["boltstrike","vcreate","zenheadbutt","focusblast"],"nature":"Lonely","evs":{"hp":244,"atk":252,"def":0,"spa":12,"spd":0,"spe":0},"ivs":{"hp":31,"atk":31,"def":31,"spa":31,"spd":31,"spe":31}},{"name":"Torkoal","species":"Torkoal","item":"leftovers","ability":"White Smoke","moves":["willowisp","stealthrock","rapidspin","lavaplume"],"nature":"Calm","evs":{"hp":252,"atk":0,"def":0,"spa":4,"spd":252,"spe":0},"ivs":{"hp":31,"atk":31,"def":31,"spa":31,"spd":31,"spe":31}},{"name":"Infernape","species":"Infernape","item":"lifeorb","ability":"Iron Fist","moves":["closecombat","poisonjab","bulkup","thunderpunch"],"nature":"Jolly","evs":{"hp":0,"atk":252,"def":0,"spa":0,"spd":4,"spe":252},"ivs":{"hp":31,"atk":31,"def":31,"spa":31,"spd":31,"spe":31}}],"log":["|player|p1|DoctorPhrog|117","|player|p2|HH Ash Kita|163","|gametype|singles","|gen|6","|tier|OU","|rated","|clearpoke","|poke|p1|Tangrowth, M","|poke|p1|Alomomola, F","|poke|p1|Audino, F","|poke|p1|Sableye, M","|poke|p1|Clefable, F","|poke|p1|Mew","|poke|p2|Charizard, M, shiny","|poke|p2|Chandelure, F, shiny","|poke|p2|Heatran, F","|poke|p2|Victini","|poke|p2|Torkoal, F","|poke|p2|Infernape, M","|rule|Swagger Clause: Swagger is banned","|rule|Baton Pass Clause: Limit one Baton Passer, can't pass Spe and other stats simultaneously","|rule|Sleep Clause Mod: Limit one foe put to sleep","|rule|Species Clause: Limit one of each Pokémon","|rule|OHKO Clause: OHKO moves are banned","|rule|Moody Clause: Moody is banned","|rule|Evasion Moves Clause: Evasion moves are banned","|rule|Endless Battle Clause: Forcing endless battles is banned","|rule|HP Percentage Mod: HP is shown in percentages","|teampreview","|","|start","|switch|p1a: What Just Happened|Sableye, M|303/303","|switch|p2a: Torkoal|Torkoal, F|344/344","|turn|1","|","|detailschange|p1a: What Just Happened|Sableye-Mega, M","|-mega|p1a: What Just Happened|Sableye|Sablenite","|move|p2a: Torkoal|Stealth Rock|p1a: What Just Happened","|move|p1a: What Just Happened|Stealth Rock|p2a: Torkoal|[from]Magic Bounce","|-sidestart|p2: HH Ash Kita|move: Stealth Rock","|move|p1a: What Just Happened|Recover|p1a: What Just Happened","|-fail|p1a: What Just Happened","|","|turn|2","|","|move|p1a: What Just Happened|Shadow Sneak|p2a: Torkoal","|-damage|p2a: Torkoal|313/344","|move|p2a: Torkoal|Lava Plume|p1a: What Just Happened","|-damage|p1a: What Just Happened|237/303","|","|-heal|p2a: Torkoal|334/344|[from] item: Leftovers","|turn|3","|","|move|p2a: Torkoal|Lava Plume|p1a: What Just Happened","|-damage|p1a: What Just Happened|174/303","|-status|p1a: What Just Happened|brn","|move|p1a: What Just Happened|Power Gem|p2a: Torkoal","|-supereffective|p2a: Torkoal","|-damage|p2a: Torkoal|204/344","|","|-heal|p2a: Torkoal|225/344|[from] item: Leftovers","|-damage|p1a: What Just Happened|137/303 brn|[from] brn","|turn|4","|","|move|p2a: Torkoal|Lava Plume|p1a: What Just Happened","|-damage|p1a: What Just Happened|76/303 brn","|move|p1a: What Just Happened|Recover|p1a: What Just Happened","|-heal|p1a: What Just Happened|228/303 brn","|","|-heal|p2a: Torkoal|246/344|[from] item: Leftovers","|-damage|p1a: What Just Happened|191/303 brn|[from] brn","|turn|5","|","|move|p2a: Torkoal|Lava Plume|p1a: What Just Happened","|-damage|p1a: What Just Happened|128/303 brn","|move|p1a: What Just Happened|Recover|p1a: What Just Happened","|-heal|p1a: What Just Happened|280/303 brn","|","|-heal|p2a: Torkoal|267/344|[from] item: Leftovers","|-damage|p1a: What Just Happened|243/303 brn|[from] brn","|turn|6","|","|switch|p2a: Infernape|Infernape, M|293/293","|-damage|p2a: Infernape|257/293|[from] Stealth Rock","|move|p1a: What Just Happened|Power Gem|p2a: Infernape","|-damage|p2a: Infernape|158/293","|","|-damage|p1a: What Just Happened|206/303 brn|[from] brn","|turn|7","|","|switch|p1a: Heartfishsiftraeh|Alomomola, F|533/533","|move|p2a: Infernape|Poison Jab|p1a: Heartfishsiftraeh","|-damage|p1a: Heartfishsiftraeh|451/533","|-damage|p2a: Infernape|110/293|[from] item: Rocky Helmet|[of] p1a: Heartfishsiftraeh","|-status|p1a: Heartfishsiftraeh|psn","|-damage|p2a: Infernape|81/293|[from] item: Life Orb","|","|-damage|p1a: Heartfishsiftraeh|385/533 psn|[from] psn","|turn|8","|","|move|p2a: Infernape|Thunder Punch|p1a: Heartfishsiftraeh","|-supereffective|p1a: Heartfishsiftraeh","|-damage|p1a: Heartfishsiftraeh|182/533 psn","|-damage|p2a: Infernape|33/293|[from] item: Rocky Helmet|[of] p1a: Heartfishsiftraeh","|-damage|p2a: Infernape|4/293|[from] item: Life Orb","|move|p1a: Heartfishsiftraeh|Wish|p1a: Heartfishsiftraeh","|","|-damage|p1a: Heartfishsiftraeh|116/533 psn|[from] psn","|turn|9","|","|switch|p1a: What Just Happened|Sableye-Mega, M|206/303 brn","|move|p2a: Infernape|Bulk Up|p2a: Infernape","|-boost|p2a: Infernape|atk|1","|-boost|p2a: Infernape|def|1","|","|-heal|p1a: What Just Happened|303/303 brn|[from] move: Wish|[wisher] Heartfishsiftraeh","|-damage|p1a: What Just Happened|266/303 brn|[from] brn","|turn|10","|","|move|p1a: What Just Happened|Shadow Sneak|p2a: Infernape","|-damage|p2a: Infernape|0 fnt","|faint|p2a: Infernape","|","|-damage|p1a: What Just Happened|229/303 brn|[from] brn","|","|switch|p2a: Chandelure|Chandelure, F, shiny|261/261","|-damage|p2a: Chandelure|196/261|[from] Stealth Rock","|turn|11","|","|switch|p1a: Standard.OU|Audino, F|410/410","|move|p2a: Chandelure|Fire Blast|p1a: Standard.OU","|-damage|p1a: Standard.OU|293/410","|","|turn|12","|","|switch|p2a: Torkoal|Torkoal, F|267/344","|-damage|p2a: Torkoal|181/344|[from] Stealth Rock","|move|p1a: Standard.OU|Thunderbolt|p2a: Torkoal","|-crit|p2a: Torkoal","|-damage|p2a: Torkoal|118/344","|","|-heal|p2a: Torkoal|139/344|[from] item: Leftovers","|turn|13","|","|switch|p1a: What Just Happened|Sableye-Mega, M|229/303 brn","|move|p2a: Torkoal|Rapid Spin|p1a: What Just Happened","|-immune|p1a: What Just Happened|[msg]","|","|-heal|p2a: Torkoal|160/344|[from] item: Leftovers","|-damage|p1a: What Just Happened|192/303 brn|[from] brn","|turn|14","|","|move|p2a: Torkoal|Lava Plume|p1a: What Just Happened","|-damage|p1a: What Just Happened|123/303 brn","|move|p1a: What Just Happened|Recover|p1a: What Just Happened","|-heal|p1a: What Just Happened|275/303 brn","|","|-heal|p2a: Torkoal|181/344|[from] item: Leftovers","|-damage|p1a: What Just Happened|238/303 brn|[from] brn","|turn|15","|","|switch|p2a: Victini|Victini|402/402","|-damage|p2a: Victini|302/402|[from] Stealth Rock","|move|p1a: What Just Happened|Power Gem|p2a: Victini","|-supereffective|p2a: Victini","|-damage|p2a: Victini|202/402","|","|-damage|p1a: What Just Happened|201/303 brn|[from] brn","|turn|16","|","|switch|p1a: Nopenopenope|Mew|403/403","|move|p2a: Victini|V-create|p1a: Nopenopenope","|-damage|p1a: Nopenopenope|129/403","|-unboost|p2a: Victini|spe|1","|-unboost|p2a: Victini|def|1","|-unboost|p2a: Victini|spd|1","|","|turn|17","|","|move|p1a: Nopenopenope|Roost|p1a: Nopenopenope","|-heal|p1a: Nopenopenope|331/403","|move|p2a: Victini|V-create|p1a: Nopenopenope","|-damage|p1a: Nopenopenope|31/403","|-unboost|p2a: Victini|spe|1","|-unboost|p2a: Victini|def|1","|-unboost|p2a: Victini|spd|1","|","|turn|18","|","|switch|p1a: Heartfishsiftraeh|Alomomola, F|293/533 psn","|move|p2a: Victini|V-create|p1a: Heartfishsiftraeh","|-resisted|p1a: Heartfishsiftraeh","|-damage|p1a: Heartfishsiftraeh|180/533 psn","|-damage|p2a: Victini|135/402|[from] item: Rocky Helmet|[of] p1a: Heartfishsiftraeh","|-unboost|p2a: Victini|spe|1","|-unboost|p2a: Victini|def|1","|-unboost|p2a: Victini|spd|1","|","|-damage|p1a: Heartfishsiftraeh|114/533 psn|[from] psn","|turn|19","|","|switch|p1a: Standard.OU|Audino, F|410/410","|move|p2a: Victini|Bolt Strike|p1a: Standard.OU","|-damage|p1a: Standard.OU|237/410","|-status|p1a: Standard.OU|par","|","|turn|20","|","|switch|p1a: Heartfishsiftraeh|Alomomola, F|291/533 psn","|move|p2a: Victini|Focus Blast|p1a: Heartfishsiftraeh|[miss]","|-miss|p2a: Victini|p1a: Heartfishsiftraeh","|","|-damage|p1a: Heartfishsiftraeh|225/533 psn|[from] psn","|turn|21","|","|switch|p1a: Standard.OU|Audino, F|373/410 par","|switch|p2a: Torkoal|Torkoal, F|181/344","|-damage|p2a: Torkoal|95/344|[from] Stealth Rock","|","|-heal|p2a: Torkoal|116/344|[from] item: Leftovers","|turn|22","|","|switch|p2a: Victini|Victini|135/402","|-damage|p2a: Victini|35/402|[from] Stealth Rock","|switch|p1a: What Just Happened|Sableye-Mega, M|201/303 brn","|","|-damage|p1a: What Just Happened|164/303 brn|[from] brn","|turn|23","|","|move|p1a: What Just Happened|Shadow Sneak|p2a: Victini","|-supereffective|p2a: Victini","|-damage|p2a: Victini|0 fnt","|faint|p2a: Victini","|","|-damage|p1a: What Just Happened|127/303 brn|[from] brn","|","|switch|p2a: Heatran|Heatran, F|383/383","|-damage|p2a: Heatran|336/383|[from] Stealth Rock","|-item|p2a: Heatran|Air Balloon","|turn|24","|","|switch|p1a: Standard.OU|Audino, F|410/410 par","|move|p2a: Heatran|Lava Plume|p1a: Standard.OU","|-damage|p1a: Standard.OU|320/410 par","|","|turn|25","|","|-singleturn|p1a: Standard.OU|move: Focus Punch","|move|p2a: Heatran|Earth Power|p1a: Standard.OU","|-damage|p1a: Standard.OU|257/410 par","|cant|p1a: Standard.OU|Focus Punch|Focus Punch","|","|turn|26","|","|move|p2a: Heatran|Eruption|p1a: Standard.OU","|-damage|p1a: Standard.OU|115/410 par","|cant|p1a: Standard.OU|par","|","|turn|27","|","|switch|p1a: Ghillie Creeper|Tangrowth, M|403/403","|move|p2a: Heatran|Lava Plume|p1a: Ghillie Creeper","|-supereffective|p1a: Ghillie Creeper","|-damage|p1a: Ghillie Creeper|191/403","|","|turn|28","|","|switch|p1a: Standard.OU|Audino, F|251/410 par","|move|p2a: Heatran|Lava Plume|p1a: Standard.OU","|-damage|p1a: Standard.OU|163/410 par","|","|turn|29","|","|switch|p1a: Ghillie Creeper|Tangrowth, M|325/403","|move|p2a: Heatran|Eruption|p1a: Ghillie Creeper","|-supereffective|p1a: Ghillie Creeper","|-damage|p1a: Ghillie Creeper|0 fnt","|faint|p1a: Ghillie Creeper","|","|","|switch|p1a: Heartfishsiftraeh|Alomomola, F|402/533 psn","|turn|30","|","|move|p2a: Heatran|Earth Power|p1a: Heartfishsiftraeh","|-damage|p1a: Heartfishsiftraeh|176/533 psn","|move|p1a: Heartfishsiftraeh|Wish|p1a: Heartfishsiftraeh","|","|-damage|p1a: Heartfishsiftraeh|110/533 psn|[from] psn","|turn|31","|","|switch|p1a: Just switch out.|Clefable, F|393/393","|move|p2a: Heatran|Earth Power|p1a: Just switch out.","|-damage|p1a: Just switch out.|257/393","|","|-heal|p1a: Just switch out.|393/393|[from] move: Wish|[wisher] Heartfishsiftraeh","|turn|32","|","|move|p2a: Heatran|Eruption|p1a: Just switch out.","|-damage|p1a: Just switch out.|125/393","|move|p1a: Just switch out.|Heal Bell|p1a: Just switch out.","|-cureteam|p1a: Just switch out.|[from] move: HealBell","|","|-heal|p1a: Just switch out.|149/393|[from] item: Leftovers","|turn|33","|","|switch|p1a: Standard.OU|Audino, F|299/410","|move|p2a: Heatran|Eruption|p1a: Standard.OU","|-damage|p1a: Standard.OU|161/410","|","|turn|34","|","|move|p2a: Heatran|Earth Power|p1a: Standard.OU","|-damage|p1a: Standard.OU|102/410","|-unboost|p1a: Standard.OU|spd|1","|move|p1a: Standard.OU|Thunderbolt|p2a: Heatran","|-damage|p2a: Heatran|293/383","|-enditem|p2a: Heatran|Air Balloon","|","|turn|35","|","|switch|p1a: Just switch out.|Clefable, F|149/393","|move|p2a: Heatran|Eruption|p1a: Just switch out.","|-damage|p1a: Just switch out.|0 fnt","|faint|p1a: Just switch out.","|","|","|switch|p1a: Nopenopenope|Mew|31/403","|turn|36","|","|move|p1a: Nopenopenope|Transform|p2a: Heatran","|-transform|p1a: Nopenopenope|p2a: Heatran","|move|p2a: Heatran|Lava Plume|p1a: Nopenopenope","|-start|p1a: Nopenopenope|ability: Flash Fire","|","|turn|37","|","|move|p1a: Nopenopenope|Earth Power|p2a: Heatran","|-supereffective|p2a: Heatran","|-damage|p2a: Heatran|0 fnt","|faint|p2a: Heatran","|","|","|switch|p2a: Charizard|Charizard, M, shiny|359/359","|-damage|p2a: Charizard|180/359|[from] Stealth Rock","|turn|38","|","|detailschange|p2a: Charizard|Charizard-Mega-Y, M, shiny","|-mega|p2a: Charizard|Charizard|Charizardite Y","|-weather|SunnyDay","|move|p2a: Charizard|Roost|p2a: Charizard","|-heal|p2a: Charizard|359/359","|move|p1a: Nopenopenope|Earth Power|p2a: Charizard","|-supereffective|p2a: Charizard","|-damage|p2a: Charizard|157/359","|","|-weather|SunnyDay|[upkeep]","|turn|39","|","|move|p2a: Charizard|Air Slash|p1a: Nopenopenope","|-resisted|p1a: Nopenopenope","|-damage|p1a: Nopenopenope|0 fnt","|faint|p1a: Nopenopenope","|","|-weather|SunnyDay|[upkeep]","|","|switch|p1a: What Just Happened|Sableye-Mega, M|127/303","|turn|40","|","|move|p1a: What Just Happened|Snatch|p1a: What Just Happened","|-singleturn|p1a: What Just Happened|Snatch","|move|p2a: Charizard|Roost|p2a: Charizard","|-activate|p1a: What Just Happened|Snatch|[of] p2a: Charizard","|move|p1a: What Just Happened|Roost|p1a: What Just Happened|[from]Snatch","|-heal|p1a: What Just Happened|279/303","|","|-weather|SunnyDay|[upkeep]","|turn|41","|","|move|p2a: Charizard|Roost|p2a: Charizard","|-heal|p2a: Charizard|337/359","|move|p1a: What Just Happened|Power Gem|p2a: Charizard","|-supereffective|p2a: Charizard","|-damage|p2a: Charizard|217/359","|","|-weather|SunnyDay|[upkeep]","|turn|42","|","|move|p2a: Charizard|Flamethrower|p1a: What Just Happened","|-damage|p1a: What Just Happened|42/303","|move|p1a: What Just Happened|Power Gem|p2a: Charizard","|-supereffective|p2a: Charizard","|-damage|p2a: Charizard|0 fnt","|faint|p2a: Charizard","|","|-weather|none","|","|switch|p2a: Chandelure|Chandelure, F, shiny|196/261","|-damage|p2a: Chandelure|131/261|[from] Stealth Rock","|turn|43","|","|move|p1a: What Just Happened|Shadow Sneak|p2a: Chandelure","|-supereffective|p2a: Chandelure","|-damage|p2a: Chandelure|45/261","|move|p2a: Chandelure|Energy Ball|p1a: What Just Happened","|-damage|p1a: What Just Happened|0 fnt","|faint|p1a: What Just Happened","|","|","|switch|p1a: Standard.OU|Audino, F|238/410","|turn|44","|","|move|p2a: Chandelure|Energy Ball|p1a: Standard.OU","|-damage|p1a: Standard.OU|173/410","|move|p1a: Standard.OU|Thunderbolt|p2a: Chandelure","|-damage|p2a: Chandelure|0 fnt","|faint|p2a: Chandelure","|","|","|switch|p2a: Torkoal|Torkoal, F|116/344","|-damage|p2a: Torkoal|30/344|[from] Stealth Rock","|turn|45","|","|move|p1a: Standard.OU|Thunderbolt|p2a: Torkoal","|-damage|p2a: Torkoal|0 fnt","|faint|p2a: Torkoal","|","|win|DoctorPhrog"],"p1rating":{"entryid":"539460","serverid":"eos","formatid":"ou","userid":"doctorphrog","username":"DoctorPhrog","w":2,"l":"0","t":"0","gxe":59,"r":"1500","rd":"130","sigma":"0","rptime":"1440666000","rpr":1572.5671258289,"rprd":116.77753930647,"rpsigma":"0","acre":1070.1028089042,"lacre":1070.1028089042,"oldacre":"1040"},"p2rating":{"entryid":542567,"formatid":"ou","userid":"hhashkita","username":"HH Ash Kita","r":1500,"rd":130,"sigma":0,"rpr":1459.8393856612,"rprd":122.8583080769,"rpsigma":0,"rptime":1440666000,"w":0,"l":1,"t":0,"gxe":45,"acre":1000,"lacre":1000,"oldacre":1000},"endType":"normal"}