{"seed":[58925,49357,10458,9820],"turns":27,"p1":"TOKIDOKIHero","p2":"ERMERA","p1team":[{"name":"Shuckle","moves":["encore","toxic","stealthrock","infestation"],"ability":"Sturdy","evs":{"hp":85,"atk":85,"def":85,"spa":85,"spd":85,"spe":85},"ivs":{"hp":31,"atk":31,"def":31,"spa":31,"spd":31,"spe":31},"item":"Leftovers","level":78,"shiny":false},{"name":"Azelf","moves":["nastyplot","dazzlinggleam","psyshock","taunt"],"ability":"Levitate","evs":{"hp":85,"atk":85,"def":85,"spa":85,"spd":85,"spe":85},"ivs":{"hp":31,"atk":31,"def":31,"spa":31,"spd":31,"spe":31},"item":"Leftovers","level":77,"shiny":false},{"name":"Azumarill","moves":["bellydrum","playrough","aquajet","superpower"],"ability":"Huge Power","evs":{"hp":85,"atk":85,"def":85,"spa":85,"spd":85,"spe":85},"ivs":{"hp":31,"atk":31,"def":31,"spa":31,"spd":31,"spe":31},"item":"Sitrus Berry","level":75,"shiny":false},{"name":"Arceus-Poison","moves":["fireblast","calmmind","willowisp","sludgebomb"],"ability":"Multitype","evs":{"hp":85,"atk":85,"def":85,"spa":85,"spd":85,"spe":85},"ivs":{"hp":31,"atk":31,"def":31,"spa":31,"spd":31,"spe":31},"item":"Toxic Plate","level":73,"shiny":false},{"name":"Ursaring","moves":["closecombat","swordsdance","facade","crunch"],"ability":"Guts","evs":{"hp":85,"atk":85,"def":85,"spa":85,"spd":85,"spe":85},"ivs":{"hp":31,"atk":31,"def":31,"spa":31,"spd":31,"spe":31},"item":"Toxic Orb","level":83,"shiny":false},{"name":"Kabutops","moves":["aquajet","swordsdance","stoneedge","waterfall"],"ability":"Swift Swim","evs":{"hp":85,"atk":85,"def":85,"spa":85,"spd":85,"spe":85},"ivs":{"hp":31,"atk":31,"def":31,"spa":31,"spd":31,"spe":31},"item":"Life Orb","level":81,"shiny":false}],"p2team":[{"name":"Bouffalant","moves":["swordsdance","superpower","headcharge","megahorn"],"ability":"Sap Sipper","evs":{"hp":85,"atk":85,"def":85,"spa":85,"spd":85,"spe":85},"ivs":{"hp":31,"atk":31,"def":31,"spa":31,"spd":31,"spe":31},"item":"Leftovers","level":81,"shiny":false},{"name":"Nidoking","moves":["sludgewave","icebeam","fireblast","superpower"],"ability":"Sheer Force","evs":{"hp":85,"atk":85,"def":85,"spa":85,"spd":85,"spe":85},"ivs":{"hp":31,"atk":31,"def":31,"spa":31,"spd":31,"spe":31},"item":"Life Orb","level":77,"shiny":false},{"name":"Jirachi","moves":["uturn","toxic","stealthrock","ironhead"],"ability":"Serene Grace","evs":{"hp":85,"atk":85,"def":85,"spa":85,"spd":85,"spe":85},"ivs":{"hp":31,"atk":31,"def":31,"spa":31,"spd":31,"spe":31},"item":"Air Balloon","level":75,"shiny":false},{"name":"Diggersby","moves":["swordsdance","wildcharge","earthquake","quickattack"],"ability":"Huge Power","evs":{"hp":85,"atk":85,"def":85,"spa":85,"spd":85,"spe":85},"ivs":{"hp":31,"atk":31,"def":31,"spa":31,"spd":31,"spe":31},"item":"Life Orb","level":76,"shiny":false},{"name":"Clawitzer","moves":["waterpulse","icebeam","aurasphere","uturn"],"ability":"Mega Launcher","evs":{"hp":85,"atk":85,"def":85,"spa":85,"spd":85,"spe":85},"ivs":{"hp":31,"atk":31,"def":31,"spa":31,"spd":31,"spe":31},"item":"Expert Belt","level":79,"shiny":false},{"name":"Skuntank","moves":["taunt","fireblast","crunch","defog"],"ability":"Aftermath","evs":{"hp":85,"atk":85,"def":85,"spa":85,"spd":85,"spe":85},"ivs":{"hp":31,"atk":31,"def":31,"spa":31,"spd":31,"spe":31},"item":"Black Sludge","level":81,"shiny":false}],"log":["|player|p1|TOKIDOKIHero|101","|player|p2|ERMERA|265","|gametype|singles","|gen|6","|tier|Random Battle","|rated","|rule|Sleep Clause Mod: Limit one foe put to sleep","|rule|HP Percentage Mod: HP is shown in percentages","|","|start","|switch|p1a: Shuckle|Shuckle, L78, M|159/159","|switch|p2a: Bouffalant|Bouffalant, L81, M|287/287","|turn|1","|","|move|p2a: Bouffalant|Swords Dance|p2a: Bouffalant","|-boost|p2a: Bouffalant|atk|2","|move|p1a: Shuckle|Stealth Rock|p2a: Bouffalant","|-sidestart|p2: ERMERA|move: Stealth Rock","|","|turn|2","|","|move|p2a: Bouffalant|Megahorn|p1a: Shuckle","|-damage|p1a: Shuckle|68/159","|move|p1a: Shuckle|Encore|p2a: Bouffalant","|-start|p2a: Bouffalant|Encore","|","|-heal|p1a: Shuckle|77/159|[from] item: Leftovers","|turn|3","|","|move|p2a: Bouffalant|Megahorn|p1a: Shuckle","|-damage|p1a: Shuckle|0 fnt","|faint|p1a: Shuckle","|","|","|switch|p1a: Azumarill|Azumarill, L75, F|274/274","|turn|4","|","|switch|p2a: Nidoking|Nidoking, L77, M|251/251","|-damage|p2a: Nidoking|236/251|[from] Stealth Rock","|move|p1a: Azumarill|Superpower|p2a: Nidoking","|-resisted|p2a: Nidoking","|-damage|p2a: Nidoking|180/251","|-unboost|p1a: Azumarill|atk|1","|-unboost|p1a: Azumarill|def|1","|","|turn|5","|","|switch|p1a: Azelf|Azelf, L77|242/242","|move|p2a: Nidoking|Sludge Wave|p1a: Azelf","|-damage|p1a: Azelf|63/242","|","|-heal|p1a: Azelf|78/242|[from] item: Leftovers","|turn|6","|","|move|p1a: Azelf|Psyshock|p2a: Nidoking","|-supereffective|p2a: Nidoking","|-damage|p2a: Nidoking|0 fnt","|faint|p2a: Nidoking","|","|-heal|p1a: Azelf|93/242|[from] item: Leftovers","|","|switch|p2a: Clawitzer|Clawitzer, L79, M|242/242","|-damage|p2a: Clawitzer|212/242|[from] Stealth Rock","|turn|7","|","|move|p1a: Azelf|Psyshock|p2a: Clawitzer","|-damage|p2a: Clawitzer|124/242","|move|p2a: Clawitzer|Aura Sphere|p1a: Azelf","|-resisted|p1a: Azelf","|-damage|p1a: Azelf|40/242","|","|-heal|p1a: Azelf|55/242|[from] item: Leftovers","|turn|8","|","|move|p1a: Azelf|Psyshock|p2a: Clawitzer","|-damage|p2a: Clawitzer|37/242","|move|p2a: Clawitzer|Ice Beam|p1a: Azelf","|-damage|p1a: Azelf|0 fnt","|faint|p1a: Azelf","|","|","|switch|p1a: Azumarill|Azumarill, L75, F|274/274","|turn|9","|","|move|p1a: Azumarill|Aqua Jet|p2a: Clawitzer","|-crit|p2a: Clawitzer","|-resisted|p2a: Clawitzer","|-damage|p2a: Clawitzer|4/242","|move|p2a: Clawitzer|Aura Sphere|p1a: Azumarill","|-resisted|p1a: Azumarill","|-damage|p1a: Azumarill|219/274","|","|turn|10","|","|move|p1a: Azumarill|Aqua Jet|p2a: Clawitzer","|-resisted|p2a: Clawitzer","|-damage|p2a: Clawitzer|0 fnt","|faint|p2a: Clawitzer","|","|","|switch|p2a: Diggersby|Diggersby, L76, M|254/254","|-damage|p2a: Diggersby|239/254|[from] Stealth Rock","|turn|11","|","|move|p2a: Diggersby|Wild Charge|p1a: Azumarill","|-supereffective|p1a: Azumarill","|-damage|p1a: Azumarill|0 fnt","|-damage|p2a: Diggersby|184/254|[from] recoil|[of] p1a: Azumarill","|-damage|p2a: Diggersby|159/254|[from] item: Life Orb","|faint|p1a: Azumarill","|","|","|switch|p1a: Ursaring|Ursaring, L83, M|285/285","|turn|12","|","|move|p2a: Diggersby|Earthquake|p1a: Ursaring","|-damage|p1a: Ursaring|116/285","|-damage|p2a: Diggersby|134/254|[from] item: Life Orb","|move|p1a: Ursaring|Close Combat|p2a: Diggersby","|-supereffective|p2a: Diggersby","|-damage|p2a: Diggersby|0 fnt","|-unboost|p1a: Ursaring|def|1","|-unboost|p1a: Ursaring|spd|1","|faint|p2a: Diggersby","|","|-status|p1a: Ursaring|tox|[from] item: Toxic Orb","|","|switch|p2a: Jirachi|Jirachi, L75|274/274","|-damage|p2a: Jirachi|257/274|[from] Stealth Rock","|-item|p2a: Jirachi|Air Balloon","|turn|13","|","|move|p2a: Jirachi|Iron Head|p1a: Ursaring","|-damage|p1a: Ursaring|0 fnt","|faint|p1a: Ursaring","|","|","|switch|p1a: Arceus-Poison|Arceus-Poison, L73|296/296","|turn|14","|","|move|p1a: Arceus-Poison|Fire Blast|p2a: Jirachi","|-supereffective|p2a: Jirachi","|-damage|p2a: Jirachi|123/274","|-enditem|p2a: Jirachi|Air Balloon","|move|p2a: Jirachi|Stealth Rock|p1a: Arceus-Poison","|-sidestart|p1: TOKIDOKIHero|move: Stealth Rock","|","|turn|15","|","|move|p1a: Arceus-Poison|Fire Blast|p2a: Jirachi|[miss]","|-miss|p1a: Arceus-Poison|p2a: Jirachi","|move|p2a: Jirachi|Iron Head|p1a: Arceus-Poison","|-crit|p1a: Arceus-Poison","|-damage|p1a: Arceus-Poison|194/296","|","|turn|16","|","|move|p1a: Arceus-Poison|Fire Blast|p2a: Jirachi|[miss]","|-miss|p1a: Arceus-Poison|p2a: Jirachi","|move|p2a: Jirachi|Toxic|p1a: Arceus-Poison","|-immune|p1a: Arceus-Poison|[msg]","|","|turn|17","|","|move|p1a: Arceus-Poison|Fire Blast|p2a: Jirachi|[miss]","|-miss|p1a: Arceus-Poison|p2a: Jirachi","|move|p2a: Jirachi|U-turn|p1a: Arceus-Poison","|-resisted|p1a: Arceus-Poison","|-damage|p1a: Arceus-Poison|175/296","|","|switch|p2a: Skuntank|Skuntank, L81, M|299/299","|-damage|p2a: Skuntank|262/299|[from] Stealth Rock","|","|-heal|p2a: Skuntank|280/299|[from] item: Black Sludge","|turn|18","|","|move|p1a: Arceus-Poison|Will-O-Wisp|p2a: Skuntank","|-status|p2a: Skuntank|brn","|move|p2a: Skuntank|Taunt|p1a: Arceus-Poison","|-start|p1a: Arceus-Poison|move: Taunt","|","|-heal|p2a: Skuntank|298/299 brn|[from] item: Black Sludge","|-damage|p2a: Skuntank|261/299 brn|[from] brn","|turn|19","|","|move|p1a: Arceus-Poison|Fire Blast|p2a: Skuntank","|-crit|p2a: Skuntank","|-damage|p2a: Skuntank|115/299 brn","|move|p2a: Skuntank|Crunch|p1a: Arceus-Poison","|-damage|p1a: Arceus-Poison|142/296","|","|-heal|p2a: Skuntank|133/299 brn|[from] item: Black Sludge","|-damage|p2a: Skuntank|96/299 brn|[from] brn","|turn|20","|","|switch|p1a: Kabutops|Kabutops, L81, F|230/230","|-damage|p1a: Kabutops|202/230|[from] Stealth Rock","|move|p2a: Skuntank|Fire Blast|p1a: Kabutops","|-resisted|p1a: Kabutops","|-damage|p1a: Kabutops|183/230","|-status|p1a: Kabutops|brn","|","|-heal|p2a: Skuntank|114/299 brn|[from] item: Black Sludge","|-damage|p2a: Skuntank|77/299 brn|[from] brn","|-damage|p1a: Kabutops|155/230 brn|[from] brn","|turn|21","|","|move|p1a: Kabutops|Aqua Jet|p2a: Skuntank","|-damage|p2a: Skuntank|39/299 brn","|-damage|p1a: Kabutops|132/230 brn|[from] item: Life Orb","|move|p2a: Skuntank|Defog|p1a: Kabutops","|-unboost|p1a: Kabutops|evasion|1","|-sideend|p1: TOKIDOKIHero|Stealth Rock|[from] move: Defog|[of] p1a: Kabutops","|-sideend|p2: ERMERA|Stealth Rock|[from] move: Defog|[of] p2a: Skuntank","|","|-heal|p2a: Skuntank|57/299 brn|[from] item: Black Sludge","|-damage|p2a: Skuntank|20/299 brn|[from] brn","|-damage|p1a: Kabutops|104/230 brn|[from] brn","|turn|22","|","|move|p1a: Kabutops|Aqua Jet|p2a: Skuntank","|-damage|p2a: Skuntank|0 fnt","|-damage|p1a: Kabutops|47/230 brn|[from] ability: Aftermath|[of] p2a: Skuntank","|-damage|p1a: Kabutops|24/230 brn|[from] item: Life Orb","|faint|p2a: Skuntank","|","|-damage|p1a: Kabutops|0 fnt|[from] brn","|faint|p1a: Kabutops","|","|switch|p1a: Arceus-Poison|Arceus-Poison, L73|142/296","|switch|p2a: Bouffalant|Bouffalant, L81, M|287/287","|turn|23","|","|move|p1a: Arceus-Poison|Sludge Bomb|p2a: Bouffalant","|-damage|p2a: Bouffalant|190/287","|move|p2a: Bouffalant|Swords Dance|p2a: Bouffalant","|-boost|p2a: Bouffalant|atk|2","|","|-heal|p2a: Bouffalant|207/287|[from] item: Leftovers","|turn|24","|","|move|p1a: Arceus-Poison|Sludge Bomb|p2a: Bouffalant","|-damage|p2a: Bouffalant|101/287","|move|p2a: Bouffalant|Superpower|p1a: Arceus-Poison","|-resisted|p1a: Arceus-Poison","|-damage|p1a: Arceus-Poison|63/296","|-unboost|p2a: Bouffalant|atk|1","|-unboost|p2a: Bouffalant|def|1","|","|-heal|p2a: Bouffalant|118/287|[from] item: Leftovers","|turn|25","|","|move|p1a: Arceus-Poison|Sludge Bomb|p2a: Bouffalant","|-damage|p2a: Bouffalant|13/287","|move|p2a: Bouffalant|Megahorn|p1a: Arceus-Poison","|-resisted|p1a: Arceus-Poison","|-damage|p1a: Arceus-Poison|3/296","|","|-heal|p2a: Bouffalant|30/287|[from] item: Leftovers","|turn|26","|","|move|p1a: Arceus-Poison|Sludge Bomb|p2a: Bouffalant","|-damage|p2a: Bouffalant|0 fnt","|faint|p2a: Bouffalant","|","|","|switch|p2a: Jirachi|Jirachi, L75|123/274","|turn|27","|","|move|p1a: Arceus-Poison|Fire Blast|p2a: Jirachi","|-crit|p2a: Jirachi","|-supereffective|p2a: Jirachi","|-damage|p2a: Jirachi|0 fnt","|faint|p2a: Jirachi","|","|win|TOKIDOKIHero"],"p1rating":{"entryid":"446473","serverid":"eos","formatid":"randombattle","userid":"tokidokihero","username":"TOKIDOKIHero","w":1,"l":"1","t":"0","gxe":49.6,"r":"1500","rd":"130","sigma":"0","rptime":"1440493200","rpr":1496.8493073601,"rprd":116.79464417122,"rpsigma":"0","acre":1042.5485014602,"lacre":1042.5485014602,"oldacre":"1000"},"p2rating":{"entryid":"426060","serverid":"eos","formatid":"randombattle","userid":"ermera","username":"ERMERA","w":"1","l":2,"t":"0","gxe":45.8,"r":"1540.1606143388","rd":"122.8583080769","sigma":"0","rptime":"1440493200","rpr":1466.791223755,"rprd":111.63002965141,"rpsigma":"0","acre":1007.9921601191,"lacre":1007.9921601191,"oldacre":"1022.1660277196"},"endType":"normal"}