{"seed":[52337,56477,23421,37600],"turns":43,"p1":"ERMERA","p2":"Alliance Topaz","p1team":[{"name":"Tangrowth","moves":["hiddenpowerfire","leafstorm","leechseed","knockoff"],"ability":"Regenerator","evs":{"hp":85,"atk":85,"def":85,"spa":85,"spd":85,"spe":85},"ivs":{"hp":31,"atk":30,"def":31,"spa":30,"spd":31,"spe":30},"item":"Life Orb","level":79,"shiny":false},{"name":"Virizion","moves":["focusblast","substitute","stoneedge","gigadrain"],"ability":"Justified","evs":{"hp":85,"atk":85,"def":85,"spa":85,"spd":85,"spe":85},"ivs":{"hp":31,"atk":31,"def":31,"spa":31,"spd":31,"spe":31},"item":"Leftovers","level":79,"shiny":false},{"name":"Skuntank","moves":["pursuit","crunch","fireblast","taunt"],"ability":"Aftermath","evs":{"hp":85,"atk":85,"def":85,"spa":85,"spd":85,"spe":85},"ivs":{"hp":31,"atk":31,"def":31,"spa":31,"spd":31,"spe":31},"item":"Life Orb","level":81,"shiny":false},{"name":"Wormadam-Trash","moves":["protect","toxic","gyroball","stealthrock"],"ability":"Overcoat","evs":{"hp":85,"atk":170,"def":85,"spa":85,"spd":85,"spe":0},"ivs":{"hp":31,"atk":31,"def":31,"spa":31,"spd":31,"spe":0},"item":"Leftovers","level":83,"shiny":false},{"name":"Butterfree","moves":["roost","bugbuzz","shadowball","psychic"],"ability":"Tinted Lens","evs":{"hp":85,"atk":85,"def":85,"spa":85,"spd":85,"spe":85},"ivs":{"hp":31,"atk":31,"def":31,"spa":31,"spd":31,"spe":31},"item":"Life Orb","level":83,"shiny":false},{"name":"Arceus-Water","moves":["recover","judgment","thunderbolt","willowisp"],"ability":"Multitype","evs":{"hp":85,"atk":85,"def":85,"spa":85,"spd":85,"spe":85},"ivs":{"hp":31,"atk":31,"def":31,"spa":31,"spd":31,"spe":31},"item":"Splash Plate","level":73,"shiny":false}],"p2team":[{"name":"Qwilfish","moves":["destinybond","spikes","thunderwave","waterfall"],"ability":"Intimidate","evs":{"hp":85,"atk":85,"def":85,"spa":85,"spd":85,"spe":85},"ivs":{"hp":31,"atk":31,"def":31,"spa":31,"spd":31,"spe":31},"item":"Focus Sash","level":79,"shiny":false},{"name":"Golurk","moves":["icepunch","earthquake","dynamicpunch","rockpolish"],"ability":"No Guard","evs":{"hp":85,"atk":85,"def":85,"spa":85,"spd":85,"spe":85},"ivs":{"hp":31,"atk":31,"def":31,"spa":31,"spd":31,"spe":31},"item":"Life Orb","level":81,"shiny":false},{"name":"Volcarona","moves":["bugbuzz","gigadrain","roost","hiddenpowerground"],"ability":"Flame Body","evs":{"hp":81,"atk":85,"def":85,"spa":89,"spd":85,"spe":85},"ivs":{"hp":31,"atk":31,"def":31,"spa":30,"spd":30,"spe":31},"item":"Life Orb","level":76,"shiny":false},{"name":"Gothitelle","moves":["hiddenpowerfighting","shadowball","trick","substitute"],"ability":"Shadow Tag","evs":{"hp":85,"atk":85,"def":85,"spa":85,"spd":85,"spe":85},"ivs":{"hp":31,"atk":31,"def":30,"spa":30,"spd":30,"spe":30},"item":"Choice Scarf","level":77,"shiny":false},{"name":"Swalot","moves":["sludgebomb","earthquake","icebeam","encore"],"ability":"Liquid Ooze","evs":{"hp":85,"atk":85,"def":85,"spa":85,"spd":85,"spe":85},"ivs":{"hp":31,"atk":31,"def":31,"spa":31,"spd":31,"spe":31},"item":"Life Orb","level":83,"shiny":false},{"name":"Haxorus","moves":["poisonjab","dragonclaw","taunt","dragondance"],"ability":"Mold Breaker","evs":{"hp":85,"atk":85,"def":85,"spa":85,"spd":85,"spe":85},"ivs":{"hp":31,"atk":31,"def":31,"spa":31,"spd":31,"spe":31},"item":"Leftovers","level":77,"shiny":false}],"log":["|player|p1|ERMERA|265","|player|p2|Alliance Topaz|37","|gametype|singles","|gen|6","|tier|Random Battle","|rated","|rule|Sleep Clause Mod: Limit one foe put to sleep","|rule|HP Percentage Mod: HP is shown in percentages","|","|start","|switch|p1a: Tangrowth|Tangrowth, L79, F|288/288","|switch|p2a: Qwilfish|Qwilfish, L79, M|232/232","|-ability|p2a: Qwilfish|Intimidate","|-unboost|p1a: Tangrowth|atk|1","|turn|1","|","|switch|p2a: Volcarona|Volcarona, L76, F|253/253","|move|p1a: Tangrowth|Leech Seed|p2a: Volcarona","|-start|p2a: Volcarona|move: Leech Seed","|","|-damage|p2a: Volcarona|222/253|[from] Leech Seed|[of] p1a: Tangrowth","|turn|2","|","|switch|p1a: Skuntank|Skuntank, L81, M|299/299","|move|p2a: Volcarona|Bug Buzz|p1a: Skuntank","|-damage|p1a: Skuntank|118/299","|-damage|p2a: Volcarona|197/253|[from] item: Life Orb","|","|-damage|p2a: Volcarona|166/253|[from] Leech Seed|[of] p1a: Skuntank","|-heal|p1a: Skuntank|149/299|[silent]","|turn|3","|","|switch|p2a: Qwilfish|Qwilfish, L79, M|232/232","|-ability|p2a: Qwilfish|Intimidate","|-unboost|p1a: Skuntank|atk|1","|move|p1a: Skuntank|Taunt|p2a: Qwilfish","|-start|p2a: Qwilfish|move: Taunt","|","|turn|4","|","|move|p1a: Skuntank|Crunch|p2a: Qwilfish","|-damage|p2a: Qwilfish|145/232","|-unboost|p2a: Qwilfish|def|1","|-damage|p1a: Skuntank|120/299|[from] item: Life Orb","|move|p2a: Qwilfish|Waterfall|p1a: Skuntank","|-crit|p1a: Skuntank","|-damage|p1a: Skuntank|0 fnt","|-damage|p2a: Qwilfish|87/232|[from] ability: Aftermath|[of] p1a: Skuntank","|faint|p1a: Skuntank","|","|","|switch|p1a: Tangrowth|Tangrowth, L79, F|288/288","|turn|5","|","|switch|p2a: Swalot|Swalot, L83, M|302/302","|move|p1a: Tangrowth|Leech Seed|p2a: Swalot","|-start|p2a: Swalot|move: Leech Seed","|","|-damage|p2a: Swalot|265/302|[from] Leech Seed|[of] p1a: Tangrowth","|-damage|p1a: Tangrowth|251/288|[from] ability: Liquid Ooze|[of] p2a: Swalot","|turn|6","|","|move|p2a: Swalot|Encore|p1a: Tangrowth","|-start|p1a: Tangrowth|Encore","|move|p1a: Tangrowth|Leech Seed|p2a: Swalot|[miss]","|-miss|p1a: Tangrowth|p2a: Swalot","|","|-damage|p2a: Swalot|228/302|[from] Leech Seed|[of] p1a: Tangrowth","|-damage|p1a: Tangrowth|214/288|[from] ability: Liquid Ooze|[of] p2a: Swalot","|turn|7","|","|switch|p1a: Virizion|Virizion, L79|273/273","|move|p2a: Swalot|Ice Beam|p1a: Virizion","|-crit|p1a: Virizion","|-supereffective|p1a: Virizion","|-damage|p1a: Virizion|101/273","|-damage|p2a: Swalot|198/302|[from] item: Life Orb","|","|-heal|p1a: Virizion|118/273|[from] item: Leftovers","|-damage|p2a: Swalot|161/302|[from] Leech Seed|[of] p1a: Virizion","|-damage|p1a: Virizion|81/273|[from] ability: Liquid Ooze|[of] p2a: Swalot","|turn|8","|","|move|p1a: Virizion|Giga Drain|p2a: Swalot","|-resisted|p2a: Swalot","|-damage|p2a: Swalot|124/302","|-damage|p1a: Virizion|62/273|[from] ability: Liquid Ooze|[of] p2a: Swalot","|move|p2a: Swalot|Sludge Bomb|p1a: Virizion","|-supereffective|p1a: Virizion","|-damage|p1a: Virizion|0 fnt","|-damage|p2a: Swalot|94/302|[from] item: Life Orb","|faint|p1a: Virizion","|","|","|switch|p1a: Wormadam-Trash|Wormadam-Trash, L83, F|235/235","|turn|9","|","|switch|p2a: Golurk|Golurk, L81|277/277","|move|p1a: Wormadam-Trash|Protect|p1a: Wormadam-Trash","|-fail|p1a: Wormadam-Trash","|","|turn|10","|","|move|p2a: Golurk|Dynamic Punch|p1a: Wormadam-Trash","|-crit|p1a: Wormadam-Trash","|-damage|p1a: Wormadam-Trash|95/235","|-start|p1a: Wormadam-Trash|confusion","|-damage|p2a: Golurk|250/277|[from] item: Life Orb","|-activate|p1a: Wormadam-Trash|confusion","|-damage|p1a: Wormadam-Trash|73/235|[from] confusion","|","|-heal|p1a: Wormadam-Trash|87/235|[from] item: Leftovers","|turn|11","|","|switch|p1a: Arceus-Water|Arceus-Water, L73|296/296","|move|p2a: Golurk|Dynamic Punch|p1a: Arceus-Water","|-damage|p1a: Arceus-Water|201/296","|-start|p1a: Arceus-Water|confusion","|-damage|p2a: Golurk|223/277|[from] item: Life Orb","|","|turn|12","|","|switch|p2a: Qwilfish|Qwilfish, L79, M|87/232","|-ability|p2a: Qwilfish|Intimidate","|-unboost|p1a: Arceus-Water|atk|1","|-activate|p1a: Arceus-Water|confusion","|move|p1a: Arceus-Water|Will-O-Wisp|p2a: Qwilfish","|-status|p2a: Qwilfish|brn","|","|-damage|p2a: Qwilfish|58/232 brn|[from] brn","|turn|13","|","|switch|p1a: Tangrowth|Tangrowth, L79, F|288/288","|move|p2a: Qwilfish|Spikes|p1a: Tangrowth","|-sidestart|p1: ERMERA|Spikes","|","|-damage|p2a: Qwilfish|29/232 brn|[from] brn","|turn|14","|","|move|p2a: Qwilfish|Destiny Bond|p2a: Qwilfish","|-singlemove|p2a: Qwilfish|Destiny Bond","|move|p1a: Tangrowth|Leaf Storm|p2a: Qwilfish|[miss]","|-miss|p1a: Tangrowth|p2a: Qwilfish","|","|-damage|p2a: Qwilfish|0 fnt|[from] brn","|faint|p2a: Qwilfish","|","|switch|p2a: Volcarona|Volcarona, L76, F|166/253","|turn|15","|","|move|p2a: Volcarona|Bug Buzz|p1a: Tangrowth","|-supereffective|p1a: Tangrowth","|-damage|p1a: Tangrowth|0 fnt","|-damage|p2a: Volcarona|141/253|[from] item: Life Orb","|faint|p1a: Tangrowth","|","|","|switch|p1a: Arceus-Water|Arceus-Water, L73|201/296","|-damage|p1a: Arceus-Water|164/296|[from] Spikes","|turn|16","|","|move|p1a: Arceus-Water|Thunderbolt|p2a: Volcarona","|-damage|p2a: Volcarona|84/253","|-status|p2a: Volcarona|par","|move|p2a: Volcarona|Giga Drain|p1a: Arceus-Water","|-supereffective|p1a: Arceus-Water","|-damage|p1a: Arceus-Water|37/296","|-heal|p2a: Volcarona|148/253 par|[from] drain|[of] p1a: Arceus-Water","|-damage|p2a: Volcarona|123/253 par|[from] item: Life Orb","|","|turn|17","|","|move|p1a: Arceus-Water|Recover|p1a: Arceus-Water","|-heal|p1a: Arceus-Water|185/296","|move|p2a: Volcarona|Giga Drain|p1a: Arceus-Water","|-supereffective|p1a: Arceus-Water","|-damage|p1a: Arceus-Water|42/296","|-heal|p2a: Volcarona|195/253 par|[from] drain|[of] p1a: Arceus-Water","|-damage|p2a: Volcarona|170/253 par|[from] item: Life Orb","|","|turn|18","|","|move|p1a: Arceus-Water|Recover|p1a: Arceus-Water","|-heal|p1a: Arceus-Water|190/296","|cant|p2a: Volcarona|par","|","|turn|19","|","|move|p1a: Arceus-Water|Recover|p1a: Arceus-Water","|-heal|p1a: Arceus-Water|296/296","|move|p2a: Volcarona|Giga Drain|p1a: Arceus-Water","|-supereffective|p1a: Arceus-Water","|-damage|p1a: Arceus-Water|156/296","|-heal|p2a: Volcarona|240/253 par|[from] drain|[of] p1a: Arceus-Water","|-damage|p2a: Volcarona|215/253 par|[from] item: Life Orb","|","|turn|20","|","|move|p1a: Arceus-Water|Will-O-Wisp|p2a: Volcarona","|-fail|p2a: Volcarona","|move|p2a: Volcarona|Bug Buzz|p1a: Arceus-Water","|-damage|p1a: Arceus-Water|38/296","|-damage|p2a: Volcarona|190/253 par|[from] item: Life Orb","|","|turn|21","|","|move|p1a: Arceus-Water|Recover|p1a: Arceus-Water","|-heal|p1a: Arceus-Water|186/296","|move|p2a: Volcarona|Giga Drain|p1a: Arceus-Water","|-supereffective|p1a: Arceus-Water","|-damage|p1a: Arceus-Water|53/296","|-heal|p2a: Volcarona|253/253 par|[from] drain|[of] p1a: Arceus-Water","|-damage|p2a: Volcarona|228/253 par|[from] item: Life Orb","|","|turn|22","|","|move|p1a: Arceus-Water|Recover|p1a: Arceus-Water","|-heal|p1a: Arceus-Water|201/296","|move|p2a: Volcarona|Bug Buzz|p1a: Arceus-Water","|-crit|p1a: Arceus-Water","|-damage|p1a: Arceus-Water|10/296","|-damage|p2a: Volcarona|203/253 par|[from] item: Life Orb","|","|turn|23","|","|move|p1a: Arceus-Water|Recover|p1a: Arceus-Water","|-heal|p1a: Arceus-Water|158/296","|cant|p2a: Volcarona|par","|","|turn|24","|","|switch|p2a: Gothitelle|Gothitelle, L77, F|234/234","|move|p1a: Arceus-Water|Recover|p1a: Arceus-Water","|-heal|p1a: Arceus-Water|296/296","|","|turn|25","|","|move|p1a: Arceus-Water|Thunderbolt|p2a: Gothitelle","|-damage|p2a: Gothitelle|177/234","|move|p2a: Gothitelle|Trick|p1a: Arceus-Water","|-fail|p1a: Arceus-Water","|","|turn|26","|","|switch|p2a: Golurk|Golurk, L81|223/277","|move|p1a: Arceus-Water|Will-O-Wisp|p2a: Golurk","|-status|p2a: Golurk|brn","|","|-damage|p2a: Golurk|189/277 brn|[from] brn","|turn|27","|","|move|p1a: Arceus-Water|Thunderbolt|p2a: Golurk","|-immune|p2a: Golurk|[msg]","|move|p2a: Golurk|Dynamic Punch|p1a: Arceus-Water","|-damage|p1a: Arceus-Water|251/296","|-start|p1a: Arceus-Water|confusion","|-damage|p2a: Golurk|162/277 brn|[from] item: Life Orb","|","|-damage|p2a: Golurk|128/277 brn|[from] brn","|turn|28","|","|switch|p2a: Volcarona|Volcarona, L76, F|203/253 par","|-activate|p1a: Arceus-Water|confusion","|-damage|p1a: Arceus-Water|227/296|[from] confusion","|","|turn|29","|","|-activate|p1a: Arceus-Water|confusion","|move|p1a: Arceus-Water|Will-O-Wisp|p2a: Volcarona","|-fail|p2a: Volcarona","|move|p2a: Volcarona|Bug Buzz|p1a: Arceus-Water","|-damage|p1a: Arceus-Water|105/296","|-damage|p2a: Volcarona|178/253 par|[from] item: Life Orb","|","|turn|30","|","|-end|p1a: Arceus-Water|confusion","|move|p1a: Arceus-Water|Recover|p1a: Arceus-Water","|-heal|p1a: Arceus-Water|253/296","|cant|p2a: Volcarona|par","|","|turn|31","|","|move|p1a: Arceus-Water|Will-O-Wisp|p2a: Volcarona|[miss]","|-miss|p1a: Arceus-Water|p2a: Volcarona","|move|p2a: Volcarona|Giga Drain|p1a: Arceus-Water","|-supereffective|p1a: Arceus-Water","|-damage|p1a: Arceus-Water|128/296","|-heal|p2a: Volcarona|241/253 par|[from] drain|[of] p1a: Arceus-Water","|-damage|p2a: Volcarona|216/253 par|[from] item: Life Orb","|","|turn|32","|","|switch|p2a: Golurk|Golurk, L81|128/277 brn","|move|p1a: Arceus-Water|Recover|p1a: Arceus-Water","|-heal|p1a: Arceus-Water|276/296","|","|-damage|p2a: Golurk|94/277 brn|[from] brn","|turn|33","|","|move|p1a: Arceus-Water|Will-O-Wisp|p2a: Golurk","|-fail|p2a: Golurk|brn","|move|p2a: Golurk|Dynamic Punch|p1a: Arceus-Water","|-damage|p1a: Arceus-Water|233/296","|-start|p1a: Arceus-Water|confusion","|-damage|p2a: Golurk|67/277 brn|[from] item: Life Orb","|","|-damage|p2a: Golurk|33/277 brn|[from] brn","|turn|34","|","|-activate|p1a: Arceus-Water|confusion","|move|p1a: Arceus-Water|Judgment|p2a: Golurk","|-supereffective|p2a: Golurk","|-damage|p2a: Golurk|0 fnt","|faint|p2a: Golurk","|","|","|switch|p2a: Haxorus|Haxorus, L77, F|244/244","|-ability|p2a: Haxorus|Mold Breaker","|turn|35","|","|-activate|p1a: Arceus-Water|confusion","|-damage|p1a: Arceus-Water|208/296|[from] confusion","|move|p2a: Haxorus|Taunt|p1a: Arceus-Water","|-start|p1a: Arceus-Water|move: Taunt","|","|turn|36","|","|-end|p1a: Arceus-Water|confusion","|move|p1a: Arceus-Water|Thunderbolt|p2a: Haxorus","|-resisted|p2a: Haxorus","|-damage|p2a: Haxorus|209/244","|move|p2a: Haxorus|Dragon Dance|p2a: Haxorus","|-boost|p2a: Haxorus|atk|1","|-boost|p2a: Haxorus|spe|1","|","|-heal|p2a: Haxorus|224/244|[from] item: Leftovers","|turn|37","|","|move|p2a: Haxorus|Dragon Dance|p2a: Haxorus","|-boost|p2a: Haxorus|atk|1","|-boost|p2a: Haxorus|spe|1","|move|p1a: Arceus-Water|Thunderbolt|p2a: Haxorus","|-resisted|p2a: Haxorus","|-damage|p2a: Haxorus|184/244","|","|-heal|p2a: Haxorus|199/244|[from] item: Leftovers","|turn|38","|","|move|p2a: Haxorus|Dragon Claw|p1a: Arceus-Water","|-damage|p1a: Arceus-Water|19/296","|move|p1a: Arceus-Water|Thunderbolt|p2a: Haxorus","|-resisted|p2a: Haxorus","|-damage|p2a: Haxorus|159/244","|","|-heal|p2a: Haxorus|174/244|[from] item: Leftovers","|-end|p1a: Arceus-Water|move: Taunt","|turn|39","|","|move|p2a: Haxorus|Dragon Claw|p1a: Arceus-Water","|-damage|p1a: Arceus-Water|0 fnt","|faint|p1a: Arceus-Water","|","|-heal|p2a: Haxorus|189/244|[from] item: Leftovers","|","|switch|p1a: Wormadam-Trash|Wormadam-Trash, L83, F|87/235","|-damage|p1a: Wormadam-Trash|58/235|[from] Spikes","|turn|40","|","|move|p1a: Wormadam-Trash|Protect|p1a: Wormadam-Trash","|-singleturn|p1a: Wormadam-Trash|Protect","|move|p2a: Haxorus|Dragon Claw|p1a: Wormadam-Trash","|-activate|p1a: Wormadam-Trash|Protect","|","|-heal|p2a: Haxorus|204/244|[from] item: Leftovers","|-heal|p1a: Wormadam-Trash|72/235|[from] item: Leftovers","|turn|41","|","|move|p2a: Haxorus|Dragon Claw|p1a: Wormadam-Trash","|-resisted|p1a: Wormadam-Trash","|-damage|p1a: Wormadam-Trash|0 fnt","|faint|p1a: Wormadam-Trash","|","|-heal|p2a: Haxorus|219/244|[from] item: Leftovers","|","|switch|p1a: Butterfree|Butterfree, L83, F|235/235","|turn|42","|","|move|p2a: Haxorus|Taunt|p1a: Butterfree","|-start|p1a: Butterfree|move: Taunt","|move|p1a: Butterfree|Psychic|p2a: Haxorus","|-damage|p2a: Haxorus|118/244","|-damage|p1a: Butterfree|212/235|[from] item: Life Orb","|","|-heal|p2a: Haxorus|133/244|[from] item: Leftovers","|turn|43","|","|move|p2a: Haxorus|Dragon Claw|p1a: Butterfree","|-damage|p1a: Butterfree|0 fnt","|faint|p1a: Butterfree","|","|win|Alliance Topaz"],"p1rating":{"entryid":"426060","serverid":"eos","formatid":"randombattle","userid":"ermera","username":"ERMERA","w":"1","l":1,"t":"0","gxe":50,"r":1540.1606143388,"rd":122.8583080769,"sigma":"0","rptime":1440493200,"rpr":1499.970724027,"rprd":116.84146468108,"rpsigma":"0","acre":1022.1660277196,"lacre":1022.1660277196,"oldacre":"1040"},"p2rating":{"entryid":446363,"formatid":"randombattle","userid":"alliancetopaz","username":"Alliance Topaz","r":1500,"rd":130,"sigma":0,"rpr":1540.1606143388,"rprd":122.8583080769,"rpsigma":0,"rptime":1440493200,"w":1,"l":0,"t":0,"gxe":55,"acre":1044.584930701,"lacre":1044.584930701,"oldacre":1000},"endType":"normal"}