{"seed":[34635,16406,34831,51341],"turns":22,"p1":"jg1234","p2":"gx12","p1team":[{"name":"Delibird","moves":["aerialace","iceshard","spikes","icepunch"],"ability":"Hustle","evs":{"hp":81,"atk":89,"def":85,"spa":85,"spd":85,"spe":85},"ivs":{"hp":31,"atk":31,"def":31,"spa":31,"spd":31,"spe":31},"item":"Life Orb","level":83,"shiny":false},{"name":"Tornadus","moves":["tailwind","substitute","heatwave","uturn"],"ability":"Prankster","evs":{"hp":85,"atk":85,"def":85,"spa":85,"spd":85,"spe":85},"ivs":{"hp":31,"atk":31,"def":31,"spa":31,"spd":31,"spe":31},"item":"Leftovers","level":78,"shiny":false},{"name":"Lugia","moves":["roost","toxic","substitute","aeroblast"],"ability":"Multiscale","evs":{"hp":85,"atk":85,"def":85,"spa":85,"spd":85,"spe":85},"ivs":{"hp":31,"atk":31,"def":31,"spa":31,"spd":31,"spe":31},"item":"Leftovers","level":73,"shiny":false},{"name":"Aurorus","moves":["thunderwave","blizzard","earthpower","freezedry"],"ability":"Snow Warning","evs":{"hp":81,"atk":85,"def":85,"spa":89,"spd":85,"spe":85},"ivs":{"hp":31,"atk":31,"def":31,"spa":31,"spd":31,"spe":31},"item":"Leftovers","level":81,"shiny":false},{"name":"Weezing","moves":["toxicspikes","sludgebomb","protect","willowisp"],"ability":"Levitate","evs":{"hp":85,"atk":85,"def":85,"spa":85,"spd":85,"spe":85},"ivs":{"hp":31,"atk":31,"def":31,"spa":31,"spd":31,"spe":31},"item":"Black Sludge","level":81,"shiny":false},{"name":"Drapion","moves":["knockoff","whirlwind","poisonjab","aquatail"],"ability":"Keen Eye","evs":{"hp":85,"atk":85,"def":85,"spa":85,"spd":85,"spe":85},"ivs":{"hp":31,"atk":31,"def":31,"spa":31,"spd":31,"spe":31},"item":"Life Orb","level":79,"shiny":false}],"p2team":[{"name":"Illumise","moves":["encore","thunderwave","bugbuzz","tailwind"],"ability":"Prankster","evs":{"hp":81,"atk":85,"def":85,"spa":89,"spd":85,"spe":85},"ivs":{"hp":31,"atk":31,"def":31,"spa":31,"spd":31,"spe":31},"item":"Focus Sash","level":83,"shiny":false},{"name":"Mew","moves":["stealthrock","willowisp","aurasphere","psyshock"],"ability":"Synchronize","evs":{"hp":85,"atk":85,"def":85,"spa":85,"spd":85,"spe":85},"ivs":{"hp":31,"atk":31,"def":31,"spa":31,"spd":31,"spe":31},"item":"Leftovers","level":75,"shiny":false},{"name":"Salamence","moves":["fireblast","roost","doubleedge","dracometeor"],"ability":"Moxie","evs":{"hp":85,"atk":85,"def":85,"spa":85,"spd":85,"spe":85},"ivs":{"hp":31,"atk":31,"def":31,"spa":31,"spd":31,"spe":31},"item":"Salamencite","level":73,"shiny":false},{"name":"Cacturne","moves":["swordsdance","suckerpunch","drainpunch","seedbomb"],"ability":"Water Absorb","evs":{"hp":85,"atk":85,"def":85,"spa":85,"spd":85,"spe":85},"ivs":{"hp":31,"atk":31,"def":31,"spa":31,"spd":31,"spe":31},"item":"Life Orb","level":81,"shiny":false},{"name":"Roserade","moves":["sleeppowder","gigadrain","sludgebomb","hiddenpowerfire"],"ability":"Technician","evs":{"hp":85,"atk":85,"def":85,"spa":85,"spd":85,"spe":85},"ivs":{"hp":31,"atk":30,"def":31,"spa":30,"spd":31,"spe":30},"item":"Life Orb","level":77,"shiny":false},{"name":"Aromatisse","moves":["protect","reflect","aromatherapy","moonblast"],"ability":"Aroma Veil","evs":{"hp":85,"atk":85,"def":85,"spa":85,"spd":85,"spe":85},"ivs":{"hp":31,"atk":31,"def":31,"spa":31,"spd":31,"spe":31},"item":"Leftovers","level":79,"shiny":false}],"log":["|player|p1|jg1234|2","|player|p2|gx12|170","|gametype|singles","|gen|6","|tier|Random Battle","|rated","|rule|Sleep Clause Mod: Limit one foe put to sleep","|rule|HP Percentage Mod: HP is shown in percentages","|","|start","|switch|p1a: Delibird|Delibird, L83, M|210/210","|switch|p2a: Illumise|Illumise, L83, F|243/243","|turn|1","|","|move|p2a: Illumise|Thunder Wave|p1a: Delibird","|-status|p1a: Delibird|par","|move|p1a: Delibird|Ice Punch|p2a: Illumise","|-damage|p2a: Illumise|86/243","|-damage|p1a: Delibird|189/210 par|[from] item: Life Orb","|","|turn|2","|","|move|p2a: Illumise|Tailwind|p2a: Illumise","|-sidestart|p2: gx12|move: Tailwind","|cant|p1a: Delibird|par","|","|turn|3","|","|move|p2a: Illumise|Bug Buzz|p1a: Delibird","|-resisted|p1a: Delibird","|-damage|p1a: Delibird|132/210 par","|move|p1a: Delibird|Ice Punch|p2a: Illumise","|-damage|p2a: Illumise|0 fnt","|-damage|p1a: Delibird|111/210 par|[from] item: Life Orb","|faint|p2a: Illumise","|","|","|switch|p2a: Aromatisse|Aromatisse, L79, F|289/289","|turn|4","|","|move|p2a: Aromatisse|Reflect|p2a: Aromatisse","|-sidestart|p2: gx12|Reflect","|cant|p1a: Delibird|par","|","|turn|5","|","|move|p2a: Aromatisse|Moonblast|p1a: Delibird","|-damage|p1a: Delibird|0 fnt","|faint|p1a: Delibird","|","|-sideend|p2: gx12|move: Tailwind","|","|switch|p1a: Weezing|Weezing, L81, M|238/238","|turn|6","|","|move|p1a: Weezing|Toxic Spikes|p2a: Aromatisse","|-sidestart|p2: gx12|move: Toxic Spikes","|move|p2a: Aromatisse|Moonblast|p1a: Weezing","|-resisted|p1a: Weezing","|-damage|p1a: Weezing|183/238","|-unboost|p1a: Weezing|spa|1","|","|-heal|p1a: Weezing|197/238|[from] item: Black Sludge","|turn|7","|","|move|p1a: Weezing|Protect|p1a: Weezing","|-singleturn|p1a: Weezing|Protect","|move|p2a: Aromatisse|Aromatherapy|p2a: Aromatisse","|-cureteam|p2a: Aromatisse|[from] move: Aromatherapy","|","|-heal|p1a: Weezing|211/238|[from] item: Black Sludge","|turn|8","|","|move|p1a: Weezing|Sludge Bomb|p2a: Aromatisse","|-supereffective|p2a: Aromatisse","|-damage|p2a: Aromatisse|167/289","|move|p2a: Aromatisse|Moonblast|p1a: Weezing","|-resisted|p1a: Weezing","|-damage|p1a: Weezing|157/238","|-unboost|p1a: Weezing|spa|1","|","|-heal|p1a: Weezing|171/238|[from] item: Black Sludge","|-heal|p2a: Aromatisse|185/289|[from] item: Leftovers","|-sideend|p2: gx12|Reflect","|turn|9","|","|move|p1a: Weezing|Sludge Bomb|p2a: Aromatisse","|-supereffective|p2a: Aromatisse","|-damage|p2a: Aromatisse|89/289","|move|p2a: Aromatisse|Moonblast|p1a: Weezing","|-resisted|p1a: Weezing","|-damage|p1a: Weezing|117/238","|","|-heal|p1a: Weezing|131/238|[from] item: Black Sludge","|-heal|p2a: Aromatisse|107/289|[from] item: Leftovers","|turn|10","|","|move|p1a: Weezing|Sludge Bomb|p2a: Aromatisse","|-supereffective|p2a: Aromatisse","|-damage|p2a: Aromatisse|17/289","|move|p2a: Aromatisse|Aromatherapy|p2a: Aromatisse","|-cureteam|p2a: Aromatisse|[from] move: Aromatherapy","|","|-heal|p1a: Weezing|145/238|[from] item: Black Sludge","|-heal|p2a: Aromatisse|35/289|[from] item: Leftovers","|turn|11","|","|move|p1a: Weezing|Sludge Bomb|p2a: Aromatisse","|-supereffective|p2a: Aromatisse","|-damage|p2a: Aromatisse|0 fnt","|faint|p2a: Aromatisse","|","|-heal|p1a: Weezing|159/238|[from] item: Black Sludge","|","|switch|p2a: Mew|Mew, L75|274/274","|-status|p2a: Mew|psn","|turn|12","|","|move|p2a: Mew|Psyshock|p1a: Weezing","|-supereffective|p1a: Weezing","|-damage|p1a: Weezing|33/238","|move|p1a: Weezing|Will-O-Wisp|p2a: Mew","|-fail|p2a: Mew","|","|-heal|p1a: Weezing|47/238|[from] item: Black Sludge","|-damage|p2a: Mew|240/274 psn|[from] psn","|turn|13","|","|move|p1a: Weezing|Protect|p1a: Weezing","|-singleturn|p1a: Weezing|Protect","|move|p2a: Mew|Psyshock|p1a: Weezing","|-activate|p1a: Weezing|Protect","|","|-heal|p2a: Mew|257/274 psn|[from] item: Leftovers","|-heal|p1a: Weezing|61/238|[from] item: Black Sludge","|-damage|p2a: Mew|223/274 psn|[from] psn","|turn|14","|","|move|p2a: Mew|Psyshock|p1a: Weezing","|-supereffective|p1a: Weezing","|-damage|p1a: Weezing|0 fnt","|faint|p1a: Weezing","|","|-heal|p2a: Mew|240/274 psn|[from] item: Leftovers","|-damage|p2a: Mew|206/274 psn|[from] psn","|","|switch|p1a: Drapion|Drapion, L79, M|240/240","|turn|15","|","|move|p1a: Drapion|Knock Off|p2a: Mew","|-supereffective|p2a: Mew","|-damage|p2a: Mew|0 fnt","|-enditem|p2a: Mew|Leftovers|[from] move: Knock Off|[of] p1a: Drapion","|-damage|p1a: Drapion|216/240|[from] item: Life Orb","|faint|p2a: Mew","|","|","|switch|p2a: Salamence|Salamence, L73, M|259/259","|turn|16","|","|move|p2a: Salamence|Fire Blast|p1a: Drapion","|-damage|p1a: Drapion|140/240","|move|p1a: Drapion|Whirlwind|p2a: Salamence","|drag|p2a: Roserade|Roserade, L77, F|219/219","|-sideend|p2: gx12|move: Toxic Spikes|[of] p2a: Roserade","|","|turn|17","|","|move|p1a: Drapion|Poison Jab|p2a: Roserade","|-damage|p2a: Roserade|89/219","|-damage|p1a: Drapion|116/240|[from] item: Life Orb","|move|p2a: Roserade|Sleep Powder|p1a: Drapion|[miss]","|-miss|p2a: Roserade|p1a: Drapion","|","|turn|18","|","|move|p1a: Drapion|Poison Jab|p2a: Roserade","|-damage|p2a: Roserade|0 fnt","|-damage|p1a: Drapion|92/240|[from] item: Life Orb","|faint|p2a: Roserade","|","|","|switch|p2a: Salamence|Salamence, L73, M|259/259","|turn|19","|","|detailschange|p2a: Salamence|Salamence-Mega, L73, M","|-mega|p2a: Salamence|Salamence|Salamencite","|move|p1a: Drapion|Knock Off|p2a: Salamence","|-damage|p2a: Salamence|197/259","|-damage|p1a: Drapion|68/240|[from] item: Life Orb","|move|p2a: Salamence|Fire Blast|p1a: Drapion","|-damage|p1a: Drapion|0 fnt","|faint|p1a: Drapion","|","|","|switch|p1a: Aurorus|Aurorus, L81, M|331/331","|-weather|Hail","|turn|20","|","|move|p2a: Salamence|Draco Meteor|p1a: Aurorus","|-damage|p1a: Aurorus|196/331","|-unboost|p2a: Salamence|spa|2","|move|p1a: Aurorus|Thunder Wave|p2a: Salamence","|-status|p2a: Salamence|par","|","|-weather|Hail|[upkeep]","|-damage|p2a: Salamence|181/259 par|[from] hail","|-heal|p1a: Aurorus|216/331|[from] item: Leftovers","|turn|21","|","|move|p1a: Aurorus|Blizzard|p2a: Salamence","|-supereffective|p2a: Salamence","|-damage|p2a: Salamence|0 fnt","|faint|p2a: Salamence","|","|-weather|Hail|[upkeep]","|-heal|p1a: Aurorus|236/331|[from] item: Leftovers","|","|switch|p2a: Cacturne|Cacturne, L81, M|246/246","|turn|22","|","|move|p1a: Aurorus|Blizzard|p2a: Cacturne","|-supereffective|p2a: Cacturne","|-damage|p2a: Cacturne|0 fnt","|faint|p2a: Cacturne","|","|win|jg1234"],"p1rating":{"entryid":464916,"formatid":"randombattle","userid":"jg1234","username":"jg1234","r":1500,"rd":130,"sigma":0,"rpr":1540.1606143388,"rprd":122.8583080769,"rpsigma":0,"rptime":1440493200,"w":1,"l":0,"t":0,"gxe":55,"acre":1040,"lacre":1040,"oldacre":1000},"p2rating":{"entryid":464917,"formatid":"randombattle","userid":"gx12","username":"gx12","r":1500,"rd":130,"sigma":0,"rpr":1459.8393856612,"rprd":122.8583080769,"rpsigma":0,"rptime":1440493200,"w":0,"l":1,"t":0,"gxe":45,"acre":1000,"lacre":1000,"oldacre":1000},"endType":"normal"}