{"seed":[43728,32689,43185,9643],"turns":17,"p1":"ERMERA","p2":"estebandido888","p1team":[{"name":"Dragonite","moves":["extremespeed","roost","firepunch","outrage"],"ability":"Multiscale","evs":{"hp":81,"atk":89,"def":85,"spa":85,"spd":85,"spe":85},"ivs":{"hp":31,"atk":31,"def":31,"spa":31,"spd":31,"spe":31},"item":"Lum Berry","level":75,"shiny":false},{"name":"Regigigas","moves":["earthquake","return","substitute","confuseray"],"ability":"Slow Start","evs":{"hp":85,"atk":85,"def":85,"spa":85,"spd":85,"spe":85},"ivs":{"hp":31,"atk":31,"def":31,"spa":31,"spd":31,"spe":31},"item":"Leftovers","level":83,"shiny":false},{"name":"Magcargo","moves":["hiddenpowergrass","earthpower","ancientpower","fireblast"],"ability":"Flame Body","evs":{"hp":85,"atk":85,"def":85,"spa":85,"spd":85,"spe":85},"ivs":{"hp":31,"atk":30,"def":31,"spa":30,"spd":31,"spe":31},"item":"Choice Specs","level":83,"shiny":false},{"name":"Torterra","moves":["stealthrock","woodhammer","earthquake","stoneedge"],"ability":"Overgrow","evs":{"hp":85,"atk":85,"def":85,"spa":85,"spd":85,"spe":85},"ivs":{"hp":31,"atk":31,"def":31,"spa":31,"spd":31,"spe":31},"item":"Leftovers","level":81,"shiny":false},{"name":"Clefable","moves":["moonblast","fireblast","calmmind","softboiled"],"ability":"Magic Guard","evs":{"hp":85,"atk":85,"def":85,"spa":85,"spd":85,"spe":85},"ivs":{"hp":31,"atk":31,"def":31,"spa":31,"spd":31,"spe":31},"item":"Life Orb","level":75,"shiny":false},{"name":"Virizion","moves":["gigadrain","calmmind","focusblast","substitute"],"ability":"Justified","evs":{"hp":85,"atk":85,"def":85,"spa":85,"spd":85,"spe":85},"ivs":{"hp":31,"atk":31,"def":31,"spa":31,"spd":31,"spe":31},"item":"Leftovers","level":79,"shiny":false}],"p2team":[{"name":"Crobat","moves":["toxic","defog","roost","bravebird"],"ability":"Infiltrator","evs":{"hp":85,"atk":85,"def":85,"spa":85,"spd":85,"spe":85},"ivs":{"hp":31,"atk":31,"def":31,"spa":31,"spd":31,"spe":31},"item":"Black Sludge","level":77,"shiny":false},{"name":"Golem","moves":["rockblast","earthquake","suckerpunch","stealthrock"],"ability":"Sturdy","evs":{"hp":85,"atk":85,"def":85,"spa":85,"spd":85,"spe":85},"ivs":{"hp":31,"atk":31,"def":31,"spa":31,"spd":31,"spe":31},"item":"Air Balloon","level":83,"shiny":false},{"name":"Malamar","moves":["superpower","knockoff","substitute","rockslide"],"ability":"Contrary","evs":{"hp":85,"atk":85,"def":85,"spa":85,"spd":85,"spe":85},"ivs":{"hp":31,"atk":31,"def":31,"spa":31,"spd":31,"spe":31},"item":"Leftovers","level":81,"shiny":false},{"name":"Hoopa","moves":["focusblast","psyshock","nastyplot","shadowball"],"ability":"Magician","evs":{"hp":85,"atk":85,"def":85,"spa":85,"spd":85,"spe":85},"ivs":{"hp":31,"atk":31,"def":31,"spa":31,"spd":31,"spe":31},"item":"Life Orb","level":75,"shiny":false},{"name":"Xatu","moves":["lightscreen","thunderwave","uturn","psychic"],"ability":"Magic Bounce","evs":{"hp":85,"atk":85,"def":85,"spa":85,"spd":85,"spe":85},"ivs":{"hp":31,"atk":31,"def":31,"spa":31,"spd":31,"spe":31},"item":"Light Clay","level":81,"shiny":false},{"name":"Moltres","moves":["hurricane","substitute","willowisp","hiddenpowergrass"],"ability":"Flame Body","evs":{"hp":81,"atk":85,"def":85,"spa":89,"spd":85,"spe":85},"ivs":{"hp":31,"atk":30,"def":31,"spa":30,"spd":31,"spe":31},"item":"Leftovers","level":78,"shiny":false}],"log":["|player|p1|ERMERA|47","|player|p2|estebandido888|101","|gametype|singles","|gen|6","|tier|Random Battle","|rated","|rule|Sleep Clause Mod: Limit one foe put to sleep","|rule|HP Percentage Mod: HP is shown in percentages","|","|start","|switch|p1a: Dragonite|Dragonite, L75, F|259/259","|switch|p2a: Crobat|Crobat, L77, M|257/257","|turn|1","|","|move|p2a: Crobat|Toxic|p1a: Dragonite","|-status|p1a: Dragonite|tox","|-enditem|p1a: Dragonite|Lum Berry|[eat]","|-curestatus|p1a: Dragonite|tox","|move|p1a: Dragonite|Outrage|p2a: Crobat","|-damage|p2a: Crobat|101/257","|","|-heal|p2a: Crobat|117/257|[from] item: Black Sludge","|turn|2","|","|move|p2a: Crobat|Brave Bird|p1a: Dragonite","|-damage|p1a: Dragonite|205/259","|-damage|p2a: Crobat|99/257|[from] recoil|[of] p1a: Dragonite","|move|p1a: Dragonite|Outrage|p2a: Crobat|[from]lockedmove","|-damage|p2a: Crobat|0 fnt","|-start|p1a: Dragonite|confusion|[fatigue]","|faint|p2a: Crobat","|","|","|switch|p2a: Malamar|Malamar, L81, M|272/272","|turn|3","|","|switch|p1a: Regigigas|Regigigas, L83|318/318","|-start|p1a: Regigigas|Slow Start","|move|p2a: Malamar|Rock Slide|p1a: Regigigas","|-damage|p1a: Regigigas|276/318","|","|-heal|p1a: Regigigas|295/318|[from] item: Leftovers","|turn|4","|","|move|p2a: Malamar|Superpower|p1a: Regigigas","|-supereffective|p1a: Regigigas","|-damage|p1a: Regigigas|169/318","|-boost|p2a: Malamar|atk|1","|-boost|p2a: Malamar|def|1","|move|p1a: Regigigas|Earthquake|p2a: Malamar","|-damage|p2a: Malamar|234/272","|","|-heal|p2a: Malamar|251/272|[from] item: Leftovers","|-heal|p1a: Regigigas|188/318|[from] item: Leftovers","|turn|5","|","|move|p2a: Malamar|Superpower|p1a: Regigigas","|-supereffective|p1a: Regigigas","|-damage|p1a: Regigigas|0 fnt","|-boost|p2a: Malamar|atk|1","|-boost|p2a: Malamar|def|1","|faint|p1a: Regigigas","|-end|p1a: Regigigas|Slow Start|[silent]","|","|-heal|p2a: Malamar|268/272|[from] item: Leftovers","|","|-end|p1: Regigigas|Slow Start|[silent]","|switch|p1a: Torterra|Torterra, L81, M|287/287","|turn|6","|","|switch|p2a: Moltres|Moltres, L78|268/268","|move|p1a: Torterra|Stealth Rock|p2a: Moltres","|-sidestart|p2: estebandido888|move: Stealth Rock","|","|turn|7","|","|switch|p1a: Magcargo|Magcargo, L83, M|219/219","|move|p2a: Moltres|Will-O-Wisp|p1a: Magcargo","|-immune|p1a: Magcargo|[msg]","|","|turn|8","|","|move|p2a: Moltres|Hurricane|p1a: Magcargo|[miss]","|-miss|p2a: Moltres|p1a: Magcargo","|move|p1a: Magcargo|Ancient Power|p2a: Moltres","|-supereffective|p2a: Moltres","|-damage|p2a: Moltres|0 fnt","|-boost|p1a: Magcargo|atk|1","|-boost|p1a: Magcargo|def|1","|-boost|p1a: Magcargo|spa|1","|-boost|p1a: Magcargo|spd|1","|-boost|p1a: Magcargo|spe|1","|faint|p2a: Moltres","|","|","|switch|p2a: Malamar|Malamar, L81, M|268/272","|-damage|p2a: Malamar|234/272|[from] Stealth Rock","|turn|9","|","|move|p2a: Malamar|Knock Off|p1a: Magcargo","|-damage|p1a: Magcargo|170/219","|-status|p2a: Malamar|brn","|-enditem|p1a: Magcargo|Choice Specs|[from] move: Knock Off|[of] p2a: Malamar","|move|p1a: Magcargo|Ancient Power|p2a: Malamar","|-damage|p2a: Malamar|135/272 brn","|","|-heal|p2a: Malamar|152/272 brn|[from] item: Leftovers","|-damage|p2a: Malamar|118/272 brn|[from] brn","|turn|10","|","|switch|p2a: Golem|Golem, L83, F|268/268","|-damage|p2a: Golem|252/268|[from] Stealth Rock","|-item|p2a: Golem|Air Balloon","|move|p1a: Magcargo|Earth Power|p2a: Golem","|-immune|p2a: Golem|[msg]","|","|turn|11","|","|move|p1a: Magcargo|Hidden Power|p2a: Golem","|-supereffective|p2a: Golem","|-damage|p2a: Golem|0 fnt","|-enditem|p2a: Golem|Air Balloon","|faint|p2a: Golem","|","|","|switch|p2a: Hoopa|Hoopa, L75|244/244","|-damage|p2a: Hoopa|214/244|[from] Stealth Rock","|turn|12","|","|move|p2a: Hoopa|Shadow Ball|p1a: Magcargo","|-damage|p1a: Magcargo|71/219","|-unboost|p1a: Magcargo|spd|1","|-damage|p2a: Hoopa|190/244|[from] item: Life Orb","|move|p1a: Magcargo|Ancient Power|p2a: Hoopa","|-damage|p2a: Hoopa|123/244","|","|turn|13","|","|move|p2a: Hoopa|Shadow Ball|p1a: Magcargo","|-crit|p1a: Magcargo","|-damage|p1a: Magcargo|0 fnt","|-damage|p2a: Hoopa|99/244|[from] item: Life Orb","|faint|p1a: Magcargo","|","|","|switch|p1a: Clefable|Clefable, L75, M|266/266","|turn|14","|","|move|p2a: Hoopa|Psyshock|p1a: Clefable","|-damage|p1a: Clefable|106/266","|-damage|p2a: Hoopa|75/244|[from] item: Life Orb","|move|p1a: Clefable|Moonblast|p2a: Hoopa","|-damage|p2a: Hoopa|0 fnt","|faint|p2a: Hoopa","|","|","|switch|p2a: Xatu|Xatu, L81, M|238/238","|-damage|p2a: Xatu|179/238|[from] Stealth Rock","|turn|15","|","|switch|p1a: Torterra|Torterra, L81, M|287/287","|move|p2a: Xatu|Psychic|p1a: Torterra","|-damage|p1a: Torterra|200/287","|","|-heal|p1a: Torterra|217/287|[from] item: Leftovers","|turn|16","|","|move|p2a: Xatu|Thunder Wave|p1a: Torterra","|-immune|p1a: Torterra|[msg]","|move|p1a: Torterra|Stone Edge|p2a: Xatu","|-crit|p2a: Xatu","|-supereffective|p2a: Xatu","|-damage|p2a: Xatu|0 fnt","|faint|p2a: Xatu","|","|-heal|p1a: Torterra|234/287|[from] item: Leftovers","|","|switch|p2a: Malamar|Malamar, L81, M|118/272 brn","|-damage|p2a: Malamar|84/272 brn|[from] Stealth Rock","|turn|17","|","|move|p2a: Malamar|Superpower|p1a: Torterra","|-damage|p1a: Torterra|201/287","|-boost|p2a: Malamar|atk|1","|-boost|p2a: Malamar|def|1","|move|p1a: Torterra|Earthquake|p2a: Malamar","|-damage|p2a: Malamar|12/272 brn","|","|-heal|p2a: Malamar|29/272 brn|[from] item: Leftovers","|-heal|p1a: Torterra|218/287|[from] item: Leftovers","|-damage|p2a: Malamar|0 fnt|[from] brn","|faint|p2a: Malamar","|","|win|ERMERA"],"p1rating":{"entryid":"426060","serverid":"eos","formatid":"randombattle","userid":"ermera","username":"ERMERA","w":4,"l":"3","t":"0","gxe":53.9,"r":"1540.1606143388","rd":"122.8583080769","sigma":"0","rptime":"1440493200","rpr":1530.9049595887,"rprd":95.766276743862,"rpsigma":"0","acre":1086.1997846373,"lacre":1086.1997846373,"oldacre":"1051.3579535393"},"p2rating":{"entryid":"141534","serverid":"eos","formatid":"randombattle","userid":"estebandido888","username":"estebandido888","w":"12","l":10,"t":"0","gxe":53.8,"r":"1573.8171733092","rd":"73.085809768613","sigma":"0","rptime":"1440493200","rpr":1529.2137800558,"rprd":69.34240658655,"rpsigma":"0","acre":1055.2593428405,"lacre":1055.2593428405,"oldacre":"1078.7989828117"},"endType":"normal"}