{"seed":[23056,44408,7060,44914],"turns":22,"p1":"estebandido888","p2":"GrassyLeafeon","p1team":[{"name":"Kabutops","moves":["waterfall","stoneedge","knockoff","swordsdance"],"ability":"Swift Swim","evs":{"hp":85,"atk":85,"def":85,"spa":85,"spd":85,"spe":85},"ivs":{"hp":31,"atk":31,"def":31,"spa":31,"spd":31,"spe":31},"item":"Life Orb","level":81,"shiny":false},{"name":"Swampert","moves":["raindance","icepunch","waterfall","superpower"],"ability":"Torrent","evs":{"hp":85,"atk":85,"def":85,"spa":85,"spd":85,"spe":85},"ivs":{"hp":31,"atk":31,"def":31,"spa":31,"spd":31,"spe":31},"item":"Swampertite","level":77,"shiny":false},{"name":"Swoobat","moves":["storedpower","heatwave","substitute","calmmind"],"ability":"Simple","evs":{"hp":85,"atk":85,"def":85,"spa":85,"spd":85,"spe":85},"ivs":{"hp":31,"atk":31,"def":31,"spa":31,"spd":31,"spe":31},"item":"Leftovers","level":83,"shiny":false},{"name":"Raticate","moves":["flamewheel","swordsdance","facade","suckerpunch"],"ability":"Guts","evs":{"hp":85,"atk":85,"def":85,"spa":85,"spd":85,"spe":85},"ivs":{"hp":31,"atk":31,"def":31,"spa":31,"spd":31,"spe":31},"item":"Toxic Orb","level":83,"shiny":false},{"name":"Aerodactyl","moves":["earthquake","roost","stealthrock","stoneedge"],"ability":"Unnerve","evs":{"hp":81,"atk":89,"def":85,"spa":85,"spd":85,"spe":85},"ivs":{"hp":31,"atk":31,"def":31,"spa":31,"spd":31,"spe":31},"item":"Leftovers","level":79,"shiny":false},{"name":"Shiftry","moves":["leafstorm","leafblade","defog","lowkick"],"ability":"Early Bird","evs":{"hp":85,"atk":85,"def":85,"spa":85,"spd":85,"spe":85},"ivs":{"hp":31,"atk":31,"def":31,"spa":31,"spd":31,"spe":31},"item":"Life Orb","level":81,"shiny":false}],"p2team":[{"name":"Porygon-Z","moves":["thunderbolt","darkpulse","icebeam","triattack"],"ability":"Download","evs":{"hp":85,"atk":85,"def":85,"spa":85,"spd":85,"spe":85},"ivs":{"hp":31,"atk":31,"def":31,"spa":31,"spd":31,"spe":31},"item":"Choice Scarf","level":77,"shiny":false},{"name":"Masquerain","moves":["airslash","quiverdance","stickyweb","bugbuzz"],"ability":"Intimidate","evs":{"hp":81,"atk":85,"def":85,"spa":89,"spd":85,"spe":85},"ivs":{"hp":31,"atk":31,"def":31,"spa":31,"spd":31,"spe":31},"item":"Leftovers","level":83,"shiny":false},{"name":"Altaria","moves":["return","earthquake","fireblast","dracometeor"],"ability":"Natural Cure","evs":{"hp":85,"atk":85,"def":85,"spa":85,"spd":85,"spe":85},"ivs":{"hp":31,"atk":31,"def":31,"spa":31,"spd":31,"spe":31},"item":"Altarianite","level":75,"shiny":false},{"name":"Heracross","moves":["swordsdance","closecombat","earthquake","megahorn"],"ability":"Guts","evs":{"hp":85,"atk":85,"def":85,"spa":85,"spd":85,"spe":85},"ivs":{"hp":31,"atk":31,"def":31,"spa":31,"spd":31,"spe":31},"item":"Toxic Orb","level":77,"shiny":false},{"name":"Flareon","moves":["facade","toxic","flareblitz","wish"],"ability":"Guts","evs":{"hp":81,"atk":89,"def":85,"spa":85,"spd":85,"spe":85},"ivs":{"hp":31,"atk":31,"def":31,"spa":31,"spd":31,"spe":31},"item":"Toxic Orb","level":83,"shiny":false},{"name":"Mew","moves":["stealthrock","roost","defog","psyshock"],"ability":"Synchronize","evs":{"hp":85,"atk":85,"def":85,"spa":85,"spd":85,"spe":85},"ivs":{"hp":31,"atk":31,"def":31,"spa":31,"spd":31,"spe":31},"item":"Leftovers","level":75,"shiny":false}],"log":["|player|p1|estebandido888|101","|player|p2|GrassyLeafeon|grassyleafeon.gif","|gametype|singles","|gen|6","|tier|Random Battle","|rated","|rule|Sleep Clause Mod: Limit one foe put to sleep","|rule|HP Percentage Mod: HP is shown in percentages","|","|start","|switch|p1a: Kabutops|Kabutops, L81, M|230/230","|switch|p2a: Porygon-Z|Porygon-Z, L77|257/257","|-boost|p2a: Porygon-Z|spa|1|[from] ability: Download","|turn|1","|","|move|p2a: Porygon-Z|Thunderbolt|p1a: Kabutops","|-supereffective|p1a: Kabutops","|-damage|p1a: Kabutops|0 fnt","|faint|p1a: Kabutops","|","|","|switch|p1a: Swampert|Swampert, L77, F|281/281","|turn|2","|","|switch|p2a: Heracross|Heracross, L77, M|250/250","|move|p1a: Swampert|Superpower|p2a: Heracross","|-resisted|p2a: Heracross","|-damage|p2a: Heracross|201/250","|-unboost|p1a: Swampert|atk|1","|-unboost|p1a: Swampert|def|1","|","|-status|p2a: Heracross|tox|[from] item: Toxic Orb","|turn|3","|","|move|p2a: Heracross|Earthquake|p1a: Swampert","|-damage|p1a: Swampert|101/281","|move|p1a: Swampert|Ice Punch|p2a: Heracross","|-damage|p2a: Heracross|161/250 tox","|","|-damage|p2a: Heracross|146/250 tox|[from] psn","|turn|4","|","|switch|p1a: Shiftry|Shiftry, L81, F|278/278","|move|p2a: Heracross|Earthquake|p1a: Shiftry","|-resisted|p1a: Shiftry","|-damage|p1a: Shiftry|211/278","|","|-damage|p2a: Heracross|116/250 tox|[from] psn","|turn|5","|","|move|p1a: Shiftry|Leaf Blade|p2a: Heracross","|-resisted|p2a: Heracross","|-damage|p2a: Heracross|50/250 tox","|-damage|p1a: Shiftry|184/278|[from] item: Life Orb","|move|p2a: Heracross|Megahorn|p1a: Shiftry|[miss]","|-miss|p2a: Heracross|p1a: Shiftry","|","|-damage|p2a: Heracross|5/250 tox|[from] psn","|turn|6","|","|move|p1a: Shiftry|Leaf Blade|p2a: Heracross","|-resisted|p2a: Heracross","|-damage|p2a: Heracross|0 fnt","|-damage|p1a: Shiftry|157/278|[from] item: Life Orb","|faint|p2a: Heracross","|","|","|switch|p2a: Flareon|Flareon, L83, M|243/243","|turn|7","|","|switch|p1a: Swampert|Swampert, L77, F|101/281","|move|p2a: Flareon|Flare Blitz|p1a: Swampert","|-resisted|p1a: Swampert","|-damage|p1a: Swampert|20/281","|-damage|p2a: Flareon|216/243|[from] recoil|[of] p1a: Swampert","|","|-status|p2a: Flareon|tox|[from] item: Toxic Orb","|turn|8","|","|move|p2a: Flareon|Facade|p1a: Swampert","|-damage|p1a: Swampert|0 fnt","|faint|p1a: Swampert","|","|-damage|p2a: Flareon|201/243 tox|[from] psn","|","|switch|p1a: Aerodactyl|Aerodactyl, L79, M|255/255","|-ability|p1a: Aerodactyl|Unnerve|p2: GrassyLeafeon","|turn|9","|","|move|p1a: Aerodactyl|Earthquake|p2a: Flareon","|-supereffective|p2a: Flareon","|-damage|p2a: Flareon|25/243 tox","|move|p2a: Flareon|Toxic|p1a: Aerodactyl","|-status|p1a: Aerodactyl|tox","|","|-damage|p1a: Aerodactyl|240/255 tox|[from] psn","|-damage|p2a: Flareon|0 fnt|[from] psn","|faint|p2a: Flareon","|","|switch|p2a: Porygon-Z|Porygon-Z, L77|257/257","|-boost|p2a: Porygon-Z|atk|1|[from] ability: Download","|turn|10","|","|move|p2a: Porygon-Z|Ice Beam|p1a: Aerodactyl","|-supereffective|p1a: Aerodactyl","|-damage|p1a: Aerodactyl|78/255 tox","|move|p1a: Aerodactyl|Earthquake|p2a: Porygon-Z","|-crit|p2a: Porygon-Z","|-damage|p2a: Porygon-Z|119/257","|","|-heal|p1a: Aerodactyl|93/255 tox|[from] item: Leftovers","|-damage|p1a: Aerodactyl|63/255 tox|[from] psn","|turn|11","|","|move|p2a: Porygon-Z|Ice Beam|p1a: Aerodactyl","|-crit|p1a: Aerodactyl","|-supereffective|p1a: Aerodactyl","|-damage|p1a: Aerodactyl|0 fnt","|faint|p1a: Aerodactyl","|","|","|switch|p1a: Swoobat|Swoobat, L83, M|247/247","|turn|12","|","|move|p2a: Porygon-Z|Ice Beam|p1a: Swoobat","|-supereffective|p1a: Swoobat","|-damage|p1a: Swoobat|55/247","|move|p1a: Swoobat|Heat Wave|p2a: Porygon-Z","|-damage|p2a: Porygon-Z|54/257","|","|-heal|p1a: Swoobat|70/247|[from] item: Leftovers","|turn|13","|","|move|p2a: Porygon-Z|Ice Beam|p1a: Swoobat","|-crit|p1a: Swoobat","|-supereffective|p1a: Swoobat","|-damage|p1a: Swoobat|0 fnt","|faint|p1a: Swoobat","|","|","|switch|p1a: Raticate|Raticate, L83, M|227/227","|turn|14","|","|move|p1a: Raticate|Sucker Punch|p2a: Porygon-Z","|-damage|p2a: Porygon-Z|0 fnt","|faint|p2a: Porygon-Z","|","|-status|p1a: Raticate|tox|[from] item: Toxic Orb","|","|switch|p2a: Altaria|Altaria, L75, M|236/236","|turn|15","|","|detailschange|p2a: Altaria|Altaria-Mega, L75, M","|-mega|p2a: Altaria|Altaria|Altarianite","|move|p1a: Raticate|Flame Wheel|p2a: Altaria","|-resisted|p2a: Altaria","|-damage|p2a: Altaria|211/236","|move|p2a: Altaria|Return|p1a: Raticate","|-damage|p1a: Raticate|50/227 tox","|","|-damage|p1a: Raticate|36/227 tox|[from] psn","|turn|16","|","|move|p1a: Raticate|Facade|p2a: Altaria","|-damage|p2a: Altaria|42/236","|move|p2a: Altaria|Return|p1a: Raticate","|-damage|p1a: Raticate|0 fnt","|faint|p1a: Raticate","|","|","|switch|p1a: Shiftry|Shiftry, L81, F|157/278","|turn|17","|","|move|p1a: Shiftry|Leaf Blade|p2a: Altaria","|-resisted|p2a: Altaria","|-damage|p2a: Altaria|0 fnt","|-damage|p1a: Shiftry|130/278|[from] item: Life Orb","|faint|p2a: Altaria","|","|","|switch|p2a: Mew|Mew, L75|274/274","|turn|18","|","|move|p2a: Mew|Stealth Rock|p1a: Shiftry","|-sidestart|p1: estebandido888|move: Stealth Rock","|move|p1a: Shiftry|Leaf Blade|p2a: Mew","|-damage|p2a: Mew|161/274","|-damage|p1a: Shiftry|103/278|[from] item: Life Orb","|","|-heal|p2a: Mew|178/274|[from] item: Leftovers","|turn|19","|","|move|p2a: Mew|Stealth Rock|p1a: Shiftry","|-fail|p1a: Shiftry","|move|p1a: Shiftry|Low Kick|p2a: Mew","|-resisted|p2a: Mew","|-damage|p2a: Mew|169/274","|-damage|p1a: Shiftry|76/278|[from] item: Life Orb","|","|-heal|p2a: Mew|186/274|[from] item: Leftovers","|turn|20","|","|move|p2a: Mew|Roost|p2a: Mew","|-heal|p2a: Mew|274/274","|move|p1a: Shiftry|Leaf Storm|p2a: Mew","|-damage|p2a: Mew|109/274","|-unboost|p1a: Shiftry|spa|2","|-damage|p1a: Shiftry|49/278|[from] item: Life Orb","|","|-heal|p2a: Mew|126/274|[from] item: Leftovers","|turn|21","|","|move|p2a: Mew|Roost|p2a: Mew","|-heal|p2a: Mew|263/274","|move|p1a: Shiftry|Leaf Blade|p2a: Mew","|-damage|p2a: Mew|146/274","|-damage|p1a: Shiftry|22/278|[from] item: Life Orb","|","|-heal|p2a: Mew|163/274|[from] item: Leftovers","|turn|22","|","|move|p2a: Mew|Roost|p2a: Mew","|-heal|p2a: Mew|274/274","|move|p1a: Shiftry|Leaf Storm|p2a: Mew","|-damage|p2a: Mew|188/274","|-unboost|p1a: Shiftry|spa|2","|-damage|p1a: Shiftry|0 fnt|[from] item: Life Orb","|faint|p1a: Shiftry","|","|win|GrassyLeafeon"],"p1rating":{"entryid":"141534","serverid":"eos","formatid":"randombattle","userid":"estebandido888","username":"estebandido888","w":"12","l":9,"t":"0","gxe":55.5,"r":"1573.8171733092","rd":"73.085809768613","sigma":"0","rptime":"1440493200","rpr":1542.1835305771,"rprd":70.562998558851,"rpsigma":"0","acre":1078.7989828117,"lacre":1078.7989828117,"oldacre":"1111.5615092997"},"p2rating":{"entryid":460654,"formatid":"randombattle","userid":"grassyleafeon","username":"GrassyLeafeon","r":1500,"rd":130,"sigma":0,"rpr":1550.6096825787,"rprd":122.43882694362,"rpsigma":0,"rptime":1440493200,"w":1,"l":0,"t":0,"gxe":56.3,"acre":1052.4200423808,"lacre":1052.4200423808,"oldacre":1000},"endType":"normal"}