{"seed":[48758,3087,61386,58598],"turns":32,"p1":"ERMERA","p2":"Izquierdo_gar","p1team":[{"name":"Gallade","moves":["substitute","swordsdance","knockoff","drainpunch"],"ability":"Justified","evs":{"hp":85,"atk":85,"def":85,"spa":85,"spd":85,"spe":85},"ivs":{"hp":31,"atk":31,"def":31,"spa":31,"spd":31,"spe":31},"item":"Galladite","level":76,"shiny":false},{"name":"Linoone","moves":["shadowclaw","seedbomb","bellydrum","extremespeed"],"ability":"Quick Feet","evs":{"hp":81,"atk":89,"def":85,"spa":85,"spd":85,"spe":85},"ivs":{"hp":31,"atk":31,"def":31,"spa":31,"spd":31,"spe":31},"item":"Sitrus Berry","level":83,"shiny":false},{"name":"Whiscash","moves":["earthquake","waterfall","stoneedge","dragondance"],"ability":"Hydration","evs":{"hp":85,"atk":85,"def":85,"spa":85,"spd":85,"spe":85},"ivs":{"hp":31,"atk":31,"def":31,"spa":31,"spd":31,"spe":31},"item":"Life Orb","level":83,"shiny":false},{"name":"Dragonite","moves":["roost","firepunch","dragondance","outrage"],"ability":"Multiscale","evs":{"hp":81,"atk":89,"def":85,"spa":85,"spd":85,"spe":85},"ivs":{"hp":31,"atk":31,"def":31,"spa":31,"spd":31,"spe":31},"item":"Lum Berry","level":75,"shiny":false},{"name":"Ampharos","moves":["healbell","focusblast","lightscreen","thunderbolt"],"ability":"Static","evs":{"hp":85,"atk":85,"def":85,"spa":85,"spd":85,"spe":85},"ivs":{"hp":31,"atk":31,"def":31,"spa":31,"spd":31,"spe":31},"item":"Light Clay","level":81,"shiny":false},{"name":"Lucario","moves":["aurasphere","extremespeed","flashcannon","icepunch"],"ability":"Justified","evs":{"hp":85,"atk":85,"def":85,"spa":85,"spd":85,"spe":85},"ivs":{"hp":31,"atk":31,"def":31,"spa":31,"spd":31,"spe":31},"item":"Life Orb","level":77,"shiny":false}],"p2team":[{"name":"Infernape","moves":["grassknot","flareblitz","stealthrock","thunderpunch"],"ability":"Iron Fist","evs":{"hp":85,"atk":85,"def":85,"spa":85,"spd":85,"spe":85},"ivs":{"hp":31,"atk":31,"def":31,"spa":31,"spd":31,"spe":31},"item":"Life Orb","level":77,"shiny":false},{"name":"Latias","moves":["dracometeor","calmmind","psyshock","surf"],"ability":"Levitate","evs":{"hp":85,"atk":85,"def":85,"spa":85,"spd":85,"spe":85},"ivs":{"hp":31,"atk":31,"def":31,"spa":31,"spd":31,"spe":31},"item":"Latiasite","level":75,"shiny":false},{"name":"Carnivine","moves":["powerwhip","knockoff","return","swordsdance"],"ability":"Levitate","evs":{"hp":85,"atk":85,"def":85,"spa":85,"spd":85,"spe":85},"ivs":{"hp":31,"atk":31,"def":31,"spa":31,"spd":31,"spe":31},"item":"Life Orb","level":83,"shiny":false},{"name":"Tropius","moves":["toxic","substitute","leechseed","gigadrain"],"ability":"Harvest","evs":{"hp":81,"atk":85,"def":85,"spa":89,"spd":85,"spe":85},"ivs":{"hp":31,"atk":31,"def":31,"spa":31,"spd":31,"spe":31},"item":"Sitrus Berry","level":83,"shiny":false},{"name":"Heatmor","moves":["suckerpunch","focusblast","fireblast","gigadrain"],"ability":"Flash Fire","evs":{"hp":85,"atk":85,"def":85,"spa":85,"spd":85,"spe":85},"ivs":{"hp":31,"atk":31,"def":31,"spa":31,"spd":31,"spe":31},"item":"Life Orb","level":83,"shiny":false},{"name":"Gliscor","moves":["toxic","substitute","roost","earthquake"],"ability":"Poison Heal","evs":{"hp":85,"atk":85,"def":85,"spa":85,"spd":85,"spe":85},"ivs":{"hp":31,"atk":31,"def":31,"spa":31,"spd":31,"spe":31},"item":"Toxic Orb","level":75,"shiny":false}],"log":["|player|p1|ERMERA|265","|player|p2|Izquierdo_gar|101","|gametype|singles","|gen|6","|tier|Random Battle","|rated","|rule|Sleep Clause Mod: Limit one foe put to sleep","|rule|HP Percentage Mod: HP is shown in percentages","|","|start","|switch|p1a: Gallade|Gallade, L76, M|228/228","|switch|p2a: Infernape|Infernape, L77, F|244/244","|turn|1","|","|move|p2a: Infernape|Flare Blitz|p1a: Gallade","|-crit|p1a: Gallade","|-damage|p1a: Gallade|0 fnt","|-damage|p2a: Infernape|169/244|[from] recoil|[of] p1a: Gallade","|-damage|p2a: Infernape|145/244|[from] item: Life Orb","|faint|p1a: Gallade","|","|","|switch|p1a: Whiscash|Whiscash, L83, M|318/318","|turn|2","|","|move|p2a: Infernape|Thunder Punch|p1a: Whiscash","|-immune|p1a: Whiscash|[msg]","|move|p1a: Whiscash|Stone Edge|p2a: Infernape","|-crit|p2a: Infernape","|-damage|p2a: Infernape|3/244","|-damage|p1a: Whiscash|287/318|[from] item: Life Orb","|","|turn|3","|","|move|p2a: Infernape|Grass Knot|p1a: Whiscash","|-supereffective|p1a: Whiscash","|-damage|p1a: Whiscash|131/318","|-damage|p2a: Infernape|0 fnt|[from] item: Life Orb","|faint|p2a: Infernape","|move|p1a: Whiscash|Dragon Dance|p1a: Whiscash","|-boost|p1a: Whiscash|atk|1","|-boost|p1a: Whiscash|spe|1","|","|","|switch|p2a: Tropius|Tropius, L83, F|299/299","|turn|4","|","|move|p1a: Whiscash|Earthquake|p2a: Tropius","|-immune|p2a: Tropius|[msg]","|move|p2a: Tropius|Giga Drain|p1a: Whiscash","|-supereffective|p1a: Whiscash","|-damage|p1a: Whiscash|0 fnt","|faint|p1a: Whiscash","|","|","|switch|p1a: Ampharos|Ampharos, L81, M|278/278","|turn|5","|","|move|p1a: Ampharos|Light Screen|p1a: Ampharos","|-sidestart|p1: ERMERA|move: Light Screen","|move|p2a: Tropius|Leech Seed|p1a: Ampharos","|-start|p1a: Ampharos|move: Leech Seed","|","|-damage|p1a: Ampharos|244/278|[from] Leech Seed|[of] p2a: Tropius","|turn|6","|","|move|p1a: Ampharos|Focus Blast|p2a: Tropius|[miss]","|-miss|p1a: Ampharos|p2a: Tropius","|move|p2a: Tropius|Toxic|p1a: Ampharos","|-status|p1a: Ampharos|tox","|","|-damage|p1a: Ampharos|210/278 tox|[from] Leech Seed|[of] p2a: Tropius","|-damage|p1a: Ampharos|193/278 tox|[from] psn","|turn|7","|","|move|p1a: Ampharos|Heal Bell|p1a: Ampharos","|-cureteam|p1a: Ampharos|[from] move: HealBell","|move|p2a: Tropius|Giga Drain|p1a: Ampharos","|-damage|p1a: Ampharos|160/278","|","|-damage|p1a: Ampharos|126/278|[from] Leech Seed|[of] p2a: Tropius","|turn|8","|","|switch|p1a: Dragonite|Dragonite, L75, M|259/259","|move|p2a: Tropius|Toxic|p1a: Dragonite","|-status|p1a: Dragonite|tox","|-enditem|p1a: Dragonite|Lum Berry|[eat]","|-curestatus|p1a: Dragonite|tox","|","|turn|9","|","|move|p1a: Dragonite|Fire Punch|p2a: Tropius","|-supereffective|p2a: Tropius","|-damage|p2a: Tropius|177/299","|move|p2a: Tropius|Substitute|p2a: Tropius","|-start|p2a: Tropius|Substitute","|-damage|p2a: Tropius|103/299","|-enditem|p2a: Tropius|Sitrus Berry|[eat]","|-heal|p2a: Tropius|177/299|[from] item: Sitrus Berry","|","|turn|10","|","|move|p1a: Dragonite|Dragon Dance|p1a: Dragonite","|-boost|p1a: Dragonite|atk|1","|-boost|p1a: Dragonite|spe|1","|move|p2a: Tropius|Leech Seed|p1a: Dragonite","|-start|p1a: Dragonite|move: Leech Seed","|","|-damage|p1a: Dragonite|227/259|[from] Leech Seed|[of] p2a: Tropius","|-heal|p2a: Tropius|209/299|[silent]","|-item|p2a: Tropius|Sitrus Berry|[from] ability: Harvest","|turn|11","|","|move|p1a: Dragonite|Fire Punch|p2a: Tropius","|-supereffective|p2a: Tropius","|-end|p2a: Tropius|Substitute","|move|p2a: Tropius|Giga Drain|p1a: Dragonite","|-resisted|p1a: Dragonite","|-damage|p1a: Dragonite|219/259","|-heal|p2a: Tropius|213/299|[from] drain|[of] p1a: Dragonite","|","|-damage|p1a: Dragonite|187/259|[from] Leech Seed|[of] p2a: Tropius","|-heal|p2a: Tropius|245/299|[silent]","|turn|12","|","|move|p1a: Dragonite|Fire Punch|p2a: Tropius","|-supereffective|p2a: Tropius","|-damage|p2a: Tropius|75/299","|-enditem|p2a: Tropius|Sitrus Berry|[eat]","|-heal|p2a: Tropius|149/299|[from] item: Sitrus Berry","|move|p2a: Tropius|Toxic|p1a: Dragonite","|-status|p1a: Dragonite|tox","|","|-damage|p1a: Dragonite|155/259 tox|[from] Leech Seed|[of] p2a: Tropius","|-heal|p2a: Tropius|181/299|[silent]","|-damage|p1a: Dragonite|139/259 tox|[from] psn","|-sideend|p1: ERMERA|move: Light Screen","|turn|13","|","|move|p1a: Dragonite|Dragon Dance|p1a: Dragonite","|-boost|p1a: Dragonite|atk|1","|-boost|p1a: Dragonite|spe|1","|move|p2a: Tropius|Giga Drain|p1a: Dragonite","|-resisted|p1a: Dragonite","|-damage|p1a: Dragonite|123/259 tox","|-heal|p2a: Tropius|189/299|[from] drain|[of] p1a: Dragonite","|","|-damage|p1a: Dragonite|91/259 tox|[from] Leech Seed|[of] p2a: Tropius","|-heal|p2a: Tropius|221/299|[silent]","|-damage|p1a: Dragonite|59/259 tox|[from] psn","|-item|p2a: Tropius|Sitrus Berry|[from] ability: Harvest","|turn|14","|","|move|p1a: Dragonite|Roost|p1a: Dragonite","|-heal|p1a: Dragonite|189/259 tox","|move|p2a: Tropius|Substitute|p2a: Tropius","|-start|p2a: Tropius|Substitute","|-damage|p2a: Tropius|147/299","|-enditem|p2a: Tropius|Sitrus Berry|[eat]","|-heal|p2a: Tropius|221/299|[from] item: Sitrus Berry","|","|-damage|p1a: Dragonite|157/259 tox|[from] Leech Seed|[of] p2a: Tropius","|-heal|p2a: Tropius|253/299|[silent]","|-damage|p1a: Dragonite|109/259 tox|[from] psn","|turn|15","|","|move|p1a: Dragonite|Outrage|p2a: Tropius","|-end|p2a: Tropius|Substitute","|move|p2a: Tropius|Giga Drain|p1a: Dragonite","|-resisted|p1a: Dragonite","|-damage|p1a: Dragonite|94/259 tox","|-heal|p2a: Tropius|261/299|[from] drain|[of] p1a: Dragonite","|","|-damage|p1a: Dragonite|62/259 tox|[from] Leech Seed|[of] p2a: Tropius","|-heal|p2a: Tropius|293/299|[silent]","|-damage|p1a: Dragonite|0 fnt|[from] psn","|-item|p2a: Tropius|Sitrus Berry|[from] ability: Harvest","|faint|p1a: Dragonite","|","|switch|p1a: Linoone|Linoone, L83, F|264/264","|turn|16","|","|move|p1a: Linoone|Shadow Claw|p2a: Tropius","|-damage|p2a: Tropius|253/299","|move|p2a: Tropius|Leech Seed|p1a: Linoone","|-start|p1a: Linoone|move: Leech Seed","|","|-damage|p1a: Linoone|231/264|[from] Leech Seed|[of] p2a: Tropius","|-heal|p2a: Tropius|286/299|[silent]","|turn|17","|","|move|p1a: Linoone|Belly Drum|p1a: Linoone","|-damage|p1a: Linoone|99/264","|-setboost|p1a: Linoone|atk|6|[from] move: Belly Drum","|-enditem|p1a: Linoone|Sitrus Berry|[eat]","|-heal|p1a: Linoone|165/264|[from] item: Sitrus Berry","|move|p2a: Tropius|Toxic|p1a: Linoone","|-status|p1a: Linoone|tox","|","|-damage|p1a: Linoone|132/264 tox|[from] Leech Seed|[of] p2a: Tropius","|-heal|p2a: Tropius|299/299|[silent]","|-damage|p1a: Linoone|116/264 tox|[from] psn","|turn|18","|","|switch|p2a: Gliscor|Gliscor, L75, F|236/236","|move|p1a: Linoone|Shadow Claw|p2a: Gliscor","|-damage|p2a: Gliscor|114/236","|","|-damage|p1a: Linoone|83/264 tox|[from] Leech Seed|[of] p2a: Gliscor","|-heal|p2a: Gliscor|147/236|[silent]","|-damage|p1a: Linoone|51/264 tox|[from] psn","|-status|p2a: Gliscor|tox|[from] item: Toxic Orb","|turn|19","|","|move|p1a: Linoone|Extreme Speed|p2a: Gliscor","|-damage|p2a: Gliscor|0 fnt","|faint|p2a: Gliscor","|","|-damage|p1a: Linoone|3/264 tox|[from] psn","|","|switch|p2a: Heatmor|Heatmor, L83, M|277/277","|turn|20","|","|move|p1a: Linoone|Extreme Speed|p2a: Heatmor","|-damage|p2a: Heatmor|0 fnt","|faint|p2a: Heatmor","|","|-damage|p1a: Linoone|0 fnt|[from] psn","|faint|p1a: Linoone","|","|switch|p1a: Ampharos|Ampharos, L81, M|126/278","|switch|p2a: Tropius|Tropius, L83, F|299/299","|turn|21","|","|move|p1a: Ampharos|Light Screen|p1a: Ampharos","|-sidestart|p1: ERMERA|move: Light Screen","|move|p2a: Tropius|Leech Seed|p1a: Ampharos|[miss]","|-miss|p2a: Tropius|p1a: Ampharos","|","|turn|22","|","|move|p1a: Ampharos|Heal Bell|p1a: Ampharos","|-cureteam|p1a: Ampharos|[from] move: HealBell","|move|p2a: Tropius|Leech Seed|p1a: Ampharos","|-start|p1a: Ampharos|move: Leech Seed","|","|-damage|p1a: Ampharos|92/278|[from] Leech Seed|[of] p2a: Tropius","|turn|23","|","|switch|p1a: Lucario|Lucario, L77, F|234/234","|move|p2a: Tropius|Toxic|p1a: Lucario","|-immune|p1a: Lucario|[msg]","|","|turn|24","|","|move|p1a: Lucario|Ice Punch|p2a: Tropius","|-supereffective|p2a: Tropius","|-damage|p2a: Tropius|13/299","|-damage|p1a: Lucario|211/234|[from] item: Life Orb","|-enditem|p2a: Tropius|Sitrus Berry|[eat]","|-heal|p2a: Tropius|87/299|[from] item: Sitrus Berry","|move|p2a: Tropius|Giga Drain|p1a: Lucario","|-resisted|p1a: Lucario","|-damage|p1a: Lucario|191/234","|-heal|p2a: Tropius|97/299|[from] drain|[of] p1a: Lucario","|","|-item|p2a: Tropius|Sitrus Berry|[from] ability: Harvest","|-enditem|p2a: Tropius|Sitrus Berry|[eat]","|-heal|p2a: Tropius|171/299|[from] item: Sitrus Berry","|turn|25","|","|move|p1a: Lucario|Aura Sphere|p2a: Tropius","|-resisted|p2a: Tropius","|-damage|p2a: Tropius|118/299","|-damage|p1a: Lucario|168/234|[from] item: Life Orb","|move|p2a: Tropius|Leech Seed|p1a: Lucario|[miss]","|-miss|p2a: Tropius|p1a: Lucario","|","|turn|26","|","|move|p1a: Lucario|Ice Punch|p2a: Tropius","|-supereffective|p2a: Tropius","|-damage|p2a: Tropius|0 fnt","|-damage|p1a: Lucario|145/234|[from] item: Life Orb","|faint|p2a: Tropius","|","|","|switch|p2a: Latias|Latias, L75, F|244/244","|turn|27","|","|detailschange|p2a: Latias|Latias-Mega, L75, F","|-mega|p2a: Latias|Latias|Latiasite","|move|p2a: Latias|Draco Meteor|p1a: Lucario","|-resisted|p1a: Lucario","|-damage|p1a: Lucario|100/234","|-unboost|p2a: Latias|spa|2","|move|p1a: Lucario|Aura Sphere|p2a: Latias","|-resisted|p2a: Latias","|-damage|p2a: Latias|205/244","|-damage|p1a: Lucario|77/234|[from] item: Life Orb","|","|turn|28","|","|switch|p1a: Ampharos|Ampharos, L81, M|92/278","|move|p2a: Latias|Surf|p1a: Ampharos","|-damage|p1a: Ampharos|73/278","|","|-sideend|p1: ERMERA|move: Light Screen","|turn|29","|","|move|p2a: Latias|Psyshock|p1a: Ampharos","|-damage|p1a: Ampharos|21/278","|move|p1a: Ampharos|Thunderbolt|p2a: Latias","|-resisted|p2a: Latias","|-damage|p2a: Latias|171/244","|","|turn|30","|","|move|p2a: Latias|Psyshock|p1a: Ampharos","|-damage|p1a: Ampharos|0 fnt","|faint|p1a: Ampharos","|","|","|switch|p1a: Lucario|Lucario, L77, F|77/234","|turn|31","|","|move|p2a: Latias|Draco Meteor|p1a: Lucario|[miss]","|-miss|p2a: Latias|p1a: Lucario","|move|p1a: Lucario|Ice Punch|p2a: Latias","|-supereffective|p2a: Latias","|-damage|p2a: Latias|67/244","|-damage|p1a: Lucario|54/234|[from] item: Life Orb","|","|turn|32","|","|move|p1a: Lucario|Extreme Speed|p2a: Latias","|-damage|p2a: Latias|2/244","|-damage|p1a: Lucario|31/234|[from] item: Life Orb","|move|p2a: Latias|Draco Meteor|p1a: Lucario","|-resisted|p1a: Lucario","|-damage|p1a: Lucario|0 fnt","|-unboost|p2a: Latias|spa|2","|faint|p1a: Lucario","|","|win|Izquierdo_gar"],"p1rating":{"entryid":"426060","serverid":"eos","formatid":"randombattle","userid":"ermera","username":"ERMERA","w":"3","l":3,"t":"0","gxe":50,"r":"1540.1606143388","rd":"122.8583080769","sigma":"0","rptime":"1440493200","rpr":1499.8940962349,"rprd":99.382981439972,"rpsigma":"0","acre":1051.3579535393,"lacre":1051.3579535393,"oldacre":"1074.666154235"},"p2rating":{"entryid":"453523","serverid":"eos","formatid":"randombattle","userid":"izquierdogar","username":"Izquierdo_gar","w":2,"l":"0","t":"0","gxe":59.5,"r":"1500","rd":"130","sigma":"0","rptime":"1440493200","rpr":1576.7451873025,"rprd":116.75444686792,"rpsigma":"0","acre":1077.3812121203,"lacre":1077.3812121203,"oldacre":"1040"},"endType":"normal"}