{"seed":[33706,7414,22508,52351],"turns":18,"p1":"Izquierdo_gar","p2":"Ivan_sf14","p1team":[{"name":"Probopass","moves":["painsplit","thunderwave","powergem","stealthrock"],"ability":"Magnet Pull","evs":{"hp":85,"atk":85,"def":85,"spa":85,"spd":85,"spe":85},"ivs":{"hp":31,"atk":31,"def":31,"spa":31,"spd":31,"spe":31},"item":"Air Balloon","level":83,"shiny":false},{"name":"Shedinja","moves":["batonpass","shadowclaw","willowisp","swordsdance"],"ability":"Wonder Guard","evs":{"hp":0,"atk":255,"def":0,"spa":85,"spd":0,"spe":85},"ivs":{"hp":31,"atk":31,"def":31,"spa":31,"spd":31,"spe":31},"item":"Focus Sash","level":83,"shiny":false},{"name":"Lunatone","moves":["batonpass","ancientpower","rockpolish","earthpower"],"ability":"Levitate","evs":{"hp":85,"atk":85,"def":85,"spa":85,"spd":85,"spe":85},"ivs":{"hp":31,"atk":31,"def":31,"spa":31,"spd":31,"spe":31},"item":"Leftovers","level":83,"shiny":false},{"name":"Cryogonal","moves":["toxic","freezedry","rapidspin","hiddenpowerground"],"ability":"Levitate","evs":{"hp":85,"atk":85,"def":85,"spa":85,"spd":85,"spe":85},"ivs":{"hp":31,"atk":31,"def":31,"spa":30,"spd":30,"spe":31},"item":"Life Orb","level":81,"shiny":false},{"name":"Heracross","moves":["pinmissile","rockblast","swordsdance","substitute"],"ability":"Moxie","evs":{"hp":85,"atk":85,"def":85,"spa":85,"spd":85,"spe":85},"ivs":{"hp":31,"atk":31,"def":31,"spa":31,"spd":31,"spe":31},"item":"Heracronite","level":76,"shiny":false},{"name":"Heliolisk","moves":["hiddenpowerice","raindance","voltswitch","thunder"],"ability":"Dry Skin","evs":{"hp":85,"atk":85,"def":85,"spa":85,"spd":85,"spe":85},"ivs":{"hp":31,"atk":30,"def":30,"spa":31,"spd":31,"spe":31},"item":"Damp Rock","level":77,"shiny":false}],"p2team":[{"name":"Electrode","moves":["hiddenpowergrass","voltswitch","foulplay","taunt"],"ability":"Aftermath","evs":{"hp":85,"atk":85,"def":85,"spa":85,"spd":85,"spe":85},"ivs":{"hp":31,"atk":30,"def":31,"spa":30,"spd":31,"spe":31},"item":"Life Orb","level":83,"shiny":false},{"name":"Rotom-Mow","moves":["trick","hiddenpowerfire","leafstorm","painsplit"],"ability":"Levitate","evs":{"hp":85,"atk":85,"def":85,"spa":85,"spd":85,"spe":85},"ivs":{"hp":31,"atk":30,"def":31,"spa":30,"spd":31,"spe":30},"item":"Choice Scarf","level":79,"shiny":false},{"name":"Roserade","moves":["hiddenpowerfire","toxicspikes","sludgebomb","sleeppowder"],"ability":"Technician","evs":{"hp":85,"atk":85,"def":85,"spa":85,"spd":85,"spe":85},"ivs":{"hp":31,"atk":30,"def":31,"spa":30,"spd":31,"spe":30},"item":"Black Sludge","level":77,"shiny":false},{"name":"Gengar","moves":["focusblast","protect","taunt","sludgewave"],"ability":"Levitate","evs":{"hp":85,"atk":85,"def":85,"spa":85,"spd":85,"spe":85},"ivs":{"hp":31,"atk":31,"def":31,"spa":31,"spd":31,"spe":31},"item":"Gengarite","level":73,"shiny":false},{"name":"Sandslash","moves":["knockoff","rapidspin","stealthrock","earthquake"],"ability":"Sand Rush","evs":{"hp":85,"atk":85,"def":85,"spa":85,"spd":85,"spe":85},"ivs":{"hp":31,"atk":31,"def":31,"spa":31,"spd":31,"spe":31},"item":"Life Orb","level":81,"shiny":false},{"name":"Ninetales","moves":["nastyplot","solarbeam","willowisp","fireblast"],"ability":"Drought","evs":{"hp":85,"atk":85,"def":85,"spa":85,"spd":85,"spe":85},"ivs":{"hp":31,"atk":31,"def":31,"spa":31,"spd":31,"spe":31},"item":"Leftovers","level":79,"shiny":false}],"log":["|player|p1|Izquierdo_gar|101","|player|p2|Ivan_sf14|169","|gametype|singles","|gen|6","|tier|Random Battle","|rated","|rule|Sleep Clause Mod: Limit one foe put to sleep","|rule|HP Percentage Mod: HP is shown in percentages","|","|start","|switch|p1a: Probopass|Probopass, L83, F|235/235","|switch|p2a: Electrode|Electrode, L83|235/235","|-item|p1a: Probopass|Air Balloon","|turn|1","|","|move|p2a: Electrode|Foul Play|p1a: Probopass","|-damage|p1a: Probopass|197/235","|-enditem|p1a: Probopass|Air Balloon","|-damage|p2a: Electrode|212/235|[from] item: Life Orb","|move|p1a: Probopass|Stealth Rock|p2a: Electrode","|-sidestart|p2: Ivan_sf14|move: Stealth Rock","|","|turn|2","|","|switch|p2a: Gengar|Gengar, L73, F|208/208","|-damage|p2a: Gengar|182/208|[from] Stealth Rock","|move|p1a: Probopass|Power Gem|p2a: Gengar","|-damage|p2a: Gengar|100/208","|","|turn|3","|","|detailschange|p2a: Gengar|Gengar-Mega, L73, F","|-mega|p2a: Gengar|Gengar|Gengarite","|move|p2a: Gengar|Sludge Wave|p1a: Probopass","|-immune|p1a: Probopass|[msg]","|move|p1a: Probopass|Thunder Wave|p2a: Gengar","|-status|p2a: Gengar|par","|","|turn|4","|","|move|p1a: Probopass|Stealth Rock|p2a: Gengar","|-fail|p2a: Gengar","|move|p2a: Gengar|Focus Blast|p1a: Probopass","|-supereffective|p1a: Probopass","|-damage|p1a: Probopass|0 fnt","|faint|p1a: Probopass","|","|","|switch|p1a: Heliolisk|Heliolisk, L77, M|222/222","|turn|5","|","|move|p1a: Heliolisk|Thunder|p2a: Gengar","|-damage|p2a: Gengar|0 fnt","|faint|p2a: Gengar","|","|","|switch|p2a: Sandslash|Sandslash, L81, M|254/254","|-damage|p2a: Sandslash|239/254|[from] Stealth Rock","|turn|6","|","|move|p1a: Heliolisk|Rain Dance|p1a: Heliolisk","|-weather|RainDance","|move|p2a: Sandslash|Earthquake|p1a: Heliolisk","|-supereffective|p1a: Heliolisk","|-damage|p1a: Heliolisk|0 fnt","|-damage|p2a: Sandslash|214/254|[from] item: Life Orb","|faint|p1a: Heliolisk","|","|-weather|RainDance|[upkeep]","|","|switch|p1a: Cryogonal|Cryogonal, L81|246/246","|turn|7","|","|move|p1a: Cryogonal|Freeze-Dry|p2a: Sandslash","|-supereffective|p2a: Sandslash","|-damage|p2a: Sandslash|0 fnt","|-damage|p1a: Cryogonal|222/246|[from] item: Life Orb","|faint|p2a: Sandslash","|","|-weather|RainDance|[upkeep]","|","|switch|p2a: Ninetales|Ninetales, L79, F|245/245","|-damage|p2a: Ninetales|184/245|[from] Stealth Rock","|-weather|SunnyDay","|turn|8","|","|move|p1a: Cryogonal|Freeze-Dry|p2a: Ninetales","|-resisted|p2a: Ninetales","|-damage|p2a: Ninetales|142/245","|-damage|p1a: Cryogonal|198/246|[from] item: Life Orb","|move|p2a: Ninetales|Fire Blast|p1a: Cryogonal","|-supereffective|p1a: Cryogonal","|-damage|p1a: Cryogonal|0 fnt","|faint|p1a: Cryogonal","|","|-weather|SunnyDay|[upkeep]","|-heal|p2a: Ninetales|157/245|[from] item: Leftovers","|","|switch|p1a: Lunatone|Lunatone, L83|252/252","|turn|9","|","|move|p2a: Ninetales|Fire Blast|p1a: Lunatone","|-resisted|p1a: Lunatone","|-damage|p1a: Lunatone|179/252","|move|p1a: Lunatone|Earth Power|p2a: Ninetales","|-crit|p2a: Ninetales","|-supereffective|p2a: Ninetales","|-damage|p2a: Ninetales|0 fnt","|faint|p2a: Ninetales","|","|-weather|SunnyDay|[upkeep]","|-heal|p1a: Lunatone|194/252|[from] item: Leftovers","|","|switch|p2a: Roserade|Roserade, L77, M|219/219","|-damage|p2a: Roserade|192/219|[from] Stealth Rock","|turn|10","|","|move|p2a: Roserade|Sludge Bomb|p1a: Lunatone","|-resisted|p1a: Lunatone","|-damage|p1a: Lunatone|140/252","|move|p1a: Lunatone|Earth Power|p2a: Roserade","|-damage|p2a: Roserade|138/219","|","|-weather|SunnyDay|[upkeep]","|-heal|p2a: Roserade|151/219|[from] item: Black Sludge","|-heal|p1a: Lunatone|155/252|[from] item: Leftovers","|turn|11","|","|move|p2a: Roserade|Toxic Spikes|p1a: Lunatone","|-sidestart|p1: Izquierdo_gar|move: Toxic Spikes","|move|p1a: Lunatone|Ancient Power|p2a: Roserade","|-damage|p2a: Roserade|93/219","|-boost|p1a: Lunatone|atk|1","|-boost|p1a: Lunatone|def|1","|-boost|p1a: Lunatone|spa|1","|-boost|p1a: Lunatone|spd|1","|-boost|p1a: Lunatone|spe|1","|","|-weather|SunnyDay|[upkeep]","|-heal|p1a: Lunatone|170/252|[from] item: Leftovers","|-heal|p2a: Roserade|106/219|[from] item: Black Sludge","|turn|12","|","|move|p1a: Lunatone|Ancient Power|p2a: Roserade","|-damage|p2a: Roserade|13/219","|-boost|p1a: Lunatone|atk|1","|-boost|p1a: Lunatone|def|1","|-boost|p1a: Lunatone|spa|1","|-boost|p1a: Lunatone|spd|1","|-boost|p1a: Lunatone|spe|1","|move|p2a: Roserade|Sludge Bomb|p1a: Lunatone","|-resisted|p1a: Lunatone","|-damage|p1a: Lunatone|143/252","|","|-weather|none","|-heal|p1a: Lunatone|158/252|[from] item: Leftovers","|-heal|p2a: Roserade|26/219|[from] item: Black Sludge","|turn|13","|","|move|p1a: Lunatone|Ancient Power|p2a: Roserade","|-damage|p2a: Roserade|0 fnt","|faint|p2a: Roserade","|","|-heal|p1a: Lunatone|173/252|[from] item: Leftovers","|","|switch|p2a: Rotom-Mow|Rotom-Mow, L79|209/209","|-damage|p2a: Rotom-Mow|183/209|[from] Stealth Rock","|turn|14","|","|move|p1a: Lunatone|Earth Power|p2a: Rotom-Mow","|-immune|p2a: Rotom-Mow|[msg]","|move|p2a: Rotom-Mow|Hidden Power|p1a: Lunatone","|-resisted|p1a: Lunatone","|-damage|p1a: Lunatone|163/252","|","|-heal|p1a: Lunatone|178/252|[from] item: Leftovers","|turn|15","|","|move|p1a: Lunatone|Ancient Power|p2a: Rotom-Mow","|-damage|p2a: Rotom-Mow|62/209","|move|p2a: Rotom-Mow|Hidden Power|p1a: Lunatone","|-resisted|p1a: Lunatone","|-damage|p1a: Lunatone|167/252","|","|-heal|p1a: Lunatone|182/252|[from] item: Leftovers","|turn|16","|","|move|p1a: Lunatone|Ancient Power|p2a: Rotom-Mow","|-damage|p2a: Rotom-Mow|0 fnt","|faint|p2a: Rotom-Mow","|","|-heal|p1a: Lunatone|197/252|[from] item: Leftovers","|","|switch|p2a: Electrode|Electrode, L83|212/235","|-damage|p2a: Electrode|183/235|[from] Stealth Rock","|turn|17","|","|move|p1a: Lunatone|Ancient Power|p2a: Electrode","|-damage|p2a: Electrode|56/235","|-boost|p1a: Lunatone|atk|1","|-boost|p1a: Lunatone|def|1","|-boost|p1a: Lunatone|spa|1","|-boost|p1a: Lunatone|spd|1","|-boost|p1a: Lunatone|spe|1","|move|p2a: Electrode|Hidden Power|p1a: Lunatone","|-supereffective|p1a: Lunatone","|-damage|p1a: Lunatone|153/252","|-damage|p2a: Electrode|33/235|[from] item: Life Orb","|","|-heal|p1a: Lunatone|168/252|[from] item: Leftovers","|turn|18","|","|move|p1a: Lunatone|Earth Power|p2a: Electrode","|-supereffective|p2a: Electrode","|-damage|p2a: Electrode|0 fnt","|faint|p2a: Electrode","|","|win|Izquierdo_gar"],"p1rating":{"entryid":453523,"formatid":"randombattle","userid":"izquierdogar","username":"Izquierdo_gar","r":1500,"rd":130,"sigma":0,"rpr":1540.1606143388,"rprd":122.8583080769,"rpsigma":0,"rptime":1440493200,"w":1,"l":0,"t":0,"gxe":55,"acre":1040,"lacre":1040,"oldacre":1000},"p2rating":{"entryid":"452355","serverid":"eos","formatid":"randombattle","userid":"ivansf14","username":"ivanSF14","w":"0","l":3,"t":"0","gxe":38.1,"r":"1500","rd":"130","sigma":"0","rptime":"1440493200","rpr":1404.0845967205,"rprd":111.49849857824,"rpsigma":"0","acre":1000,"lacre":1000,"oldacre":"1000"},"endType":"normal"}