{"seed":[41840,13955,10805,49224],"turns":33,"p1":"estebandido888","p2":"Izquierdo_gar","p1team":[{"name":"Lunatone","moves":["earthpower","psychic","batonpass","rockpolish"],"ability":"Levitate","evs":{"hp":85,"atk":85,"def":85,"spa":85,"spd":85,"spe":85},"ivs":{"hp":31,"atk":31,"def":31,"spa":31,"spd":31,"spe":31},"item":"Focus Sash","level":83,"shiny":false},{"name":"Regice","moves":["thunderbolt","focusblast","thunderwave","icebeam"],"ability":"Ice Body","evs":{"hp":81,"atk":85,"def":85,"spa":89,"spd":85,"spe":85},"ivs":{"hp":31,"atk":31,"def":31,"spa":31,"spd":31,"spe":31},"item":"Leftovers","level":83,"shiny":false},{"name":"Cinccino","moves":["tailslap","knockoff","uturn","wakeupslap"],"ability":"Skill Link","evs":{"hp":85,"atk":85,"def":85,"spa":85,"spd":85,"spe":85},"ivs":{"hp":31,"atk":31,"def":31,"spa":31,"spd":31,"spe":31},"item":"Choice Band","level":79,"shiny":false},{"name":"Regirock","moves":["rockslide","thunderwave","rest","drainpunch"],"ability":"Sturdy","evs":{"hp":85,"atk":85,"def":85,"spa":85,"spd":85,"spe":85},"ivs":{"hp":31,"atk":31,"def":31,"spa":31,"spd":31,"spe":31},"item":"Chesto Berry","level":81,"shiny":false},{"name":"Vileplume","moves":["sludgebomb","gigadrain","synthesis","sleeppowder"],"ability":"Effect Spore","evs":{"hp":85,"atk":85,"def":85,"spa":85,"spd":85,"spe":85},"ivs":{"hp":31,"atk":31,"def":31,"spa":31,"spd":31,"spe":31},"item":"Black Sludge","level":81,"shiny":false},{"name":"Kyurem","moves":["outrage","dracometeor","focusblast","roost"],"ability":"Pressure","evs":{"hp":85,"atk":85,"def":85,"spa":85,"spd":85,"spe":85},"ivs":{"hp":31,"atk":31,"def":31,"spa":31,"spd":31,"spe":31},"item":"Leftovers","level":78,"shiny":false}],"p2team":[{"name":"Walrein","moves":["surf","roar","protect","toxic"],"ability":"Thick Fat","evs":{"hp":85,"atk":85,"def":85,"spa":85,"spd":85,"spe":85},"ivs":{"hp":31,"atk":31,"def":31,"spa":31,"spd":31,"spe":31},"item":"Leftovers","level":83,"shiny":false},{"name":"Weezing","moves":["sludgebomb","toxicspikes","painsplit","protect"],"ability":"Levitate","evs":{"hp":85,"atk":85,"def":85,"spa":85,"spd":85,"spe":85},"ivs":{"hp":31,"atk":31,"def":31,"spa":31,"spd":31,"spe":31},"item":"Black Sludge","level":81,"shiny":false},{"name":"Shedinja","moves":["willowisp","xscissor","swordsdance","shadowsneak"],"ability":"Wonder Guard","evs":{"hp":0,"atk":255,"def":0,"spa":85,"spd":0,"spe":85},"ivs":{"hp":31,"atk":31,"def":31,"spa":31,"spd":31,"spe":31},"item":"Focus Sash","level":83,"shiny":false},{"name":"Yveltal","moves":["hurricane","toxic","roost","taunt"],"ability":"Dark Aura","evs":{"hp":81,"atk":85,"def":85,"spa":89,"spd":85,"spe":85},"ivs":{"hp":31,"atk":31,"def":31,"spa":31,"spd":31,"spe":31},"item":"Leftovers","level":73,"shiny":false},{"name":"Porygon-Z","moves":["darkpulse","icebeam","triattack","nastyplot"],"ability":"Download","evs":{"hp":85,"atk":85,"def":85,"spa":85,"spd":85,"spe":85},"ivs":{"hp":31,"atk":31,"def":31,"spa":31,"spd":31,"spe":31},"item":"Life Orb","level":77,"shiny":false},{"name":"Togekiss","moves":["healbell","airslash","roost","defog"],"ability":"Serene Grace","evs":{"hp":85,"atk":85,"def":85,"spa":85,"spd":85,"spe":85},"ivs":{"hp":31,"atk":31,"def":31,"spa":31,"spd":31,"spe":31},"item":"Leftovers","level":76,"shiny":false}],"log":["|player|p1|estebandido888|101","|player|p2|Izquierdo_gar|101","|gametype|singles","|gen|6","|tier|Random Battle","|rated","|rule|Sleep Clause Mod: Limit one foe put to sleep","|rule|HP Percentage Mod: HP is shown in percentages","|","|start","|switch|p1a: Lunatone|Lunatone, L83|252/252","|switch|p2a: Walrein|Walrein, L83, M|318/318","|turn|1","|","|move|p1a: Lunatone|Earth Power|p2a: Walrein","|-damage|p2a: Walrein|251/318","|move|p2a: Walrein|Surf|p1a: Lunatone","|-supereffective|p1a: Lunatone","|-damage|p1a: Lunatone|52/252","|","|-heal|p2a: Walrein|270/318|[from] item: Leftovers","|turn|2","|","|move|p2a: Walrein|Protect|p2a: Walrein","|-singleturn|p2a: Walrein|Protect","|move|p1a: Lunatone|Psychic|p2a: Walrein","|-activate|p2a: Walrein|Protect","|","|-heal|p2a: Walrein|289/318|[from] item: Leftovers","|turn|3","|","|move|p1a: Lunatone|Rock Polish|p1a: Lunatone","|-boost|p1a: Lunatone|spe|2","|move|p2a: Walrein|Surf|p1a: Lunatone","|-supereffective|p1a: Lunatone","|-damage|p1a: Lunatone|0 fnt","|faint|p1a: Lunatone","|","|-heal|p2a: Walrein|308/318|[from] item: Leftovers","|","|switch|p1a: Regice|Regice, L83|268/268","|turn|4","|","|move|p2a: Walrein|Toxic|p1a: Regice","|-status|p1a: Regice|tox","|move|p1a: Regice|Thunder Wave|p2a: Walrein","|-status|p2a: Walrein|par","|","|-heal|p2a: Walrein|318/318 par|[from] item: Leftovers","|-damage|p1a: Regice|252/268 tox|[from] psn","|turn|5","|","|move|p1a: Regice|Thunderbolt|p2a: Walrein","|-supereffective|p2a: Walrein","|-damage|p2a: Walrein|180/318 par","|cant|p2a: Walrein|par","|","|-heal|p1a: Regice|268/268 tox|[from] item: Leftovers","|-heal|p2a: Walrein|199/318 par|[from] item: Leftovers","|-damage|p1a: Regice|236/268 tox|[from] psn","|turn|6","|","|move|p1a: Regice|Thunderbolt|p2a: Walrein","|-supereffective|p2a: Walrein","|-damage|p2a: Walrein|69/318 par","|cant|p2a: Walrein|par","|","|-heal|p1a: Regice|252/268 tox|[from] item: Leftovers","|-heal|p2a: Walrein|88/318 par|[from] item: Leftovers","|-damage|p1a: Regice|204/268 tox|[from] psn","|turn|7","|","|move|p1a: Regice|Thunderbolt|p2a: Walrein","|-supereffective|p2a: Walrein","|-damage|p2a: Walrein|0 fnt","|faint|p2a: Walrein","|","|-heal|p1a: Regice|220/268 tox|[from] item: Leftovers","|-damage|p1a: Regice|156/268 tox|[from] psn","|","|switch|p2a: Porygon-Z|Porygon-Z, L77|257/257","|-boost|p2a: Porygon-Z|atk|1|[from] ability: Download","|turn|8","|","|move|p2a: Porygon-Z|Tri Attack|p1a: Regice","|-damage|p1a: Regice|90/268 tox","|-damage|p2a: Porygon-Z|232/257|[from] item: Life Orb","|move|p1a: Regice|Focus Blast|p2a: Porygon-Z","|-supereffective|p2a: Porygon-Z","|-damage|p2a: Porygon-Z|32/257","|","|-heal|p1a: Regice|106/268 tox|[from] item: Leftovers","|-damage|p1a: Regice|26/268 tox|[from] psn","|turn|9","|","|move|p2a: Porygon-Z|Tri Attack|p1a: Regice","|-damage|p1a: Regice|0 fnt","|-damage|p2a: Porygon-Z|7/257|[from] item: Life Orb","|faint|p1a: Regice","|","|","|switch|p1a: Vileplume|Vileplume, L81, M|254/254","|turn|10","|","|move|p2a: Porygon-Z|Ice Beam|p1a: Vileplume","|-crit|p1a: Vileplume","|-supereffective|p1a: Vileplume","|-damage|p1a: Vileplume|0 fnt","|-damage|p2a: Porygon-Z|0 fnt|[from] item: Life Orb","|faint|p1a: Vileplume","|faint|p2a: Porygon-Z","|","|","|switch|p2a: Togekiss|Togekiss, L76, M|254/254","|switch|p1a: Regirock|Regirock, L81|262/262","|turn|11","|","|move|p2a: Togekiss|Air Slash|p1a: Regirock","|-resisted|p1a: Regirock","|-damage|p1a: Regirock|227/262","|cant|p1a: Regirock|flinch","|","|turn|12","|","|move|p2a: Togekiss|Air Slash|p1a: Regirock","|-resisted|p1a: Regirock","|-damage|p1a: Regirock|193/262","|move|p1a: Regirock|Rock Slide|p2a: Togekiss","|-supereffective|p2a: Togekiss","|-damage|p2a: Togekiss|90/254","|","|-heal|p2a: Togekiss|105/254|[from] item: Leftovers","|turn|13","|","|move|p2a: Togekiss|Roost|p2a: Togekiss","|-heal|p2a: Togekiss|232/254","|move|p1a: Regirock|Rock Slide|p2a: Togekiss","|-damage|p2a: Togekiss|153/254","|","|-heal|p2a: Togekiss|168/254|[from] item: Leftovers","|turn|14","|","|move|p2a: Togekiss|Air Slash|p1a: Regirock","|-crit|p1a: Regirock","|-resisted|p1a: Regirock","|-damage|p1a: Regirock|137/262","|move|p1a: Regirock|Thunder Wave|p2a: Togekiss","|-status|p2a: Togekiss|par","|","|-heal|p2a: Togekiss|183/254 par|[from] item: Leftovers","|turn|15","|","|move|p1a: Regirock|Rock Slide|p2a: Togekiss","|-supereffective|p2a: Togekiss","|-damage|p2a: Togekiss|25/254 par","|cant|p2a: Togekiss|flinch","|","|-heal|p2a: Togekiss|40/254 par|[from] item: Leftovers","|turn|16","|","|move|p1a: Regirock|Drain Punch|p2a: Togekiss","|-resisted|p2a: Togekiss","|-damage|p2a: Togekiss|27/254 par","|-heal|p1a: Regirock|144/262|[from] drain|[of] p2a: Togekiss","|move|p2a: Togekiss|Air Slash|p1a: Regirock","|-resisted|p1a: Regirock","|-damage|p1a: Regirock|109/262","|","|-heal|p2a: Togekiss|42/254 par|[from] item: Leftovers","|turn|17","|","|move|p1a: Regirock|Rock Slide|p2a: Togekiss","|-miss|p1a: Regirock|p2a: Togekiss","|move|p2a: Togekiss|Roost|p2a: Togekiss","|-heal|p2a: Togekiss|169/254 par","|","|-heal|p2a: Togekiss|184/254 par|[from] item: Leftovers","|turn|18","|","|move|p1a: Regirock|Rock Slide|p2a: Togekiss","|-supereffective|p2a: Togekiss","|-damage|p2a: Togekiss|26/254 par","|cant|p2a: Togekiss|par","|","|-heal|p2a: Togekiss|41/254 par|[from] item: Leftovers","|turn|19","|","|move|p1a: Regirock|Rock Slide|p2a: Togekiss","|-supereffective|p2a: Togekiss","|-damage|p2a: Togekiss|0 fnt","|faint|p2a: Togekiss","|","|","|switch|p2a: Yveltal|Yveltal, L73|304/304","|-ability|p2a: Yveltal|Dark Aura","|turn|20","|","|move|p2a: Yveltal|Hurricane|p1a: Regirock","|-resisted|p1a: Regirock","|-damage|p1a: Regirock|57/262","|move|p1a: Regirock|Rock Slide|p2a: Yveltal","|-supereffective|p2a: Yveltal","|-damage|p2a: Yveltal|130/304","|","|-heal|p2a: Yveltal|149/304|[from] item: Leftovers","|turn|21","|","|move|p2a: Yveltal|Roost|p2a: Yveltal","|-heal|p2a: Yveltal|301/304","|move|p1a: Regirock|Rest|p1a: Regirock","|-status|p1a: Regirock|slp","|-heal|p1a: Regirock|262/262 slp|[silent]","|-status|p1a: Regirock|slp|[from] move: Rest","|-enditem|p1a: Regirock|Chesto Berry|[eat]","|-curestatus|p1a: Regirock|slp","|","|-heal|p2a: Yveltal|304/304|[from] item: Leftovers","|turn|22","|","|move|p2a: Yveltal|Taunt|p1a: Regirock","|-start|p1a: Regirock|move: Taunt","|move|p1a: Regirock|Rock Slide|p2a: Yveltal","|-supereffective|p2a: Yveltal","|-damage|p2a: Yveltal|148/304","|","|-heal|p2a: Yveltal|167/304|[from] item: Leftovers","|turn|23","|","|move|p2a: Yveltal|Toxic|p1a: Regirock","|-status|p1a: Regirock|tox","|move|p1a: Regirock|Rock Slide|p2a: Yveltal","|-miss|p1a: Regirock|p2a: Yveltal","|","|-heal|p2a: Yveltal|186/304|[from] item: Leftovers","|-damage|p1a: Regirock|246/262 tox|[from] psn","|turn|24","|","|move|p2a: Yveltal|Hurricane|p1a: Regirock","|-resisted|p1a: Regirock","|-damage|p1a: Regirock|188/262 tox","|move|p1a: Regirock|Rock Slide|p2a: Yveltal","|-supereffective|p2a: Yveltal","|-damage|p2a: Yveltal|34/304","|","|-heal|p2a: Yveltal|53/304|[from] item: Leftovers","|-damage|p1a: Regirock|156/262 tox|[from] psn","|-end|p1a: Regirock|move: Taunt","|turn|25","|","|move|p2a: Yveltal|Roost|p2a: Yveltal","|-heal|p2a: Yveltal|205/304","|move|p1a: Regirock|Rock Slide|p2a: Yveltal","|-damage|p2a: Yveltal|124/304","|","|-heal|p2a: Yveltal|143/304|[from] item: Leftovers","|-damage|p1a: Regirock|108/262 tox|[from] psn","|turn|26","|","|move|p2a: Yveltal|Roost|p2a: Yveltal","|-heal|p2a: Yveltal|295/304","|move|p1a: Regirock|Rest|p1a: Regirock","|-status|p1a: Regirock|slp","|-heal|p1a: Regirock|262/262 slp|[silent]","|-status|p1a: Regirock|slp|[from] move: Rest","|","|-heal|p2a: Yveltal|304/304|[from] item: Leftovers","|turn|27","|","|move|p2a: Yveltal|Hurricane|p1a: Regirock","|-crit|p1a: Regirock","|-resisted|p1a: Regirock","|-damage|p1a: Regirock|187/262 slp","|cant|p1a: Regirock|slp","|","|turn|28","|","|move|p2a: Yveltal|Hurricane|p1a: Regirock","|-resisted|p1a: Regirock","|-damage|p1a: Regirock|137/262 slp","|-start|p1a: Regirock|confusion","|cant|p1a: Regirock|slp","|","|turn|29","|","|move|p2a: Yveltal|Taunt|p1a: Regirock","|-start|p1a: Regirock|move: Taunt","|-curestatus|p1a: Regirock|slp","|-activate|p1a: Regirock|confusion","|move|p1a: Regirock|Rock Slide|p2a: Yveltal","|-supereffective|p2a: Yveltal","|-damage|p2a: Yveltal|130/304","|","|-heal|p2a: Yveltal|149/304|[from] item: Leftovers","|turn|30","|","|move|p2a: Yveltal|Hurricane|p1a: Regirock|[miss]","|-miss|p2a: Yveltal|p1a: Regirock","|-activate|p1a: Regirock|confusion","|move|p1a: Regirock|Rock Slide|p2a: Yveltal","|-supereffective|p2a: Yveltal","|-damage|p2a: Yveltal|0 fnt","|faint|p2a: Yveltal","|","|","|switch|p2a: Weezing|Weezing, L81, F|238/238","|turn|31","|","|move|p2a: Weezing|Toxic Spikes|p1a: Regirock","|-sidestart|p1: estebandido888|move: Toxic Spikes","|-end|p1a: Regirock|confusion","|move|p1a: Regirock|Drain Punch|p2a: Weezing","|-resisted|p2a: Weezing","|-damage|p2a: Weezing|218/238","|-heal|p1a: Regirock|147/262|[from] drain|[of] p2a: Weezing","|","|-heal|p2a: Weezing|232/238|[from] item: Black Sludge","|-end|p1a: Regirock|move: Taunt","|turn|32","|","|move|p2a: Weezing|Sludge Bomb|p1a: Regirock","|-resisted|p1a: Regirock","|-damage|p1a: Regirock|106/262","|move|p1a: Regirock|Thunder Wave|p2a: Weezing","|-status|p2a: Weezing|par","|","|-heal|p2a: Weezing|238/238 par|[from] item: Black Sludge","|turn|33","|player|p2","|","|win|Izquierdo_gar"],"p1rating":{"entryid":"141534","serverid":"eos","formatid":"randombattle","userid":"estebandido888","username":"estebandido888","w":"12","l":8,"t":"0","gxe":57.4,"r":"1573.8171733092","rd":73.085809768613,"sigma":"0","rptime":1440493200,"rpr":1557.4449620166,"rprd":71.791180263568,"rpsigma":"0","acre":1111.5615092997,"lacre":1111.5615092997,"oldacre":"1141.0954028588"},"p2rating":{"entryid":"453523","serverid":"eos","formatid":"randombattle","userid":"izquierdogar","username":"Izquierdo_gar","w":3,"l":"0","t":"0","gxe":63.7,"r":"1500","rd":"130","sigma":"0","rptime":"1440493200","rpr":1611.343355437,"rprd":111.18043598341,"rpsigma":"0","acre":1110.9232309214,"lacre":1110.9232309214,"oldacre":"1077.3812121203"},"endType":"forfeit"}