{"seed":[59730,25303,21893,26100],"turns":27,"p1":"Quilavalover34","p2":"Toastiify","p1team":[{"name":"Hippowdon","species":"Hippowdon","item":"leftovers","ability":"Sand Stream","moves":["earthquake","stealthrock","slackoff","stoneedge"],"nature":"Impish","evs":{"hp":252,"atk":0,"def":144,"spa":0,"spd":112,"spe":0},"gender":"M","ivs":{"hp":31,"atk":31,"def":31,"spa":31,"spd":31,"spe":31}},{"name":"Magnezone","species":"Magnezone","item":"choicescarf","ability":"Magnet Pull","moves":["voltswitch","hiddenpowerfire","flashcannon","thunderbolt"],"nature":"Timid","evs":{"hp":0,"atk":0,"def":4,"spa":252,"spd":0,"spe":252},"ivs":{"atk":30,"spa":30,"spe":30,"hp":31,"def":31,"spd":31}},{"name":"Scizor","species":"Scizor","item":"scizorite","ability":"Light Metal","moves":["swordsdance","roost","bulletpunch","knockoff"],"nature":"Impish","evs":{"hp":248,"atk":44,"def":16,"spa":0,"spd":200,"spe":0},"ivs":{"hp":31,"atk":31,"def":31,"spa":31,"spd":31,"spe":31}},{"name":"Stoutland","species":"Stoutland","item":"choiceband","ability":"Sand Rush","moves":["return","crunch","superpower","playrough"],"nature":"Adamant","evs":{"hp":0,"atk":252,"def":0,"spa":0,"spd":4,"spe":252},"ivs":{"hp":31,"atk":31,"def":31,"spa":31,"spd":31,"spe":31}},{"name":"Tyranitar","species":"Tyranitar","item":"choicescarf","ability":"Sand Stream","moves":["stoneedge","pursuit","superpower","crunch"],"nature":"Jolly","evs":{"hp":0,"atk":252,"def":4,"spa":0,"spd":0,"spe":252},"ivs":{"hp":31,"atk":31,"def":31,"spa":31,"spd":31,"spe":31}},{"name":"Cradily","species":"Cradily","item":"leftovers","ability":"Storm Drain","moves":["stealthrock","energyball","recover","toxic"],"nature":"Calm","evs":{"hp":252,"atk":0,"def":0,"spa":4,"spd":252,"spe":0},"ivs":{"hp":31,"atk":31,"def":31,"spa":31,"spd":31,"spe":31}}],"p2team":[{"name":"Manaphy","species":"Manaphy","item":"leftovers","ability":"Hydration","moves":["tailglow","raindance","scald","energyball"],"nature":"Timid","evs":{"hp":96,"atk":0,"def":0,"spa":252,"spd":0,"spe":160},"ivs":{"hp":31,"atk":31,"def":31,"spa":31,"spd":31,"spe":31}},{"name":"Thundurus-Therian","species":"Thundurus-Therian","item":"lifeorb","ability":"Volt Absorb","moves":["voltswitch","thunder","nastyplot","taunt"],"nature":"Timid","evs":{"hp":0,"atk":0,"def":0,"spa":252,"spd":4,"spe":252},"ivs":{"hp":31,"atk":31,"def":31,"spa":31,"spd":31,"spe":31}},{"name":"Bisharp","species":"Bisharp","item":"blackglasses","ability":"Defiant","moves":["suckerpunch","knockoff","pursuit","ironhead"],"nature":"Adamant","evs":{"hp":104,"atk":252,"def":0,"spa":0,"spd":0,"spe":152},"ivs":{"hp":31,"atk":31,"def":31,"spa":31,"spd":31,"spe":31}},{"name":"Gallade","species":"Gallade","item":"galladite","ability":"Steadfast","moves":["drainpunch","zenheadbutt","icepunch","taunt"],"nature":"Adamant","evs":{"hp":248,"atk":252,"def":0,"spa":0,"spd":8,"spe":0},"ivs":{"hp":31,"atk":31,"def":31,"spa":31,"spd":31,"spe":31}},{"name":"Heatran","species":"Heatran","item":"leftovers","ability":"Flash Fire","moves":["earthpower","ancientpower","lavaplume","flashcannon"],"nature":"","evs":{"hp":172,"atk":0,"def":252,"spa":32,"spd":0,"spe":52},"ivs":{"hp":31,"atk":31,"def":31,"spa":31,"spd":31,"spe":31}},{"name":"Landorus-Therian","species":"Landorus-Therian","item":"rockyhelmet","ability":"Intimidate","moves":["stealthrock","earthquake","stoneedge","uturn"],"nature":"Adamant","evs":{"hp":248,"atk":252,"def":0,"spa":0,"spd":0,"spe":8},"ivs":{"hp":31,"atk":31,"def":31,"spa":31,"spd":31,"spe":31}}],"log":["|player|p1|Quilavalover34|1","|player|p2|Toastiify|66","|gametype|singles","|gen|6","|tier|OU","|rated","|clearpoke","|poke|p1|Hippowdon, M","|poke|p1|Magnezone","|poke|p1|Scizor, M","|poke|p1|Stoutland, F","|poke|p1|Tyranitar, M","|poke|p1|Cradily, M","|poke|p2|Manaphy","|poke|p2|Thundurus-Therian, M","|poke|p2|Bisharp, F","|poke|p2|Gallade, M","|poke|p2|Heatran, F","|poke|p2|Landorus-Therian, M","|rule|Swagger Clause: Swagger is banned","|rule|Baton Pass Clause: Limit one Baton Passer, can't pass Spe and other stats simultaneously","|rule|Sleep Clause Mod: Limit one foe put to sleep","|rule|Species Clause: Limit one of each Pokémon","|rule|OHKO Clause: OHKO moves are banned","|rule|Moody Clause: Moody is banned","|rule|Evasion Moves Clause: Evasion moves are banned","|rule|Endless Battle Clause: Forcing endless battles is banned","|rule|HP Percentage Mod: HP is shown in percentages","|teampreview","|","|start","|switch|p1a: Tyranitar|Tyranitar, M|341/341","|switch|p2a: Landorus-Therian|Landorus-Therian, M|381/381","|-weather|Sandstorm","|-ability|p2a: Landorus-Therian|Intimidate","|-unboost|p1a: Tyranitar|atk|1","|turn|1","|","|switch|p1a: Hippowdon|Hippowdon, M|420/420","|move|p2a: Landorus-Therian|Stealth Rock|p1a: Hippowdon","|-sidestart|p1: Quilavalover34|move: Stealth Rock","|","|-weather|Sandstorm|[upkeep]","|turn|2","|","|move|p2a: Landorus-Therian|U-turn|p1a: Hippowdon","|-damage|p1a: Hippowdon|354/420","|","|switch|p2a: Manaphy|Manaphy|365/365","|move|p1a: Hippowdon|Stone Edge|p2a: Manaphy","|-damage|p2a: Manaphy|279/365","|","|-weather|Sandstorm|[upkeep]","|-damage|p2a: Manaphy|257/365|[from] sandstorm","|-heal|p2a: Manaphy|279/365|[from] item: Leftovers","|-heal|p1a: Hippowdon|380/420|[from] item: Leftovers","|turn|3","|","|move|p2a: Manaphy|Rain Dance|p2a: Manaphy","|-weather|RainDance","|move|p1a: Hippowdon|Stealth Rock|p2a: Manaphy","|-sidestart|p2: Toastiify|move: Stealth Rock","|","|-weather|RainDance|[upkeep]","|-heal|p2a: Manaphy|301/365|[from] item: Leftovers","|-heal|p1a: Hippowdon|406/420|[from] item: Leftovers","|turn|4","|","|switch|p1a: Tyranitar|Tyranitar, M|341/341","|-damage|p1a: Tyranitar|299/341|[from] Stealth Rock","|-weather|Sandstorm","|move|p2a: Manaphy|Tail Glow|p2a: Manaphy","|-boost|p2a: Manaphy|spa|3","|","|-weather|Sandstorm|[upkeep]","|-damage|p2a: Manaphy|279/365|[from] sandstorm","|-heal|p2a: Manaphy|301/365|[from] item: Leftovers","|turn|5","|","|move|p1a: Tyranitar|Pursuit|p2a: Manaphy","|-damage|p2a: Manaphy|220/365","|move|p2a: Manaphy|Rain Dance|p2a: Manaphy","|-weather|RainDance","|","|-weather|RainDance|[upkeep]","|-heal|p2a: Manaphy|242/365|[from] item: Leftovers","|turn|6","|","|move|p1a: Tyranitar|Pursuit|p2a: Manaphy","|-damage|p2a: Manaphy|164/365","|move|p2a: Manaphy|Scald|p1a: Tyranitar","|-supereffective|p1a: Tyranitar","|-damage|p1a: Tyranitar|0 fnt","|faint|p1a: Tyranitar","|","|-weather|RainDance|[upkeep]","|-heal|p2a: Manaphy|186/365|[from] item: Leftovers","|","|switch|p1a: Cradily|Cradily, M|376/376","|-damage|p1a: Cradily|329/376|[from] Stealth Rock","|turn|7","|","|move|p2a: Manaphy|Energy Ball|p1a: Cradily","|-damage|p1a: Cradily|177/376","|move|p1a: Cradily|Energy Ball|p2a: Manaphy","|-supereffective|p2a: Manaphy","|-damage|p2a: Manaphy|0 fnt","|faint|p2a: Manaphy","|","|-weather|RainDance|[upkeep]","|-heal|p1a: Cradily|200/376|[from] item: Leftovers","|","|switch|p2a: Bisharp|Bisharp, F|297/297","|-damage|p2a: Bisharp|279/297|[from] Stealth Rock","|turn|8","|","|switch|p1a: Hippowdon|Hippowdon, M|406/420","|-damage|p1a: Hippowdon|380/420|[from] Stealth Rock","|-weather|Sandstorm","|move|p2a: Bisharp|Iron Head|p1a: Hippowdon","|-damage|p1a: Hippowdon|275/420","|","|-weather|Sandstorm|[upkeep]","|-heal|p1a: Hippowdon|301/420|[from] item: Leftovers","|turn|9","|","|switch|p2a: Landorus-Therian|Landorus-Therian, M|381/381","|-damage|p2a: Landorus-Therian|334/381|[from] Stealth Rock","|-ability|p2a: Landorus-Therian|Intimidate","|-unboost|p1a: Hippowdon|atk|1","|move|p1a: Hippowdon|Slack Off|p1a: Hippowdon","|-heal|p1a: Hippowdon|420/420","|","|-weather|Sandstorm|[upkeep]","|turn|10","|","|switch|p1a: Stoutland|Stoutland, F|311/311","|-damage|p1a: Stoutland|273/311|[from] Stealth Rock","|move|p2a: Landorus-Therian|Earthquake|p1a: Stoutland","|-damage|p1a: Stoutland|60/311","|","|-weather|Sandstorm|[upkeep]","|turn|11","|","|move|p1a: Stoutland|Return|p2a: Landorus-Therian","|-damage|p2a: Landorus-Therian|24/381","|-damage|p1a: Stoutland|9/311|[from] item: Rocky Helmet|[of] p2a: Landorus-Therian","|move|p2a: Landorus-Therian|Earthquake|p1a: Stoutland","|-damage|p1a: Stoutland|0 fnt","|faint|p1a: Stoutland","|","|-weather|Sandstorm|[upkeep]","|","|switch|p1a: Scizor|Scizor, M|343/343","|-damage|p1a: Scizor|301/343|[from] Stealth Rock","|turn|12","|","|move|p1a: Scizor|Bullet Punch|p2a: Landorus-Therian","|-damage|p2a: Landorus-Therian|0 fnt","|-damage|p1a: Scizor|244/343|[from] item: Rocky Helmet|[of] p2a: Landorus-Therian","|faint|p2a: Landorus-Therian","|","|-weather|none","|","|switch|p2a: Heatran|Heatran, F|366/366","|-damage|p2a: Heatran|321/366|[from] Stealth Rock","|turn|13","|","|switch|p1a: Hippowdon|Hippowdon, M|420/420","|-damage|p1a: Hippowdon|394/420|[from] Stealth Rock","|-weather|Sandstorm","|move|p2a: Heatran|Lava Plume|p1a: Hippowdon","|-damage|p1a: Hippowdon|246/420","|","|-weather|Sandstorm|[upkeep]","|-heal|p2a: Heatran|343/366|[from] item: Leftovers","|-heal|p1a: Hippowdon|272/420|[from] item: Leftovers","|turn|14","|","|switch|p2a: Thundurus-Therian|Thundurus-Therian, M|299/299","|-damage|p2a: Thundurus-Therian|225/299|[from] Stealth Rock","|move|p1a: Hippowdon|Slack Off|p1a: Hippowdon","|-heal|p1a: Hippowdon|420/420","|","|-weather|Sandstorm|[upkeep]","|-damage|p2a: Thundurus-Therian|207/299|[from] sandstorm","|turn|15","|","|move|p2a: Thundurus-Therian|Taunt|p1a: Hippowdon","|-start|p1a: Hippowdon|move: Taunt","|move|p1a: Hippowdon|Stone Edge|p2a: Thundurus-Therian","|-supereffective|p2a: Thundurus-Therian","|-damage|p2a: Thundurus-Therian|0 fnt","|faint|p2a: Thundurus-Therian","|","|-weather|Sandstorm|[upkeep]","|","|switch|p2a: Gallade|Gallade, M|339/339","|-damage|p2a: Gallade|318/339|[from] Stealth Rock","|turn|16","|","|move|p2a: Gallade|Ice Punch|p1a: Hippowdon","|-supereffective|p1a: Hippowdon","|-damage|p1a: Hippowdon|292/420","|move|p1a: Hippowdon|Earthquake|p2a: Gallade","|-crit|p2a: Gallade","|-damage|p2a: Gallade|62/339","|","|-weather|Sandstorm|[upkeep]","|-damage|p2a: Gallade|41/339|[from] sandstorm","|-heal|p1a: Hippowdon|318/420|[from] item: Leftovers","|turn|17","|","|detailschange|p2a: Gallade|Gallade-Mega, M","|-mega|p2a: Gallade|Gallade|Galladite","|move|p2a: Gallade|Ice Punch|p1a: Hippowdon","|-supereffective|p1a: Hippowdon","|-damage|p1a: Hippowdon|160/420","|move|p1a: Hippowdon|Stone Edge|p2a: Gallade","|-resisted|p2a: Gallade","|-damage|p2a: Gallade|0 fnt","|faint|p2a: Gallade","|","|-weather|none","|-heal|p1a: Hippowdon|186/420|[from] item: Leftovers","|-end|p1a: Hippowdon|move: Taunt","|","|switch|p2a: Bisharp|Bisharp, F|279/297","|-damage|p2a: Bisharp|261/297|[from] Stealth Rock","|turn|18","|","|move|p2a: Bisharp|Iron Head|p1a: Hippowdon","|-damage|p1a: Hippowdon|81/420","|cant|p1a: Hippowdon|flinch","|","|-heal|p1a: Hippowdon|107/420|[from] item: Leftovers","|turn|19","|","|switch|p1a: Magnezone|Magnezone|281/281","|-damage|p1a: Magnezone|264/281|[from] Stealth Rock","|move|p2a: Bisharp|Iron Head|p1a: Magnezone","|-resisted|p1a: Magnezone","|-damage|p1a: Magnezone|231/281","|","|turn|20","|","|move|p1a: Magnezone|Hidden Power|p2a: Bisharp","|-supereffective|p2a: Bisharp","|-damage|p2a: Bisharp|83/297","|move|p2a: Bisharp|Knock Off|p1a: Magnezone","|-damage|p1a: Magnezone|47/281","|-enditem|p1a: Magnezone|Choice Scarf|[from] move: Knock Off|[of] p2a: Bisharp","|","|turn|21","|","|move|p2a: Bisharp|Sucker Punch|p1a: Magnezone","|-damage|p1a: Magnezone|0 fnt","|faint|p1a: Magnezone","|","|","|switch|p1a: Scizor|Scizor, M|244/343","|-damage|p1a: Scizor|202/343|[from] Stealth Rock","|turn|22","|","|switch|p2a: Heatran|Heatran, F|343/366","|-damage|p2a: Heatran|298/366|[from] Stealth Rock","|detailschange|p1a: Scizor|Scizor-Mega, M","|-mega|p1a: Scizor|Scizor|Scizorite","|move|p1a: Scizor|Bullet Punch|p2a: Heatran","|-resisted|p2a: Heatran","|-damage|p2a: Heatran|279/366","|","|-heal|p2a: Heatran|301/366|[from] item: Leftovers","|turn|23","|","|switch|p1a: Cradily|Cradily, M|200/376","|-damage|p1a: Cradily|153/376|[from] Stealth Rock","|move|p2a: Heatran|Lava Plume|p1a: Cradily","|-damage|p1a: Cradily|68/376","|","|-heal|p2a: Heatran|323/366|[from] item: Leftovers","|-heal|p1a: Cradily|91/376|[from] item: Leftovers","|turn|24","|","|move|p2a: Heatran|Flash Cannon|p1a: Cradily","|-supereffective|p1a: Cradily","|-damage|p1a: Cradily|0 fnt","|faint|p1a: Cradily","|","|-heal|p2a: Heatran|345/366|[from] item: Leftovers","|","|switch|p1a: Hippowdon|Hippowdon, M|107/420","|-damage|p1a: Hippowdon|81/420|[from] Stealth Rock","|-weather|Sandstorm","|turn|25","|","|switch|p2a: Bisharp|Bisharp, F|83/297","|-damage|p2a: Bisharp|65/297|[from] Stealth Rock","|move|p1a: Hippowdon|Earthquake|p2a: Bisharp","|-supereffective|p2a: Bisharp","|-damage|p2a: Bisharp|0 fnt","|faint|p2a: Bisharp","|","|-weather|Sandstorm|[upkeep]","|-heal|p1a: Hippowdon|107/420|[from] item: Leftovers","|","|switch|p2a: Heatran|Heatran, F|345/366","|-damage|p2a: Heatran|300/366|[from] Stealth Rock","|turn|26","|","|move|p2a: Heatran|Lava Plume|p1a: Hippowdon","|-damage|p1a: Hippowdon|0 fnt","|faint|p1a: Hippowdon","|","|-weather|Sandstorm|[upkeep]","|-heal|p2a: Heatran|322/366|[from] item: Leftovers","|","|switch|p1a: Scizor|Scizor-Mega, M|202/343","|-damage|p1a: Scizor|160/343|[from] Stealth Rock","|turn|27","|","|move|p2a: Heatran|Lava Plume|p1a: Scizor","|-supereffective|p1a: Scizor","|-damage|p1a: Scizor|0 fnt","|faint|p1a: Scizor","|","|win|Toastiify"],"p1rating":{"entryid":7298387,"formatid":"ou","userid":"quilavalover34","username":"Quilavalover34","r":1500,"rd":130,"sigma":0,"rpr":1459.8393856612,"rprd":122.8583080769,"rpsigma":0,"rptime":1438333200,"w":0,"l":1,"t":0,"gxe":45,"acre":1000,"lacre":1000,"oldacre":1000},"p2rating":{"entryid":"7298281","serverid":"eos","formatid":"ou","userid":"toastiify","username":"Toastiify","w":2,"l":"0","t":"0","gxe":59.4,"r":"1500","rd":"130","sigma":"0","rptime":"1438333200","rpr":1575.4006458604,"rprd":116.30060629452,"rpsigma":"0","acre":1076.2703565261,"lacre":1076.2703565261,"oldacre":"1047.9655913973"},"endType":"normal"}