{"seed":[4418,60458,9913,15602],"turns":33,"p1":"Bumbersnuffle","p2":"Kuersad","p1team":[{"name":"Sylveon","species":"Sylveon","item":"leftovers","ability":"Pixilate","moves":["batonpass","hypervoice","calmmind","substitute"],"nature":"Modest","evs":{"hp":248,"atk":0,"def":0,"spa":252,"spd":8,"spe":0},"gender":"F","ivs":{"hp":31,"atk":30,"def":31,"spa":30,"spd":31,"spe":30}},{"name":"Shuckle","species":"Shuckle","item":"mentalherb","ability":"Sturdy","moves":["stickyweb","encore","infestation","stealthrock"],"nature":"Calm","evs":{"hp":252,"atk":0,"def":252,"spa":0,"spd":4,"spe":0},"gender":"F","ivs":{"hp":31,"atk":31,"def":31,"spa":31,"spd":31,"spe":31}},{"name":"Emboar","species":"Emboar","item":"expertbelt","ability":"Reckless","moves":["flareblitz","superpower","wildcharge","suckerpunch"],"nature":"Adamant","evs":{"hp":0,"atk":252,"def":4,"spa":0,"spd":0,"spe":252},"gender":"F","ivs":{"hp":31,"atk":31,"def":31,"spa":31,"spd":31,"spe":31}},{"name":"Aggron","species":"Aggron","item":"aggronite","ability":"Sturdy","moves":["stealthrock","roar","heavyslam","earthquake"],"nature":"","evs":{"hp":252,"atk":0,"def":16,"spa":0,"spd":240,"spe":0},"gender":"F","ivs":{"hp":31,"atk":31,"def":31,"spa":31,"spd":31,"spe":31}},{"name":"Rotom-Wash","species":"Rotom-Wash","item":"leftovers","ability":"Levitate","moves":["voltswitch","hydropump","willowisp","painsplit"],"nature":"Bold","evs":{"hp":248,"atk":0,"def":0,"spa":0,"spd":252,"spe":8},"shiny":true,"ivs":{"hp":31,"atk":31,"def":31,"spa":31,"spd":31,"spe":31}},{"name":"Latias","species":"Latias","item":"lifeorb","ability":"Levitate","moves":["defog","dracometeor","psyshock","healingwish"],"nature":"Timid","evs":{"hp":72,"atk":0,"def":0,"spa":184,"spd":0,"spe":252},"ivs":{"hp":31,"atk":31,"def":31,"spa":31,"spd":31,"spe":31}}],"p2team":[{"name":"Drifblim","species":"Drifblim","item":"sitrusberry","ability":"Unburden","moves":["substitute","stockpile","painsplit","batonpass"],"nature":"Bold","evs":{"hp":4,"atk":252,"def":0,"spa":0,"spd":0,"spe":252},"ivs":{"hp":31,"atk":31,"def":31,"spa":31,"spd":31,"spe":31}},{"name":"Snorlax","species":"Snorlax","item":"chestoberry","ability":"Immunity","moves":["rest","bellydrum","gunkshot"],"nature":"","evs":{"hp":252,"atk":252,"def":0,"spa":0,"spd":0,"spe":4},"ivs":{"hp":31,"atk":31,"def":31,"spa":31,"spd":31,"spe":31}},{"name":"Charizard","species":"Charizard","item":"charizarditey","ability":"Blaze","moves":["solarbeam","dragonpulse","dragondance","flamethrower"],"nature":"Modest","evs":{"hp":0,"atk":0,"def":4,"spa":252,"spd":0,"spe":252},"ivs":{"hp":31,"atk":31,"def":31,"spa":31,"spd":31,"spe":31}},{"name":"Venusaur","species":"Venusaur","item":"venusaurite","ability":"Overgrow","moves":["substitute","leechseed","gigadrain","sludgebomb"],"nature":"Bold","evs":{"hp":252,"atk":0,"def":4,"spa":244,"spd":0,"spe":0},"ivs":{"hp":31,"atk":31,"def":31,"spa":31,"spd":31,"spe":31}},{"name":"Dragonite","species":"Dragonite","item":"weaknesspolicy","ability":"Multiscale","moves":["dragontail","dragondance","extremespeed","aquatail"],"nature":"Brave","evs":{"hp":4,"atk":252,"def":0,"spa":0,"spd":0,"spe":252},"ivs":{"hp":31,"atk":31,"def":31,"spa":31,"spd":31,"spe":31}},{"name":"Infernape","species":"Infernape","item":"kingsrock","ability":"Iron Fist","moves":["flareblitz","closecombat","fling","fakeout"],"nature":"Brave","evs":{"hp":4,"atk":252,"def":0,"spa":0,"spd":0,"spe":252},"ivs":{"hp":31,"atk":31,"def":31,"spa":31,"spd":31,"spe":31}}],"log":["|player|p1|Bumbersnuffle|253","|player|p2|Kuersad|1","|gametype|singles","|gen|6","|tier|OU","|rated","|clearpoke","|poke|p1|Sylveon, F","|poke|p1|Shuckle, F","|poke|p1|Emboar, F","|poke|p1|Aggron, F","|poke|p1|Rotom-Wash, shiny","|poke|p1|Latias, F","|poke|p2|Drifblim, M","|poke|p2|Snorlax, M","|poke|p2|Charizard, F","|poke|p2|Venusaur, F","|poke|p2|Dragonite, F","|poke|p2|Infernape, F","|rule|Swagger Clause: Swagger is banned","|rule|Baton Pass Clause: Limit one Baton Passer, can't pass Spe and other stats simultaneously","|rule|Sleep Clause Mod: Limit one foe put to sleep","|rule|Species Clause: Limit one of each Pokémon","|rule|OHKO Clause: OHKO moves are banned","|rule|Moody Clause: Moody is banned","|rule|Evasion Moves Clause: Evasion moves are banned","|rule|Endless Battle Clause: Forcing endless battles is banned","|rule|HP Percentage Mod: HP is shown in percentages","|teampreview","|","|start","|switch|p1a: Shuckle|Shuckle, F|244/244","|switch|p2a: Drifblim|Drifblim, M|442/442","|turn|1","|","|move|p2a: Drifblim|Substitute|p2a: Drifblim","|-start|p2a: Drifblim|Substitute","|-damage|p2a: Drifblim|332/442","|move|p1a: Shuckle|Stealth Rock|p2a: Drifblim","|-sidestart|p2: Kuersad|move: Stealth Rock","|","|turn|2","|","|move|p2a: Drifblim|Stockpile|p2a: Drifblim","|-start|p2a: Drifblim|stockpile1","|-boost|p2a: Drifblim|def|1","|-boost|p2a: Drifblim|spd|1","|move|p1a: Shuckle|Encore|p2a: Drifblim","|-start|p2a: Drifblim|Encore","|","|turn|3","|","|move|p2a: Drifblim|Stockpile|p2a: Drifblim","|-start|p2a: Drifblim|stockpile2","|-boost|p2a: Drifblim|def|1","|-boost|p2a: Drifblim|spd|1","|move|p1a: Shuckle|Infestation|p2a: Drifblim","|-resisted|p2a: Drifblim","|-activate|p2a: Drifblim|Substitute|[damage]","|","|turn|4","|","|move|p2a: Drifblim|Stockpile|p2a: Drifblim","|-start|p2a: Drifblim|stockpile3","|-boost|p2a: Drifblim|def|1","|-boost|p2a: Drifblim|spd|1","|move|p1a: Shuckle|Sticky Web|p2a: Drifblim","|-sidestart|p2: Kuersad|move: Sticky Web","|","|turn|5","|","|move|p2a: Drifblim|Stockpile|p2a: Drifblim","|-fail|p2a: Drifblim","|move|p1a: Shuckle|Encore|p2a: Drifblim","|-fail|p2a: Drifblim","|","|-end|p2a: Drifblim|Encore","|turn|6","|","|move|p2a: Drifblim|Pain Split|p1a: Shuckle","|-sethp|p1a: Shuckle|244/244|p2a: Drifblim|288/442|[from] move: Pain Split","|move|p1a: Shuckle|Encore|p2a: Drifblim","|-start|p2a: Drifblim|Encore","|","|turn|7","|","|move|p2a: Drifblim|Pain Split|p1a: Shuckle","|-sethp|p1a: Shuckle|244/244|p2a: Drifblim|266/442|[from] move: Pain Split","|move|p1a: Shuckle|Stealth Rock|p2a: Drifblim","|-fail|p2a: Drifblim","|","|turn|8","|","|switch|p1a: Rotom-Wash|Rotom-Wash, shiny|303/303","|move|p2a: Drifblim|Pain Split|p1a: Rotom-Wash","|-sethp|p1a: Rotom-Wash|284/303|p2a: Drifblim|284/442|[from] move: Pain Split","|","|-heal|p1a: Rotom-Wash|302/303|[from] item: Leftovers","|turn|9","|","|move|p2a: Drifblim|Pain Split|p1a: Rotom-Wash","|-sethp|p1a: Rotom-Wash|293/303|p2a: Drifblim|293/442|[from] move: Pain Split","|move|p1a: Rotom-Wash|Volt Switch|p2a: Drifblim","|-supereffective|p2a: Drifblim","|-end|p2a: Drifblim|Substitute","|","|switch|p1a: Sylveon|Sylveon, F|393/393","|","|-end|p2a: Drifblim|Encore","|turn|10","|","|move|p2a: Drifblim|Pain Split|p1a: Sylveon","|-sethp|p1a: Sylveon|343/393|p2a: Drifblim|343/442|[from] move: Pain Split","|move|p1a: Sylveon|Hyper Voice|p2a: Drifblim","|-damage|p2a: Drifblim|213/442","|-enditem|p2a: Drifblim|Sitrus Berry|[eat]","|-heal|p2a: Drifblim|323/442|[from] item: Sitrus Berry","|","|-heal|p1a: Sylveon|367/393|[from] item: Leftovers","|turn|11","|","|move|p2a: Drifblim|Baton Pass|p2a: Drifblim","|","|switch|p2a: Venusaur|Venusaur, F|364/364","|-damage|p2a: Venusaur|319/364|[from] Stealth Rock","|-activate|p2a: Venusaur|move: Sticky Web","|-unboost|p2a: Venusaur|spe|1","|move|p1a: Sylveon|Substitute|p1a: Sylveon","|-start|p1a: Sylveon|Substitute","|-damage|p1a: Sylveon|269/393","|","|-heal|p1a: Sylveon|293/393|[from] item: Leftovers","|turn|12","|","|detailschange|p2a: Venusaur|Venusaur-Mega, F","|-mega|p2a: Venusaur|Venusaur|Venusaurite","|move|p1a: Sylveon|Calm Mind|p1a: Sylveon","|-boost|p1a: Sylveon|spa|1","|-boost|p1a: Sylveon|spd|1","|move|p2a: Venusaur|Substitute|p2a: Venusaur","|-start|p2a: Venusaur|Substitute","|-damage|p2a: Venusaur|228/364","|","|-heal|p1a: Sylveon|317/393|[from] item: Leftovers","|turn|13","|","|move|p1a: Sylveon|Calm Mind|p1a: Sylveon","|-boost|p1a: Sylveon|spa|1","|-boost|p1a: Sylveon|spd|1","|move|p2a: Venusaur|Leech Seed|p1a: Sylveon","|-fail|p1a: Sylveon","|","|-heal|p1a: Sylveon|341/393|[from] item: Leftovers","|turn|14","|","|move|p1a: Sylveon|Calm Mind|p1a: Sylveon","|-boost|p1a: Sylveon|spa|1","|-boost|p1a: Sylveon|spd|1","|move|p2a: Venusaur|Sludge Bomb|p1a: Sylveon","|-supereffective|p1a: Sylveon","|-activate|p1a: Sylveon|Substitute|[damage]","|","|-heal|p1a: Sylveon|365/393|[from] item: Leftovers","|turn|15","|","|move|p1a: Sylveon|Calm Mind|p1a: Sylveon","|-boost|p1a: Sylveon|spa|1","|-boost|p1a: Sylveon|spd|1","|move|p2a: Venusaur|Sludge Bomb|p1a: Sylveon","|-supereffective|p1a: Sylveon","|-end|p1a: Sylveon|Substitute","|","|-heal|p1a: Sylveon|389/393|[from] item: Leftovers","|turn|16","|","|move|p1a: Sylveon|Baton Pass|p1a: Sylveon","|","|switch|p1a: Latias|Latias, F|319/319","|move|p2a: Venusaur|Giga Drain|p1a: Latias","|-resisted|p1a: Latias","|-damage|p1a: Latias|302/319","|-heal|p2a: Venusaur|237/364|[from] drain|[of] p1a: Latias","|","|turn|17","|","|move|p1a: Latias|Psyshock|p2a: Venusaur","|-supereffective|p2a: Venusaur","|-end|p2a: Venusaur|Substitute","|-damage|p1a: Latias|271/319|[from] item: Life Orb","|move|p2a: Venusaur|Leech Seed|p1a: Latias","|-start|p1a: Latias|move: Leech Seed","|","|-damage|p1a: Latias|232/319|[from] Leech Seed|[of] p2a: Venusaur","|-heal|p2a: Venusaur|276/364|[silent]","|turn|18","|","|switch|p2a: Snorlax|Snorlax, M|524/524","|-damage|p2a: Snorlax|459/524|[from] Stealth Rock","|-activate|p2a: Snorlax|move: Sticky Web","|-unboost|p2a: Snorlax|spe|1","|move|p1a: Latias|Defog|p2a: Snorlax","|-unboost|p2a: Snorlax|evasion|1","|-sideend|p2: Kuersad|Stealth Rock|[from] move: Defog|[of] p2a: Snorlax","|-sideend|p2: Kuersad|Sticky Web|[from] move: Defog|[of] p2a: Snorlax","|","|-damage|p1a: Latias|193/319|[from] Leech Seed|[of] p2a: Snorlax","|-heal|p2a: Snorlax|498/524|[silent]","|turn|19","|","|move|p1a: Latias|Draco Meteor|p2a: Snorlax","|-damage|p2a: Snorlax|0 fnt","|-unboost|p1a: Latias|spa|2","|-damage|p1a: Latias|162/319|[from] item: Life Orb","|faint|p2a: Snorlax","|","|","|switch|p2a: Drifblim|Drifblim, M|323/442","|turn|20","|","|move|p1a: Latias|Psyshock|p2a: Drifblim","|-damage|p2a: Drifblim|0 fnt","|-damage|p1a: Latias|131/319|[from] item: Life Orb","|faint|p2a: Drifblim","|","|","|switch|p2a: Venusaur|Venusaur-Mega, F|276/364","|turn|21","|","|move|p1a: Latias|Psyshock|p2a: Venusaur","|-supereffective|p2a: Venusaur","|-damage|p2a: Venusaur|0 fnt","|-damage|p1a: Latias|100/319|[from] item: Life Orb","|faint|p2a: Venusaur","|","|","|switch|p2a: Charizard|Charizard, F|297/297","|turn|22","|","|move|p1a: Latias|Draco Meteor|p2a: Charizard|[miss]","|-miss|p1a: Latias|p2a: Charizard","|move|p2a: Charizard|Dragon Pulse|p1a: Latias","|-supereffective|p1a: Latias","|-damage|p1a: Latias|44/319","|","|-damage|p1a: Latias|5/319|[from] Leech Seed|[of] p2a: Charizard","|turn|23","|","|move|p1a: Latias|Draco Meteor|p2a: Charizard","|-damage|p2a: Charizard|0 fnt","|-unboost|p1a: Latias|spa|2","|-damage|p1a: Latias|0 fnt|[from] item: Life Orb","|faint|p2a: Charizard","|faint|p1a: Latias","|","|","|switch|p2a: Infernape|Infernape, F|294/294","|switch|p1a: Rotom-Wash|Rotom-Wash, shiny|293/303","|turn|24","|","|move|p2a: Infernape|Fling|p1a: Rotom-Wash","|-enditem|p2a: Infernape|King's Rock|[from] move: Fling","|-damage|p1a: Rotom-Wash|266/303","|cant|p1a: Rotom-Wash|flinch","|","|-heal|p1a: Rotom-Wash|284/303|[from] item: Leftovers","|turn|25","|","|switch|p2a: Dragonite|Dragonite, F|324/324","|move|p1a: Rotom-Wash|Hydro Pump|p2a: Dragonite","|-resisted|p2a: Dragonite","|-damage|p2a: Dragonite|288/324","|","|-heal|p1a: Rotom-Wash|302/303|[from] item: Leftovers","|turn|26","|","|move|p2a: Dragonite|Extreme Speed|p1a: Rotom-Wash","|-damage|p1a: Rotom-Wash|214/303","|move|p1a: Rotom-Wash|Volt Switch|p2a: Dragonite","|-damage|p2a: Dragonite|204/324","|","|switch|p1a: Aggron|Aggron, F|344/344","|","|turn|27","|","|move|p2a: Dragonite|Aqua Tail|p1a: Aggron|[miss]","|-miss|p2a: Dragonite|p1a: Aggron","|move|p1a: Aggron|Heavy Slam|p2a: Dragonite","|-damage|p2a: Dragonite|147/324","|","|turn|28","|","|move|p2a: Dragonite|Dragon Dance|p2a: Dragonite","|-boost|p2a: Dragonite|atk|1","|-boost|p2a: Dragonite|spe|1","|move|p1a: Aggron|Roar|p2a: Dragonite","|drag|p2a: Infernape|Infernape, F|294/294","|","|turn|29","|","|move|p2a: Infernape|Flare Blitz|p1a: Aggron","|-damage|p1a: Aggron|233/344","|-damage|p2a: Infernape|257/294|[from] recoil|[of] p1a: Aggron","|move|p1a: Aggron|Earthquake|p2a: Infernape","|-supereffective|p2a: Infernape","|-damage|p2a: Infernape|31/294","|","|turn|30","|","|move|p2a: Infernape|Close Combat|p1a: Aggron","|-crit|p1a: Aggron","|-supereffective|p1a: Aggron","|-damage|p1a: Aggron|0 fnt","|-unboost|p2a: Infernape|def|1","|-unboost|p2a: Infernape|spd|1","|faint|p1a: Aggron","|","|","|switch|p1a: Sylveon|Sylveon, F|389/393","|turn|31","|","|move|p2a: Infernape|Close Combat|p1a: Sylveon","|-resisted|p1a: Sylveon","|-damage|p1a: Sylveon|255/393","|-unboost|p2a: Infernape|def|1","|-unboost|p2a: Infernape|spd|1","|move|p1a: Sylveon|Substitute|p1a: Sylveon","|-start|p1a: Sylveon|Substitute","|-damage|p1a: Sylveon|157/393","|","|-heal|p1a: Sylveon|181/393|[from] item: Leftovers","|turn|32","|","|move|p2a: Infernape|Fake Out|p1a: Sylveon","|-fail|p2a: Infernape","|-hint|Fake Out only works on your first turn out.","|move|p1a: Sylveon|Calm Mind|p1a: Sylveon","|-boost|p1a: Sylveon|spa|1","|-boost|p1a: Sylveon|spd|1","|","|-heal|p1a: Sylveon|205/393|[from] item: Leftovers","|turn|33","|","|move|p2a: Infernape|Fake Out|p1a: Sylveon","|-fail|p2a: Infernape","|-hint|Fake Out only works on your first turn out.","|move|p1a: Sylveon|Hyper Voice|p2a: Infernape","|-damage|p2a: Infernape|0 fnt","|faint|p2a: Infernape","|","|-heal|p1a: Sylveon|229/393|[from] item: Leftovers","|player|p2","|","|win|Bumbersnuffle"],"p1rating":{"entryid":7299385,"formatid":"ou","userid":"bumbersnuffle","username":"Bumbersnuffle","r":1500,"rd":130,"sigma":0,"rpr":1540.1606143388,"rprd":122.8583080769,"rpsigma":0,"rptime":1438333200,"w":1,"l":0,"t":0,"gxe":55,"acre":1040.9615156559,"lacre":1040.9615156559,"oldacre":1000},"p2rating":{"entryid":"7298685","serverid":"eos","formatid":"ou","userid":"kuersad","username":"Kuersad","w":"1","l":4,"t":"0","gxe":41.3,"r":"1500","rd":"130","sigma":"0","rptime":"1438333200","rpr":1430.9316402549,"rprd":102.95005595276,"rpsigma":"0","acre":1000,"lacre":1000,"oldacre":"1008.3532280083"},"endType":"forfeit"}