{"seed":[40592,5031,61309,28375],"turns":39,"p1":"homiechad","p2":"Dr Felipe","p1team":[{"name":"Yanmega","species":"Yanmega","item":"lifeorb","ability":"Speed Boost","moves":["protect","airslash","bugbuzz","hiddenpowerice"],"nature":"Modest","evs":{"hp":0,"atk":0,"def":0,"spa":252,"spd":4,"spe":252},"ivs":{"hp":31,"atk":30,"def":30,"spa":31,"spd":31,"spe":31}},{"name":"Tyranitar","species":"Tyranitar","item":"tyranitarite","ability":"Sand Stream","moves":["dragondance","stoneedge","crunch","superpower"],"nature":"Jolly","evs":{"hp":0,"atk":252,"def":4,"spa":0,"spd":0,"spe":252},"ivs":{"hp":31,"atk":31,"def":31,"spa":31,"spd":31,"spe":31}},{"name":"Igloo","species":"alomomola","item":"leftovers","ability":"Regenerator","moves":["wish","toxic","scald","protect"],"nature":"Bold","evs":{"hp":252,"atk":0,"def":252,"spa":0,"spd":4,"spe":0},"shiny":true,"ivs":{"hp":31,"atk":31,"def":31,"spa":31,"spd":31,"spe":31}},{"name":"Clefable","species":"Clefable","item":"leftovers","ability":"Magic Guard","moves":["stealthrock","moonblast","thunderwave","softboiled"],"nature":"Calm","evs":{"hp":252,"atk":0,"def":172,"spa":0,"spd":84,"spe":0},"ivs":{"hp":31,"atk":31,"def":31,"spa":31,"spd":31,"spe":31}},{"name":"Victini","species":"Victini","item":"choicescarf","ability":"Victory Star","moves":["vcreate","boltstrike","uturn","zenheadbutt"],"nature":"Jolly","evs":{"hp":0,"atk":252,"def":0,"spa":0,"spd":4,"spe":252},"ivs":{"hp":31,"atk":31,"def":31,"spa":31,"spd":31,"spe":31}},{"name":"Excadrill","species":"Excadrill","item":"lifeorb","ability":"Sand Rush","moves":["earthquake","ironhead","rapidspin","rockslide"],"nature":"Adamant","evs":{"hp":0,"atk":252,"def":0,"spa":0,"spd":4,"spe":252},"ivs":{"hp":31,"atk":31,"def":31,"spa":31,"spd":31,"spe":31}}],"p2team":[{"name":"Method Man","species":"charizard","item":"charizarditex","ability":"Blaze","moves":["dragonclaw","flareblitz","roost","dragondance"],"nature":"Adamant","evs":{"hp":144,"atk":252,"def":0,"spa":0,"spd":0,"spe":112},"gender":"M","shiny":true,"ivs":{"hp":31,"atk":31,"def":31,"spa":31,"spd":31,"spe":31}},{"name":"The ODB","species":"azumarill","item":"assaultvest","ability":"Huge Power","moves":["playrough","waterfall","aquajet","knockoff"],"nature":"Adamant","evs":{"hp":240,"atk":252,"def":0,"spa":0,"spd":16,"spe":0},"gender":"M","ivs":{"hp":31,"atk":31,"def":31,"spa":31,"spd":31,"spe":31}},{"name":"Ghostface","species":"hoopaunbound","item":"sitrusberry","ability":"Magician","moves":["darkpulse","hyperspacehole","focusblast","substitute"],"nature":"Timid","evs":{"hp":4,"atk":0,"def":0,"spa":252,"spd":0,"spe":252},"ivs":{"hp":31,"atk":0,"def":31,"spa":31,"spd":31,"spe":31},"shiny":true},{"name":"The GZA","species":"excadrill","item":"airballoon","ability":"Mold Breaker","moves":["earthquake","ironhead","stealthrock","rapidspin"],"nature":"Jolly","evs":{"hp":4,"atk":252,"def":0,"spa":0,"spd":0,"spe":252},"gender":"M","ivs":{"hp":31,"atk":31,"def":31,"spa":31,"spd":31,"spe":31}},{"name":"The RZA","species":"ferrothorn","item":"rockyhelmet","ability":"Iron Barbs","moves":["gyroball","spikes","leechseed","protect"],"nature":"Relaxed","evs":{"hp":252,"atk":0,"def":88,"spa":0,"spd":168,"spe":0},"ivs":{"hp":31,"atk":31,"def":31,"spa":31,"spd":31,"spe":0}},{"name":"Inspectah Deck","species":"thundurus","item":"lifeorb","ability":"Prankster","moves":["thunderbolt","hiddenpowerice","taunt","thunderwave"],"nature":"Timid","evs":{"hp":0,"atk":0,"def":0,"spa":252,"spd":4,"spe":252},"ivs":{"hp":31,"atk":0,"def":30,"spa":31,"spd":31,"spe":31}}],"log":["|player|p1|homiechad|2","|player|p2|Dr Felipe|278","|gametype|singles","|gen|6","|tier|OU","|rated","|clearpoke","|poke|p1|Yanmega, F","|poke|p1|Tyranitar, M","|poke|p1|Alomomola, M, shiny","|poke|p1|Clefable, M","|poke|p1|Victini","|poke|p1|Excadrill, M","|poke|p2|Charizard, M, shiny","|poke|p2|Azumarill, M","|poke|p2|Hoopa-Unbound, shiny","|poke|p2|Excadrill, M","|poke|p2|Ferrothorn, M","|poke|p2|Thundurus, M","|rule|Swagger Clause: Swagger is banned","|rule|Baton Pass Clause: Limit one Baton Passer, can't pass Spe and other stats simultaneously","|rule|Sleep Clause Mod: Limit one foe put to sleep","|rule|Species Clause: Limit one of each Pokémon","|rule|OHKO Clause: OHKO moves are banned","|rule|Moody Clause: Moody is banned","|rule|Evasion Moves Clause: Evasion moves are banned","|rule|Endless Battle Clause: Forcing endless battles is banned","|rule|HP Percentage Mod: HP is shown in percentages","|teampreview","|","|start","|switch|p1a: Yanmega|Yanmega, F|313/313","|switch|p2a: Inspectah Deck|Thundurus, M|299/299","|turn|1","|","|move|p1a: Yanmega|Protect|p1a: Yanmega","|-singleturn|p1a: Yanmega|Protect","|move|p2a: Inspectah Deck|Thunder Wave|p1a: Yanmega","|-activate|p1a: Yanmega|Protect","|","|-boost|p1a: Yanmega|spe|1|[from] ability: Speed Boost","|turn|2","|","|switch|p2a: The ODB|Azumarill, M|401/401","|move|p1a: Yanmega|Hidden Power|p2a: The ODB","|-resisted|p2a: The ODB","|-damage|p2a: The ODB|361/401","|-damage|p1a: Yanmega|282/313|[from] item: Life Orb","|","|-boost|p1a: Yanmega|spe|1|[from] ability: Speed Boost","|turn|3","|","|move|p1a: Yanmega|Air Slash|p2a: The ODB","|-damage|p2a: The ODB|217/401","|-damage|p1a: Yanmega|251/313|[from] item: Life Orb","|move|p2a: The ODB|Waterfall|p1a: Yanmega","|-crit|p1a: Yanmega","|-damage|p1a: Yanmega|0 fnt","|faint|p1a: Yanmega","|","|","|switch|p1a: Igloo|Alomomola, M, shiny|534/534","|turn|4","|","|move|p1a: Igloo|Toxic|p2a: The ODB","|-status|p2a: The ODB|tox","|move|p2a: The ODB|Knock Off|p1a: Igloo","|-damage|p1a: Igloo|413/534","|-enditem|p1a: Igloo|Leftovers|[from] move: Knock Off|[of] p2a: The ODB","|","|-damage|p2a: The ODB|192/401 tox|[from] psn","|turn|5","|","|switch|p2a: The RZA|Ferrothorn, M|352/352","|move|p1a: Igloo|Wish|p1a: Igloo","|","|turn|6","|","|switch|p1a: Victini|Victini|341/341","|move|p2a: The RZA|Leech Seed|p1a: Victini","|-start|p1a: Victini|move: Leech Seed","|","|-damage|p1a: Victini|299/341|[from] Leech Seed|[of] p2a: The RZA","|turn|7","|","|move|p2a: The RZA|Protect|p2a: The RZA","|-singleturn|p2a: The RZA|Protect","|move|p1a: Victini|Bolt Strike|p2a: The RZA","|-activate|p2a: The RZA|Protect","|","|-damage|p1a: Victini|257/341|[from] Leech Seed|[of] p2a: The RZA","|turn|8","|","|move|p1a: Victini|Bolt Strike|p2a: The RZA","|-resisted|p2a: The RZA","|-damage|p2a: The RZA|310/352","|-damage|p1a: Victini|215/341|[from] ability: Iron Barbs|[of] p2a: The RZA","|-damage|p1a: Victini|159/341|[from] item: Rocky Helmet|[of] p2a: The RZA","|move|p2a: The RZA|Spikes|p1a: Victini","|-sidestart|p1: homiechad|Spikes","|","|-damage|p1a: Victini|117/341|[from] Leech Seed|[of] p2a: The RZA","|-heal|p2a: The RZA|352/352|[silent]","|turn|9","|","|switch|p1a: Tyranitar|Tyranitar, M|341/341","|-damage|p1a: Tyranitar|299/341|[from] Spikes","|-weather|Sandstorm","|move|p2a: The RZA|Leech Seed|p1a: Tyranitar","|-start|p1a: Tyranitar|move: Leech Seed","|","|-weather|Sandstorm|[upkeep]","|-damage|p1a: Tyranitar|257/341|[from] Leech Seed|[of] p2a: The RZA","|turn|10","|","|detailschange|p1a: Tyranitar|Tyranitar-Mega, M","|-mega|p1a: Tyranitar|Tyranitar|Tyranitarite","|move|p2a: The RZA|Protect|p2a: The RZA","|-singleturn|p2a: The RZA|Protect","|move|p1a: Tyranitar|Dragon Dance|p1a: Tyranitar","|-boost|p1a: Tyranitar|atk|1","|-boost|p1a: Tyranitar|spe|1","|","|-weather|Sandstorm|[upkeep]","|-damage|p1a: Tyranitar|215/341|[from] Leech Seed|[of] p2a: The RZA","|turn|11","|","|move|p1a: Tyranitar|Superpower|p2a: The RZA","|-crit|p2a: The RZA","|-supereffective|p2a: The RZA","|-damage|p2a: The RZA|0 fnt","|-damage|p1a: Tyranitar|173/341|[from] ability: Iron Barbs|[of] p2a: The RZA","|-damage|p1a: Tyranitar|117/341|[from] item: Rocky Helmet|[of] p2a: The RZA","|-unboost|p1a: Tyranitar|atk|1","|-unboost|p1a: Tyranitar|def|1","|faint|p2a: The RZA","|","|-weather|Sandstorm|[upkeep]","|","|switch|p2a: The ODB|Azumarill, M|192/401 tox","|turn|12","|","|switch|p1a: Igloo|Alomomola, M, shiny|534/534","|-damage|p1a: Igloo|468/534|[from] Spikes","|move|p2a: The ODB|Aqua Jet|p1a: Igloo","|-resisted|p1a: Igloo","|-damage|p1a: Igloo|435/534","|","|-weather|Sandstorm|[upkeep]","|-damage|p1a: Igloo|402/534|[from] sandstorm","|-damage|p2a: The ODB|167/401 tox|[from] sandstorm","|-damage|p2a: The ODB|142/401 tox|[from] psn","|turn|13","|","|switch|p2a: Inspectah Deck|Thundurus, M|299/299","|move|p1a: Igloo|Wish|p1a: Igloo","|","|-weather|none","|turn|14","|","|switch|p1a: Tyranitar|Tyranitar-Mega, M|117/341","|-damage|p1a: Tyranitar|75/341|[from] Spikes","|-weather|Sandstorm","|move|p2a: Inspectah Deck|Taunt|p1a: Tyranitar","|-start|p1a: Tyranitar|move: Taunt","|","|-weather|Sandstorm|[upkeep]","|-damage|p2a: Inspectah Deck|281/299|[from] sandstorm","|-heal|p1a: Tyranitar|341/341|[from] move: Wish|[wisher] Igloo","|turn|15","|","|move|p2a: Inspectah Deck|Thunder Wave|p1a: Tyranitar","|-status|p1a: Tyranitar|par","|cant|p1a: Tyranitar|par","|","|-weather|Sandstorm|[upkeep]","|-damage|p2a: Inspectah Deck|263/299|[from] sandstorm","|turn|16","|","|switch|p2a: The GZA|Excadrill, M|362/362","|-ability|p2a: The GZA|Mold Breaker","|-item|p2a: The GZA|Air Balloon","|cant|p1a: Tyranitar|par","|","|-weather|Sandstorm|[upkeep]","|-end|p1a: Tyranitar|move: Taunt","|turn|17","|","|move|p2a: The GZA|Earthquake|p1a: Tyranitar","|-supereffective|p1a: Tyranitar","|-damage|p1a: Tyranitar|89/341 par","|move|p1a: Tyranitar|Superpower|p2a: The GZA","|-supereffective|p2a: The GZA","|-damage|p2a: The GZA|0 fnt","|-enditem|p2a: The GZA|Air Balloon","|-unboost|p1a: Tyranitar|atk|1","|-unboost|p1a: Tyranitar|def|1","|faint|p2a: The GZA","|","|-weather|Sandstorm|[upkeep]","|","|switch|p2a: Inspectah Deck|Thundurus, M|263/299","|turn|18","|","|move|p2a: Inspectah Deck|Thunderbolt|p1a: Tyranitar","|-damage|p1a: Tyranitar|0 fnt","|-damage|p2a: Inspectah Deck|234/299|[from] item: Life Orb","|faint|p1a: Tyranitar","|","|-weather|none","|","|switch|p1a: Clefable|Clefable, M|394/394","|turn|19","|","|move|p2a: Inspectah Deck|Taunt|p1a: Clefable","|-start|p1a: Clefable|move: Taunt","|move|p1a: Clefable|Moonblast|p2a: Inspectah Deck","|-damage|p2a: Inspectah Deck|95/299","|-unboost|p2a: Inspectah Deck|spa|1","|","|turn|20","|","|move|p2a: Inspectah Deck|Thunderbolt|p1a: Clefable","|-damage|p1a: Clefable|268/394","|-damage|p2a: Inspectah Deck|66/299|[from] item: Life Orb","|move|p1a: Clefable|Moonblast|p2a: Inspectah Deck","|-damage|p2a: Inspectah Deck|0 fnt","|faint|p2a: Inspectah Deck","|","|-heal|p1a: Clefable|292/394|[from] item: Leftovers","|","|switch|p2a: Method Man|Charizard, M, shiny|333/333","|turn|21","|","|switch|p1a: Excadrill|Excadrill, M|361/361","|-damage|p1a: Excadrill|316/361|[from] Spikes","|move|p2a: Method Man|Dragon Dance|p2a: Method Man","|-boost|p2a: Method Man|atk|1","|-boost|p2a: Method Man|spe|1","|","|turn|22","|","|detailschange|p2a: Method Man|Charizard-Mega-X, M, shiny","|-mega|p2a: Method Man|Charizard|Charizardite X","|move|p2a: Method Man|Flare Blitz|p1a: Excadrill","|-supereffective|p1a: Excadrill","|-damage|p1a: Excadrill|0 fnt","|-damage|p2a: Method Man|229/333|[from] recoil|[of] p1a: Excadrill","|faint|p1a: Excadrill","|","|","|switch|p1a: Igloo|Alomomola, M, shiny|534/534","|-damage|p1a: Igloo|468/534|[from] Spikes","|turn|23","|","|switch|p2a: The ODB|Azumarill, M|142/401 tox","|move|p1a: Igloo|Toxic|p2a: The ODB","|-fail|p2a: The ODB|tox","|","|-damage|p2a: The ODB|117/401 tox|[from] psn","|turn|24","|","|move|p1a: Igloo|Protect|p1a: Igloo","|-singleturn|p1a: Igloo|Protect","|move|p2a: The ODB|Play Rough|p1a: Igloo","|-activate|p1a: Igloo|Protect","|","|-damage|p2a: The ODB|67/401 tox|[from] psn","|turn|25","|","|move|p1a: Igloo|Protect|p1a: Igloo","|-singleturn|p1a: Igloo|Protect","|move|p2a: The ODB|Play Rough|p1a: Igloo","|-activate|p1a: Igloo|Protect","|","|-damage|p2a: The ODB|0 fnt|[from] psn","|faint|p2a: The ODB","|","|switch|p2a: Ghostface|Hoopa-Unbound, shiny|302/302","|turn|26","|","|move|p2a: Ghostface|Substitute|p2a: Ghostface","|-start|p2a: Ghostface|Substitute","|-damage|p2a: Ghostface|227/302","|move|p1a: Igloo|Toxic|p2a: Ghostface","|-fail|p2a: Ghostface","|","|turn|27","|","|move|p2a: Ghostface|Hyperspace Hole|p1a: Igloo","|-damage|p1a: Igloo|117/534","|move|p1a: Igloo|Wish|p1a: Igloo","|","|turn|28","|","|switch|p1a: Clefable|Clefable, M|292/394","|move|p2a: Ghostface|Hyperspace Hole|p1a: Clefable","|-crit|p1a: Clefable","|-damage|p1a: Clefable|51/394","|","|-heal|p1a: Clefable|318/394|[from] move: Wish|[wisher] Igloo","|-heal|p1a: Clefable|342/394|[from] item: Leftovers","|turn|29","|","|move|p2a: Ghostface|Hyperspace Hole|p1a: Clefable","|-damage|p1a: Clefable|188/394","|move|p1a: Clefable|Moonblast|p2a: Ghostface","|-supereffective|p2a: Ghostface","|-end|p2a: Ghostface|Substitute","|","|-heal|p1a: Clefable|212/394|[from] item: Leftovers","|turn|30","|","|switch|p2a: Method Man|Charizard-Mega-X, M, shiny|229/333","|move|p1a: Clefable|Moonblast|p2a: Method Man","|-damage|p2a: Method Man|105/333","|","|-heal|p1a: Clefable|236/394|[from] item: Leftovers","|turn|31","|","|switch|p1a: Igloo|Alomomola, M, shiny|295/534","|-damage|p1a: Igloo|229/534|[from] Spikes","|move|p2a: Method Man|Roost|p2a: Method Man","|-heal|p2a: Method Man|272/333","|","|turn|32","|","|move|p2a: Method Man|Dragon Dance|p2a: Method Man","|-boost|p2a: Method Man|atk|1","|-boost|p2a: Method Man|spe|1","|move|p1a: Igloo|Toxic|p2a: Method Man|[miss]","|-miss|p1a: Igloo|p2a: Method Man","|","|turn|33","|","|switch|p1a: Clefable|Clefable, M|236/394","|move|p2a: Method Man|Dragon Claw|p1a: Clefable","|-immune|p1a: Clefable|[msg]","|","|-heal|p1a: Clefable|260/394|[from] item: Leftovers","|turn|34","|","|move|p2a: Method Man|Flare Blitz|p1a: Clefable","|-damage|p1a: Clefable|0 fnt","|-damage|p2a: Method Man|186/333|[from] recoil|[of] p1a: Clefable","|faint|p1a: Clefable","|","|","|switch|p1a: Igloo|Alomomola, M, shiny|407/534","|-damage|p1a: Igloo|341/534|[from] Spikes","|turn|35","|","|move|p2a: Method Man|Dragon Claw|p1a: Igloo","|-damage|p1a: Igloo|92/534","|move|p1a: Igloo|Toxic|p2a: Method Man","|-status|p2a: Method Man|tox","|","|-damage|p2a: Method Man|166/333 tox|[from] psn","|turn|36","|","|move|p1a: Igloo|Protect|p1a: Igloo","|-singleturn|p1a: Igloo|Protect","|move|p2a: Method Man|Roost|p2a: Method Man","|-heal|p2a: Method Man|333/333 tox","|","|-damage|p2a: Method Man|293/333 tox|[from] psn","|turn|37","|","|move|p1a: Igloo|Protect|p1a: Igloo","|-singleturn|p1a: Igloo|Protect","|move|p2a: Method Man|Dragon Claw|p1a: Igloo","|-activate|p1a: Igloo|Protect","|","|-damage|p2a: Method Man|233/333 tox|[from] psn","|turn|38","|","|move|p1a: Igloo|Protect|p1a: Igloo","|-fail|p1a: Igloo","|move|p2a: Method Man|Dragon Claw|p1a: Igloo","|-damage|p1a: Igloo|0 fnt","|faint|p1a: Igloo","|","|-damage|p2a: Method Man|153/333 tox|[from] psn","|","|switch|p1a: Victini|Victini|117/341","|-damage|p1a: Victini|75/341|[from] Spikes","|turn|39","|","|move|p1a: Victini|Bolt Strike|p2a: Method Man","|-resisted|p2a: Method Man","|-damage|p2a: Method Man|95/333 tox","|move|p2a: Method Man|Dragon Claw|p1a: Victini","|-damage|p1a: Victini|0 fnt","|faint|p1a: Victini","|","|win|Dr Felipe"],"p1rating":{"entryid":"7298694","serverid":"eos","formatid":"ou","userid":"homiechad","username":"homiechad","w":"1","l":1,"t":"0","gxe":50,"r":"1500","rd":"130","sigma":"0","rptime":"1438333200","rpr":1500,"rprd":116.77753930647,"rpsigma":"0","acre":1023.491008278,"lacre":1023.491008278,"oldacre":"1040"},"p2rating":{"entryid":"7298674","serverid":"eos","formatid":"ou","userid":"drfelipe","username":"Dr Felipe","w":2,"l":"1","t":"0","gxe":55.6,"r":"1500","rd":"130","sigma":"0","rptime":"1438333200","rpr":1544.4364486609,"rprd":111.83380143641,"rpsigma":"0","acre":1065.7364723749,"lacre":1065.7364723749,"oldacre":"1028.9436544999"},"endType":"normal"}