{"seed":[65052,19404,37670,24712],"turns":23,"p1":"Toastiify","p2":"GarasuReona","p1team":[{"name":"Manaphy","species":"Manaphy","item":"leftovers","ability":"Hydration","moves":["tailglow","raindance","scald","energyball"],"nature":"Timid","evs":{"hp":96,"atk":0,"def":0,"spa":252,"spd":0,"spe":160},"ivs":{"hp":31,"atk":31,"def":31,"spa":31,"spd":31,"spe":31}},{"name":"Thundurus-Therian","species":"Thundurus-Therian","item":"lifeorb","ability":"Volt Absorb","moves":["voltswitch","thunder","nastyplot","taunt"],"nature":"Timid","evs":{"hp":0,"atk":0,"def":0,"spa":252,"spd":4,"spe":252},"ivs":{"hp":31,"atk":31,"def":31,"spa":31,"spd":31,"spe":31}},{"name":"Bisharp","species":"Bisharp","item":"blackglasses","ability":"Defiant","moves":["suckerpunch","knockoff","pursuit","ironhead"],"nature":"Adamant","evs":{"hp":104,"atk":252,"def":0,"spa":0,"spd":0,"spe":152},"ivs":{"hp":31,"atk":31,"def":31,"spa":31,"spd":31,"spe":31}},{"name":"Gallade","species":"Gallade","item":"galladite","ability":"Steadfast","moves":["drainpunch","zenheadbutt","icepunch","taunt"],"nature":"Adamant","evs":{"hp":248,"atk":252,"def":0,"spa":0,"spd":8,"spe":0},"ivs":{"hp":31,"atk":31,"def":31,"spa":31,"spd":31,"spe":31}},{"name":"Heatran","species":"Heatran","item":"leftovers","ability":"Flash Fire","moves":["earthpower","ancientpower","lavaplume","flashcannon"],"nature":"","evs":{"hp":172,"atk":0,"def":252,"spa":32,"spd":0,"spe":52},"ivs":{"hp":31,"atk":31,"def":31,"spa":31,"spd":31,"spe":31}},{"name":"Landorus-Therian","species":"Landorus-Therian","item":"rockyhelmet","ability":"Intimidate","moves":["stealthrock","earthquake","stoneedge","uturn"],"nature":"Adamant","evs":{"hp":248,"atk":252,"def":0,"spa":0,"spd":0,"spe":8},"ivs":{"hp":31,"atk":31,"def":31,"spa":31,"spd":31,"spe":31}}],"p2team":[{"name":"Manectric","species":"Manectric","item":"manectite","ability":"Static","moves":["voltswitch","flamethrower","hiddenpowerice","thunderbolt"],"nature":"Timid","evs":{"hp":4,"atk":0,"def":0,"spa":252,"spd":0,"spe":252},"ivs":{"hp":31,"atk":30,"def":30,"spa":31,"spd":31,"spe":31}},{"name":"Landorus-Therian","species":"Landorus-Therian","item":"leftovers","ability":"Intimidate","moves":["earthquake","uturn","stoneedge","stealthrock"],"nature":"Impish","evs":{"hp":252,"atk":0,"def":240,"spa":0,"spd":8,"spe":8},"ivs":{"hp":31,"atk":31,"def":31,"spa":31,"spd":31,"spe":31}},{"name":"Empoleon","species":"Empoleon","item":"leftovers","ability":"Torrent","moves":["scald","roar","toxic","defog"],"nature":"Calm","evs":{"hp":248,"atk":0,"def":8,"spa":0,"spd":252,"spe":0},"ivs":{"hp":31,"atk":31,"def":31,"spa":31,"spd":31,"spe":31}},{"name":"Talonflame","species":"Talonflame","item":"","ability":"Gale Wings","moves":["acrobatics","flareblitz","roost","bulkup"],"nature":"Jolly","evs":{"hp":0,"atk":252,"def":0,"spa":0,"spd":0,"spe":252},"ivs":{"hp":31,"atk":31,"def":31,"spa":31,"spd":31,"spe":31}},{"name":"Trevenant","species":"Trevenant","item":"leftovers","ability":"Natural Cure","moves":["substitute","phantomforce","willowisp","leechseed"],"nature":"Careful","evs":{"hp":252,"atk":4,"def":0,"spa":0,"spd":252,"spe":0},"ivs":{"hp":31,"atk":31,"def":31,"spa":31,"spd":31,"spe":31}},{"name":"Dragonite","species":"Dragonite","item":"weaknesspolicy","ability":"Multiscale","moves":["dragondance","dragonclaw","extremespeed","earthquake"],"nature":"Jolly","evs":{"hp":0,"atk":252,"def":0,"spa":0,"spd":4,"spe":252},"ivs":{"hp":31,"atk":31,"def":31,"spa":31,"spd":31,"spe":31}}],"log":["|player|p1|Toastiify|66","|player|p2|GarasuReona|179","|gametype|singles","|gen|6","|tier|OU","|rated","|clearpoke","|poke|p1|Manaphy","|poke|p1|Thundurus-Therian, M","|poke|p1|Bisharp, M","|poke|p1|Gallade, M","|poke|p1|Heatran, F","|poke|p1|Landorus-Therian, M","|poke|p2|Manectric, M","|poke|p2|Landorus-Therian, M","|poke|p2|Empoleon, F","|poke|p2|Talonflame, F","|poke|p2|Trevenant, M","|poke|p2|Dragonite, F","|rule|Swagger Clause: Swagger is banned","|rule|Baton Pass Clause: Limit one Baton Passer, can't pass Spe and other stats simultaneously","|rule|Sleep Clause Mod: Limit one foe put to sleep","|rule|Species Clause: Limit one of each Pokémon","|rule|OHKO Clause: OHKO moves are banned","|rule|Moody Clause: Moody is banned","|rule|Evasion Moves Clause: Evasion moves are banned","|rule|Endless Battle Clause: Forcing endless battles is banned","|rule|HP Percentage Mod: HP is shown in percentages","|teampreview","|","|start","|switch|p1a: Bisharp|Bisharp, M|297/297","|switch|p2a: Trevenant|Trevenant, M|374/374","|turn|1","|","|move|p1a: Bisharp|Pursuit|p2a: Trevenant","|-supereffective|p2a: Trevenant","|-damage|p2a: Trevenant|128/374","|move|p2a: Trevenant|Substitute|p2a: Trevenant","|-start|p2a: Trevenant|Substitute","|-damage|p2a: Trevenant|35/374","|","|-heal|p2a: Trevenant|58/374|[from] item: Leftovers","|turn|2","|","|move|p1a: Bisharp|Pursuit|p2a: Trevenant","|-supereffective|p2a: Trevenant","|-end|p2a: Trevenant|Substitute","|move|p2a: Trevenant|Leech Seed|p1a: Bisharp","|-start|p1a: Bisharp|move: Leech Seed","|","|-heal|p2a: Trevenant|81/374|[from] item: Leftovers","|-damage|p1a: Bisharp|260/297|[from] Leech Seed|[of] p2a: Trevenant","|-heal|p2a: Trevenant|118/374|[silent]","|turn|3","|","|move|p1a: Bisharp|Pursuit|p2a: Trevenant","|-supereffective|p2a: Trevenant","|-damage|p2a: Trevenant|0 fnt","|faint|p2a: Trevenant","|","|","|switch|p2a: Manectric|Manectric, M|282/282","|turn|4","|","|switch|p1a: Landorus-Therian|Landorus-Therian, M|381/381","|-ability|p1a: Landorus-Therian|Intimidate","|-unboost|p2a: Manectric|atk|1","|detailschange|p2a: Manectric|Manectric-Mega, M","|-mega|p2a: Manectric|Manectric|Manectite","|-ability|p2a: Manectric|Intimidate","|-unboost|p1a: Landorus-Therian|atk|1","|move|p2a: Manectric|Flamethrower|p1a: Landorus-Therian","|-damage|p1a: Landorus-Therian|242/381","|","|turn|5","|","|move|p2a: Manectric|Hidden Power|p1a: Landorus-Therian","|-supereffective|p1a: Landorus-Therian","|-damage|p1a: Landorus-Therian|0 fnt","|faint|p1a: Landorus-Therian","|","|","|switch|p1a: Heatran|Heatran, F|366/366","|turn|6","|","|move|p2a: Manectric|Volt Switch|p1a: Heatran","|-damage|p1a: Heatran|252/366","|","|switch|p2a: Empoleon|Empoleon, F|371/371","|move|p1a: Heatran|Earth Power|p2a: Empoleon","|-supereffective|p2a: Empoleon","|-damage|p2a: Empoleon|239/371","|","|-heal|p1a: Heatran|274/366|[from] item: Leftovers","|-heal|p2a: Empoleon|262/371|[from] item: Leftovers","|turn|7","|","|switch|p1a: Gallade|Gallade, M|339/339","|move|p2a: Empoleon|Scald|p1a: Gallade","|-damage|p1a: Gallade|248/339","|","|-heal|p2a: Empoleon|285/371|[from] item: Leftovers","|turn|8","|","|switch|p2a: Talonflame|Talonflame, F|297/297","|detailschange|p1a: Gallade|Gallade-Mega, M","|-mega|p1a: Gallade|Gallade|Galladite","|move|p1a: Gallade|Drain Punch|p2a: Talonflame","|-resisted|p2a: Talonflame","|-damage|p2a: Talonflame|191/297","|-heal|p1a: Gallade|301/339|[from] drain|[of] p2a: Talonflame","|","|turn|9","|","|switch|p1a: Heatran|Heatran, F|274/366","|move|p2a: Talonflame|Bulk Up|p2a: Talonflame","|-boost|p2a: Talonflame|atk|1","|-boost|p2a: Talonflame|def|1","|","|-heal|p1a: Heatran|296/366|[from] item: Leftovers","|turn|10","|","|switch|p2a: Empoleon|Empoleon, F|285/371","|move|p1a: Heatran|Ancient Power|p2a: Empoleon","|-resisted|p2a: Empoleon","|-damage|p2a: Empoleon|265/371","|","|-heal|p1a: Heatran|318/366|[from] item: Leftovers","|-heal|p2a: Empoleon|288/371|[from] item: Leftovers","|turn|11","|","|switch|p1a: Thundurus-Therian|Thundurus-Therian, M|299/299","|move|p2a: Empoleon|Scald|p1a: Thundurus-Therian","|-damage|p1a: Thundurus-Therian|173/299","|-status|p1a: Thundurus-Therian|brn","|","|-heal|p2a: Empoleon|311/371|[from] item: Leftovers","|-damage|p1a: Thundurus-Therian|136/299 brn|[from] brn","|turn|12","|","|move|p1a: Thundurus-Therian|Thunder|p2a: Empoleon|[miss]","|-miss|p1a: Thundurus-Therian|p2a: Empoleon","|move|p2a: Empoleon|Scald|p1a: Thundurus-Therian","|-damage|p1a: Thundurus-Therian|16/299 brn","|","|-heal|p2a: Empoleon|334/371|[from] item: Leftovers","|-damage|p1a: Thundurus-Therian|0 fnt|[from] brn","|faint|p1a: Thundurus-Therian","|","|switch|p1a: Gallade|Gallade-Mega, M|301/339","|turn|13","|","|move|p1a: Gallade|Drain Punch|p2a: Empoleon","|-supereffective|p2a: Empoleon","|-damage|p2a: Empoleon|0 fnt","|-heal|p1a: Gallade|339/339|[from] drain|[of] p2a: Empoleon","|faint|p2a: Empoleon","|","|","|switch|p2a: Talonflame|Talonflame, F|191/297","|turn|14","|","|switch|p1a: Heatran|Heatran, F|318/366","|move|p2a: Talonflame|Bulk Up|p2a: Talonflame","|-boost|p2a: Talonflame|atk|1","|-boost|p2a: Talonflame|def|1","|","|-heal|p1a: Heatran|340/366|[from] item: Leftovers","|turn|15","|","|move|p2a: Talonflame|Acrobatics|p1a: Heatran","|-resisted|p1a: Heatran","|-damage|p1a: Heatran|261/366","|move|p1a: Heatran|Ancient Power|p2a: Talonflame","|-supereffective|p2a: Talonflame","|-damage|p2a: Talonflame|0 fnt","|faint|p2a: Talonflame","|","|-heal|p1a: Heatran|283/366|[from] item: Leftovers","|","|switch|p2a: Dragonite|Dragonite, F|323/323","|turn|16","|","|switch|p1a: Gallade|Gallade-Mega, M|339/339","|move|p2a: Dragonite|Dragon Dance|p2a: Dragonite","|-boost|p2a: Dragonite|atk|1","|-boost|p2a: Dragonite|spe|1","|","|turn|17","|","|move|p2a: Dragonite|Dragon Dance|p2a: Dragonite","|-boost|p2a: Dragonite|atk|1","|-boost|p2a: Dragonite|spe|1","|move|p1a: Gallade|Ice Punch|p2a: Dragonite","|-supereffective|p2a: Dragonite","|-damage|p2a: Dragonite|65/323","|-enditem|p2a: Dragonite|Weakness Policy","|-boost|p2a: Dragonite|atk|2|[from] item: Weakness Policy","|-boost|p2a: Dragonite|spa|2|[from] item: Weakness Policy","|","|turn|18","|","|move|p2a: Dragonite|Extreme Speed|p1a: Gallade","|-damage|p1a: Gallade|10/339","|move|p1a: Gallade|Ice Punch|p2a: Dragonite","|-supereffective|p2a: Dragonite","|-damage|p2a: Dragonite|0 fnt","|faint|p2a: Dragonite","|","|","|switch|p2a: Manectric|Manectric-Mega, M|282/282","|-ability|p2a: Manectric|Intimidate","|-unboost|p1a: Gallade|atk|1","|turn|19","|","|switch|p1a: Heatran|Heatran, F|283/366","|move|p2a: Manectric|Thunderbolt|p1a: Heatran","|-damage|p1a: Heatran|123/366","|","|-heal|p1a: Heatran|145/366|[from] item: Leftovers","|turn|20","|","|move|p2a: Manectric|Thunderbolt|p1a: Heatran","|-damage|p1a: Heatran|0 fnt","|faint|p1a: Heatran","|","|","|switch|p1a: Bisharp|Bisharp, M|260/297","|turn|21","|","|move|p2a: Manectric|Volt Switch|p1a: Bisharp","|-damage|p1a: Bisharp|85/297","|","|switch|p2a: Landorus-Therian|Landorus-Therian, M|382/382","|-ability|p2a: Landorus-Therian|Intimidate","|-unboost|p1a: Bisharp|atk|1","|-boost|p1a: Bisharp|atk|2|[from] ability: Defiant","|move|p1a: Bisharp|Knock Off|p2a: Landorus-Therian","|-damage|p2a: Landorus-Therian|144/382","|-enditem|p2a: Landorus-Therian|Leftovers|[from] move: Knock Off|[of] p1a: Bisharp","|","|turn|22","|","|move|p1a: Bisharp|Sucker Punch|p2a: Landorus-Therian","|-damage|p2a: Landorus-Therian|0 fnt","|faint|p2a: Landorus-Therian","|","|","|switch|p2a: Manectric|Manectric-Mega, M|282/282","|-ability|p2a: Manectric|Intimidate","|-unboost|p1a: Bisharp|atk|1","|-boost|p1a: Bisharp|atk|2|[from] ability: Defiant","|turn|23","|","|move|p1a: Bisharp|Sucker Punch|p2a: Manectric","|-crit|p2a: Manectric","|-damage|p2a: Manectric|0 fnt","|faint|p2a: Manectric","|","|win|Toastiify"],"p1rating":{"entryid":7298281,"formatid":"ou","userid":"toastiify","username":"Toastiify","r":1500,"rd":130,"sigma":0,"rpr":1543.5863143611,"rprd":122.30328732238,"rpsigma":0,"rptime":1438333200,"w":1,"l":0,"t":0,"gxe":55.4,"acre":1047.9655913973,"lacre":1047.9655913973,"oldacre":1000},"p2rating":{"entryid":"7030153","serverid":"eos","formatid":"ou","userid":"garasureona","username":"GarasuReona","w":"6","l":6,"t":"0","gxe":49.8,"r":"1518.0394860361","rd":"86.702529434459","sigma":"0","rptime":"1438333200","rpr":1498.1358465092,"rprd":84.488613761076,"rpsigma":"0","acre":1045.5203449967,"lacre":1045.5203449967,"oldacre":"1070.1252371076"},"endType":"normal"}