{"seed":[29263,23174,38565,61634],"turns":24,"p1":"Swordigo","p2":"Dr Felipe","p1team":[{"name":"Lopunny","species":"Lopunny","item":"lopunnite","ability":"Cute Charm","moves":["return","icepunch","fakeout","highjumpkick"],"nature":"Adamant","evs":{"hp":0,"atk":252,"def":4,"spa":0,"spd":0,"spe":252},"gender":"M","ivs":{"hp":31,"atk":31,"def":31,"spa":31,"spd":31,"spe":31}},{"name":"Precipice blade","species":"landorustherian","item":"leftovers","ability":"Intimidate","moves":["knockoff","uturn","swordsdance","earthquake"],"nature":"Jolly","evs":{"hp":4,"atk":236,"def":0,"spa":0,"spd":16,"spe":252},"ivs":{"hp":31,"atk":31,"def":31,"spa":31,"spd":31,"spe":31}},{"name":"Rotom-Wash","species":"Rotom-Wash","item":"leftovers","ability":"Levitate","moves":["voltswitch","thunderbolt","willowisp","hydropump"],"nature":"Modest","evs":{"hp":252,"atk":0,"def":0,"spa":252,"spd":0,"spe":4},"ivs":{"hp":31,"atk":31,"def":31,"spa":31,"spd":31,"spe":31}},{"name":"Latios","species":"Latios","item":"lifeorb","ability":"Levitate","moves":["psyshock","thunderbolt","recover","dracometeor"],"nature":"Timid","evs":{"hp":0,"atk":0,"def":0,"spa":252,"spd":4,"spe":252},"ivs":{"hp":31,"atk":31,"def":31,"spa":31,"spd":31,"spe":31}},{"name":"Bullet Scizor","species":"scizor","item":"lifeorb","ability":"Technician","moves":["uturn","bulletpunch","roost","superpower"],"nature":"Adamant","evs":{"hp":228,"atk":252,"def":0,"spa":0,"spd":24,"spe":4},"gender":"M","ivs":{"hp":31,"atk":31,"def":31,"spa":31,"spd":31,"spe":31}},{"name":"Heatran","species":"Heatran","item":"leftovers","ability":"Flash Fire","moves":["lavaplume","earthpower","stealthrock","ancientpower"],"nature":"Timid","evs":{"hp":4,"atk":0,"def":0,"spa":252,"spd":0,"spe":252},"gender":"M","ivs":{"hp":31,"atk":31,"def":31,"spa":31,"spd":31,"spe":31}}],"p2team":[{"name":"Method Man","species":"charizard","item":"charizarditex","ability":"Blaze","moves":["dragonclaw","flareblitz","roost","dragondance"],"nature":"Adamant","evs":{"hp":144,"atk":252,"def":0,"spa":0,"spd":0,"spe":112},"gender":"M","shiny":true,"ivs":{"hp":31,"atk":31,"def":31,"spa":31,"spd":31,"spe":31}},{"name":"The ODB","species":"azumarill","item":"assaultvest","ability":"Huge Power","moves":["playrough","waterfall","aquajet","knockoff"],"nature":"Adamant","evs":{"hp":240,"atk":252,"def":0,"spa":0,"spd":16,"spe":0},"gender":"M","ivs":{"hp":31,"atk":31,"def":31,"spa":31,"spd":31,"spe":31}},{"name":"Ghostface","species":"hoopaunbound","item":"sitrusberry","ability":"Magician","moves":["darkpulse","hyperspacehole","focusblast","substitute"],"nature":"Timid","evs":{"hp":4,"atk":0,"def":0,"spa":252,"spd":0,"spe":252},"ivs":{"hp":31,"atk":0,"def":31,"spa":31,"spd":31,"spe":31},"shiny":true},{"name":"The GZA","species":"excadrill","item":"airballoon","ability":"Mold Breaker","moves":["earthquake","ironhead","stealthrock","rapidspin"],"nature":"Jolly","evs":{"hp":4,"atk":252,"def":0,"spa":0,"spd":0,"spe":252},"gender":"M","ivs":{"hp":31,"atk":31,"def":31,"spa":31,"spd":31,"spe":31}},{"name":"The RZA","species":"ferrothorn","item":"rockyhelmet","ability":"Iron Barbs","moves":["gyroball","spikes","leechseed","protect"],"nature":"Relaxed","evs":{"hp":252,"atk":0,"def":88,"spa":0,"spd":168,"spe":0},"ivs":{"hp":31,"atk":31,"def":31,"spa":31,"spd":31,"spe":0}},{"name":"Inspectah Deck","species":"thundurus","item":"lifeorb","ability":"Prankster","moves":["thunderbolt","hiddenpowerice","taunt","thunderwave"],"nature":"Timid","evs":{"hp":0,"atk":0,"def":0,"spa":252,"spd":4,"spe":252},"ivs":{"hp":31,"atk":0,"def":30,"spa":31,"spd":31,"spe":31}}],"log":["|player|p1|Swordigo|210","|player|p2|Dr Felipe|278","|gametype|singles","|gen|6","|tier|OU","|rated","|clearpoke","|poke|p1|Lopunny, M","|poke|p1|Landorus-Therian, M","|poke|p1|Rotom-Wash","|poke|p1|Latios, M","|poke|p1|Scizor, M","|poke|p1|Heatran, M","|poke|p2|Charizard, M, shiny","|poke|p2|Azumarill, M","|poke|p2|Hoopa-Unbound, shiny","|poke|p2|Excadrill, M","|poke|p2|Ferrothorn, M","|poke|p2|Thundurus, M","|rule|Swagger Clause: Swagger is banned","|rule|Baton Pass Clause: Limit one Baton Passer, can't pass Spe and other stats simultaneously","|rule|Sleep Clause Mod: Limit one foe put to sleep","|rule|Species Clause: Limit one of each Pokémon","|rule|OHKO Clause: OHKO moves are banned","|rule|Moody Clause: Moody is banned","|rule|Evasion Moves Clause: Evasion moves are banned","|rule|Endless Battle Clause: Forcing endless battles is banned","|rule|HP Percentage Mod: HP is shown in percentages","|teampreview","|","|start","|switch|p1a: Heatran|Heatran, M|324/324","|switch|p2a: Inspectah Deck|Thundurus, M|299/299","|turn|1","|","|move|p2a: Inspectah Deck|Taunt|p1a: Heatran","|-start|p1a: Heatran|move: Taunt","|move|p1a: Heatran|Lava Plume|p2a: Inspectah Deck","|-damage|p2a: Inspectah Deck|136/299","|-status|p2a: Inspectah Deck|brn","|","|-damage|p2a: Inspectah Deck|99/299 brn|[from] brn","|turn|2","|","|move|p2a: Inspectah Deck|Thunder Wave|p1a: Heatran","|-status|p1a: Heatran|par","|move|p1a: Heatran|Lava Plume|p2a: Inspectah Deck","|-damage|p2a: Inspectah Deck|0 fnt","|faint|p2a: Inspectah Deck","|","|","|switch|p2a: The GZA|Excadrill, M|362/362","|-ability|p2a: The GZA|Mold Breaker","|-item|p2a: The GZA|Air Balloon","|turn|3","|","|switch|p1a: Precipice blade|Landorus-Therian, M|320/320","|-ability|p1a: Precipice blade|Intimidate","|-unboost|p2a: The GZA|atk|1","|move|p2a: The GZA|Earthquake|p1a: Precipice blade","|-immune|p1a: Precipice blade|[msg]","|","|turn|4","|","|switch|p2a: The RZA|Ferrothorn, M|352/352","|move|p1a: Precipice blade|Knock Off|p2a: The RZA","|-damage|p2a: The RZA|274/352","|-damage|p1a: Precipice blade|280/320|[from] ability: Iron Barbs|[of] p2a: The RZA","|-damage|p1a: Precipice blade|227/320|[from] item: Rocky Helmet|[of] p2a: The RZA","|-enditem|p2a: The RZA|Rocky Helmet|[from] move: Knock Off|[of] p1a: Precipice blade","|","|-heal|p1a: Precipice blade|247/320|[from] item: Leftovers","|turn|5","|","|switch|p1a: Heatran|Heatran, M|324/324 par","|move|p2a: The RZA|Leech Seed|p1a: Heatran","|-start|p1a: Heatran|move: Leech Seed","|","|-damage|p1a: Heatran|284/324 par|[from] Leech Seed|[of] p2a: The RZA","|-heal|p2a: The RZA|314/352|[silent]","|turn|6","|","|move|p2a: The RZA|Protect|p2a: The RZA","|-singleturn|p2a: The RZA|Protect","|cant|p1a: Heatran|par","|","|-heal|p1a: Heatran|304/324 par|[from] item: Leftovers","|-damage|p1a: Heatran|264/324 par|[from] Leech Seed|[of] p2a: The RZA","|-heal|p2a: The RZA|352/352|[silent]","|turn|7","|","|cant|p1a: Heatran|par","|move|p2a: The RZA|Spikes|p1a: Heatran","|-sidestart|p1: Swordigo|Spikes","|","|-heal|p1a: Heatran|284/324 par|[from] item: Leftovers","|-damage|p1a: Heatran|244/324 par|[from] Leech Seed|[of] p2a: The RZA","|turn|8","|","|move|p2a: The RZA|Protect|p2a: The RZA","|-singleturn|p2a: The RZA|Protect","|move|p1a: Heatran|Lava Plume|p2a: The RZA","|-activate|p2a: The RZA|Protect","|","|-heal|p1a: Heatran|264/324 par|[from] item: Leftovers","|-damage|p1a: Heatran|224/324 par|[from] Leech Seed|[of] p2a: The RZA","|turn|9","|","|switch|p2a: The ODB|Azumarill, M|401/401","|move|p1a: Heatran|Stealth Rock|p2a: The ODB","|-sidestart|p2: Dr Felipe|move: Stealth Rock","|","|-heal|p1a: Heatran|244/324 par|[from] item: Leftovers","|-damage|p1a: Heatran|204/324 par|[from] Leech Seed|[of] p2a: The ODB","|turn|10","|","|switch|p1a: Rotom-Wash|Rotom-Wash|304/304","|move|p2a: The ODB|Knock Off|p1a: Rotom-Wash","|-damage|p1a: Rotom-Wash|173/304","|-enditem|p1a: Rotom-Wash|Leftovers|[from] move: Knock Off|[of] p2a: The ODB","|","|turn|11","|","|switch|p2a: The RZA|Ferrothorn, M|352/352","|-damage|p2a: The RZA|330/352|[from] Stealth Rock","|move|p1a: Rotom-Wash|Will-O-Wisp|p2a: The RZA","|-status|p2a: The RZA|brn","|","|-damage|p2a: The RZA|286/352 brn|[from] brn","|turn|12","|","|move|p1a: Rotom-Wash|Volt Switch|p2a: The RZA","|-resisted|p2a: The RZA","|-damage|p2a: The RZA|244/352 brn","|","|switch|p1a: Lopunny|Lopunny, M|271/271","|-damage|p1a: Lopunny|238/271|[from] Spikes","|move|p2a: The RZA|Leech Seed|p1a: Lopunny","|-start|p1a: Lopunny|move: Leech Seed","|","|-damage|p1a: Lopunny|205/271|[from] Leech Seed|[of] p2a: The RZA","|-heal|p2a: The RZA|277/352 brn|[silent]","|-damage|p2a: The RZA|233/352 brn|[from] brn","|turn|13","|","|detailschange|p1a: Lopunny|Lopunny-Mega, M","|-mega|p1a: Lopunny|Lopunny|Lopunnite","|move|p2a: The RZA|Protect|p2a: The RZA","|-singleturn|p2a: The RZA|Protect","|move|p1a: Lopunny|Fake Out|p2a: The RZA","|-activate|p2a: The RZA|Protect","|","|-damage|p1a: Lopunny|172/271|[from] Leech Seed|[of] p2a: The RZA","|-heal|p2a: The RZA|266/352 brn|[silent]","|-damage|p2a: The RZA|222/352 brn|[from] brn","|turn|14","|","|move|p1a: Lopunny|High Jump Kick|p2a: The RZA","|-supereffective|p2a: The RZA","|-damage|p2a: The RZA|0 fnt","|-damage|p1a: Lopunny|139/271|[from] ability: Iron Barbs|[of] p2a: The RZA","|faint|p2a: The RZA","|","|","|switch|p2a: The ODB|Azumarill, M|401/401","|-damage|p2a: The ODB|351/401|[from] Stealth Rock","|turn|15","|","|move|p1a: Lopunny|Return|p2a: The ODB","|-damage|p2a: The ODB|114/401","|move|p2a: The ODB|Play Rough|p1a: Lopunny","|-supereffective|p1a: Lopunny","|-damage|p1a: Lopunny|0 fnt","|faint|p1a: Lopunny","|","|","|switch|p1a: Latios|Latios, M|301/301","|turn|16","|","|move|p1a: Latios|Psyshock|p2a: The ODB","|-crit|p2a: The ODB","|-damage|p2a: The ODB|0 fnt","|-damage|p1a: Latios|271/301|[from] item: Life Orb","|faint|p2a: The ODB","|","|","|switch|p2a: The GZA|Excadrill, M|362/362","|-damage|p2a: The GZA|351/362|[from] Stealth Rock","|-ability|p2a: The GZA|Mold Breaker","|-item|p2a: The GZA|Air Balloon","|turn|17","|","|switch|p1a: Precipice blade|Landorus-Therian, M|247/320","|-ability|p1a: Precipice blade|Intimidate","|-unboost|p2a: The GZA|atk|1","|move|p2a: The GZA|Earthquake|p1a: Precipice blade","|-immune|p1a: Precipice blade|[msg]","|","|-heal|p1a: Precipice blade|267/320|[from] item: Leftovers","|turn|18","|","|move|p1a: Precipice blade|Swords Dance|p1a: Precipice blade","|-boost|p1a: Precipice blade|atk|2","|move|p2a: The GZA|Rapid Spin|p1a: Precipice blade","|-damage|p1a: Precipice blade|249/320","|-sideend|p2: Dr Felipe|Stealth Rock|[from] move: Rapid Spin|[of] p2a: The GZA","|","|-heal|p1a: Precipice blade|269/320|[from] item: Leftovers","|turn|19","|","|move|p1a: Precipice blade|Knock Off|p2a: The GZA","|-damage|p2a: The GZA|0 fnt","|-enditem|p2a: The GZA|Air Balloon","|faint|p2a: The GZA","|","|-heal|p1a: Precipice blade|289/320|[from] item: Leftovers","|","|switch|p2a: Ghostface|Hoopa-Unbound, shiny|302/302","|turn|20","|","|move|p1a: Precipice blade|U-turn|p2a: Ghostface","|-supereffective|p2a: Ghostface","|-damage|p2a: Ghostface|0 fnt","|faint|p2a: Ghostface","|","|switch|p1a: Rotom-Wash|Rotom-Wash|173/304","|","|","|switch|p2a: Method Man|Charizard, M, shiny|333/333","|turn|21","|","|detailschange|p2a: Method Man|Charizard-Mega-X, M, shiny","|-mega|p2a: Method Man|Charizard|Charizardite X","|move|p2a: Method Man|Dragon Dance|p2a: Method Man","|-boost|p2a: Method Man|atk|1","|-boost|p2a: Method Man|spe|1","|move|p1a: Rotom-Wash|Hydro Pump|p2a: Method Man","|-damage|p2a: Method Man|108/333","|","|turn|22","|","|move|p2a: Method Man|Dragon Claw|p1a: Rotom-Wash","|-damage|p1a: Rotom-Wash|0 fnt","|faint|p1a: Rotom-Wash","|","|","|switch|p1a: Precipice blade|Landorus-Therian, M|289/320","|-ability|p1a: Precipice blade|Intimidate","|-unboost|p2a: Method Man|atk|1","|turn|23","|","|move|p2a: Method Man|Flare Blitz|p1a: Precipice blade","|-damage|p1a: Precipice blade|0 fnt","|-damage|p2a: Method Man|13/333|[from] recoil|[of] p1a: Precipice blade","|faint|p1a: Precipice blade","|","|","|switch|p1a: Bullet Scizor|Scizor, M|338/338","|-damage|p1a: Bullet Scizor|296/338|[from] Spikes","|turn|24","|","|win|Swordigo"],"p1rating":{"entryid":"7190834","serverid":"eos","formatid":"ou","userid":"swordigo","username":"Swordigo","w":8,"l":"1","t":"0","gxe":68.5,"r":"1636.1545342876","rd":"94.118701780713","sigma":"0","rptime":"1438333200","rpr":1650.7361469374,"rprd":91.626024760431,"rpsigma":"0","acre":1168.2518851791,"lacre":1168.2518851791,"oldacre":"1150.9763453352"},"p2rating":{"entryid":"7298674","serverid":"eos","formatid":"ou","userid":"drfelipe","username":"Dr Felipe","w":"1","l":1,"t":"0","gxe":51.5,"r":"1500","rd":"130","sigma":"0","rptime":"1438333200","rpr":1512.2440211107,"rprd":117.13960562635,"rpsigma":"0","acre":1028.9436544999,"lacre":1028.9436544999,"oldacre":"1040"},"endType":"forfeit"}