{"seed":[33955,31283,38734,6304],"turns":24,"p1":"Ladderinq","p2":"Words Of Wizdom","p1team":[{"name":"Talonflame","species":"Talonflame","item":"choiceband","ability":"Gale Wings","moves":["bravebird","flareblitz","uturn","quickattack"],"nature":"Adamant","evs":{"hp":4,"atk":252,"def":0,"spa":0,"spd":0,"spe":252},"ivs":{"hp":31,"atk":31,"def":31,"spa":31,"spd":31,"spe":31}},{"name":"Mamoswine","species":"Mamoswine","item":"lifeorb","ability":"Thick Fat","moves":["iceshard","earthquake","iciclecrash","stealthrock"],"nature":"Adamant","evs":{"hp":252,"atk":252,"def":0,"spa":0,"spd":4,"spe":0},"ivs":{"hp":31,"atk":31,"def":31,"spa":31,"spd":31,"spe":31}},{"name":"Keldeo","species":"Keldeo","item":"choicescarf","ability":"Justified","moves":["sacredsword","hydropump","hiddenpowergrass","surf"],"nature":"","ivs":{"hp":31,"atk":30,"def":31,"spa":30,"spd":31,"spe":31},"evs":{"hp":0,"atk":0,"def":0,"spa":0,"spd":0,"spe":0}},{"name":"Latias","species":"Latias","item":"leftovers","ability":"Levitate","moves":["healingwish","defog","psyshock","dragonpulse"],"nature":"Modest","evs":{"hp":252,"atk":0,"def":0,"spa":252,"spd":4,"spe":0},"ivs":{"hp":31,"atk":31,"def":31,"spa":31,"spd":31,"spe":31}},{"name":"Sceptile","species":"Sceptile","item":"sceptilite","ability":"Unburden","moves":["leafstorm","hiddenpowerice","gigadrain","dragonpulse"],"nature":"Timid","evs":{"hp":4,"atk":0,"def":0,"spa":252,"spd":0,"spe":252},"ivs":{"hp":31,"atk":30,"def":30,"spa":31,"spd":31,"spe":31}},{"name":"Magnezone","species":"Magnezone","item":"choicescarf","ability":"Sturdy","moves":["hiddenpowerice","flashcannon","thunderbolt","voltswitch"],"nature":"Timid","evs":{"hp":4,"atk":0,"def":0,"spa":252,"spd":0,"spe":252},"ivs":{"hp":31,"atk":30,"def":30,"spa":31,"spd":31,"spe":31}}],"p2team":[{"name":"Molly","species":"dragonite","item":"weaknesspolicy","ability":"Multiscale","moves":["dragonclaw","extremespeed","firepunch","ironhead"],"nature":"Adamant","evs":{"hp":248,"atk":184,"def":76,"spa":0,"spd":0,"spe":0},"gender":"F","ivs":{"hp":31,"atk":31,"def":31,"spa":31,"spd":31,"spe":31}},{"name":"Lola Bunny","species":"lopunny","item":"lopunnite","ability":"Limber","moves":["healingwish","fakeout","highjumpkick","icepunch"],"nature":"Jolly","evs":{"hp":0,"atk":252,"def":0,"spa":0,"spd":4,"spe":252},"gender":"F","shiny":true,"ivs":{"hp":31,"atk":31,"def":31,"spa":31,"spd":31,"spe":31}},{"name":"Feel The Heat","species":"rotomheat","item":"choicespecs","ability":"Levitate","moves":["trick","voltswitch","overheat","willowisp"],"nature":"Timid","evs":{"hp":248,"atk":0,"def":108,"spa":16,"spd":112,"spe":24},"ivs":{"hp":31,"atk":0,"def":31,"spa":31,"spd":31,"spe":31}},{"name":"OU Ready?","species":"whimsicott","item":"bigroot","ability":"Prankster","moves":["cottonguard","gigadrain","leechseed","moonblast"],"nature":"Bold","evs":{"hp":248,"atk":0,"def":176,"spa":84,"spd":0,"spe":0},"ivs":{"hp":31,"atk":0,"def":31,"spa":31,"spd":31,"spe":31}},{"name":"Vice-Grip","species":"cloyster","item":"choicescarf","ability":"Skill Link","moves":["iciclespear","rockblast","explosion","poisonjab"],"nature":"Jolly","evs":{"hp":0,"atk":252,"def":0,"spa":0,"spd":4,"spe":252},"ivs":{"hp":31,"atk":31,"def":31,"spa":31,"spd":31,"spe":31}},{"name":"Sneaky","species":"scolipede","item":"focussash","ability":"Speed Boost","moves":["earthquake","swordsdance","megahorn","gigaimpact"],"nature":"Adamant","evs":{"hp":0,"atk":252,"def":4,"spa":0,"spd":0,"spe":252},"ivs":{"hp":31,"atk":31,"def":31,"spa":31,"spd":31,"spe":31}}],"log":["|player|p1|Ladderinq|169","|player|p2|Words Of Wizdom|163","|gametype|singles","|gen|6","|tier|OU","|rated","|clearpoke","|poke|p1|Talonflame, F","|poke|p1|Mamoswine, M","|poke|p1|Keldeo","|poke|p1|Latias, F","|poke|p1|Sceptile, F","|poke|p1|Magnezone","|poke|p2|Dragonite, F","|poke|p2|Lopunny, F, shiny","|poke|p2|Rotom-Heat","|poke|p2|Whimsicott, F","|poke|p2|Cloyster, F","|poke|p2|Scolipede, F","|rule|Swagger Clause: Swagger is banned","|rule|Baton Pass Clause: Limit one Baton Passer, can't pass Spe and other stats simultaneously","|rule|Sleep Clause Mod: Limit one foe put to sleep","|rule|Species Clause: Limit one of each Pokémon","|rule|OHKO Clause: OHKO moves are banned","|rule|Moody Clause: Moody is banned","|rule|Evasion Moves Clause: Evasion moves are banned","|rule|Endless Battle Clause: Forcing endless battles is banned","|rule|HP Percentage Mod: HP is shown in percentages","|teampreview","|","|start","|switch|p1a: Magnezone|Magnezone|282/282","|switch|p2a: Sneaky|Scolipede, F|261/261","|turn|1","|","|move|p1a: Magnezone|Volt Switch|p2a: Sneaky","|-damage|p2a: Sneaky|89/261","|","|switch|p1a: Talonflame|Talonflame, F|298/298","|move|p2a: Sneaky|Earthquake|p1a: Talonflame","|-immune|p1a: Talonflame|[msg]","|","|-boost|p2a: Sneaky|spe|1|[from] ability: Speed Boost","|turn|2","|","|move|p1a: Talonflame|Brave Bird|p2a: Sneaky","|-supereffective|p2a: Sneaky","|-damage|p2a: Sneaky|0 fnt","|-damage|p1a: Talonflame|269/298|[from] recoil|[of] p2a: Sneaky","|faint|p2a: Sneaky","|","|","|switch|p2a: Vice-Grip|Cloyster, F|241/241","|turn|3","|","|switch|p1a: Keldeo|Keldeo|323/323","|move|p2a: Vice-Grip|Rock Blast|p1a: Keldeo","|-resisted|p1a: Keldeo","|-damage|p1a: Keldeo|309/323","|-resisted|p1a: Keldeo","|-damage|p1a: Keldeo|295/323","|-resisted|p1a: Keldeo","|-damage|p1a: Keldeo|280/323","|-resisted|p1a: Keldeo","|-damage|p1a: Keldeo|267/323","|-resisted|p1a: Keldeo","|-damage|p1a: Keldeo|254/323","|-hitcount|p1a: Keldeo|5","|","|turn|4","|","|switch|p2a: Molly|Dragonite, F|385/385","|move|p1a: Keldeo|Sacred Sword|p2a: Molly","|-resisted|p2a: Molly","|-damage|p2a: Molly|364/385","|","|turn|5","|","|switch|p1a: Magnezone|Magnezone|282/282","|move|p2a: Molly|Dragon Claw|p1a: Magnezone","|-resisted|p1a: Magnezone","|-damage|p1a: Magnezone|213/282","|","|turn|6","|","|move|p1a: Magnezone|Volt Switch|p2a: Molly","|-damage|p2a: Molly|244/385","|","|switch|p1a: Mamoswine|Mamoswine, M|424/424","|move|p2a: Molly|Fire Punch|p1a: Mamoswine","|-supereffective|p1a: Mamoswine","|-damage|p1a: Mamoswine|298/424","|","|turn|7","|","|switch|p2a: Vice-Grip|Cloyster, F|241/241","|move|p1a: Mamoswine|Ice Shard|p2a: Vice-Grip","|-resisted|p2a: Vice-Grip","|-damage|p2a: Vice-Grip|225/241","|-damage|p1a: Mamoswine|256/424|[from] item: Life Orb","|","|turn|8","|","|move|p2a: Vice-Grip|Rock Blast|p1a: Mamoswine","|-damage|p1a: Mamoswine|225/424","|-damage|p1a: Mamoswine|196/424","|-damage|p1a: Mamoswine|165/424","|-damage|p1a: Mamoswine|135/424","|-crit|p1a: Mamoswine","|-damage|p1a: Mamoswine|92/424","|-hitcount|p1a: Mamoswine|5","|move|p1a: Mamoswine|Stealth Rock|p2a: Vice-Grip","|-sidestart|p2: Words Of Wizdom|move: Stealth Rock","|","|turn|9","|","|switch|p1a: Keldeo|Keldeo|254/323","|move|p2a: Vice-Grip|Rock Blast|p1a: Keldeo","|-resisted|p1a: Keldeo","|-damage|p1a: Keldeo|240/323","|-resisted|p1a: Keldeo","|-damage|p1a: Keldeo|227/323","|-resisted|p1a: Keldeo","|-damage|p1a: Keldeo|214/323","|-resisted|p1a: Keldeo","|-damage|p1a: Keldeo|201/323","|-resisted|p1a: Keldeo","|-damage|p1a: Keldeo|187/323","|-hitcount|p1a: Keldeo|5","|","|turn|10","|","|switch|p2a: OU Ready?|Whimsicott, F|323/323","|-damage|p2a: OU Ready?|283/323|[from] Stealth Rock","|switch|p1a: Mamoswine|Mamoswine, M|92/424","|","|turn|11","|","|move|p2a: OU Ready?|Cotton Guard|p2a: OU Ready?","|-boost|p2a: OU Ready?|def|3","|move|p1a: Mamoswine|Icicle Crash|p2a: OU Ready?","|-supereffective|p2a: OU Ready?","|-damage|p2a: OU Ready?|135/323","|-damage|p1a: Mamoswine|50/424|[from] item: Life Orb","|","|turn|12","|","|switch|p1a: Latias|Latias, F|364/364","|move|p2a: OU Ready?|Cotton Guard|p2a: OU Ready?","|-boost|p2a: OU Ready?|def|3","|","|turn|13","|","|move|p2a: OU Ready?|Leech Seed|p1a: Latias","|-start|p1a: Latias|move: Leech Seed","|move|p1a: Latias|Psyshock|p2a: OU Ready?","|-damage|p2a: OU Ready?|105/323","|","|-damage|p1a: Latias|319/364|[from] Leech Seed|[of] p2a: OU Ready?","|-heal|p2a: OU Ready?|163/323|[silent]","|turn|14","|","|move|p2a: OU Ready?|Moonblast|p1a: Latias","|-supereffective|p1a: Latias","|-damage|p1a: Latias|167/364","|-unboost|p1a: Latias|spa|1","|move|p1a: Latias|Healing Wish|p1a: Latias","|faint|p1a: Latias","|","|","|switch|p1a: Talonflame|Talonflame, F|269/298","|-heal|p1a: Talonflame|298/298|[from] move: Healing Wish","|turn|15","|","|move|p1a: Talonflame|Brave Bird|p2a: OU Ready?","|-supereffective|p2a: OU Ready?","|-damage|p2a: OU Ready?|49/323","|-damage|p1a: Talonflame|260/298|[from] recoil|[of] p2a: OU Ready?","|move|p2a: OU Ready?|Leech Seed|p1a: Talonflame","|-start|p1a: Talonflame|move: Leech Seed","|","|-damage|p1a: Talonflame|223/298|[from] Leech Seed|[of] p2a: OU Ready?","|-heal|p2a: OU Ready?|97/323|[silent]","|turn|16","|","|switch|p2a: Feel The Heat|Rotom-Heat|303/303","|-damage|p2a: Feel The Heat|228/303|[from] Stealth Rock","|move|p1a: Talonflame|Brave Bird|p2a: Feel The Heat","|-resisted|p2a: Feel The Heat","|-damage|p2a: Feel The Heat|116/303","|-damage|p1a: Talonflame|186/298|[from] recoil|[of] p2a: Feel The Heat","|","|-damage|p1a: Talonflame|149/298|[from] Leech Seed|[of] p2a: Feel The Heat","|-heal|p2a: Feel The Heat|153/303|[silent]","|turn|17","|","|move|p1a: Talonflame|Brave Bird|p2a: Feel The Heat","|-resisted|p2a: Feel The Heat","|-damage|p2a: Feel The Heat|41/303","|-damage|p1a: Talonflame|112/298|[from] recoil|[of] p2a: Feel The Heat","|move|p2a: Feel The Heat|Trick|p1a: Talonflame","|-activate|p2a: Feel The Heat|move: Trick|[of] p1a: Talonflame","|-item|p1a: Talonflame|Choice Specs|[from] move: Trick","|-item|p2a: Feel The Heat|Choice Band|[from] move: Trick","|","|-damage|p1a: Talonflame|75/298|[from] Leech Seed|[of] p2a: Feel The Heat","|-heal|p2a: Feel The Heat|78/303|[silent]","|turn|18","|","|move|p1a: Talonflame|Flare Blitz|p2a: Feel The Heat","|-resisted|p2a: Feel The Heat","|-damage|p2a: Feel The Heat|9/303","|-damage|p1a: Talonflame|52/298|[from] recoil|[of] p2a: Feel The Heat","|move|p2a: Feel The Heat|Volt Switch|p1a: Talonflame","|-supereffective|p1a: Talonflame","|-damage|p1a: Talonflame|0 fnt","|faint|p1a: Talonflame","|","|switch|p2a: Vice-Grip|Cloyster, F|225/241","|-damage|p2a: Vice-Grip|165/241|[from] Stealth Rock","|","|","|switch|p1a: Magnezone|Magnezone|213/282","|turn|19","|","|move|p2a: Vice-Grip|Explosion|p1a: Magnezone","|-resisted|p1a: Magnezone","|-damage|p1a: Magnezone|111/282","|faint|p2a: Vice-Grip","|move|p1a: Magnezone|Thunderbolt|p2: Vice-Grip|[notarget]","|-notarget","|","|","|switch|p2a: Lola Bunny|Lopunny, F, shiny|271/271","|-damage|p2a: Lola Bunny|238/271|[from] Stealth Rock","|turn|20","|","|detailschange|p2a: Lola Bunny|Lopunny-Mega, F, shiny","|-mega|p2a: Lola Bunny|Lopunny|Lopunnite","|move|p2a: Lola Bunny|Fake Out|p1a: Magnezone","|-resisted|p1a: Magnezone","|-damage|p1a: Magnezone|78/282","|cant|p1a: Magnezone|flinch","|","|turn|21","|","|move|p2a: Lola Bunny|High Jump Kick|p1a: Magnezone","|-supereffective|p1a: Magnezone","|-damage|p1a: Magnezone|0 fnt","|faint|p1a: Magnezone","|","|","|switch|p1a: Sceptile|Sceptile, F|282/282","|turn|22","|","|detailschange|p1a: Sceptile|Sceptile-Mega, F","|-mega|p1a: Sceptile|Sceptile|Sceptilite","|move|p2a: Lola Bunny|Ice Punch|p1a: Sceptile","|-supereffective|p1a: Sceptile","|-damage|p1a: Sceptile|0 fnt","|faint|p1a: Sceptile","|","|","|switch|p1a: Mamoswine|Mamoswine, M|50/424","|turn|23","|","|move|p2a: Lola Bunny|High Jump Kick|p1a: Mamoswine","|-supereffective|p1a: Mamoswine","|-damage|p1a: Mamoswine|0 fnt","|faint|p1a: Mamoswine","|","|","|switch|p1a: Keldeo|Keldeo|187/323","|turn|24","|","|move|p2a: Lola Bunny|High Jump Kick|p1a: Keldeo","|-damage|p1a: Keldeo|0 fnt","|faint|p1a: Keldeo","|","|win|Words Of Wizdom"],"p1rating":{"entryid":7298511,"formatid":"ou","userid":"ladderinq","username":"Ladderinq","r":1500,"rd":130,"sigma":0,"rpr":1459.8393856612,"rprd":122.8583080769,"rpsigma":0,"rptime":1438333200,"w":0,"l":1,"t":0,"gxe":45,"acre":1000,"lacre":1000,"oldacre":1000},"p2rating":{"entryid":7298512,"formatid":"ou","userid":"wordsofwizdom","username":"Words Of Wizdom","r":1500,"rd":130,"sigma":0,"rpr":1540.1606143388,"rprd":122.8583080769,"rpsigma":0,"rptime":1438333200,"w":1,"l":0,"t":0,"gxe":55,"acre":1040,"lacre":1040,"oldacre":1000},"endType":"normal"}