{"seed":[60229,29270,28207,59568],"turns":30,"p1":"schot6cahty","p2":"Kassyty","p1team":[{"name":"Fabio","species":"ampharos","item":"ampharosite","ability":"Static","moves":["voltswitch","dragonpulse","rest","sleeptalk"],"nature":"Bold","evs":{"hp":248,"atk":0,"def":252,"spa":8,"spd":0,"spe":0},"ivs":{"hp":31,"atk":0,"def":31,"spa":31,"spd":31,"spe":31},"shiny":true},{"name":"Staraptor","species":"Staraptor","item":"choicescarf","ability":"Reckless","moves":["bravebird","closecombat","doubleedge","uturn"],"nature":"Adamant","evs":{"hp":0,"atk":252,"def":4,"spa":0,"spd":0,"spe":252},"ivs":{"hp":31,"atk":31,"def":31,"spa":31,"spd":31,"spe":31}},{"name":"Heatran","species":"Heatran","item":"choicespecs","ability":"Flash Fire","moves":["magmastorm","earthpower","ancientpower","flashcannon"],"nature":"Timid","evs":{"hp":0,"atk":0,"def":0,"spa":252,"spd":4,"spe":252},"ivs":{"hp":31,"atk":0,"def":31,"spa":31,"spd":31,"spe":31}},{"name":"Tyranitar","species":"Tyranitar","item":"smoothrock","ability":"Sand Stream","moves":["stealthrock","roar","icebeam","fireblast"],"nature":"Calm","evs":{"hp":248,"atk":0,"def":0,"spa":8,"spd":252,"spe":0},"ivs":{"hp":31,"atk":0,"def":31,"spa":31,"spd":31,"spe":31}},{"name":"Excadrill","species":"Excadrill","item":"lifeorb","ability":"Sand Rush","moves":["earthquake","ironhead","rockslide","rapidspin"],"nature":"Adamant","evs":{"hp":0,"atk":252,"def":4,"spa":0,"spd":0,"spe":252},"ivs":{"hp":31,"atk":31,"def":31,"spa":31,"spd":31,"spe":31}},{"name":"Keldeo-Resolute","species":"Keldeo-Resolute","item":"choicescarf","ability":"Justified","moves":["hydropump","secretsword","hiddenpowerice","scald"],"nature":"Modest","evs":{"hp":24,"atk":0,"def":0,"spa":252,"spd":0,"spe":232},"ivs":{"hp":31,"atk":0,"def":30,"spa":31,"spd":31,"spe":31}}],"p2team":[{"name":"Hoopa-Unbound","species":"Hoopa-Unbound","item":"assaultvest","ability":"Magician","moves":["hyperspacefury","drainpunch","gunkshot","zenheadbutt"],"nature":"Lonely","evs":{"hp":248,"atk":252,"def":0,"spa":8,"spd":0,"spe":0},"ivs":{"hp":31,"atk":31,"def":31,"spa":31,"spd":31,"spe":31}},{"name":"Landorus-Therian","species":"Landorus-Therian","item":"choicescarf","ability":"Intimidate","moves":["uturn","earthquake","knockoff","stoneedge"],"nature":"Jolly","evs":{"hp":0,"atk":252,"def":0,"spa":0,"spd":4,"spe":252},"ivs":{"hp":31,"atk":31,"def":31,"spa":31,"spd":31,"spe":31}},{"name":"Thundurus","species":"Thundurus","item":"lifeorb","ability":"Defiant","moves":["thunderbolt","knockoff","hiddenpowerice","superpower"],"nature":"Hasty","evs":{"hp":0,"atk":4,"def":0,"spa":252,"spd":0,"spe":252},"ivs":{"hp":31,"atk":30,"def":30,"spa":31,"spd":31,"spe":31}},{"name":"Scizor","species":"Scizor","item":"leftovers","ability":"Technician","moves":["bulletpunch","uturn","defog","roost"],"nature":"Impish","evs":{"hp":248,"atk":8,"def":252,"spa":0,"spd":0,"spe":0},"gender":"M","shiny":true,"ivs":{"hp":31,"atk":31,"def":31,"spa":31,"spd":31,"spe":31}},{"name":"Chansey","species":"Chansey","item":"eviolite","ability":"Natural Cure","moves":["wish","healbell","seismictoss","protect"],"nature":"Bold","evs":{"hp":248,"atk":0,"def":252,"spa":0,"spd":8,"spe":0},"ivs":{"hp":31,"atk":31,"def":31,"spa":31,"spd":31,"spe":31}},{"name":"Gardevoir","species":"Gardevoir","item":"gardevoirite","ability":"Trace","moves":["hypervoice","calmmind","psyshock","focusblast"],"nature":"Timid","evs":{"hp":0,"atk":0,"def":0,"spa":252,"spd":4,"spe":252},"gender":"F","shiny":true,"ivs":{"hp":31,"atk":31,"def":31,"spa":31,"spd":31,"spe":31}}],"log":["|player|p1|schot6cahty|1","|player|p2|Kassyty|96","|gametype|singles","|gen|6","|tier|OU","|rated","|clearpoke","|poke|p1|Ampharos, M, shiny","|poke|p1|Staraptor, F","|poke|p1|Heatran, M","|poke|p1|Tyranitar, M","|poke|p1|Excadrill, F","|poke|p1|Keldeo-Resolute","|poke|p2|Hoopa-Unbound","|poke|p2|Landorus-Therian, M","|poke|p2|Thundurus, M","|poke|p2|Scizor, M, shiny","|poke|p2|Chansey, F","|poke|p2|Gardevoir, F, shiny","|rule|Swagger Clause: Swagger is banned","|rule|Baton Pass Clause: Limit one Baton Passer, can't pass Spe and other stats simultaneously","|rule|Sleep Clause Mod: Limit one foe put to sleep","|rule|Species Clause: Limit one of each Pokémon","|rule|OHKO Clause: OHKO moves are banned","|rule|Moody Clause: Moody is banned","|rule|Evasion Moves Clause: Evasion moves are banned","|rule|Endless Battle Clause: Forcing endless battles is banned","|rule|HP Percentage Mod: HP is shown in percentages","|teampreview","|","|start","|switch|p1a: Tyranitar|Tyranitar, M|403/403","|switch|p2a: Thundurus|Thundurus, M|299/299","|-weather|Sandstorm","|turn|1","|","|switch|p2a: Scizor|Scizor, M, shiny|343/343","|move|p1a: Tyranitar|Stealth Rock|p2a: Scizor","|-sidestart|p2: Kassyty|move: Stealth Rock","|","|-weather|Sandstorm|[upkeep]","|turn|2","|","|move|p2a: Scizor|Defog|p1a: Tyranitar","|-unboost|p1a: Tyranitar|evasion|1","|-sideend|p2: Kassyty|Stealth Rock|[from] move: Defog|[of] p2a: Scizor","|move|p1a: Tyranitar|Fire Blast|p2a: Scizor|[miss]","|-miss|p1a: Tyranitar|p2a: Scizor","|","|-weather|Sandstorm|[upkeep]","|turn|3","|","|move|p2a: Scizor|U-turn|p1a: Tyranitar","|-supereffective|p1a: Tyranitar","|-damage|p1a: Tyranitar|205/403","|","|switch|p2a: Thundurus|Thundurus, M|299/299","|move|p1a: Tyranitar|Fire Blast|p2a: Thundurus","|-damage|p2a: Thundurus|199/299","|","|-weather|Sandstorm|[upkeep]","|-damage|p2a: Thundurus|181/299|[from] sandstorm","|turn|4","|","|move|p2a: Thundurus|Superpower|p1a: Tyranitar","|-supereffective|p1a: Tyranitar","|-damage|p1a: Tyranitar|0 fnt","|-unboost|p2a: Thundurus|atk|1","|-unboost|p2a: Thundurus|def|1","|-damage|p2a: Thundurus|152/299|[from] item: Life Orb","|faint|p1a: Tyranitar","|","|-weather|Sandstorm|[upkeep]","|-damage|p2a: Thundurus|134/299|[from] sandstorm","|","|switch|p1a: Heatran|Heatran, M|323/323","|turn|5","|","|switch|p2a: Chansey|Chansey, F|703/703","|move|p1a: Heatran|Magma Storm|p2a: Chansey","|-damage|p2a: Chansey|543/703","|-activate|p2a: Chansey|move: Magma Storm|[of] p1a: Heatran","|","|-weather|Sandstorm|[upkeep]","|-damage|p2a: Chansey|500/703|[from] sandstorm","|-damage|p2a: Chansey|413/703|[from] move: Magma Storm|[partiallytrapped]","|turn|6","|","|move|p1a: Heatran|Magma Storm|p2a: Chansey","|-damage|p2a: Chansey|251/703","|move|p2a: Chansey|Wish|p2a: Chansey","|","|-weather|Sandstorm|[upkeep]","|-damage|p2a: Chansey|208/703|[from] sandstorm","|-damage|p2a: Chansey|121/703|[from] move: Magma Storm|[partiallytrapped]","|turn|7","|","|move|p2a: Chansey|Protect|p2a: Chansey","|-singleturn|p2a: Chansey|Protect","|move|p1a: Heatran|Magma Storm|p2a: Chansey","|-activate|p2a: Chansey|Protect","|","|-weather|Sandstorm|[upkeep]","|-damage|p2a: Chansey|78/703|[from] sandstorm","|-heal|p2a: Chansey|429/703|[from] move: Wish|[wisher] Chansey","|-damage|p2a: Chansey|342/703|[from] move: Magma Storm|[partiallytrapped]","|turn|8","|","|move|p1a: Heatran|Magma Storm|p2a: Chansey","|-damage|p2a: Chansey|179/703","|move|p2a: Chansey|Wish|p2a: Chansey","|","|-weather|none","|-damage|p2a: Chansey|92/703|[from] move: Magma Storm|[partiallytrapped]","|turn|9","|","|switch|p1a: Staraptor|Staraptor, F|311/311","|move|p2a: Chansey|Protect|p2a: Chansey","|-fail|p2a: Chansey","|","|-heal|p2a: Chansey|443/703|[from] move: Wish|[wisher] Chansey","|-end|p2a: Chansey|Magma Storm|[partiallytrapped]","|turn|10","|","|move|p1a: Staraptor|Brave Bird|p2a: Chansey","|-damage|p2a: Chansey|116/703","|-damage|p1a: Staraptor|203/311|[from] recoil|[of] p2a: Chansey","|move|p2a: Chansey|Wish|p2a: Chansey","|","|turn|11","|","|switch|p1a: Excadrill|Excadrill, F|361/361","|switch|p2a: Thundurus|Thundurus, M|134/299","|","|-heal|p2a: Thundurus|299/299|[from] move: Wish|[wisher] Chansey","|turn|12","|","|switch|p2a: Chansey|Chansey, F|116/703","|move|p1a: Excadrill|Rock Slide|p2a: Chansey","|-crit|p2a: Chansey","|-damage|p2a: Chansey|0 fnt","|-damage|p1a: Excadrill|325/361|[from] item: Life Orb","|faint|p2a: Chansey","|","|","|switch|p2a: Landorus-Therian|Landorus-Therian, M|319/319","|-ability|p2a: Landorus-Therian|Intimidate","|-unboost|p1a: Excadrill|atk|1","|turn|13","|","|switch|p1a: Staraptor|Staraptor, F|203/311","|move|p2a: Landorus-Therian|Stone Edge|p1a: Staraptor|[miss]","|-miss|p2a: Landorus-Therian|p1a: Staraptor","|","|turn|14","|","|move|p2a: Landorus-Therian|Stone Edge|p1a: Staraptor|[miss]","|-miss|p2a: Landorus-Therian|p1a: Staraptor","|move|p1a: Staraptor|Brave Bird|p2a: Landorus-Therian","|-damage|p2a: Landorus-Therian|40/319","|-damage|p1a: Staraptor|111/311|[from] recoil|[of] p2a: Landorus-Therian","|","|turn|15","|","|move|p2a: Landorus-Therian|Stone Edge|p1a: Staraptor","|-supereffective|p1a: Staraptor","|-damage|p1a: Staraptor|0 fnt","|faint|p1a: Staraptor","|","|","|switch|p1a: Keldeo-Resolute|Keldeo-Resolute|329/329","|turn|16","|","|switch|p2a: Scizor|Scizor, M, shiny|343/343","|move|p1a: Keldeo-Resolute|Scald|p2a: Scizor","|-damage|p2a: Scizor|171/343","|","|-heal|p2a: Scizor|192/343|[from] item: Leftovers","|turn|17","|","|move|p1a: Keldeo-Resolute|Scald|p2a: Scizor","|-damage|p2a: Scizor|18/343","|move|p2a: Scizor|U-turn|p1a: Keldeo-Resolute","|-resisted|p1a: Keldeo-Resolute","|-damage|p1a: Keldeo-Resolute|267/329","|","|switch|p2a: Hoopa-Unbound|Hoopa-Unbound|363/363","|","|turn|18","|","|move|p1a: Keldeo-Resolute|Scald|p2a: Hoopa-Unbound","|-damage|p2a: Hoopa-Unbound|285/363","|-status|p2a: Hoopa-Unbound|brn","|move|p2a: Hoopa-Unbound|Zen Headbutt|p1a: Keldeo-Resolute","|-supereffective|p1a: Keldeo-Resolute","|-damage|p1a: Keldeo-Resolute|62/329","|","|-damage|p2a: Hoopa-Unbound|240/363 brn|[from] brn","|turn|19","|","|switch|p1a: Heatran|Heatran, M|323/323","|move|p2a: Hoopa-Unbound|Zen Headbutt|p1a: Heatran","|-resisted|p1a: Heatran","|-damage|p1a: Heatran|279/323","|","|-damage|p2a: Hoopa-Unbound|195/363 brn|[from] brn","|turn|20","|","|move|p1a: Heatran|Magma Storm|p2a: Hoopa-Unbound","|-damage|p2a: Hoopa-Unbound|53/363 brn","|-activate|p2a: Hoopa-Unbound|move: Magma Storm|[of] p1a: Heatran","|move|p2a: Hoopa-Unbound|Drain Punch|p1a: Heatran","|-supereffective|p1a: Heatran","|-damage|p1a: Heatran|177/323","|-heal|p2a: Hoopa-Unbound|104/363 brn|[from] drain|[of] p1a: Heatran","|","|-damage|p2a: Hoopa-Unbound|59/363 brn|[from] brn","|-damage|p2a: Hoopa-Unbound|14/363 brn|[from] move: Magma Storm|[partiallytrapped]","|turn|21","|","|move|p1a: Heatran|Magma Storm|p2a: Hoopa-Unbound|[miss]","|-miss|p1a: Heatran|p2a: Hoopa-Unbound","|move|p2a: Hoopa-Unbound|Hyperspace Fury|p1a: Heatran","|-damage|p1a: Heatran|63/323","|-unboost|p2a: Hoopa-Unbound|def|1","|","|-damage|p2a: Hoopa-Unbound|0 fnt|[from] brn","|faint|p2a: Hoopa-Unbound","|","|switch|p2a: Landorus-Therian|Landorus-Therian, M|40/319","|-ability|p2a: Landorus-Therian|Intimidate","|-unboost|p1a: Heatran|atk|1","|turn|22","|","|move|p2a: Landorus-Therian|Earthquake|p1a: Heatran","|-supereffective|p1a: Heatran","|-damage|p1a: Heatran|0 fnt","|faint|p1a: Heatran","|","|","|switch|p1a: Keldeo-Resolute|Keldeo-Resolute|62/329","|turn|23","|","|move|p1a: Keldeo-Resolute|Scald|p2a: Landorus-Therian","|-supereffective|p2a: Landorus-Therian","|-damage|p2a: Landorus-Therian|0 fnt","|faint|p2a: Landorus-Therian","|","|","|switch|p2a: Scizor|Scizor, M, shiny|18/343","|turn|24","|","|switch|p1a: Excadrill|Excadrill, F|325/361","|move|p2a: Scizor|Bullet Punch|p1a: Excadrill","|-resisted|p1a: Excadrill","|-damage|p1a: Excadrill|255/361","|","|-heal|p2a: Scizor|39/343|[from] item: Leftovers","|turn|25","|","|move|p1a: Excadrill|Iron Head|p2a: Scizor","|-resisted|p2a: Scizor","|-damage|p2a: Scizor|0 fnt","|-damage|p1a: Excadrill|219/361|[from] item: Life Orb","|faint|p2a: Scizor","|","|","|switch|p2a: Thundurus|Thundurus, M|299/299","|turn|26","|","|move|p2a: Thundurus|Superpower|p1a: Excadrill","|-supereffective|p1a: Excadrill","|-damage|p1a: Excadrill|0 fnt","|-unboost|p2a: Thundurus|atk|1","|-unboost|p2a: Thundurus|def|1","|-damage|p2a: Thundurus|270/299|[from] item: Life Orb","|faint|p1a: Excadrill","|","|","|switch|p1a: Fabio|Ampharos, M, shiny|383/383","|turn|27","|","|detailschange|p1a: Fabio|Ampharos-Mega, M, shiny","|-mega|p1a: Fabio|Ampharos|Ampharosite","|-ability|p1a: Fabio|Mold Breaker","|move|p2a: Thundurus|Hidden Power|p1a: Fabio","|-supereffective|p1a: Fabio","|-damage|p1a: Fabio|209/383","|-damage|p2a: Thundurus|241/299|[from] item: Life Orb","|move|p1a: Fabio|Dragon Pulse|p2a: Thundurus","|-damage|p2a: Thundurus|46/299","|","|turn|28","|","|move|p2a: Thundurus|Hidden Power|p1a: Fabio","|-supereffective|p1a: Fabio","|-damage|p1a: Fabio|50/383","|-damage|p2a: Thundurus|17/299|[from] item: Life Orb","|move|p1a: Fabio|Dragon Pulse|p2a: Thundurus","|-damage|p2a: Thundurus|0 fnt","|faint|p2a: Thundurus","|","|","|switch|p2a: Gardevoir|Gardevoir, F, shiny|277/277","|-ability|p2a: Gardevoir|Mold Breaker|[from] ability: Trace|[of] p1a: Fabio","|-ability|p2a: Gardevoir|Mold Breaker","|turn|29","|","|detailschange|p2a: Gardevoir|Gardevoir-Mega, F, shiny","|-mega|p2a: Gardevoir|Gardevoir|Gardevoirite","|move|p2a: Gardevoir|Hyper Voice|p1a: Fabio","|-supereffective|p1a: Fabio","|-damage|p1a: Fabio|0 fnt","|faint|p1a: Fabio","|","|","|switch|p1a: Keldeo-Resolute|Keldeo-Resolute|62/329","|turn|30","|","|move|p1a: Keldeo-Resolute|Hydro Pump|p2a: Gardevoir|[miss]","|-miss|p1a: Keldeo-Resolute|p2a: Gardevoir","|move|p2a: Gardevoir|Hyper Voice|p1a: Keldeo-Resolute","|-supereffective|p1a: Keldeo-Resolute","|-damage|p1a: Keldeo-Resolute|0 fnt","|faint|p1a: Keldeo-Resolute","|","|win|Kassyty"],"p1rating":{"entryid":"7563728","serverid":"eos","formatid":"ou","userid":"schot6cahty","username":"schot6cahty","w":"0","l":2,"t":"0","gxe":41,"r":"1500","rd":"130","sigma":"0","rptime":"1439283600","rpr":1427.4328741711,"rprd":116.77753930647,"rpsigma":"0","acre":1000,"lacre":1000,"oldacre":"1000"},"p2rating":{"entryid":7563990,"formatid":"ou","userid":"kassyty","username":"Kassyty","r":1500,"rd":130,"sigma":0,"rpr":1540.1606143388,"rprd":122.8583080769,"rpsigma":0,"rptime":1439283600,"w":1,"l":0,"t":0,"gxe":55,"acre":1040,"lacre":1040,"oldacre":1000},"endType":"normal"}