{"seed":[54070,9393,14581,37392],"turns":25,"p1":"jidanae","p2":"rubensd","p1team":[{"name":"Gallade","species":"Gallade","item":"galladite","ability":"Justified","moves":["swordsdance","drainpunch","icepunch","zenheadbutt"],"nature":"Jolly","evs":{"hp":4,"atk":252,"def":0,"spa":0,"spd":0,"spe":252},"ivs":{"hp":31,"atk":31,"def":31,"spa":31,"spd":31,"spe":31}},{"name":"Bisharp","species":"Bisharp","item":"lifeorb","ability":"Defiant","moves":["suckerpunch","swordsdance","knockoff","ironhead"],"nature":"Jolly","evs":{"hp":0,"atk":252,"def":0,"spa":0,"spd":4,"spe":252},"ivs":{"hp":31,"atk":31,"def":31,"spa":31,"spd":31,"spe":31}},{"name":"Skarmory","species":"Skarmory","item":"leftovers","ability":"Sturdy","moves":["roost","defog","drillpeck","whirlwind"],"nature":"Impish","evs":{"hp":252,"atk":0,"def":232,"spa":0,"spd":0,"spe":24},"ivs":{"hp":31,"atk":31,"def":31,"spa":31,"spd":31,"spe":31}},{"name":"Klefki","species":"Klefki","item":"leftovers","ability":"Prankster","moves":["spikes","thunderwave","magnetrise","playrough"],"nature":"Careful","evs":{"hp":252,"atk":0,"def":4,"spa":0,"spd":252,"spe":0},"ivs":{"hp":31,"atk":31,"def":31,"spa":31,"spd":31,"spe":31}},{"name":"Chandelure","species":"Chandelure","item":"choicescarf","ability":"Flash Fire","moves":["fireblast","shadowball","energyball","darkpulse"],"nature":"Timid","evs":{"hp":0,"atk":0,"def":0,"spa":252,"spd":4,"spe":252},"ivs":{"hp":31,"atk":31,"def":31,"spa":31,"spd":31,"spe":31}},{"name":"Florges","species":"Florges","item":"leftovers","ability":"Flower Veil","moves":["wish","protect","moonblast","aromatherapy"],"nature":"Bold","evs":{"hp":252,"atk":0,"def":252,"spa":0,"spd":4,"spe":0},"ivs":{"hp":31,"atk":31,"def":31,"spa":31,"spd":31,"spe":31}}],"p2team":[{"name":"Benn","species":"emboar","item":"leftovers","ability":"Reckless","moves":["flareblitz","headsmash","wildcharge","hammerarm"],"nature":"Adamant","evs":{"hp":0,"atk":252,"def":0,"spa":0,"spd":4,"spe":252},"gender":"M","ivs":{"hp":31,"atk":31,"def":31,"spa":31,"spd":31,"spe":31}},{"name":"PoisnZ","species":"scolipede","item":"blacksludge","ability":"Speed Boost","moves":["megahorn","batonpass","protect","substitute"],"nature":"Jolly","evs":{"hp":248,"atk":8,"def":0,"spa":0,"spd":0,"spe":252},"gender":"M","ivs":{"hp":31,"atk":31,"def":31,"spa":31,"spd":31,"spe":31}},{"name":"Mimi","species":"swoobat","item":"keeberry","ability":"Simple","moves":["psychic","calmmind","airslash","gigadrain"],"nature":"Timid","evs":{"hp":0,"atk":0,"def":0,"spa":252,"spd":4,"spe":252},"gender":"F","ivs":{"hp":31,"atk":31,"def":31,"spa":31,"spd":31,"spe":31}},{"name":"Bolt","species":"zebstrika","item":"leftovers","ability":"Motor Drive","moves":["wildcharge","bounce","flamecharge","lightscreen"],"nature":"Jolly","evs":{"hp":0,"atk":252,"def":0,"spa":0,"spd":4,"spe":252},"gender":"M","ivs":{"hp":31,"atk":31,"def":31,"spa":31,"spd":31,"spe":31}},{"name":"Jorvi","species":"carracosta","item":"airballoon","ability":"Solid Rock","moves":["waterfall","aquajet","stoneedge","crunch"],"nature":"Adamant","evs":{"hp":248,"atk":252,"def":0,"spa":0,"spd":8,"spe":0},"gender":"M","ivs":{"hp":31,"atk":31,"def":31,"spa":31,"spd":31,"spe":31}},{"name":"Queen","species":"lilligant","item":"leftovers","ability":"Own Tempo","moves":["petaldance","quiverdance","sleeppowder","hiddenpowerfire"],"nature":"Modest","evs":{"hp":0,"atk":0,"def":0,"spa":252,"spd":4,"spe":252},"ivs":{"hp":31,"atk":30,"def":31,"spa":30,"spd":31,"spe":30},"shiny":true}],"log":["|player|p1|jidanae|102","|player|p2|rubensd|144","|gametype|singles","|gen|6","|tier|OU","|rated","|clearpoke","|poke|p1|Gallade, M","|poke|p1|Bisharp, F","|poke|p1|Skarmory, F","|poke|p1|Klefki, F","|poke|p1|Chandelure, F","|poke|p1|Florges, F","|poke|p2|Emboar, M","|poke|p2|Scolipede, M","|poke|p2|Swoobat, F","|poke|p2|Zebstrika, M","|poke|p2|Carracosta, M","|poke|p2|Lilligant, F, shiny","|rule|Swagger Clause: Swagger is banned","|rule|Baton Pass Clause: Limit one Baton Passer, can't pass Spe and other stats simultaneously","|rule|Sleep Clause Mod: Limit one foe put to sleep","|rule|Species Clause: Limit one of each Pokémon","|rule|OHKO Clause: OHKO moves are banned","|rule|Moody Clause: Moody is banned","|rule|Evasion Moves Clause: Evasion moves are banned","|rule|Endless Battle Clause: Forcing endless battles is banned","|rule|HP Percentage Mod: HP is shown in percentages","|teampreview","|","|start","|switch|p1a: Gallade|Gallade, M|278/278","|switch|p2a: Mimi|Swoobat, F|275/275","|turn|1","|","|detailschange|p1a: Gallade|Gallade-Mega, M","|-mega|p1a: Gallade|Gallade|Galladite","|move|p2a: Mimi|Calm Mind|p2a: Mimi","|-boost|p2a: Mimi|spa|2","|-boost|p2a: Mimi|spd|2","|move|p1a: Gallade|Ice Punch|p2a: Mimi","|-supereffective|p2a: Mimi","|-damage|p2a: Mimi|0 fnt","|faint|p2a: Mimi","|","|","|switch|p2a: Jorvi|Carracosta, M|351/351","|-item|p2a: Jorvi|Air Balloon","|turn|2","|","|move|p1a: Gallade|Drain Punch|p2a: Jorvi","|-supereffective|p2a: Jorvi","|-damage|p2a: Jorvi|156/351","|-enditem|p2a: Jorvi|Air Balloon","|move|p2a: Jorvi|Crunch|p1a: Gallade","|-damage|p1a: Gallade|176/278","|","|turn|3","|","|move|p2a: Jorvi|Aqua Jet|p1a: Gallade","|-damage|p1a: Gallade|104/278","|move|p1a: Gallade|Drain Punch|p2a: Jorvi","|-supereffective|p2a: Jorvi","|-damage|p2a: Jorvi|0 fnt","|-heal|p1a: Gallade|182/278|[from] drain|[of] p2a: Jorvi","|faint|p2a: Jorvi","|","|","|switch|p2a: Bolt|Zebstrika, M|291/291","|turn|4","|","|move|p2a: Bolt|Bounce|p1a: Gallade|[still]","|-prepare|p2a: Bolt|Bounce|p1a: Gallade","|move|p1a: Gallade|Drain Punch|p2a: Bolt|[miss]","|-miss|p1a: Gallade|p2a: Bolt","|","|turn|5","|","|switch|p1a: Skarmory|Skarmory, F|334/334","|move|p2a: Bolt|Bounce|p1a: Skarmory|[from]lockedmove","|-resisted|p1a: Skarmory","|-damage|p1a: Skarmory|309/334","|","|-heal|p1a: Skarmory|329/334|[from] item: Leftovers","|turn|6","|","|switch|p1a: Florges|Florges, F|360/360","|move|p2a: Bolt|Wild Charge|p1a: Florges","|-damage|p1a: Florges|236/360","|-damage|p2a: Bolt|260/291|[from] recoil|[of] p1a: Florges","|","|-heal|p2a: Bolt|278/291|[from] item: Leftovers","|-heal|p1a: Florges|258/360|[from] item: Leftovers","|turn|7","|","|move|p2a: Bolt|Light Screen|p2a: Bolt","|-sidestart|p2: rubensd|move: Light Screen","|move|p1a: Florges|Moonblast|p2a: Bolt","|-damage|p2a: Bolt|194/291","|-unboost|p2a: Bolt|spa|1","|","|-heal|p2a: Bolt|212/291|[from] item: Leftovers","|-heal|p1a: Florges|280/360|[from] item: Leftovers","|turn|8","|","|move|p2a: Bolt|Flame Charge|p1a: Florges","|-crit|p1a: Florges","|-damage|p1a: Florges|216/360","|-boost|p2a: Bolt|spe|1","|move|p1a: Florges|Moonblast|p2a: Bolt","|-damage|p2a: Bolt|131/291","|","|-heal|p2a: Bolt|149/291|[from] item: Leftovers","|-heal|p1a: Florges|238/360|[from] item: Leftovers","|turn|9","|","|move|p2a: Bolt|Wild Charge|p1a: Florges","|-damage|p1a: Florges|114/360","|-damage|p2a: Bolt|118/291|[from] recoil|[of] p1a: Florges","|move|p1a: Florges|Moonblast|p2a: Bolt","|-damage|p2a: Bolt|25/291","|-unboost|p2a: Bolt|spa|1","|","|-heal|p2a: Bolt|43/291|[from] item: Leftovers","|-heal|p1a: Florges|136/360|[from] item: Leftovers","|turn|10","|","|move|p2a: Bolt|Wild Charge|p1a: Florges","|-damage|p1a: Florges|15/360","|-damage|p2a: Bolt|13/291|[from] recoil|[of] p1a: Florges","|move|p1a: Florges|Moonblast|p2a: Bolt","|-damage|p2a: Bolt|0 fnt","|faint|p2a: Bolt","|","|-heal|p1a: Florges|37/360|[from] item: Leftovers","|","|switch|p2a: Queen|Lilligant, F, shiny|281/281","|turn|11","|","|move|p2a: Queen|Quiver Dance|p2a: Queen","|-boost|p2a: Queen|spa|1","|-boost|p2a: Queen|spd|1","|-boost|p2a: Queen|spe|1","|move|p1a: Florges|Wish|p1a: Florges","|","|-heal|p1a: Florges|59/360|[from] item: Leftovers","|-sideend|p2: rubensd|move: Light Screen","|turn|12","|","|move|p2a: Queen|Hidden Power|p1a: Florges","|-damage|p1a: Florges|0 fnt","|faint|p1a: Florges","|","|","|switch|p1a: Gallade|Gallade-Mega, M|182/278","|turn|13","|","|move|p2a: Queen|Petal Dance|p1a: Gallade","|-damage|p1a: Gallade|0 fnt","|faint|p1a: Gallade","|","|","|switch|p1a: Chandelure|Chandelure, F|261/261","|turn|14","|","|move|p1a: Chandelure|Fire Blast|p2a: Queen","|-supereffective|p2a: Queen","|-damage|p2a: Queen|0 fnt","|faint|p2a: Queen","|","|","|switch|p2a: PoisnZ|Scolipede, M|323/323","|turn|15","|","|move|p2a: PoisnZ|Protect|p2a: PoisnZ","|-singleturn|p2a: PoisnZ|Protect","|move|p1a: Chandelure|Fire Blast|p2a: PoisnZ","|-activate|p2a: PoisnZ|Protect","|","|-boost|p2a: PoisnZ|spe|1|[from] ability: Speed Boost","|turn|16","|","|move|p2a: PoisnZ|Substitute|p2a: PoisnZ","|-start|p2a: PoisnZ|Substitute","|-damage|p2a: PoisnZ|243/323","|move|p1a: Chandelure|Fire Blast|p2a: PoisnZ","|-supereffective|p2a: PoisnZ","|-end|p2a: PoisnZ|Substitute","|","|-heal|p2a: PoisnZ|263/323|[from] item: Black Sludge","|-boost|p2a: PoisnZ|spe|1|[from] ability: Speed Boost","|turn|17","|","|move|p2a: PoisnZ|Protect|p2a: PoisnZ","|-singleturn|p2a: PoisnZ|Protect","|move|p1a: Chandelure|Fire Blast|p2a: PoisnZ","|-activate|p2a: PoisnZ|Protect","|","|-heal|p2a: PoisnZ|283/323|[from] item: Black Sludge","|-boost|p2a: PoisnZ|spe|1|[from] ability: Speed Boost","|turn|18","|","|move|p2a: PoisnZ|Substitute|p2a: PoisnZ","|-start|p2a: PoisnZ|Substitute","|-damage|p2a: PoisnZ|203/323","|move|p1a: Chandelure|Fire Blast|p2a: PoisnZ","|-supereffective|p2a: PoisnZ","|-end|p2a: PoisnZ|Substitute","|","|-heal|p2a: PoisnZ|223/323|[from] item: Black Sludge","|-boost|p2a: PoisnZ|spe|1|[from] ability: Speed Boost","|turn|19","|","|move|p2a: PoisnZ|Protect|p2a: PoisnZ","|-singleturn|p2a: PoisnZ|Protect","|move|p1a: Chandelure|Fire Blast|p2a: PoisnZ","|-activate|p2a: PoisnZ|Protect","|","|-heal|p2a: PoisnZ|243/323|[from] item: Black Sludge","|-boost|p2a: PoisnZ|spe|1|[from] ability: Speed Boost","|turn|20","|","|switch|p1a: Klefki|Klefki, F|318/318","|move|p2a: PoisnZ|Substitute|p2a: PoisnZ","|-start|p2a: PoisnZ|Substitute","|-damage|p2a: PoisnZ|163/323","|","|-heal|p2a: PoisnZ|183/323|[from] item: Black Sludge","|-boost|p2a: PoisnZ|spe|1|[from] ability: Speed Boost","|turn|21","|","|move|p2a: PoisnZ|Baton Pass|p2a: PoisnZ","|","|switch|p2a: Benn|Emboar, M|361/361","|move|p1a: Klefki|Play Rough|p2a: Benn","|-end|p2a: Benn|Substitute","|","|turn|22","|","|move|p1a: Klefki|Thunder Wave|p2a: Benn","|-status|p2a: Benn|par","|move|p2a: Benn|Flare Blitz|p1a: Klefki","|-supereffective|p1a: Klefki","|-damage|p1a: Klefki|0 fnt","|-damage|p2a: Benn|256/361 par|[from] recoil|[of] p1a: Klefki","|faint|p1a: Klefki","|","|-heal|p2a: Benn|278/361 par|[from] item: Leftovers","|","|switch|p1a: Chandelure|Chandelure, F|261/261","|turn|23","|","|move|p1a: Chandelure|Shadow Ball|p2a: Benn","|-damage|p2a: Benn|61/361 par","|-unboost|p2a: Benn|spd|1","|move|p2a: Benn|Head Smash|p1a: Chandelure","|-supereffective|p1a: Chandelure","|-damage|p1a: Chandelure|0 fnt","|-damage|p2a: Benn|0 fnt|[from] recoil|[of] p1a: Chandelure","|faint|p1a: Chandelure","|faint|p2a: Benn","|","|","|switch|p2a: PoisnZ|Scolipede, M|183/323","|switch|p1a: Bisharp|Bisharp, F|271/271","|turn|24","|","|move|p2a: PoisnZ|Megahorn|p1a: Bisharp","|-damage|p1a: Bisharp|141/271","|move|p1a: Bisharp|Swords Dance|p1a: Bisharp","|-boost|p1a: Bisharp|atk|2","|","|-heal|p2a: PoisnZ|203/323|[from] item: Black Sludge","|-boost|p2a: PoisnZ|spe|1|[from] ability: Speed Boost","|turn|25","|","|move|p1a: Bisharp|Sucker Punch|p2a: PoisnZ","|-damage|p2a: PoisnZ|0 fnt","|-damage|p1a: Bisharp|114/271|[from] item: Life Orb","|faint|p2a: PoisnZ","|","|win|jidanae"],"p1rating":{"entryid":"7564320","serverid":"eos","formatid":"ou","userid":"jidanae","username":"jidanae","w":3,"l":"0","t":"0","gxe":61.7,"r":"1500","rd":"130","sigma":"0","rptime":"1439283600","rpr":1594.2034015753,"rprd":111.27412298262,"rpsigma":"0","acre":1097.6588578911,"lacre":1097.6588578911,"oldacre":"1070.1028089042"},"p2rating":{"entryid":"6070249","serverid":"eos","formatid":"ou","userid":"rubensd","username":"rubensd","w":"4","l":10,"t":"0","gxe":39.8,"r":"1436.4986250139","rd":"89.554971570565","sigma":"0","rptime":"1439283600","rpr":1419.6604230384,"rprd":87.181702104045,"rpsigma":"0","acre":1031.3620346189,"lacre":1031.3620346189,"oldacre":"1047.3452232912"},"endType":"normal"}