{"seed":[34565,44130,42183,53367],"turns":24,"p1":"Athulu","p2":"jidanae","p1team":[{"name":"Altaria","species":"Altaria","item":"altarianite","ability":"Cloud Nine","moves":["hypervoice","fireblast","roost","roar"],"nature":"Modest","evs":{"hp":248,"atk":0,"def":0,"spa":168,"spd":0,"spe":92},"ivs":{"hp":31,"atk":31,"def":31,"spa":31,"spd":31,"spe":31}},{"name":"Dragonite","species":"Dragonite","item":"leftovers","ability":"Multiscale","moves":["roar","dragonclaw","extremespeed","firepunch"],"nature":"Adamant","evs":{"hp":216,"atk":64,"def":0,"spa":0,"spd":228,"spe":0},"ivs":{"hp":31,"atk":31,"def":31,"spa":31,"spd":31,"spe":31}},{"name":"Manectric","species":"Manectric","item":"manectite","ability":"Lightning Rod","moves":["thunderbolt","voltswitch","overheat","hiddenpowerice"],"nature":"Timid","evs":{"hp":0,"atk":0,"def":4,"spa":252,"spd":0,"spe":252},"ivs":{"hp":31,"atk":30,"def":30,"spa":31,"spd":31,"spe":31}},{"name":"Venusaur","species":"Venusaur","item":"venusaurite","ability":"Chlorophyll","moves":["gigadrain","sludgebomb","hiddenpowerfire","roar"],"nature":"Modest","evs":{"hp":232,"atk":0,"def":0,"spa":252,"spd":4,"spe":20},"ivs":{"hp":31,"atk":30,"def":31,"spa":30,"spd":31,"spe":30}},{"name":"Alakazam","species":"Alakazam","item":"alakazite","ability":"Magic Guard","moves":["psychic","focusblast","shadowball","trick"],"nature":"Timid","evs":{"hp":0,"atk":0,"def":4,"spa":252,"spd":0,"spe":252},"ivs":{"hp":31,"atk":31,"def":31,"spa":31,"spd":31,"spe":31}},{"name":"Gengar","species":"Gengar","item":"spelltag","ability":"Levitate","moves":["perishsong","meanlook","trick","substitute"],"nature":"Timid","evs":{"hp":248,"atk":0,"def":0,"spa":0,"spd":84,"spe":176},"ivs":{"hp":31,"atk":31,"def":31,"spa":31,"spd":31,"spe":31}}],"p2team":[{"name":"Gallade","species":"Gallade","item":"galladite","ability":"Justified","moves":["swordsdance","drainpunch","icepunch","zenheadbutt"],"nature":"Jolly","evs":{"hp":4,"atk":252,"def":0,"spa":0,"spd":0,"spe":252},"ivs":{"hp":31,"atk":31,"def":31,"spa":31,"spd":31,"spe":31}},{"name":"Bisharp","species":"Bisharp","item":"lifeorb","ability":"Defiant","moves":["suckerpunch","swordsdance","knockoff","ironhead"],"nature":"Jolly","evs":{"hp":0,"atk":252,"def":0,"spa":0,"spd":4,"spe":252},"ivs":{"hp":31,"atk":31,"def":31,"spa":31,"spd":31,"spe":31}},{"name":"Skarmory","species":"Skarmory","item":"leftovers","ability":"Sturdy","moves":["roost","defog","drillpeck","whirlwind"],"nature":"Impish","evs":{"hp":252,"atk":0,"def":232,"spa":0,"spd":0,"spe":24},"ivs":{"hp":31,"atk":31,"def":31,"spa":31,"spd":31,"spe":31}},{"name":"Klefki","species":"Klefki","item":"leftovers","ability":"Prankster","moves":["spikes","thunderwave","magnetrise","playrough"],"nature":"Careful","evs":{"hp":252,"atk":0,"def":4,"spa":0,"spd":252,"spe":0},"ivs":{"hp":31,"atk":31,"def":31,"spa":31,"spd":31,"spe":31}},{"name":"Chandelure","species":"Chandelure","item":"choicescarf","ability":"Flash Fire","moves":["fireblast","shadowball","energyball","darkpulse"],"nature":"Timid","evs":{"hp":0,"atk":0,"def":0,"spa":252,"spd":4,"spe":252},"ivs":{"hp":31,"atk":31,"def":31,"spa":31,"spd":31,"spe":31}},{"name":"Florges","species":"Florges","item":"leftovers","ability":"Flower Veil","moves":["wish","protect","moonblast","aromatherapy"],"nature":"Bold","evs":{"hp":252,"atk":0,"def":252,"spa":0,"spd":4,"spe":0},"ivs":{"hp":31,"atk":31,"def":31,"spa":31,"spd":31,"spe":31}}],"log":["|player|p1|Athulu|288","|player|p2|jidanae|102","|gametype|singles","|gen|6","|tier|OU","|rated","|clearpoke","|poke|p1|Altaria, M","|poke|p1|Dragonite, M","|poke|p1|Manectric, F","|poke|p1|Venusaur, M","|poke|p1|Alakazam, F","|poke|p1|Gengar, M","|poke|p2|Gallade, M","|poke|p2|Bisharp, M","|poke|p2|Skarmory, M","|poke|p2|Klefki, M","|poke|p2|Chandelure, M","|poke|p2|Florges, F","|rule|Swagger Clause: Swagger is banned","|rule|Baton Pass Clause: Limit one Baton Passer, can't pass Spe and other stats simultaneously","|rule|Sleep Clause Mod: Limit one foe put to sleep","|rule|Species Clause: Limit one of each Pokémon","|rule|OHKO Clause: OHKO moves are banned","|rule|Moody Clause: Moody is banned","|rule|Evasion Moves Clause: Evasion moves are banned","|rule|Endless Battle Clause: Forcing endless battles is banned","|rule|HP Percentage Mod: HP is shown in percentages","|teampreview","|","|start","|switch|p1a: Alakazam|Alakazam, F|251/251","|switch|p2a: Gallade|Gallade, M|278/278","|turn|1","|","|detailschange|p1a: Alakazam|Alakazam-Mega, F","|-mega|p1a: Alakazam|Alakazam|Alakazite","|-ability|p1a: Alakazam|Justified|[from] ability: Trace|[of] p2a: Gallade","|detailschange|p2a: Gallade|Gallade-Mega, M","|-mega|p2a: Gallade|Gallade|Galladite","|move|p1a: Alakazam|Shadow Ball|p2a: Gallade","|-supereffective|p2a: Gallade","|-damage|p2a: Gallade|68/278","|move|p2a: Gallade|Ice Punch|p1a: Alakazam","|-damage|p1a: Alakazam|100/251","|","|turn|2","|","|switch|p2a: Florges|Florges, F|360/360","|move|p1a: Alakazam|Shadow Ball|p2a: Florges","|-damage|p2a: Florges|278/360","|","|-heal|p2a: Florges|300/360|[from] item: Leftovers","|turn|3","|","|switch|p1a: Gengar|Gengar, M|323/323","|move|p2a: Florges|Wish|p2a: Florges","|","|-heal|p2a: Florges|322/360|[from] item: Leftovers","|turn|4","|","|switch|p2a: Klefki|Klefki, M|318/318","|move|p1a: Gengar|Trick|p2a: Klefki","|-activate|p1a: Gengar|move: Trick|[of] p2a: Klefki","|-item|p2a: Klefki|Spell Tag|[from] move: Trick","|-item|p1a: Gengar|Leftovers|[from] move: Trick","|","|turn|5","|","|move|p2a: Klefki|Spikes|p1a: Gengar","|-sidestart|p1: Athulu|Spikes","|move|p1a: Gengar|Substitute|p1a: Gengar","|-start|p1a: Gengar|Substitute","|-damage|p1a: Gengar|243/323","|","|-heal|p1a: Gengar|263/323|[from] item: Leftovers","|turn|6","|","|move|p1a: Gengar|Mean Look|p2a: Klefki","|-activate|p2a: Klefki|trapped","|move|p2a: Klefki|Play Rough|p1a: Gengar","|-resisted|p1a: Gengar","|-activate|p1a: Gengar|Substitute|[damage]","|","|-heal|p1a: Gengar|283/323|[from] item: Leftovers","|turn|7","|","|move|p1a: Gengar|Perish Song|p1a: Gengar","|-start|p1a: Gengar|perish3|[silent]","|-start|p2a: Klefki|perish3|[silent]","|-fieldactivate|move: Perish Song","|move|p2a: Klefki|Play Rough|p1a: Gengar","|-resisted|p1a: Gengar","|-end|p1a: Gengar|Substitute","|","|-start|p1a: Gengar|perish3","|-start|p2a: Klefki|perish3","|-heal|p1a: Gengar|303/323|[from] item: Leftovers","|turn|8","|","|move|p2a: Klefki|Thunder Wave|p1a: Gengar","|-status|p1a: Gengar|par","|move|p1a: Gengar|Substitute|p1a: Gengar","|-start|p1a: Gengar|Substitute","|-damage|p1a: Gengar|223/323 par","|","|-start|p2a: Klefki|perish2","|-start|p1a: Gengar|perish2","|-heal|p1a: Gengar|243/323 par|[from] item: Leftovers","|turn|9","|","|move|p2a: Klefki|Play Rough|p1a: Gengar","|-resisted|p1a: Gengar","|-activate|p1a: Gengar|Substitute|[damage]","|move|p1a: Gengar|Substitute|p1a: Gengar","|-fail|p1a: Gengar|move: Substitute","|","|-start|p2a: Klefki|perish1","|-start|p1a: Gengar|perish1","|-heal|p1a: Gengar|263/323 par|[from] item: Leftovers","|turn|10","|","|move|p2a: Klefki|Spikes|p1a: Gengar","|-sidestart|p1: Athulu|Spikes","|move|p1a: Gengar|Mean Look|p2a: Klefki","|-fail|p2a: Klefki","|","|-start|p2a: Klefki|perish0","|-start|p1a: Gengar|perish0","|faint|p2a: Klefki","|faint|p1a: Gengar","|","|switch|p2a: Chandelure|Chandelure, M|261/261","|switch|p1a: Dragonite|Dragonite, M|377/377","|turn|11","|","|move|p2a: Chandelure|Shadow Ball|p1a: Dragonite","|-crit|p1a: Dragonite","|-damage|p1a: Dragonite|286/377","|-unboost|p1a: Dragonite|spd|1","|move|p1a: Dragonite|Roar|p2a: Chandelure","|drag|p2a: Skarmory|Skarmory, M|334/334","|","|-heal|p1a: Dragonite|309/377|[from] item: Leftovers","|turn|12","|","|move|p1a: Dragonite|Fire Punch|p2a: Skarmory","|-supereffective|p2a: Skarmory","|-damage|p2a: Skarmory|236/334","|move|p2a: Skarmory|Whirlwind|p1a: Dragonite","|drag|p1a: Manectric|Manectric, F|281/281","|-damage|p1a: Manectric|235/281|[from] Spikes","|","|-heal|p2a: Skarmory|256/334|[from] item: Leftovers","|turn|13","|","|switch|p2a: Florges|Florges, F|322/360","|move|p1a: Manectric|Volt Switch|p2a: Florges","|-crit|p2a: Florges","|-damage|p2a: Florges|202/360","|","|switch|p1a: Dragonite|Dragonite, M|309/377","|","|-heal|p1a: Dragonite|332/377|[from] item: Leftovers","|-heal|p2a: Florges|224/360|[from] item: Leftovers","|turn|14","|","|switch|p1a: Venusaur|Venusaur, M|359/359","|-damage|p1a: Venusaur|300/359|[from] Spikes","|move|p2a: Florges|Moonblast|p1a: Venusaur","|-resisted|p1a: Venusaur","|-damage|p1a: Venusaur|237/359","|","|-heal|p2a: Florges|246/360|[from] item: Leftovers","|turn|15","|","|move|p2a: Florges|Protect|p2a: Florges","|-singleturn|p2a: Florges|Protect","|move|p1a: Venusaur|Hidden Power|p2a: Florges","|-activate|p2a: Florges|Protect","|","|-heal|p2a: Florges|268/360|[from] item: Leftovers","|turn|16","|","|switch|p2a: Chandelure|Chandelure, M|261/261","|move|p1a: Venusaur|Giga Drain|p2a: Chandelure","|-resisted|p2a: Chandelure","|-damage|p2a: Chandelure|201/261","|-heal|p1a: Venusaur|267/359|[from] drain|[of] p2a: Chandelure","|","|turn|17","|","|switch|p1a: Alakazam|Alakazam-Mega, F|100/251","|-damage|p1a: Alakazam|59/251|[from] Spikes","|-ability|p1a: Alakazam|Flash Fire|[from] ability: Trace|[of] p2a: Chandelure","|move|p2a: Chandelure|Shadow Ball|p1a: Alakazam","|-supereffective|p1a: Alakazam","|-damage|p1a: Alakazam|0 fnt","|faint|p1a: Alakazam","|","|","|switch|p1a: Altaria|Altaria, M|353/353","|-ability|p1a: Altaria|Cloud Nine","|turn|18","|","|move|p2a: Chandelure|Shadow Ball|p1a: Altaria","|-damage|p1a: Altaria|205/353","|-unboost|p1a: Altaria|spd|1","|move|p1a: Altaria|Hyper Voice|p2a: Chandelure","|-immune|p2a: Chandelure|[msg]","|","|turn|19","|","|move|p2a: Chandelure|Shadow Ball|p1a: Altaria","|-damage|p1a: Altaria|0 fnt","|faint|p1a: Altaria","|","|","|switch|p1a: Dragonite|Dragonite, M|332/377","|turn|20","|","|move|p1a: Dragonite|Extreme Speed|p2a: Chandelure","|-immune|p2a: Chandelure|[msg]","|move|p2a: Chandelure|Shadow Ball|p1a: Dragonite","|-damage|p1a: Dragonite|217/377","|","|-heal|p1a: Dragonite|240/377|[from] item: Leftovers","|turn|21","|","|move|p2a: Chandelure|Shadow Ball|p1a: Dragonite","|-damage|p1a: Dragonite|113/377","|move|p1a: Dragonite|Dragon Claw|p2a: Chandelure","|-damage|p2a: Chandelure|47/261","|","|-heal|p1a: Dragonite|136/377|[from] item: Leftovers","|turn|22","|","|switch|p1a: Manectric|Manectric, F|235/281","|-damage|p1a: Manectric|189/281|[from] Spikes","|move|p2a: Chandelure|Shadow Ball|p1a: Manectric","|-damage|p1a: Manectric|0 fnt","|faint|p1a: Manectric","|","|","|switch|p1a: Venusaur|Venusaur, M|267/359","|-damage|p1a: Venusaur|208/359|[from] Spikes","|turn|23","|","|move|p2a: Chandelure|Shadow Ball|p1a: Venusaur","|-damage|p1a: Venusaur|60/359","|move|p1a: Venusaur|Sludge Bomb|p2a: Chandelure","|-resisted|p2a: Chandelure","|-damage|p2a: Chandelure|0 fnt","|faint|p2a: Chandelure","|","|","|switch|p2a: Gallade|Gallade-Mega, M|68/278","|turn|24","|","|switch|p1a: Dragonite|Dragonite, M|136/377","|move|p2a: Gallade|Zen Headbutt|p1a: Dragonite","|-damage|p1a: Dragonite|0 fnt","|faint|p1a: Dragonite","|","|","|win|jidanae"],"p1rating":{"entryid":7564319,"formatid":"ou","userid":"athulu","username":"Athulu","r":1500,"rd":130,"sigma":0,"rpr":1459.8393856612,"rprd":122.8583080769,"rpsigma":0,"rptime":1439283600,"w":0,"l":1,"t":0,"gxe":45,"acre":1000,"lacre":1000,"oldacre":1000},"p2rating":{"entryid":7564320,"formatid":"ou","userid":"jidanae","username":"jidanae","r":1500,"rd":130,"sigma":0,"rpr":1540.1606143388,"rprd":122.8583080769,"rpsigma":0,"rptime":1439283600,"w":1,"l":0,"t":0,"gxe":55,"acre":1040,"lacre":1040,"oldacre":1000},"endType":"forfeit"}