{"seed":[56577,15538,39697,35165],"turns":30,"p1":"Neowulf","p2":"sl ice rapton","p1team":[{"name":"Gallade","species":"Gallade","item":"galladite","ability":"Justified","moves":["swordsdance","closecombat","icepunch","psychocut"],"nature":"Jolly","evs":{"hp":4,"atk":252,"def":0,"spa":0,"spd":0,"spe":252},"ivs":{"hp":31,"atk":31,"def":31,"spa":31,"spd":31,"spe":31}},{"name":"Bisharp","species":"Bisharp","item":"blackglasses","ability":"Defiant","moves":["ironhead","swordsdance","suckerpunch","knockoff"],"nature":"Serious","evs":{"hp":0,"atk":252,"def":4,"spa":0,"spd":0,"spe":252},"ivs":{"hp":31,"atk":31,"def":31,"spa":31,"spd":31,"spe":31}},{"name":"Slowbro","species":"Slowbro","item":"leftovers","ability":"Regenerator","moves":["thunderwave","scald","slackoff","icebeam"],"nature":"Bold","evs":{"hp":252,"atk":0,"def":252,"spa":4,"spd":0,"spe":0},"ivs":{"hp":31,"atk":31,"def":31,"spa":31,"spd":31,"spe":31}},{"name":"Chansey","species":"Chansey","item":"eviolite","ability":"Natural Cure","moves":["stealthrock","softboiled","healbell","seismictoss"],"nature":"Impish","evs":{"hp":36,"atk":0,"def":252,"spa":0,"spd":220,"spe":0},"ivs":{"hp":31,"atk":31,"def":31,"spa":31,"spd":31,"spe":31}},{"name":"Thundurus","species":"Thundurus","item":"lifeorb","ability":"Prankster","moves":["taunt","hiddenpowerice","voltswitch","discharge"],"nature":"Timid","evs":{"hp":0,"atk":0,"def":0,"spa":252,"spd":4,"spe":252},"ivs":{"hp":31,"atk":30,"def":30,"spa":31,"spd":31,"spe":31}},{"name":"Garchomp","species":"Garchomp","item":"choicescarf","ability":"Rough Skin","moves":["outrage","stoneedge","fireblast","earthquake"],"nature":"Naive","evs":{"hp":0,"atk":200,"def":0,"spa":56,"spd":0,"spe":252},"ivs":{"hp":31,"atk":31,"def":31,"spa":31,"spd":31,"spe":31}}],"p2team":[{"name":"Aurorus","species":"Aurorus","item":"focussash","ability":"Snow Warning","moves":["stealthrock","encore","ancientpower","thunderwave"],"nature":"","evs":{"hp":252,"atk":0,"def":4,"spa":0,"spd":252,"spe":0},"ivs":{"hp":31,"atk":31,"def":31,"spa":31,"spd":31,"spe":31}},{"name":"Avalugg","species":"Avalugg","item":"rockyhelmet","ability":"Sturdy","moves":["rapidspin","recover","avalanche","earthquake"],"nature":"Impish","evs":{"hp":252,"atk":4,"def":252,"spa":0,"spd":0,"spe":0},"ivs":{"hp":31,"atk":31,"def":31,"spa":31,"spd":31,"spe":31}},{"name":"Kyurem-Black","species":"Kyurem-Black","item":"lumberry","ability":"Teravolt","moves":["outrage","fusionbolt","ironhead","honeclaws"],"nature":"","evs":{"hp":4,"atk":252,"def":0,"spa":0,"spd":0,"spe":252},"ivs":{"hp":31,"atk":31,"def":31,"spa":31,"spd":31,"spe":31}},{"name":"Mamoswine","species":"Mamoswine","item":"choicescarf","ability":"Thick Fat","moves":["earthquake","iciclecrash","superpower","rockslide"],"nature":"Jolly","evs":{"hp":4,"atk":252,"def":0,"spa":0,"spd":0,"spe":252},"ivs":{"hp":31,"atk":31,"def":31,"spa":31,"spd":31,"spe":31}},{"name":"Cloyster","species":"Cloyster","item":"focussash","ability":"Skill Link","moves":["iciclespear","rockblast","shellsmash","rapidspin"],"nature":"Adamant","evs":{"hp":0,"atk":252,"def":0,"spa":0,"spd":4,"spe":252},"ivs":{"hp":31,"atk":31,"def":31,"spa":31,"spd":31,"spe":31}},{"name":"Froslass","species":"Froslass","item":"airballoon","ability":"Cursed Body","moves":["spikes","thunderwave","psychic","icebeam"],"nature":"","evs":{"hp":0,"atk":0,"def":0,"spa":0,"spd":0,"spe":0},"ivs":{"hp":31,"atk":31,"def":31,"spa":31,"spd":31,"spe":31}}],"log":["|player|p1|Neowulf|24","|player|p2|sl ice rapton|225","|gametype|singles","|gen|6","|tier|OU","|rated","|clearpoke","|poke|p1|Gallade, M","|poke|p1|Bisharp, M","|poke|p1|Slowbro, F","|poke|p1|Chansey, F","|poke|p1|Thundurus, M","|poke|p1|Garchomp, M","|poke|p2|Aurorus, F","|poke|p2|Avalugg, M","|poke|p2|Kyurem-Black","|poke|p2|Mamoswine, F","|poke|p2|Cloyster, F","|poke|p2|Froslass, F","|rule|Swagger Clause: Swagger is banned","|rule|Baton Pass Clause: Limit one Baton Passer, can't pass Spe and other stats simultaneously","|rule|Sleep Clause Mod: Limit one foe put to sleep","|rule|Species Clause: Limit one of each Pokémon","|rule|OHKO Clause: OHKO moves are banned","|rule|Moody Clause: Moody is banned","|rule|Evasion Moves Clause: Evasion moves are banned","|rule|Endless Battle Clause: Forcing endless battles is banned","|rule|HP Percentage Mod: HP is shown in percentages","|teampreview","|","|start","|switch|p1a: Thundurus|Thundurus, M|299/299","|switch|p2a: Aurorus|Aurorus, F|450/450","|-weather|Hail","|turn|1","|","|switch|p1a: Chansey|Chansey, F|650/650","|move|p2a: Aurorus|Stealth Rock|p1a: Chansey","|-sidestart|p1: Neowulf|move: Stealth Rock","|","|-weather|Hail|[upkeep]","|-damage|p1a: Chansey|610/650|[from] hail","|turn|2","|","|move|p2a: Aurorus|Thunder Wave|p1a: Chansey","|-status|p1a: Chansey|par","|cant|p1a: Chansey|par","|","|-weather|Hail|[upkeep]","|-damage|p1a: Chansey|570/650 par|[from] hail","|turn|3","|","|move|p2a: Aurorus|Ancient Power|p1a: Chansey","|-damage|p1a: Chansey|534/650 par","|move|p1a: Chansey|Stealth Rock|p2a: Aurorus","|-sidestart|p2: sl ice rapton|move: Stealth Rock","|","|-weather|Hail|[upkeep]","|-damage|p1a: Chansey|494/650 par|[from] hail","|turn|4","|","|move|p2a: Aurorus|Encore|p1a: Chansey","|-start|p1a: Chansey|Encore","|move|p1a: Chansey|Stealth Rock|p2a: Aurorus","|-fail|p2a: Aurorus","|","|-weather|Hail|[upkeep]","|-damage|p1a: Chansey|454/650 par|[from] hail","|turn|5","|","|switch|p1a: Bisharp|Bisharp, M|271/271","|-damage|p1a: Bisharp|255/271|[from] Stealth Rock","|move|p2a: Aurorus|Ancient Power|p1a: Bisharp","|-resisted|p1a: Bisharp","|-damage|p1a: Bisharp|207/271","|","|-weather|none","|turn|6","|","|move|p1a: Bisharp|Iron Head|p2a: Aurorus","|-supereffective|p2a: Aurorus","|-enditem|p2a: Aurorus|Focus Sash","|-damage|p2a: Aurorus|1/450","|cant|p2a: Aurorus|flinch","|","|turn|7","|","|move|p1a: Bisharp|Knock Off|p2a: Aurorus","|-damage|p2a: Aurorus|0 fnt","|faint|p2a: Aurorus","|","|","|switch|p2a: Froslass|Froslass, F|281/281","|-damage|p2a: Froslass|211/281|[from] Stealth Rock","|-item|p2a: Froslass|Air Balloon","|turn|8","|","|move|p1a: Bisharp|Sucker Punch|p2a: Froslass","|-fail|p1a: Bisharp","|move|p2a: Froslass|Thunder Wave|p1a: Bisharp","|-status|p1a: Bisharp|par","|","|turn|9","|","|switch|p1a: Chansey|Chansey, F|454/650","|-damage|p1a: Chansey|373/650|[from] Stealth Rock","|move|p2a: Froslass|Spikes|p1a: Chansey","|-sidestart|p1: Neowulf|Spikes","|","|turn|10","|","|move|p2a: Froslass|Thunder Wave|p1a: Chansey","|-status|p1a: Chansey|par","|move|p1a: Chansey|Heal Bell|p1a: Chansey","|-cureteam|p1a: Chansey|[from] move: HealBell","|","|turn|11","|","|switch|p1a: Thundurus|Thundurus, M|299/299","|-damage|p1a: Thundurus|225/299|[from] Stealth Rock","|move|p2a: Froslass|Ice Beam|p1a: Thundurus","|-supereffective|p1a: Thundurus","|-damage|p1a: Thundurus|7/299","|","|turn|12","|","|move|p1a: Thundurus|Discharge|p2a: Froslass","|-damage|p2a: Froslass|0 fnt","|-start|p1a: Thundurus|Disable|Discharge","|-enditem|p2a: Froslass|Air Balloon","|-damage|p1a: Thundurus|0 fnt|[from] item: Life Orb","|faint|p2a: Froslass","|faint|p1a: Thundurus","|","|","|switch|p1a: Gallade|Gallade, M|278/278","|switch|p2a: Avalugg|Avalugg, M|394/394","|-damage|p1a: Gallade|261/278|[from] Stealth Rock","|-damage|p1a: Gallade|227/278|[from] Spikes","|-damage|p2a: Avalugg|296/394|[from] Stealth Rock","|turn|13","|","|detailschange|p1a: Gallade|Gallade-Mega, M","|-mega|p1a: Gallade|Gallade|Galladite","|move|p1a: Gallade|Close Combat|p2a: Avalugg","|-supereffective|p2a: Avalugg","|-damage|p2a: Avalugg|48/394","|-damage|p1a: Gallade|181/278|[from] item: Rocky Helmet|[of] p2a: Avalugg","|-unboost|p1a: Gallade|def|1","|-unboost|p1a: Gallade|spd|1","|move|p2a: Avalugg|Rapid Spin|p1a: Gallade","|-damage|p1a: Gallade|151/278","|-sideend|p2: sl ice rapton|Stealth Rock|[from] move: Rapid Spin|[of] p2a: Avalugg","|","|turn|14","|","|move|p1a: Gallade|Psycho Cut|p2a: Avalugg","|-crit|p2a: Avalugg","|-damage|p2a: Avalugg|0 fnt","|faint|p2a: Avalugg","|","|","|switch|p2a: Mamoswine|Mamoswine, F|362/362","|turn|15","|","|move|p2a: Mamoswine|Earthquake|p1a: Gallade","|-damage|p1a: Gallade|0 fnt","|faint|p1a: Gallade","|","|","|switch|p1a: Slowbro|Slowbro, F|394/394","|-damage|p1a: Slowbro|345/394|[from] Stealth Rock","|-damage|p1a: Slowbro|296/394|[from] Spikes","|turn|16","|","|switch|p2a: Kyurem-Black|Kyurem-Black|392/392","|-ability|p2a: Kyurem-Black|Teravolt","|move|p1a: Slowbro|Slack Off|p1a: Slowbro","|-heal|p1a: Slowbro|394/394","|","|turn|17","|","|move|p2a: Kyurem-Black|Fusion Bolt|p1a: Slowbro","|-supereffective|p1a: Slowbro","|-damage|p1a: Slowbro|190/394","|move|p1a: Slowbro|Thunder Wave|p2a: Kyurem-Black","|-status|p2a: Kyurem-Black|par","|-enditem|p2a: Kyurem-Black|Lum Berry|[eat]","|-curestatus|p2a: Kyurem-Black|par","|","|-heal|p1a: Slowbro|214/394|[from] item: Leftovers","|turn|18","|","|switch|p1a: Garchomp|Garchomp, M|357/357","|-damage|p1a: Garchomp|313/357|[from] Spikes","|-damage|p1a: Garchomp|291/357|[from] Stealth Rock","|move|p2a: Kyurem-Black|Fusion Bolt|p1a: Garchomp","|-immune|p1a: Garchomp|[msg]","|","|turn|19","|","|switch|p2a: Cloyster|Cloyster, F|241/241","|move|p1a: Garchomp|Outrage|p2a: Cloyster","|-damage|p2a: Cloyster|108/241","|","|turn|20","|","|move|p1a: Garchomp|Outrage|p2a: Cloyster|[from]lockedmove","|-damage|p2a: Cloyster|0 fnt","|-start|p1a: Garchomp|confusion|[fatigue]","|faint|p2a: Cloyster","|","|","|switch|p2a: Kyurem-Black|Kyurem-Black|392/392","|-ability|p2a: Kyurem-Black|Teravolt","|turn|21","|","|-activate|p1a: Garchomp|confusion","|-damage|p1a: Garchomp|242/357|[from] confusion","|move|p2a: Kyurem-Black|Outrage|p1a: Garchomp","|-supereffective|p1a: Garchomp","|-damage|p1a: Garchomp|0 fnt","|-damage|p2a: Kyurem-Black|343/392|[from] ability: Rough Skin|[of] p1a: Garchomp","|faint|p1a: Garchomp","|","|","|switch|p1a: Slowbro|Slowbro, F|345/394","|-damage|p1a: Slowbro|296/394|[from] Stealth Rock","|-damage|p1a: Slowbro|247/394|[from] Spikes","|turn|22","|","|move|p2a: Kyurem-Black|Outrage|p1a: Slowbro|[from]lockedmove","|-crit|p1a: Slowbro","|-damage|p1a: Slowbro|3/394","|-start|p2a: Kyurem-Black|confusion|[fatigue]","|move|p1a: Slowbro|Thunder Wave|p2a: Kyurem-Black","|-status|p2a: Kyurem-Black|par","|","|-heal|p1a: Slowbro|27/394|[from] item: Leftovers","|turn|23","|","|move|p1a: Slowbro|Slack Off|p1a: Slowbro","|-heal|p1a: Slowbro|224/394","|-activate|p2a: Kyurem-Black|confusion","|-damage|p2a: Kyurem-Black|281/392 par|[from] confusion","|","|-heal|p1a: Slowbro|248/394|[from] item: Leftovers","|turn|24","|","|move|p1a: Slowbro|Slack Off|p1a: Slowbro","|-heal|p1a: Slowbro|394/394","|-activate|p2a: Kyurem-Black|confusion","|move|p2a: Kyurem-Black|Fusion Bolt|p1a: Slowbro","|-supereffective|p1a: Slowbro","|-damage|p1a: Slowbro|188/394","|","|-heal|p1a: Slowbro|212/394|[from] item: Leftovers","|turn|25","|","|switch|p1a: Chansey|Chansey, F|373/650","|-damage|p1a: Chansey|292/650|[from] Spikes","|-damage|p1a: Chansey|211/650|[from] Stealth Rock","|-end|p2a: Kyurem-Black|confusion","|cant|p2a: Kyurem-Black|par","|","|turn|26","|","|move|p1a: Chansey|Stealth Rock|p2a: Kyurem-Black","|-sidestart|p2: sl ice rapton|move: Stealth Rock","|move|p2a: Kyurem-Black|Outrage|p1a: Chansey","|-damage|p1a: Chansey|0 fnt","|faint|p1a: Chansey","|","|","|switch|p1a: Bisharp|Bisharp, M|207/271","|-damage|p1a: Bisharp|191/271|[from] Stealth Rock","|-damage|p1a: Bisharp|158/271|[from] Spikes","|turn|27","|","|move|p1a: Bisharp|Iron Head|p2a: Kyurem-Black","|-supereffective|p2a: Kyurem-Black","|-damage|p2a: Kyurem-Black|27/392 par","|cant|p2a: Kyurem-Black|flinch","|","|turn|28","|","|move|p1a: Bisharp|Iron Head|p2a: Kyurem-Black","|-supereffective|p2a: Kyurem-Black","|-damage|p2a: Kyurem-Black|0 fnt","|faint|p2a: Kyurem-Black","|","|","|switch|p2a: Mamoswine|Mamoswine, F|362/362","|-damage|p2a: Mamoswine|317/362|[from] Stealth Rock","|turn|29","|","|move|p1a: Bisharp|Sucker Punch|p2a: Mamoswine","|-damage|p2a: Mamoswine|121/362","|move|p2a: Mamoswine|Earthquake|p1a: Bisharp","|-supereffective|p1a: Bisharp","|-damage|p1a: Bisharp|0 fnt","|faint|p1a: Bisharp","|","|","|switch|p1a: Slowbro|Slowbro, F|343/394","|-damage|p1a: Slowbro|294/394|[from] Spikes","|-damage|p1a: Slowbro|245/394|[from] Stealth Rock","|turn|30","|","|move|p2a: Mamoswine|Earthquake|p1a: Slowbro","|-damage|p1a: Slowbro|133/394","|move|p1a: Slowbro|Scald|p2a: Mamoswine","|-supereffective|p2a: Mamoswine","|-damage|p2a: Mamoswine|0 fnt","|faint|p2a: Mamoswine","|","|win|Neowulf"],"p1rating":{"entryid":"6346305","serverid":"eos","formatid":"ou","userid":"neowulf","username":"Neowulf","w":10,"l":"4","t":"0","gxe":64.7,"r":"1586.7697044479","rd":"91.305128866956","sigma":"0","rptime":"1439283600","rpr":1617.6148545239,"rprd":86.586627937091,"rpsigma":"0","acre":1155.8796681185,"lacre":1155.8796681185,"oldacre":"1140.4703545185"},"p2rating":{"entryid":7569158,"formatid":"ou","userid":"slicerapton","username":"sl ice rapton","r":1500,"rd":130,"sigma":0,"rpr":1468.1611766607,"rprd":122.72880368257,"rpsigma":0,"rptime":1439283600,"w":0,"l":1,"t":0,"gxe":46,"acre":1000,"lacre":1000,"oldacre":1000},"endType":"normal"}