{"seed":[22194,15074,5582,30073],"turns":36,"p1":"jidanae","p2":"FortissimeOmega","p1team":[{"name":"Gallade","species":"Gallade","item":"galladite","ability":"Justified","moves":["swordsdance","drainpunch","icepunch","zenheadbutt"],"nature":"Jolly","evs":{"hp":4,"atk":252,"def":0,"spa":0,"spd":0,"spe":252},"ivs":{"hp":31,"atk":31,"def":31,"spa":31,"spd":31,"spe":31}},{"name":"Bisharp","species":"Bisharp","item":"lifeorb","ability":"Defiant","moves":["suckerpunch","swordsdance","knockoff","ironhead"],"nature":"Jolly","evs":{"hp":0,"atk":252,"def":0,"spa":0,"spd":4,"spe":252},"ivs":{"hp":31,"atk":31,"def":31,"spa":31,"spd":31,"spe":31}},{"name":"Skarmory","species":"Skarmory","item":"leftovers","ability":"Sturdy","moves":["roost","defog","drillpeck","whirlwind"],"nature":"Impish","evs":{"hp":252,"atk":0,"def":232,"spa":0,"spd":0,"spe":24},"ivs":{"hp":31,"atk":31,"def":31,"spa":31,"spd":31,"spe":31}},{"name":"Klefki","species":"Klefki","item":"leftovers","ability":"Prankster","moves":["spikes","thunderwave","magnetrise","playrough"],"nature":"Careful","evs":{"hp":252,"atk":0,"def":4,"spa":0,"spd":252,"spe":0},"ivs":{"hp":31,"atk":31,"def":31,"spa":31,"spd":31,"spe":31}},{"name":"Chandelure","species":"Chandelure","item":"choicescarf","ability":"Flash Fire","moves":["fireblast","shadowball","energyball","darkpulse"],"nature":"Timid","evs":{"hp":0,"atk":0,"def":0,"spa":252,"spd":4,"spe":252},"ivs":{"hp":31,"atk":31,"def":31,"spa":31,"spd":31,"spe":31}},{"name":"Florges","species":"Florges","item":"leftovers","ability":"Flower Veil","moves":["wish","protect","moonblast","aromatherapy"],"nature":"Bold","evs":{"hp":252,"atk":0,"def":252,"spa":0,"spd":4,"spe":0},"ivs":{"hp":31,"atk":31,"def":31,"spa":31,"spd":31,"spe":31}}],"p2team":[{"name":"Cutman","species":"scizor","item":"scizorite","ability":"Technician","moves":["swordsdance","bulletpunch","roost","bugbite"],"nature":"Adamant","evs":{"hp":0,"atk":252,"def":4,"spa":0,"spd":0,"spe":252},"gender":"M","shiny":true,"ivs":{"hp":31,"atk":31,"def":31,"spa":31,"spd":31,"spe":31}},{"name":"Titan","species":"heatran","item":"airballoon","ability":"Flash Fire","moves":["magmastorm","earthpower","taunt","toxic"],"nature":"Timid","evs":{"hp":0,"atk":0,"def":0,"spa":252,"spd":4,"spe":252},"gender":"M","ivs":{"hp":31,"atk":31,"def":31,"spa":31,"spd":31,"spe":31}},{"name":"Fury","species":"weavile","item":"lifeorb","ability":"Pressure","moves":["iciclecrash","knockoff","iceshard","poisonjab"],"nature":"Jolly","evs":{"hp":0,"atk":252,"def":4,"spa":0,"spd":0,"spe":252},"gender":"F","ivs":{"hp":31,"atk":31,"def":31,"spa":31,"spd":31,"spe":31}},{"name":"Guardian","species":"gardevoir","item":"expertbelt","ability":"Trace","moves":["hypervoice","psyshock","focusblast","calmmind"],"nature":"Timid","evs":{"hp":0,"atk":0,"def":24,"spa":232,"spd":0,"spe":252},"gender":"F","ivs":{"hp":31,"atk":31,"def":31,"spa":31,"spd":31,"spe":31}},{"name":"Inferno","species":"infernape","item":"leftovers","ability":"Blaze","moves":["closecombat","willowisp","slackoff","taunt"],"nature":"Impish","evs":{"hp":212,"atk":0,"def":252,"spa":0,"spd":0,"spe":44},"gender":"M","ivs":{"hp":31,"atk":31,"def":31,"spa":31,"spd":31,"spe":31}},{"name":"Frenzy","species":"dragonite","item":"leftovers","ability":"Multiscale","moves":["roost","dragonclaw","extremespeed","firepunch"],"nature":"Adamant","evs":{"hp":216,"atk":64,"def":0,"spa":0,"spd":228,"spe":0},"gender":"M","ivs":{"hp":31,"atk":31,"def":31,"spa":31,"spd":31,"spe":31}}],"log":["|player|p1|jidanae|102","|player|p2|FortissimeOmega|137","|gametype|singles","|gen|6","|tier|OU","|rated","|clearpoke","|poke|p1|Gallade, M","|poke|p1|Bisharp, M","|poke|p1|Skarmory, F","|poke|p1|Klefki, M","|poke|p1|Chandelure, F","|poke|p1|Florges, F","|poke|p2|Scizor, M, shiny","|poke|p2|Heatran, M","|poke|p2|Weavile, F","|poke|p2|Gardevoir, F","|poke|p2|Infernape, M","|poke|p2|Dragonite, M","|rule|Swagger Clause: Swagger is banned","|rule|Baton Pass Clause: Limit one Baton Passer, can't pass Spe and other stats simultaneously","|rule|Sleep Clause Mod: Limit one foe put to sleep","|rule|Species Clause: Limit one of each Pokémon","|rule|OHKO Clause: OHKO moves are banned","|rule|Moody Clause: Moody is banned","|rule|Evasion Moves Clause: Evasion moves are banned","|rule|Endless Battle Clause: Forcing endless battles is banned","|rule|HP Percentage Mod: HP is shown in percentages","|teampreview","|","|start","|switch|p1a: Gallade|Gallade, M|278/278","|switch|p2a: Inferno|Infernape, M|346/346","|turn|1","|","|detailschange|p1a: Gallade|Gallade-Mega, M","|-mega|p1a: Gallade|Gallade|Galladite","|move|p1a: Gallade|Zen Headbutt|p2a: Inferno","|-supereffective|p2a: Inferno","|-damage|p2a: Inferno|16/346","|cant|p2a: Inferno|flinch","|","|-heal|p2a: Inferno|37/346|[from] item: Leftovers","|turn|2","|","|move|p1a: Gallade|Drain Punch|p2a: Inferno","|-damage|p2a: Inferno|0 fnt","|faint|p2a: Inferno","|","|","|switch|p2a: Cutman|Scizor, M, shiny|281/281","|turn|3","|","|switch|p1a: Skarmory|Skarmory, F|334/334","|detailschange|p2a: Cutman|Scizor-Mega, M, shiny","|-mega|p2a: Cutman|Scizor|Scizorite","|move|p2a: Cutman|Swords Dance|p2a: Cutman","|-boost|p2a: Cutman|atk|2","|","|turn|4","|","|move|p2a: Cutman|Bullet Punch|p1a: Skarmory","|-resisted|p1a: Skarmory","|-damage|p1a: Skarmory|256/334","|move|p1a: Skarmory|Whirlwind|p2a: Cutman","|drag|p2a: Guardian|Gardevoir, F|277/277","|-ability|p2a: Guardian|Sturdy|[from] ability: Trace|[of] p1a: Skarmory","|","|-heal|p1a: Skarmory|276/334|[from] item: Leftovers","|turn|5","|","|switch|p1a: Florges|Florges, F|360/360","|move|p2a: Guardian|Focus Blast|p1a: Florges|[miss]","|-miss|p2a: Guardian|p1a: Florges","|","|turn|6","|","|switch|p2a: Cutman|Scizor-Mega, M, shiny|281/281","|move|p1a: Florges|Moonblast|p2a: Cutman","|-resisted|p2a: Cutman","|-damage|p2a: Cutman|216/281","|-unboost|p2a: Cutman|spa|1","|","|turn|7","|","|switch|p1a: Gallade|Gallade-Mega, M|278/278","|move|p2a: Cutman|Bullet Punch|p1a: Gallade","|-damage|p1a: Gallade|146/278","|","|turn|8","|","|move|p1a: Gallade|Drain Punch|p2a: Cutman","|-damage|p2a: Cutman|95/281","|-heal|p1a: Gallade|207/278|[from] drain|[of] p2a: Cutman","|move|p2a: Cutman|Bug Bite|p1a: Gallade","|-damage|p1a: Gallade|20/278","|","|turn|9","|","|switch|p1a: Skarmory|Skarmory, F|276/334","|switch|p2a: Guardian|Gardevoir, F|277/277","|-ability|p2a: Guardian|Sturdy|[from] ability: Trace|[of] p1a: Skarmory","|","|-heal|p1a: Skarmory|296/334|[from] item: Leftovers","|turn|10","|","|switch|p1a: Chandelure|Chandelure, F|261/261","|move|p2a: Guardian|Psyshock|p1a: Chandelure","|-damage|p1a: Chandelure|116/261","|","|turn|11","|","|move|p1a: Chandelure|Shadow Ball|p2a: Guardian","|-supereffective|p2a: Guardian","|-ability|p2a: Guardian|Sturdy","|-damage|p2a: Guardian|1/277","|move|p2a: Guardian|Hyper Voice|p1a: Chandelure","|-immune|p1a: Chandelure|[msg]","|","|turn|12","|","|move|p1a: Chandelure|Shadow Ball|p2a: Guardian","|-supereffective|p2a: Guardian","|-damage|p2a: Guardian|0 fnt","|faint|p2a: Guardian","|","|","|switch|p2a: Cutman|Scizor-Mega, M, shiny|95/281","|turn|13","|","|switch|p1a: Klefki|Klefki, M|318/318","|move|p2a: Cutman|Bullet Punch|p1a: Klefki","|-damage|p1a: Klefki|182/318","|","|-heal|p1a: Klefki|201/318|[from] item: Leftovers","|turn|14","|","|move|p1a: Klefki|Spikes|p2a: Cutman","|-sidestart|p2: FortissimeOmega|Spikes","|move|p2a: Cutman|Roost|p2a: Cutman","|-heal|p2a: Cutman|236/281","|","|-heal|p1a: Klefki|220/318|[from] item: Leftovers","|turn|15","|","|move|p1a: Klefki|Thunder Wave|p2a: Cutman","|-status|p2a: Cutman|par","|move|p2a: Cutman|Swords Dance|p2a: Cutman","|-boost|p2a: Cutman|atk|2","|","|-heal|p1a: Klefki|239/318|[from] item: Leftovers","|turn|16","|","|switch|p1a: Skarmory|Skarmory, F|296/334","|move|p2a: Cutman|Bullet Punch|p1a: Skarmory","|-resisted|p1a: Skarmory","|-damage|p1a: Skarmory|224/334","|","|-heal|p1a: Skarmory|244/334|[from] item: Leftovers","|turn|17","|","|cant|p2a: Cutman|par","|move|p1a: Skarmory|Roost|p1a: Skarmory","|-heal|p1a: Skarmory|334/334","|","|turn|18","|","|move|p2a: Cutman|Bullet Punch|p1a: Skarmory","|-resisted|p1a: Skarmory","|-damage|p1a: Skarmory|265/334","|move|p1a: Skarmory|Whirlwind|p2a: Cutman","|drag|p2a: Titan|Heatran, M|323/323","|-item|p2a: Titan|Air Balloon","|","|-heal|p1a: Skarmory|285/334|[from] item: Leftovers","|turn|19","|","|switch|p1a: Chandelure|Chandelure, F|116/261","|move|p2a: Titan|Taunt|p1a: Chandelure","|-start|p1a: Chandelure|move: Taunt","|","|turn|20","|","|move|p1a: Chandelure|Shadow Ball|p2a: Titan","|-damage|p2a: Titan|172/323","|-enditem|p2a: Titan|Air Balloon","|move|p2a: Titan|Earth Power|p1a: Chandelure","|-supereffective|p1a: Chandelure","|-damage|p1a: Chandelure|0 fnt","|faint|p1a: Chandelure","|","|","|switch|p1a: Gallade|Gallade-Mega, M|20/278","|turn|21","|","|switch|p2a: Cutman|Scizor-Mega, M, shiny|236/281 par","|-damage|p2a: Cutman|201/281 par|[from] Spikes","|move|p1a: Gallade|Drain Punch|p2a: Cutman","|-damage|p2a: Cutman|72/281 par","|-heal|p1a: Gallade|85/278|[from] drain|[of] p2a: Cutman","|","|turn|22","|","|cant|p2a: Cutman|par","|move|p1a: Gallade|Drain Punch|p2a: Cutman","|-crit|p2a: Cutman","|-damage|p2a: Cutman|0 fnt","|-heal|p1a: Gallade|121/278|[from] drain|[of] p2a: Cutman","|faint|p2a: Cutman","|","|","|switch|p2a: Fury|Weavile, F|281/281","|-damage|p2a: Fury|246/281|[from] Spikes","|-ability|p2a: Fury|Pressure","|turn|23","|","|move|p2a: Fury|Knock Off|p1a: Gallade","|-damage|p1a: Gallade|0 fnt","|-damage|p2a: Fury|218/281|[from] item: Life Orb","|faint|p1a: Gallade","|","|","|switch|p1a: Klefki|Klefki, M|239/318","|turn|24","|","|move|p1a: Klefki|Thunder Wave|p2a: Fury","|-status|p2a: Fury|par","|move|p2a: Fury|Icicle Crash|p1a: Klefki","|-resisted|p1a: Klefki","|-damage|p1a: Klefki|145/318","|-damage|p2a: Fury|190/281 par|[from] item: Life Orb","|","|-heal|p1a: Klefki|164/318|[from] item: Leftovers","|turn|25","|","|move|p1a: Klefki|Play Rough|p2a: Fury","|-supereffective|p2a: Fury","|-damage|p2a: Fury|0 fnt","|faint|p2a: Fury","|","|-heal|p1a: Klefki|183/318|[from] item: Leftovers","|","|switch|p2a: Titan|Heatran, M|172/323","|-damage|p2a: Titan|132/323|[from] Spikes","|turn|26","|","|move|p1a: Klefki|Thunder Wave|p2a: Titan","|-status|p2a: Titan|par","|move|p2a: Titan|Magma Storm|p1a: Klefki|[miss]","|-miss|p2a: Titan|p1a: Klefki","|","|-heal|p1a: Klefki|202/318|[from] item: Leftovers","|turn|27","|","|move|p1a: Klefki|Play Rough|p2a: Titan","|-resisted|p2a: Titan","|-damage|p2a: Titan|113/323 par","|cant|p2a: Titan|par","|","|-heal|p1a: Klefki|221/318|[from] item: Leftovers","|turn|28","|","|move|p1a: Klefki|Play Rough|p2a: Titan","|-resisted|p2a: Titan","|-damage|p2a: Titan|93/323 par","|cant|p2a: Titan|par","|","|-heal|p1a: Klefki|240/318|[from] item: Leftovers","|turn|29","|","|move|p1a: Klefki|Play Rough|p2a: Titan","|-resisted|p2a: Titan","|-damage|p2a: Titan|71/323 par","|cant|p2a: Titan|par","|","|-heal|p1a: Klefki|259/318|[from] item: Leftovers","|turn|30","|","|move|p1a: Klefki|Play Rough|p2a: Titan","|-resisted|p2a: Titan","|-damage|p2a: Titan|50/323 par","|move|p2a: Titan|Magma Storm|p1a: Klefki|[miss]","|-miss|p2a: Titan|p1a: Klefki","|","|-heal|p1a: Klefki|278/318|[from] item: Leftovers","|turn|31","|","|move|p1a: Klefki|Play Rough|p2a: Titan","|-resisted|p2a: Titan","|-damage|p2a: Titan|28/323 par","|move|p2a: Titan|Magma Storm|p1a: Klefki","|-supereffective|p1a: Klefki","|-damage|p1a: Klefki|0 fnt","|faint|p1a: Klefki","|","|","|switch|p1a: Bisharp|Bisharp, M|271/271","|turn|32","|","|move|p1a: Bisharp|Knock Off|p2a: Titan","|-damage|p2a: Titan|0 fnt","|-damage|p1a: Bisharp|244/271|[from] item: Life Orb","|faint|p2a: Titan","|","|","|switch|p2a: Frenzy|Dragonite, M|377/377","|turn|33","|","|move|p1a: Bisharp|Sucker Punch|p2a: Frenzy","|-crit|p2a: Frenzy","|-damage|p2a: Frenzy|240/377","|-damage|p1a: Bisharp|217/271|[from] item: Life Orb","|move|p2a: Frenzy|Fire Punch|p1a: Bisharp","|-supereffective|p1a: Bisharp","|-damage|p1a: Bisharp|33/271","|","|-heal|p2a: Frenzy|263/377|[from] item: Leftovers","|turn|34","|","|move|p2a: Frenzy|Extreme Speed|p1a: Bisharp","|-resisted|p1a: Bisharp","|-damage|p1a: Bisharp|0 fnt","|faint|p1a: Bisharp","|","|-heal|p2a: Frenzy|286/377|[from] item: Leftovers","|","|switch|p1a: Florges|Florges, F|360/360","|turn|35","|","|move|p2a: Frenzy|Extreme Speed|p1a: Florges","|-damage|p1a: Florges|268/360","|move|p1a: Florges|Moonblast|p2a: Frenzy","|-supereffective|p2a: Frenzy","|-damage|p2a: Frenzy|88/377","|","|-heal|p2a: Frenzy|111/377|[from] item: Leftovers","|-heal|p1a: Florges|290/360|[from] item: Leftovers","|turn|36","|","|move|p2a: Frenzy|Extreme Speed|p1a: Florges","|-damage|p1a: Florges|199/360","|move|p1a: Florges|Moonblast|p2a: Frenzy","|-supereffective|p2a: Frenzy","|-damage|p2a: Frenzy|0 fnt","|faint|p2a: Frenzy","|","|win|jidanae"],"p1rating":{"entryid":"7564320","serverid":"eos","formatid":"ou","userid":"jidanae","username":"jidanae","w":2,"l":"0","t":"0","gxe":59,"r":"1500","rd":"130","sigma":"0","rptime":"1439283600","rpr":1572.5671258289,"rprd":116.77753930647,"rpsigma":"0","acre":1070.1028089042,"lacre":1070.1028089042,"oldacre":"1040"},"p2rating":{"entryid":7564528,"formatid":"ou","userid":"fortissimeomega","username":"FortissimeOmega","r":1500,"rd":130,"sigma":0,"rpr":1459.8393856612,"rprd":122.8583080769,"rpsigma":0,"rptime":1439283600,"w":0,"l":1,"t":0,"gxe":45,"acre":1000,"lacre":1000,"oldacre":1000},"endType":"normal"}