{"seed":[37986,33076,35347,47673],"turns":31,"p1":"dd369852","p2":"Strevor","p1team":[{"name":"Diancie","species":"Diancie","item":"diancite","ability":"Clear Body","moves":["earthpower","diamondstorm","moonblast","protect"],"nature":"Timid","evs":{"hp":4,"atk":0,"def":0,"spa":252,"spd":0,"spe":252},"ivs":{"hp":31,"atk":31,"def":31,"spa":31,"spd":31,"spe":31}},{"name":"Garchomp","species":"Garchomp","item":"rockyhelmet","ability":"Rough Skin","moves":["stealthrock","earthquake","outrage","stoneedge"],"nature":"Impish","evs":{"hp":252,"atk":4,"def":252,"spa":0,"spd":0,"spe":0},"ivs":{"hp":31,"atk":31,"def":31,"spa":31,"spd":31,"spe":31}},{"name":"Bisharp","species":"Bisharp","item":"focussash","ability":"Defiant","moves":["suckerpunch","ironhead","knockoff","psychocut"],"nature":"Adamant","evs":{"hp":4,"atk":252,"def":0,"spa":0,"spd":0,"spe":252},"ivs":{"hp":31,"atk":31,"def":31,"spa":31,"spd":31,"spe":31}},{"name":"Manaphy","species":"Manaphy","item":"sitrusberry","ability":"Hydration","moves":["tailglow","energyball","scald","icebeam"],"nature":"Timid","evs":{"hp":0,"atk":0,"def":0,"spa":252,"spd":4,"spe":252},"ivs":{"hp":31,"atk":31,"def":31,"spa":31,"spd":31,"spe":31}},{"name":"Serperior","species":"Serperior","item":"leftovers","ability":"Contrary","moves":["hiddenpowerground","leafstorm","substitute","glare"],"nature":"Timid","evs":{"hp":0,"atk":0,"def":0,"spa":252,"spd":4,"spe":252},"ivs":{"hp":31,"atk":31,"def":31,"spa":30,"spd":30,"spe":31}},{"name":"Magnezone","species":"Magnezone","item":"choicespecs","ability":"Magnet Pull","moves":["hiddenpowerfire","flashcannon","voltswitch","signalbeam"],"nature":"Modest","evs":{"hp":248,"atk":0,"def":0,"spa":252,"spd":8,"spe":0},"ivs":{"hp":31,"atk":30,"def":31,"spa":30,"spd":31,"spe":30}}],"p2team":[{"name":"Altaria","species":"Altaria","item":"altarianite","ability":"Natural Cure","moves":["roost","dragondance","cottonguard","return"],"nature":"Jolly","evs":{"hp":0,"atk":252,"def":4,"spa":0,"spd":0,"spe":252},"ivs":{"hp":31,"atk":31,"def":31,"spa":31,"spd":31,"spe":31}},{"name":"Conkeldurr","species":"Conkeldurr","item":"assaultvest","ability":"Guts","moves":["drainpunch","facade","icepunch","poisonjab"],"nature":"Adamant","evs":{"hp":0,"atk":252,"def":0,"spa":0,"spd":236,"spe":20},"ivs":{"hp":31,"atk":31,"def":31,"spa":31,"spd":31,"spe":31}},{"name":"Magnezone","species":"Magnezone","item":"choicespecs","ability":"Magnet Pull","moves":["voltswitch","hiddenpowerfire","flashcannon","thunderbolt"],"nature":"Modest","evs":{"hp":172,"atk":0,"def":0,"spa":252,"spd":0,"spe":84},"ivs":{"hp":31,"atk":30,"def":31,"spa":30,"spd":31,"spe":30}},{"name":"Rotom-Wash","species":"Rotom-Wash","item":"stick","ability":"Levitate","moves":["voltswitch","hydropump","trick","painsplit"],"nature":"Bold","evs":{"hp":100,"atk":0,"def":156,"spa":0,"spd":252,"spe":0},"ivs":{"hp":31,"atk":31,"def":31,"spa":31,"spd":31,"spe":31}},{"name":"Amoonguss","species":"Amoonguss","item":"blacksludge","ability":"Regenerator","moves":["spore","gigadrain","sludgebomb","clearsmog"],"nature":"Bold","evs":{"hp":252,"atk":0,"def":136,"spa":0,"spd":120,"spe":0},"ivs":{"hp":31,"atk":31,"def":31,"spa":31,"spd":31,"spe":31}},{"name":"Tornadus-Therian","species":"Tornadus-Therian","item":"widelens","ability":"Regenerator","moves":["focusblast","hurricane","taunt","uturn"],"nature":"Timid","evs":{"hp":0,"atk":0,"def":0,"spa":252,"spd":4,"spe":252},"ivs":{"hp":31,"atk":31,"def":31,"spa":31,"spd":31,"spe":31}}],"log":["|player|p1|dd369852|102","|player|p2|Strevor|1","|gametype|singles","|gen|6","|tier|OU","|rated","|clearpoke","|poke|p1|Diancie","|poke|p1|Garchomp, F","|poke|p1|Bisharp, M","|poke|p1|Manaphy","|poke|p1|Serperior, M","|poke|p1|Magnezone","|poke|p2|Altaria, M","|poke|p2|Conkeldurr, M","|poke|p2|Magnezone","|poke|p2|Rotom-Wash","|poke|p2|Amoonguss, F","|poke|p2|Tornadus-Therian, M","|rule|Swagger Clause: Swagger is banned","|rule|Baton Pass Clause: Limit one Baton Passer, can't pass Spe and other stats simultaneously","|rule|Sleep Clause Mod: Limit one foe put to sleep","|rule|Species Clause: Limit one of each Pokémon","|rule|OHKO Clause: OHKO moves are banned","|rule|Moody Clause: Moody is banned","|rule|Evasion Moves Clause: Evasion moves are banned","|rule|Endless Battle Clause: Forcing endless battles is banned","|rule|HP Percentage Mod: HP is shown in percentages","|teampreview","|","|start","|switch|p1a: Serperior|Serperior, M|291/291","|switch|p2a: Tornadus-Therian|Tornadus-Therian, M|299/299","|turn|1","|","|switch|p1a: Magnezone|Magnezone|343/343","|move|p2a: Tornadus-Therian|Hurricane|p1a: Magnezone|[miss]","|-miss|p2a: Tornadus-Therian|p1a: Magnezone","|","|turn|2","|","|move|p2a: Tornadus-Therian|U-turn|p1a: Magnezone","|-resisted|p1a: Magnezone","|-damage|p1a: Magnezone|321/343","|","|switch|p2a: Conkeldurr|Conkeldurr, M|351/351","|move|p1a: Magnezone|Volt Switch|p2a: Conkeldurr","|-damage|p2a: Conkeldurr|201/351","|","|switch|p1a: Diancie|Diancie|242/242","|","|turn|3","|","|detailschange|p1a: Diancie|Diancie-Mega","|-mega|p1a: Diancie|Diancie|Diancite","|move|p1a: Diancie|Moonblast|p2a: Conkeldurr","|-supereffective|p2a: Conkeldurr","|-damage|p2a: Conkeldurr|0 fnt","|faint|p2a: Conkeldurr","|","|","|switch|p2a: Amoonguss|Amoonguss, F|432/432","|turn|4","|","|move|p1a: Diancie|Protect|p1a: Diancie","|-singleturn|p1a: Diancie|Protect","|move|p2a: Amoonguss|Sludge Bomb|p1a: Diancie","|-activate|p1a: Diancie|Protect","|","|turn|5","|","|switch|p1a: Bisharp|Bisharp, M|272/272","|move|p2a: Amoonguss|Giga Drain|p1a: Bisharp","|-resisted|p1a: Bisharp","|-damage|p1a: Bisharp|218/272","|","|turn|6","|","|switch|p2a: Magnezone|Magnezone|324/324","|move|p1a: Bisharp|Psycho Cut|p2a: Magnezone","|-resisted|p2a: Magnezone","|-damage|p2a: Magnezone|285/324","|","|turn|7","|","|move|p1a: Bisharp|Knock Off|p2a: Magnezone","|-damage|p2a: Magnezone|132/324","|-enditem|p2a: Magnezone|Choice Specs|[from] move: Knock Off|[of] p1a: Bisharp","|move|p2a: Magnezone|Hidden Power|p1a: Bisharp","|-supereffective|p1a: Bisharp","|-damage|p1a: Bisharp|0 fnt","|faint|p1a: Bisharp","|","|","|switch|p1a: Garchomp|Garchomp, F|420/420","|turn|8","|","|switch|p2a: Altaria|Altaria, M|291/291","|move|p1a: Garchomp|Stealth Rock|p2a: Altaria","|-sidestart|p2: Strevor|move: Stealth Rock","|","|turn|9","|","|move|p2a: Altaria|Cotton Guard|p2a: Altaria","|-boost|p2a: Altaria|def|3","|move|p1a: Garchomp|Outrage|p2a: Altaria","|-supereffective|p2a: Altaria","|-damage|p2a: Altaria|139/291","|","|turn|10","|","|detailschange|p2a: Altaria|Altaria-Mega, M","|-mega|p2a: Altaria|Altaria|Altarianite","|move|p2a: Altaria|Roost|p2a: Altaria","|-heal|p2a: Altaria|285/291","|move|p1a: Garchomp|Outrage|p2a: Altaria|[from]lockedmove","|-immune|p2a: Altaria|[msg]","|-start|p1a: Garchomp|confusion|[fatigue]","|","|turn|11","|","|switch|p1a: Magnezone|Magnezone|321/343","|move|p2a: Altaria|Return|p1a: Magnezone","|-resisted|p1a: Magnezone","|-damage|p1a: Magnezone|220/343","|","|turn|12","|","|switch|p2a: Rotom-Wash|Rotom-Wash|266/266","|-damage|p2a: Rotom-Wash|233/266|[from] Stealth Rock","|move|p1a: Magnezone|Flash Cannon|p2a: Rotom-Wash","|-resisted|p2a: Rotom-Wash","|-damage|p2a: Rotom-Wash|193/266","|","|turn|13","|","|switch|p1a: Serperior|Serperior, M|291/291","|move|p2a: Rotom-Wash|Trick|p1a: Serperior","|-activate|p2a: Rotom-Wash|move: Trick|[of] p1a: Serperior","|-item|p1a: Serperior|Stick|[from] move: Trick","|-item|p2a: Rotom-Wash|Leftovers|[from] move: Trick","|","|-heal|p2a: Rotom-Wash|209/266|[from] item: Leftovers","|turn|14","|","|switch|p2a: Amoonguss|Amoonguss, F|432/432","|-damage|p2a: Amoonguss|378/432|[from] Stealth Rock","|move|p1a: Serperior|Leaf Storm|p2a: Amoonguss","|-resisted|p2a: Amoonguss","|-damage|p2a: Amoonguss|338/432","|-boost|p1a: Serperior|spa|2","|","|-heal|p2a: Amoonguss|365/432|[from] item: Black Sludge","|turn|15","|","|switch|p1a: Magnezone|Magnezone|220/343","|move|p2a: Amoonguss|Sludge Bomb|p1a: Magnezone","|-immune|p1a: Magnezone|[msg]","|","|-heal|p2a: Amoonguss|392/432|[from] item: Black Sludge","|turn|16","|","|move|p1a: Magnezone|Volt Switch|p2a: Amoonguss","|-resisted|p2a: Amoonguss","|-damage|p2a: Amoonguss|278/432","|","|switch|p1a: Diancie|Diancie-Mega|242/242","|move|p2a: Amoonguss|Spore|p1a: Diancie","|move|p1a: Diancie|Spore|p2a: Amoonguss|[from]Magic Bounce","|-immune|p2a: Amoonguss|[msg]","|","|-heal|p2a: Amoonguss|305/432|[from] item: Black Sludge","|turn|17","|","|switch|p1a: Magnezone|Magnezone|220/343","|move|p2a: Amoonguss|Giga Drain|p1a: Magnezone","|-resisted|p1a: Magnezone","|-damage|p1a: Magnezone|181/343","|-heal|p2a: Amoonguss|325/432|[from] drain|[of] p1a: Magnezone","|","|-heal|p2a: Amoonguss|352/432|[from] item: Black Sludge","|turn|18","|","|move|p1a: Magnezone|Volt Switch|p2a: Amoonguss","|-resisted|p2a: Amoonguss","|-damage|p2a: Amoonguss|241/432","|","|switch|p1a: Serperior|Serperior, M|291/291","|move|p2a: Amoonguss|Giga Drain|p1a: Serperior","|-resisted|p1a: Serperior","|-damage|p1a: Serperior|253/291","|-heal|p2a: Amoonguss|260/432|[from] drain|[of] p1a: Serperior","|","|-heal|p2a: Amoonguss|287/432|[from] item: Black Sludge","|turn|19","|","|switch|p1a: Magnezone|Magnezone|181/343","|switch|p2a: Tornadus-Therian|Tornadus-Therian, M|299/299","|-damage|p2a: Tornadus-Therian|225/299|[from] Stealth Rock","|","|turn|20","|","|switch|p1a: Garchomp|Garchomp, F|420/420","|move|p2a: Tornadus-Therian|Focus Blast|p1a: Garchomp","|-damage|p1a: Garchomp|269/420","|","|turn|21","|","|switch|p2a: Altaria|Altaria-Mega, M|285/291","|-damage|p2a: Altaria|249/291|[from] Stealth Rock","|move|p1a: Garchomp|Stone Edge|p2a: Altaria","|-damage|p2a: Altaria|154/291","|","|turn|22","|","|switch|p1a: Magnezone|Magnezone|181/343","|move|p2a: Altaria|Return|p1a: Magnezone","|-crit|p1a: Magnezone","|-resisted|p1a: Magnezone","|-damage|p1a: Magnezone|32/343","|","|turn|23","|","|switch|p2a: Rotom-Wash|Rotom-Wash|209/266","|-damage|p2a: Rotom-Wash|176/266|[from] Stealth Rock","|move|p1a: Magnezone|Flash Cannon|p2a: Rotom-Wash","|-resisted|p2a: Rotom-Wash","|-damage|p2a: Rotom-Wash|135/266","|","|-heal|p2a: Rotom-Wash|151/266|[from] item: Leftovers","|turn|24","|","|switch|p1a: Serperior|Serperior, M|253/291","|move|p2a: Rotom-Wash|Volt Switch|p1a: Serperior","|-resisted|p1a: Serperior","|-damage|p1a: Serperior|208/291","|","|switch|p2a: Tornadus-Therian|Tornadus-Therian, M|299/299","|-damage|p2a: Tornadus-Therian|225/299|[from] Stealth Rock","|","|turn|25","|","|switch|p1a: Garchomp|Garchomp, F|269/420","|move|p2a: Tornadus-Therian|Hurricane|p1a: Garchomp","|-damage|p1a: Garchomp|64/420","|-start|p1a: Garchomp|confusion","|","|turn|26","|","|move|p2a: Tornadus-Therian|U-turn|p1a: Garchomp","|-damage|p1a: Garchomp|26/420","|-damage|p2a: Tornadus-Therian|188/299|[from] ability: Rough Skin|[of] p1a: Garchomp","|-damage|p2a: Tornadus-Therian|139/299|[from] item: Rocky Helmet|[of] p1a: Garchomp","|","|switch|p2a: Amoonguss|Amoonguss, F|431/432","|-damage|p2a: Amoonguss|377/432|[from] Stealth Rock","|-activate|p1a: Garchomp|confusion","|move|p1a: Garchomp|Stone Edge|p2a: Amoonguss","|-crit|p2a: Amoonguss","|-damage|p2a: Amoonguss|236/432","|","|-heal|p2a: Amoonguss|263/432|[from] item: Black Sludge","|turn|27","|","|-activate|p1a: Garchomp|confusion","|move|p1a: Garchomp|Earthquake|p2a: Amoonguss","|-damage|p2a: Amoonguss|118/432","|move|p2a: Amoonguss|Giga Drain|p1a: Garchomp","|-damage|p1a: Garchomp|0 fnt","|-heal|p2a: Amoonguss|131/432|[from] drain|[of] p1a: Garchomp","|faint|p1a: Garchomp","|","|-heal|p2a: Amoonguss|158/432|[from] item: Black Sludge","|","|switch|p1a: Diancie|Diancie-Mega|242/242","|turn|28","|","|switch|p2a: Magnezone|Magnezone|132/324","|-damage|p2a: Magnezone|112/324|[from] Stealth Rock","|move|p1a: Diancie|Diamond Storm|p2a: Magnezone","|-resisted|p2a: Magnezone","|-damage|p2a: Magnezone|40/324","|-boost|p1a: Diancie|def|1","|","|turn|29","|","|move|p1a: Diancie|Diamond Storm|p2a: Magnezone","|-resisted|p2a: Magnezone","|-damage|p2a: Magnezone|0 fnt","|-boost|p1a: Diancie|def|1","|faint|p2a: Magnezone","|","|","|switch|p2a: Amoonguss|Amoonguss, F|302/432","|-damage|p2a: Amoonguss|248/432|[from] Stealth Rock","|turn|30","|","|move|p1a: Diancie|Diamond Storm|p2a: Amoonguss","|-damage|p2a: Amoonguss|85/432","|-boost|p1a: Diancie|def|1","|move|p2a: Amoonguss|Giga Drain|p1a: Diancie","|-supereffective|p1a: Diancie","|-damage|p1a: Diancie|96/242","|-heal|p2a: Amoonguss|158/432|[from] drain|[of] p1a: Diancie","|","|-heal|p2a: Amoonguss|185/432|[from] item: Black Sludge","|turn|31","|","|win|Strevor"],"p1rating":{"entryid":7564944,"formatid":"ou","userid":"dd369852","username":"dd369852","r":1500,"rd":130,"sigma":0,"rpr":1459.8393856612,"rprd":122.8583080769,"rpsigma":0,"rptime":1439283600,"w":0,"l":1,"t":0,"gxe":45,"acre":1000,"lacre":1000,"oldacre":1000},"p2rating":{"entryid":7564945,"formatid":"ou","userid":"strevor","username":"Strevor","r":1500,"rd":130,"sigma":0,"rpr":1540.1606143388,"rprd":122.8583080769,"rpsigma":0,"rptime":1439283600,"w":1,"l":0,"t":0,"gxe":55,"acre":1040,"lacre":1040,"oldacre":1000},"endType":"forfeit"}