{"seed":[65388,48188,15859,4751],"turns":20,"p1":"thunder n' blazes","p2":"FortissimeOmega","p1team":[{"name":"Tyga","species":"metagross","item":"metagrossite","ability":"Clear Body","moves":["meteormash","bulletpunch","zenheadbutt","pursuit"],"nature":"Hasty","evs":{"hp":0,"atk":252,"def":0,"spa":4,"spd":0,"spe":252},"ivs":{"hp":31,"atk":31,"def":31,"spa":31,"spd":31,"spe":31}},{"name":"Rotom-Wash","species":"Rotom-Wash","item":"leftovers","ability":"Levitate","moves":["voltswitch","willowisp","hydropump","painsplit"],"nature":"Bold","evs":{"hp":248,"atk":0,"def":216,"spa":0,"spd":0,"spe":44},"ivs":{"hp":31,"atk":31,"def":31,"spa":31,"spd":31,"spe":31}},{"name":"Lil Wayne","species":"toxicroak","item":"lifeorb","ability":"Dry Skin","moves":["drainpunch","suckerpunch","swordsdance","gunkshot"],"nature":"Adamant","evs":{"hp":24,"atk":252,"def":0,"spa":0,"spd":0,"spe":232},"gender":"M","ivs":{"hp":31,"atk":31,"def":31,"spa":31,"spd":31,"spe":31}},{"name":"Tornadus-Therian","species":"Tornadus-Therian","item":"assaultvest","ability":"Regenerator","moves":["uturn","knockoff","hurricane","focusblast"],"nature":"Timid","evs":{"hp":96,"atk":0,"def":0,"spa":160,"spd":0,"spe":252},"ivs":{"hp":31,"atk":31,"def":31,"spa":31,"spd":31,"spe":31}},{"name":"Drake","species":"garchomp","item":"rockyhelmet","ability":"Rough Skin","moves":["earthquake","toxic","dragontail","stealthrock"],"nature":"Impish","evs":{"hp":252,"atk":0,"def":164,"spa":0,"spd":76,"spe":16},"gender":"M","ivs":{"hp":31,"atk":31,"def":31,"spa":31,"spd":31,"spe":31}},{"name":"Iggy Azalea","species":"clefable","item":"leftovers","ability":"Magic Guard","moves":["moonblast","calmmind","softboiled","thunderwave"],"nature":"Relaxed","evs":{"hp":252,"atk":0,"def":224,"spa":0,"spd":32,"spe":0},"gender":"F","ivs":{"hp":31,"atk":31,"def":31,"spa":31,"spd":31,"spe":0}}],"p2team":[{"name":"Cutman","species":"scizor","item":"scizorite","ability":"Technician","moves":["swordsdance","bulletpunch","roost","bugbite"],"nature":"Adamant","evs":{"hp":0,"atk":252,"def":4,"spa":0,"spd":0,"spe":252},"gender":"M","shiny":true,"ivs":{"hp":31,"atk":31,"def":31,"spa":31,"spd":31,"spe":31}},{"name":"Titan","species":"heatran","item":"airballoon","ability":"Flash Fire","moves":["magmastorm","earthpower","taunt","toxic"],"nature":"Timid","evs":{"hp":0,"atk":0,"def":0,"spa":252,"spd":4,"spe":252},"gender":"M","ivs":{"hp":31,"atk":31,"def":31,"spa":31,"spd":31,"spe":31}},{"name":"Fury","species":"weavile","item":"lifeorb","ability":"Pressure","moves":["iciclecrash","knockoff","iceshard","poisonjab"],"nature":"Jolly","evs":{"hp":0,"atk":252,"def":4,"spa":0,"spd":0,"spe":252},"gender":"F","ivs":{"hp":31,"atk":31,"def":31,"spa":31,"spd":31,"spe":31}},{"name":"Guardian","species":"gardevoir","item":"expertbelt","ability":"Trace","moves":["hypervoice","psyshock","focusblast","calmmind"],"nature":"Timid","evs":{"hp":0,"atk":0,"def":24,"spa":232,"spd":0,"spe":252},"gender":"F","ivs":{"hp":31,"atk":31,"def":31,"spa":31,"spd":31,"spe":31}},{"name":"Frenzy","species":"dragonite","item":"leftovers","ability":"Multiscale","moves":["roost","dragonclaw","extremespeed","firepunch"],"nature":"Adamant","evs":{"hp":216,"atk":64,"def":0,"spa":0,"spd":228,"spe":0},"gender":"M","ivs":{"hp":31,"atk":31,"def":31,"spa":31,"spd":31,"spe":31}},{"name":"Art","species":"smeargle","item":"focussash","ability":"Own Tempo","moves":["stickyweb","stealthrock","spore","magiccoat"],"nature":"Timid","evs":{"hp":96,"atk":0,"def":120,"spa":0,"spd":40,"spe":252},"gender":"M","ivs":{"hp":31,"atk":31,"def":31,"spa":31,"spd":31,"spe":31}}],"log":["|player|p1|thunder n' blazes|thundernblazes.png","|player|p2|FortissimeOmega|137","|gametype|singles","|gen|6","|tier|OU","|rated","|clearpoke","|poke|p1|Metagross","|poke|p1|Rotom-Wash","|poke|p1|Toxicroak, M","|poke|p1|Tornadus-Therian, M","|poke|p1|Garchomp, M","|poke|p1|Clefable, F","|poke|p2|Scizor, M, shiny","|poke|p2|Heatran, M","|poke|p2|Weavile, F","|poke|p2|Gardevoir, F","|poke|p2|Dragonite, M","|poke|p2|Smeargle, M","|rule|Swagger Clause: Swagger is banned","|rule|Baton Pass Clause: Limit one Baton Passer, can't pass Spe and other stats simultaneously","|rule|Sleep Clause Mod: Limit one foe put to sleep","|rule|Species Clause: Limit one of each Pokémon","|rule|OHKO Clause: OHKO moves are banned","|rule|Moody Clause: Moody is banned","|rule|Evasion Moves Clause: Evasion moves are banned","|rule|Endless Battle Clause: Forcing endless battles is banned","|rule|HP Percentage Mod: HP is shown in percentages","|teampreview","|","|start","|switch|p1a: Tornadus-Therian|Tornadus-Therian, M|323/323","|switch|p2a: Art|Smeargle, M|275/275","|turn|1","|","|move|p1a: Tornadus-Therian|U-turn|p2a: Art","|-damage|p2a: Art|196/275","|","|switch|p1a: Lil Wayne|Toxicroak, M|313/313","|move|p2a: Art|Spore|p1a: Lil Wayne","|-status|p1a: Lil Wayne|slp","|","|turn|2","|","|switch|p1a: Drake|Garchomp, M|420/420","|move|p2a: Art|Sticky Web|p1a: Drake","|-sidestart|p1: thunder n' blazes|move: Sticky Web","|","|turn|3","|","|move|p2a: Art|Spore|p1a: Drake","|-message|Sleep Clause Mod activated.","|-immune|p1a: Drake|[msg]","|move|p1a: Drake|Stealth Rock|p2a: Art","|-sidestart|p2: FortissimeOmega|move: Stealth Rock","|","|turn|4","|","|move|p2a: Art|Stealth Rock|p1a: Drake","|-sidestart|p1: thunder n' blazes|move: Stealth Rock","|move|p1a: Drake|Earthquake|p2a: Art","|-damage|p2a: Art|0 fnt","|faint|p2a: Art","|","|","|switch|p2a: Frenzy|Dragonite, M|377/377","|-damage|p2a: Frenzy|283/377|[from] Stealth Rock","|turn|5","|","|switch|p1a: Iggy Azalea|Clefable, F|394/394","|-activate|p1a: Iggy Azalea|move: Sticky Web","|-unboost|p1a: Iggy Azalea|spe|1","|move|p2a: Frenzy|Dragon Claw|p1a: Iggy Azalea","|-immune|p1a: Iggy Azalea|[msg]","|","|-heal|p2a: Frenzy|306/377|[from] item: Leftovers","|turn|6","|","|switch|p2a: Cutman|Scizor, M, shiny|281/281","|-damage|p2a: Cutman|246/281|[from] Stealth Rock","|move|p1a: Iggy Azalea|Thunder Wave|p2a: Cutman","|-status|p2a: Cutman|par","|","|turn|7","|","|switch|p1a: Drake|Garchomp, M|420/420","|-damage|p1a: Drake|394/420|[from] Stealth Rock","|-activate|p1a: Drake|move: Sticky Web","|-unboost|p1a: Drake|spe|1","|detailschange|p2a: Cutman|Scizor-Mega, M, shiny","|-mega|p2a: Cutman|Scizor|Scizorite","|move|p2a: Cutman|Swords Dance|p2a: Cutman","|-boost|p2a: Cutman|atk|2","|","|turn|8","|","|switch|p2a: Titan|Heatran, M|323/323","|-damage|p2a: Titan|283/323|[from] Stealth Rock","|-item|p2a: Titan|Air Balloon","|move|p1a: Drake|Dragon Tail|p2a: Titan","|-resisted|p2a: Titan","|-damage|p2a: Titan|238/323","|-enditem|p2a: Titan|Air Balloon","|drag|p2a: Frenzy|Dragonite, M|306/377","|-damage|p2a: Frenzy|212/377|[from] Stealth Rock","|","|-heal|p2a: Frenzy|235/377|[from] item: Leftovers","|turn|9","|","|move|p2a: Frenzy|Extreme Speed|p1a: Drake","|-damage|p1a: Drake|315/420","|-damage|p2a: Frenzy|188/377|[from] ability: Rough Skin|[of] p1a: Drake","|-damage|p2a: Frenzy|126/377|[from] item: Rocky Helmet|[of] p1a: Drake","|move|p1a: Drake|Dragon Tail|p2a: Frenzy","|-crit|p2a: Frenzy","|-supereffective|p2a: Frenzy","|-damage|p2a: Frenzy|0 fnt","|faint|p2a: Frenzy","|","|","|switch|p2a: Fury|Weavile, F|281/281","|-damage|p2a: Fury|211/281|[from] Stealth Rock","|-ability|p2a: Fury|Pressure","|turn|10","|","|switch|p1a: Lil Wayne|Toxicroak, M|313/313 slp","|-activate|p1a: Lil Wayne|move: Sticky Web","|-unboost|p1a: Lil Wayne|spe|1","|-damage|p1a: Lil Wayne|294/313 slp|[from] Stealth Rock","|move|p2a: Fury|Icicle Crash|p1a: Lil Wayne","|-damage|p1a: Lil Wayne|31/313 slp","|-damage|p2a: Fury|183/281|[from] item: Life Orb","|","|turn|11","|","|move|p2a: Fury|Ice Shard|p1a: Lil Wayne","|-damage|p1a: Lil Wayne|0 fnt","|-damage|p2a: Fury|155/281|[from] item: Life Orb","|faint|p1a: Lil Wayne","|","|","|switch|p1a: Tyga|Metagross|301/301","|-activate|p1a: Tyga|move: Sticky Web","|-fail|p1a: Tyga|unboost|[from] ability: Clear Body|[of] p1a: Tyga","|-damage|p1a: Tyga|283/301|[from] Stealth Rock","|turn|12","|","|detailschange|p1a: Tyga|Metagross-Mega","|-mega|p1a: Tyga|Metagross|Metagrossite","|move|p1a: Tyga|Bullet Punch|p2a: Fury","|-supereffective|p2a: Fury","|-damage|p2a: Fury|0 fnt","|faint|p2a: Fury","|","|","|switch|p2a: Titan|Heatran, M|238/323","|-damage|p2a: Titan|198/323|[from] Stealth Rock","|turn|13","|","|switch|p1a: Rotom-Wash|Rotom-Wash|303/303","|-damage|p1a: Rotom-Wash|266/303|[from] Stealth Rock","|move|p2a: Titan|Magma Storm|p1a: Rotom-Wash","|-resisted|p1a: Rotom-Wash","|-damage|p1a: Rotom-Wash|188/303","|-activate|p1a: Rotom-Wash|move: Magma Storm|[of] p2a: Titan","|","|-heal|p1a: Rotom-Wash|206/303|[from] item: Leftovers","|-damage|p1a: Rotom-Wash|169/303|[from] move: Magma Storm|[partiallytrapped]","|turn|14","|","|switch|p2a: Cutman|Scizor-Mega, M, shiny|246/281 par","|-damage|p2a: Cutman|211/281 par|[from] Stealth Rock","|move|p1a: Rotom-Wash|Volt Switch|p2a: Cutman","|-damage|p2a: Cutman|120/281 par","|","|switch|p1a: Drake|Garchomp, M|315/420","|-damage|p1a: Drake|289/420|[from] Stealth Rock","|-activate|p1a: Drake|move: Sticky Web","|-unboost|p1a: Drake|spe|1","|","|turn|15","|","|move|p1a: Drake|Earthquake|p2a: Cutman","|-damage|p2a: Cutman|12/281 par","|cant|p2a: Cutman|par","|","|turn|16","|","|move|p2a: Cutman|Bullet Punch|p1a: Drake","|-damage|p1a: Drake|190/420","|-damage|p2a: Cutman|0 fnt|[from] ability: Rough Skin|[of] p1a: Drake","|faint|p2a: Cutman","|move|p1a: Drake|Earthquake|p2: Cutman|[notarget]","|-notarget","|","|","|switch|p2a: Guardian|Gardevoir, F|277/277","|-damage|p2a: Guardian|243/277|[from] Stealth Rock","|-ability|p2a: Guardian|Rough Skin|[from] ability: Trace|[of] p1a: Drake","|turn|17","|","|move|p2a: Guardian|Calm Mind|p2a: Guardian","|-boost|p2a: Guardian|spa|1","|-boost|p2a: Guardian|spd|1","|move|p1a: Drake|Earthquake|p2a: Guardian","|-damage|p2a: Guardian|32/277","|","|turn|18","|","|move|p2a: Guardian|Psyshock|p1a: Drake","|-damage|p1a: Drake|25/420","|move|p1a: Drake|Earthquake|p2a: Guardian","|-damage|p2a: Guardian|0 fnt","|faint|p2a: Guardian","|","|","|switch|p2a: Titan|Heatran, M|198/323","|-damage|p2a: Titan|158/323|[from] Stealth Rock","|turn|19","|","|move|p2a: Titan|Earth Power|p1a: Drake","|-damage|p1a: Drake|0 fnt","|faint|p1a: Drake","|","|","|switch|p1a: Tornadus-Therian|Tornadus-Therian, M|323/323","|-damage|p1a: Tornadus-Therian|243/323|[from] Stealth Rock","|turn|20","|","|move|p1a: Tornadus-Therian|Focus Blast|p2a: Titan","|-supereffective|p2a: Titan","|-damage|p2a: Titan|0 fnt","|faint|p2a: Titan","|","|win|thunder n' blazes"],"p1rating":{"entryid":7569767,"formatid":"ou","userid":"thundernblazes","username":"thunder n' blazes","r":1500,"rd":130,"sigma":0,"rpr":1540.1606143388,"rprd":122.8583080769,"rpsigma":0,"rptime":1439283600,"w":1,"l":0,"t":0,"gxe":55,"acre":1040,"lacre":1040,"oldacre":1000},"p2rating":{"entryid":"7564528","serverid":"eos","formatid":"ou","userid":"fortissimeomega","username":"FortissimeOmega","w":"0","l":3,"t":"0","gxe":38.5,"r":"1500","rd":"130","sigma":"0","rptime":"1439283600","rpr":1407.6941607698,"rprd":111.42173017658,"rpsigma":"0","acre":1000,"lacre":1000,"oldacre":"1000"},"endType":"normal"}