{"seed":[10096,10865,30416,49317],"turns":23,"p1":"Neowulf","p2":"FortissimeOmega","p1team":[{"name":"Gallade","species":"Gallade","item":"galladite","ability":"Justified","moves":["swordsdance","closecombat","icepunch","psychocut"],"nature":"Jolly","evs":{"hp":4,"atk":252,"def":0,"spa":0,"spd":0,"spe":252},"ivs":{"hp":31,"atk":31,"def":31,"spa":31,"spd":31,"spe":31}},{"name":"Bisharp","species":"Bisharp","item":"blackglasses","ability":"Defiant","moves":["ironhead","swordsdance","suckerpunch","knockoff"],"nature":"Serious","evs":{"hp":0,"atk":252,"def":4,"spa":0,"spd":0,"spe":252},"ivs":{"hp":31,"atk":31,"def":31,"spa":31,"spd":31,"spe":31}},{"name":"Slowbro","species":"Slowbro","item":"leftovers","ability":"Regenerator","moves":["thunderwave","scald","slackoff","icebeam"],"nature":"Bold","evs":{"hp":252,"atk":0,"def":252,"spa":4,"spd":0,"spe":0},"ivs":{"hp":31,"atk":31,"def":31,"spa":31,"spd":31,"spe":31}},{"name":"Chansey","species":"Chansey","item":"eviolite","ability":"Natural Cure","moves":["stealthrock","softboiled","healbell","seismictoss"],"nature":"Impish","evs":{"hp":36,"atk":0,"def":252,"spa":0,"spd":220,"spe":0},"ivs":{"hp":31,"atk":31,"def":31,"spa":31,"spd":31,"spe":31}},{"name":"Thundurus","species":"Thundurus","item":"lifeorb","ability":"Prankster","moves":["taunt","hiddenpowerice","voltswitch","discharge"],"nature":"Timid","evs":{"hp":0,"atk":0,"def":0,"spa":252,"spd":4,"spe":252},"ivs":{"hp":31,"atk":30,"def":30,"spa":31,"spd":31,"spe":31}},{"name":"Garchomp","species":"Garchomp","item":"choicescarf","ability":"Rough Skin","moves":["outrage","stoneedge","fireblast","earthquake"],"nature":"Naive","evs":{"hp":0,"atk":200,"def":0,"spa":56,"spd":0,"spe":252},"ivs":{"hp":31,"atk":31,"def":31,"spa":31,"spd":31,"spe":31}}],"p2team":[{"name":"Cutman","species":"scizor","item":"scizorite","ability":"Technician","moves":["swordsdance","bulletpunch","roost","bugbite"],"nature":"Adamant","evs":{"hp":0,"atk":252,"def":4,"spa":0,"spd":0,"spe":252},"gender":"M","shiny":true,"ivs":{"hp":31,"atk":31,"def":31,"spa":31,"spd":31,"spe":31}},{"name":"Titan","species":"heatran","item":"airballoon","ability":"Flash Fire","moves":["magmastorm","earthpower","taunt","toxic"],"nature":"Timid","evs":{"hp":0,"atk":0,"def":0,"spa":252,"spd":4,"spe":252},"gender":"M","ivs":{"hp":31,"atk":31,"def":31,"spa":31,"spd":31,"spe":31}},{"name":"Fury","species":"weavile","item":"lifeorb","ability":"Pressure","moves":["iciclecrash","knockoff","iceshard","poisonjab"],"nature":"Jolly","evs":{"hp":0,"atk":252,"def":4,"spa":0,"spd":0,"spe":252},"gender":"F","ivs":{"hp":31,"atk":31,"def":31,"spa":31,"spd":31,"spe":31}},{"name":"Guardian","species":"gardevoir","item":"expertbelt","ability":"Trace","moves":["hypervoice","psyshock","focusblast","calmmind"],"nature":"Timid","evs":{"hp":0,"atk":0,"def":24,"spa":232,"spd":0,"spe":252},"gender":"F","ivs":{"hp":31,"atk":31,"def":31,"spa":31,"spd":31,"spe":31}},{"name":"Frenzy","species":"dragonite","item":"leftovers","ability":"Multiscale","moves":["roost","dragonclaw","extremespeed","firepunch"],"nature":"Adamant","evs":{"hp":216,"atk":64,"def":0,"spa":0,"spd":228,"spe":0},"gender":"M","ivs":{"hp":31,"atk":31,"def":31,"spa":31,"spd":31,"spe":31}},{"name":"Art","species":"smeargle","item":"focussash","ability":"Own Tempo","moves":["stickyweb","stealthrock","spore","magiccoat"],"nature":"Timid","evs":{"hp":96,"atk":0,"def":120,"spa":0,"spd":40,"spe":252},"gender":"M","ivs":{"hp":31,"atk":31,"def":31,"spa":31,"spd":31,"spe":31}}],"log":["|player|p1|Neowulf|24","|player|p2|FortissimeOmega|137","|gametype|singles","|gen|6","|tier|OU","|rated","|clearpoke","|poke|p1|Gallade, M","|poke|p1|Bisharp, F","|poke|p1|Slowbro, F","|poke|p1|Chansey, F","|poke|p1|Thundurus, M","|poke|p1|Garchomp, F","|poke|p2|Scizor, M, shiny","|poke|p2|Heatran, M","|poke|p2|Weavile, F","|poke|p2|Gardevoir, F","|poke|p2|Dragonite, M","|poke|p2|Smeargle, M","|rule|Swagger Clause: Swagger is banned","|rule|Baton Pass Clause: Limit one Baton Passer, can't pass Spe and other stats simultaneously","|rule|Sleep Clause Mod: Limit one foe put to sleep","|rule|Species Clause: Limit one of each Pokémon","|rule|OHKO Clause: OHKO moves are banned","|rule|Moody Clause: Moody is banned","|rule|Evasion Moves Clause: Evasion moves are banned","|rule|Endless Battle Clause: Forcing endless battles is banned","|rule|HP Percentage Mod: HP is shown in percentages","|teampreview","|","|start","|switch|p1a: Thundurus|Thundurus, M|299/299","|switch|p2a: Art|Smeargle, M|275/275","|turn|1","|","|move|p1a: Thundurus|Taunt|p2a: Art","|-start|p2a: Art|move: Taunt","|cant|p2a: Art|move: Taunt|Spore","|","|turn|2","|","|switch|p2a: Cutman|Scizor, M, shiny|281/281","|move|p1a: Thundurus|Discharge|p2a: Cutman","|-damage|p2a: Cutman|59/281","|-damage|p1a: Thundurus|270/299|[from] item: Life Orb","|","|turn|3","|","|detailschange|p2a: Cutman|Scizor-Mega, M, shiny","|-mega|p2a: Cutman|Scizor|Scizorite","|move|p2a: Cutman|Bullet Punch|p1a: Thundurus","|-resisted|p1a: Thundurus","|-damage|p1a: Thundurus|179/299","|move|p1a: Thundurus|Discharge|p2a: Cutman","|-damage|p2a: Cutman|0 fnt","|-damage|p1a: Thundurus|150/299|[from] item: Life Orb","|faint|p2a: Cutman","|","|","|switch|p2a: Fury|Weavile, F|281/281","|-ability|p2a: Fury|Pressure","|turn|4","|","|switch|p1a: Slowbro|Slowbro, F|394/394","|move|p2a: Fury|Icicle Crash|p1a: Slowbro","|-resisted|p1a: Slowbro","|-damage|p1a: Slowbro|332/394","|-damage|p2a: Fury|253/281|[from] item: Life Orb","|","|-heal|p1a: Slowbro|356/394|[from] item: Leftovers","|turn|5","|","|move|p2a: Fury|Knock Off|p1a: Slowbro","|-supereffective|p1a: Slowbro","|-damage|p1a: Slowbro|80/394","|-enditem|p1a: Slowbro|Leftovers|[from] move: Knock Off|[of] p2a: Fury","|-damage|p2a: Fury|225/281|[from] item: Life Orb","|move|p1a: Slowbro|Thunder Wave|p2a: Fury","|-status|p2a: Fury|par","|","|turn|6","|","|move|p2a: Fury|Knock Off|p1a: Slowbro","|-supereffective|p1a: Slowbro","|-damage|p1a: Slowbro|0 fnt","|-damage|p2a: Fury|197/281 par|[from] item: Life Orb","|faint|p1a: Slowbro","|","|","|switch|p1a: Gallade|Gallade, M|278/278","|turn|7","|","|detailschange|p1a: Gallade|Gallade-Mega, M","|-mega|p1a: Gallade|Gallade|Galladite","|move|p1a: Gallade|Close Combat|p2a: Fury","|-supereffective|p2a: Fury","|-damage|p2a: Fury|0 fnt","|-unboost|p1a: Gallade|def|1","|-unboost|p1a: Gallade|spd|1","|faint|p2a: Fury","|","|","|switch|p2a: Art|Smeargle, M|275/275","|turn|8","|","|switch|p1a: Chansey|Chansey, F|650/650","|move|p2a: Art|Spore|p1a: Chansey","|-status|p1a: Chansey|slp","|","|turn|9","|","|switch|p1a: Thundurus|Thundurus, M|150/299","|move|p2a: Art|Sticky Web|p1a: Thundurus","|-sidestart|p1: Neowulf|move: Sticky Web","|","|turn|10","|","|switch|p2a: Titan|Heatran, M|323/323","|-item|p2a: Titan|Air Balloon","|move|p1a: Thundurus|Discharge|p2a: Titan","|-damage|p2a: Titan|162/323","|-enditem|p2a: Titan|Air Balloon","|-damage|p1a: Thundurus|121/299|[from] item: Life Orb","|","|turn|11","|","|move|p1a: Thundurus|Discharge|p2a: Titan","|-damage|p2a: Titan|5/323","|-damage|p1a: Thundurus|92/299|[from] item: Life Orb","|move|p2a: Titan|Magma Storm|p1a: Thundurus","|-damage|p1a: Thundurus|0 fnt","|faint|p1a: Thundurus","|","|","|switch|p1a: Garchomp|Garchomp, F|357/357","|-activate|p1a: Garchomp|move: Sticky Web","|-unboost|p1a: Garchomp|spe|1","|turn|12","|","|move|p1a: Garchomp|Stone Edge|p2a: Titan","|-crit|p2a: Titan","|-damage|p2a: Titan|0 fnt","|faint|p2a: Titan","|","|","|switch|p2a: Art|Smeargle, M|275/275","|turn|13","|","|move|p1a: Garchomp|Stone Edge|p2a: Art","|-damage|p2a: Art|69/275","|move|p2a: Art|Spore|p1a: Garchomp","|-status|p1a: Garchomp|slp","|","|turn|14","|","|cant|p1a: Garchomp|slp","|move|p2a: Art|Stealth Rock|p1a: Garchomp","|-sidestart|p1: Neowulf|move: Stealth Rock","|","|turn|15","|","|switch|p2a: Guardian|Gardevoir, F|277/277","|-ability|p2a: Guardian|Rough Skin|[from] ability: Trace|[of] p1a: Garchomp","|cant|p1a: Garchomp|slp","|","|turn|16","|","|switch|p1a: Chansey|Chansey, F|650/650","|-activate|p1a: Chansey|move: Sticky Web","|-unboost|p1a: Chansey|spe|1","|-damage|p1a: Chansey|569/650|[from] Stealth Rock","|move|p2a: Guardian|Focus Blast|p1a: Chansey","|-supereffective|p1a: Chansey","|-damage|p1a: Chansey|391/650","|","|turn|17","|","|move|p2a: Guardian|Calm Mind|p2a: Guardian","|-boost|p2a: Guardian|spa|1","|-boost|p2a: Guardian|spd|1","|move|p1a: Chansey|Stealth Rock|p2a: Guardian","|-sidestart|p2: FortissimeOmega|move: Stealth Rock","|","|turn|18","|","|move|p2a: Guardian|Calm Mind|p2a: Guardian","|-boost|p2a: Guardian|spa|1","|-boost|p2a: Guardian|spd|1","|move|p1a: Chansey|Heal Bell|p1a: Chansey","|-cureteam|p1a: Chansey|[from] move: HealBell","|","|turn|19","|","|move|p2a: Guardian|Psyshock|p1a: Chansey","|-damage|p1a: Chansey|48/650","|move|p1a: Chansey|Seismic Toss|p2a: Guardian","|-damage|p2a: Guardian|177/277","|-damage|p1a: Chansey|0 fnt|[from] ability: Rough Skin|[of] p2a: Guardian","|faint|p1a: Chansey","|","|","|switch|p1a: Garchomp|Garchomp, F|357/357","|-damage|p1a: Garchomp|335/357|[from] Stealth Rock","|-activate|p1a: Garchomp|move: Sticky Web","|-unboost|p1a: Garchomp|spe|1","|turn|20","|","|move|p1a: Garchomp|Earthquake|p2a: Guardian","|-damage|p2a: Guardian|0 fnt","|faint|p2a: Guardian","|","|","|switch|p2a: Frenzy|Dragonite, M|377/377","|-damage|p2a: Frenzy|283/377|[from] Stealth Rock","|turn|21","|","|switch|p1a: Bisharp|Bisharp, F|271/271","|-activate|p1a: Bisharp|move: Sticky Web","|-unboost|p1a: Bisharp|spe|1","|-boost|p1a: Bisharp|atk|2|[from] ability: Defiant","|-damage|p1a: Bisharp|255/271|[from] Stealth Rock","|move|p2a: Frenzy|Dragon Claw|p1a: Bisharp","|-resisted|p1a: Bisharp","|-damage|p1a: Bisharp|186/271","|","|-heal|p2a: Frenzy|306/377|[from] item: Leftovers","|turn|22","|","|move|p2a: Frenzy|Extreme Speed|p1a: Bisharp","|-resisted|p1a: Bisharp","|-damage|p1a: Bisharp|140/271","|move|p1a: Bisharp|Knock Off|p2a: Frenzy","|-damage|p2a: Frenzy|0 fnt","|-enditem|p2a: Frenzy|Leftovers|[from] move: Knock Off|[of] p1a: Bisharp","|faint|p2a: Frenzy","|","|","|switch|p2a: Art|Smeargle, M|69/275","|-damage|p2a: Art|35/275|[from] Stealth Rock","|turn|23","|","|move|p2a: Art|Magic Coat|p2a: Art","|-singleturn|p2a: Art|move: Magic Coat","|move|p1a: Bisharp|Knock Off|p2a: Art","|-damage|p2a: Art|0 fnt","|-enditem|p2a: Art|Focus Sash|[from] move: Knock Off|[of] p1a: Bisharp","|faint|p2a: Art","|","|win|Neowulf"],"p1rating":{"entryid":"6346305","serverid":"eos","formatid":"ou","userid":"neowulf","username":"Neowulf","w":9,"l":"4","t":"0","gxe":63,"r":"1586.7697044479","rd":"91.305128866956","sigma":"0","rptime":"1439283600","rpr":1603.0098583714,"rprd":88.852049776541,"rpsigma":"0","acre":1140.4703545185,"lacre":1140.4703545185,"oldacre":"1124.0345798532"},"p2rating":{"entryid":"7564528","serverid":"eos","formatid":"ou","userid":"fortissimeomega","username":"FortissimeOmega","w":"0","l":2,"t":"0","gxe":41.9,"r":"1500","rd":"130","sigma":"0","rptime":"1439283600","rpr":1435.0145240861,"rprd":116.66631104533,"rpsigma":"0","acre":1000,"lacre":1000,"oldacre":"1000"},"endType":"normal"}