{"seed":[12798,41375,25647,11231],"turns":21,"p1":"GTX♅Quabbs","p2":"V Psychic","p1team":[{"name":"Heracross","species":"Heracross","item":"flameorb","ability":"Guts","moves":["closecombat","megahorn","facade","knockoff"],"nature":"Jolly","evs":{"hp":4,"atk":252,"def":0,"spa":0,"spd":0,"spe":252},"shiny":true,"ivs":{"hp":31,"atk":31,"def":31,"spa":31,"spd":31,"spe":31}},{"name":"Genesect","species":"Genesect","item":"choiceband","ability":"Download","moves":["ironhead","uturn","blazekick","extremespeed"],"nature":"Hasty","evs":{"hp":4,"atk":252,"def":0,"spa":0,"spd":0,"spe":252},"shiny":true,"ivs":{"hp":31,"atk":31,"def":31,"spa":31,"spd":31,"spe":31}},{"name":"Scizor","species":"Scizor","item":"lifeorb","ability":"Technician","moves":["bugbite","bulletpunch","roost","swordsdance"],"nature":"Adamant","evs":{"hp":248,"atk":252,"def":0,"spa":0,"spd":8,"spe":0},"shiny":true,"ivs":{"hp":31,"atk":31,"def":31,"spa":31,"spd":31,"spe":31}},{"name":"Scolipede","species":"Scolipede","item":"lifeorb","ability":"Speed Boost","moves":["poisonjab","megahorn","protect","batonpass"],"nature":"Jolly","evs":{"hp":0,"atk":252,"def":0,"spa":0,"spd":4,"spe":252},"shiny":true,"ivs":{"hp":31,"atk":31,"def":31,"spa":31,"spd":31,"spe":31}},{"name":"Shuckle","species":"Shuckle","item":"leftovers","ability":"Sturdy","moves":["stealthrock","stickyweb","toxic","encore"],"nature":"Bold","evs":{"hp":252,"atk":0,"def":128,"spa":0,"spd":128,"spe":0},"shiny":true,"ivs":{"hp":31,"atk":31,"def":31,"spa":31,"spd":31,"spe":31}},{"name":"Pinsir","species":"Pinsir","item":"pinsirite","ability":"Moxie","moves":["return","xscissor","swordsdance","quickattack"],"nature":"Adamant","evs":{"hp":248,"atk":252,"def":0,"spa":0,"spd":8,"spe":0},"shiny":true,"ivs":{"hp":31,"atk":31,"def":31,"spa":31,"spd":31,"spe":31}}],"p2team":[{"name":"Zapdos","species":"Zapdos","item":"leftovers","ability":"Pressure","moves":["roost","defog","heatwave","discharge"],"nature":"Bold","evs":{"hp":248,"atk":0,"def":176,"spa":68,"spd":0,"spe":16},"ivs":{"hp":31,"atk":0,"def":31,"spa":31,"spd":31,"spe":31}},{"name":"Thundurus","species":"Thundurus","item":"lifeorb","ability":"Prankster","moves":["superpower","discharge","knockoff","thunderwave"],"nature":"Naive","evs":{"hp":0,"atk":72,"def":0,"spa":184,"spd":0,"spe":252},"ivs":{"hp":31,"atk":31,"def":31,"spa":31,"spd":31,"spe":31}},{"name":"Rotom-Wash","species":"Rotom-Wash","item":"leftovers","ability":"Levitate","moves":["willowisp","hydropump","voltswitch","painsplit"],"nature":"Calm","evs":{"hp":248,"atk":0,"def":0,"spa":0,"spd":216,"spe":44},"ivs":{"hp":31,"atk":0,"def":31,"spa":31,"spd":31,"spe":31}},{"name":"Magnezone","species":"Magnezone","item":"choicescarf","ability":"Sturdy","moves":["voltswitch","discharge","hiddenpowerice","flashcannon"],"nature":"Timid","evs":{"hp":0,"atk":0,"def":0,"spa":252,"spd":4,"spe":252},"ivs":{"hp":31,"atk":30,"def":30,"spa":31,"spd":31,"spe":31}},{"name":"Manectric","species":"Manectric","item":"manectite","ability":"Static","moves":["voltswitch","discharge","overheat","hiddenpowergrass"],"nature":"Timid","evs":{"hp":0,"atk":0,"def":0,"spa":252,"spd":4,"spe":252},"ivs":{"hp":31,"atk":30,"def":31,"spa":30,"spd":31,"spe":31}},{"name":"Luxray","species":"Luxray","item":"choiceband","ability":"Guts","moves":["wildcharge","crunch","superpower","icefang"],"nature":"Jolly","evs":{"hp":0,"atk":252,"def":0,"spa":0,"spd":4,"spe":252},"shiny":true,"ivs":{"hp":31,"atk":31,"def":31,"spa":31,"spd":31,"spe":31}}],"log":["|player|p1|GTX♅Quabbs|164","|player|p2|V Psychic|167","|gametype|singles","|gen|6","|tier|Monotype","|rated","|rule|Baton Pass Clause: Limit one Baton Passer, can't pass Spe and other stats simultaneously","|rule|Swagger Clause: Swagger is banned","|rule|Same Type Clause: Pokémon in a team must share a type","|clearpoke","|poke|p1|Heracross, F, shiny","|poke|p1|Genesect-*, shiny","|poke|p1|Scizor, F, shiny","|poke|p1|Scolipede, M, shiny","|poke|p1|Shuckle, M, shiny","|poke|p1|Pinsir, F, shiny","|poke|p2|Zapdos","|poke|p2|Thundurus, M","|poke|p2|Rotom-Wash","|poke|p2|Magnezone","|poke|p2|Manectric, F","|poke|p2|Luxray, F, shiny","|rule|Sleep Clause Mod: Limit one foe put to sleep","|rule|Species Clause: Limit one of each Pokémon","|rule|OHKO Clause: OHKO moves are banned","|rule|Moody Clause: Moody is banned","|rule|Evasion Moves Clause: Evasion moves are banned","|rule|Endless Battle Clause: Forcing endless battles is banned","|rule|HP Percentage Mod: HP is shown in percentages","|teampreview","|","|start","|switch|p1a: Scolipede|Scolipede, M, shiny|261/261","|switch|p2a: Zapdos|Zapdos|383/383","|-ability|p2a: Zapdos|Pressure","|turn|1","|","|move|p1a: Scolipede|Protect|p1a: Scolipede","|-singleturn|p1a: Scolipede|Protect","|move|p2a: Zapdos|Heat Wave|p1a: Scolipede","|-activate|p1a: Scolipede|Protect","|","|-boost|p1a: Scolipede|spe|1|[from] ability: Speed Boost","|turn|2","|","|move|p1a: Scolipede|Baton Pass|p1a: Scolipede","|","|switch|p1a: Shuckle|Shuckle, M, shiny|244/244","|move|p2a: Zapdos|Heat Wave|p1a: Shuckle","|-damage|p1a: Shuckle|198/244","|","|-heal|p1a: Shuckle|213/244|[from] item: Leftovers","|turn|3","|","|switch|p2a: Rotom-Wash|Rotom-Wash|303/303","|move|p1a: Shuckle|Stealth Rock|p2a: Rotom-Wash","|-sidestart|p2: V Psychic|move: Stealth Rock","|","|-heal|p1a: Shuckle|228/244|[from] item: Leftovers","|turn|4","|","|move|p2a: Rotom-Wash|Hydro Pump|p1a: Shuckle","|-supereffective|p1a: Shuckle","|-damage|p1a: Shuckle|96/244","|move|p1a: Shuckle|Sticky Web|p2a: Rotom-Wash","|-sidestart|p2: V Psychic|move: Sticky Web","|","|-heal|p1a: Shuckle|111/244|[from] item: Leftovers","|turn|5","|","|move|p2a: Rotom-Wash|Hydro Pump|p1a: Shuckle","|-supereffective|p1a: Shuckle","|-damage|p1a: Shuckle|0 fnt","|faint|p1a: Shuckle","|","|","|switch|p1a: Genesect|Genesect, shiny|284/284","|-boost|p1a: Genesect|atk|1|[from] ability: Download","|turn|6","|","|move|p1a: Genesect|Extreme Speed|p2a: Rotom-Wash","|-damage|p2a: Rotom-Wash|126/303","|move|p2a: Rotom-Wash|Will-O-Wisp|p1a: Genesect|[miss]","|-miss|p2a: Rotom-Wash|p1a: Genesect","|","|-heal|p2a: Rotom-Wash|144/303|[from] item: Leftovers","|turn|7","|","|move|p1a: Genesect|Extreme Speed|p2a: Rotom-Wash","|-damage|p2a: Rotom-Wash|0 fnt","|faint|p2a: Rotom-Wash","|","|","|switch|p2a: Zapdos|Zapdos|383/383","|-damage|p2a: Zapdos|288/383|[from] Stealth Rock","|-ability|p2a: Zapdos|Pressure","|turn|8","|","|move|p1a: Genesect|Extreme Speed|p2a: Zapdos","|-damage|p2a: Zapdos|125/383","|move|p2a: Zapdos|Heat Wave|p1a: Genesect","|-supereffective|p1a: Genesect","|-damage|p1a: Genesect|0 fnt","|faint|p1a: Genesect","|","|-heal|p2a: Zapdos|148/383|[from] item: Leftovers","|","|switch|p1a: Scolipede|Scolipede, M, shiny|261/261","|turn|9","|","|switch|p2a: Magnezone|Magnezone|281/281","|-damage|p2a: Magnezone|264/281|[from] Stealth Rock","|-activate|p2a: Magnezone|move: Sticky Web","|-unboost|p2a: Magnezone|spe|1","|move|p1a: Scolipede|Poison Jab|p2a: Magnezone","|-immune|p2a: Magnezone|[msg]","|","|-boost|p1a: Scolipede|spe|1|[from] ability: Speed Boost","|turn|10","|","|switch|p1a: Heracross|Heracross, F, shiny|302/302","|move|p2a: Magnezone|Discharge|p1a: Heracross","|-damage|p1a: Heracross|155/302","|-status|p1a: Heracross|par","|","|turn|11","|","|switch|p2a: Luxray|Luxray, F, shiny|301/301","|-damage|p2a: Luxray|264/301|[from] Stealth Rock","|-activate|p2a: Luxray|move: Sticky Web","|-unboost|p2a: Luxray|spe|1","|move|p1a: Heracross|Close Combat|p2a: Luxray","|-damage|p2a: Luxray|0 fnt","|-unboost|p1a: Heracross|def|1","|-unboost|p1a: Heracross|spd|1","|faint|p2a: Luxray","|","|","|switch|p2a: Zapdos|Zapdos|148/383","|-damage|p2a: Zapdos|53/383|[from] Stealth Rock","|-ability|p2a: Zapdos|Pressure","|turn|12","|","|move|p2a: Zapdos|Defog|p1a: Heracross","|-unboost|p1a: Heracross|evasion|1","|-sideend|p2: V Psychic|Stealth Rock|[from] move: Defog|[of] p2a: Zapdos","|-sideend|p2: V Psychic|Sticky Web|[from] move: Defog|[of] p2a: Zapdos","|move|p1a: Heracross|Facade|p2a: Zapdos","|-damage|p2a: Zapdos|0 fnt","|faint|p2a: Zapdos","|","|","|switch|p2a: Manectric|Manectric, F|281/281","|turn|13","|","|detailschange|p2a: Manectric|Manectric-Mega, F","|-mega|p2a: Manectric|Manectric|Manectite","|-ability|p2a: Manectric|Intimidate","|-unboost|p1a: Heracross|atk|1","|move|p2a: Manectric|Discharge|p1a: Heracross","|-damage|p1a: Heracross|0 fnt","|faint|p1a: Heracross","|","|","|switch|p1a: Scolipede|Scolipede, M, shiny|261/261","|turn|14","|","|move|p1a: Scolipede|Protect|p1a: Scolipede","|-singleturn|p1a: Scolipede|Protect","|move|p2a: Manectric|Overheat|p1a: Scolipede","|-activate|p1a: Scolipede|Protect","|","|-boost|p1a: Scolipede|spe|1|[from] ability: Speed Boost","|turn|15","|","|move|p1a: Scolipede|Poison Jab|p2a: Manectric","|-damage|p2a: Manectric|78/281","|-damage|p1a: Scolipede|235/261|[from] item: Life Orb","|move|p2a: Manectric|Overheat|p1a: Scolipede","|-crit|p1a: Scolipede","|-supereffective|p1a: Scolipede","|-damage|p1a: Scolipede|0 fnt","|-unboost|p2a: Manectric|spa|2","|faint|p1a: Scolipede","|","|","|switch|p1a: Scizor|Scizor, F, shiny|343/343","|turn|16","|","|switch|p2a: Magnezone|Magnezone|264/281","|move|p1a: Scizor|Bug Bite|p2a: Magnezone","|-resisted|p2a: Magnezone","|-damage|p2a: Magnezone|170/281","|-damage|p1a: Scizor|309/343|[from] item: Life Orb","|","|turn|17","|","|move|p2a: Magnezone|Discharge|p1a: Scizor","|-damage|p1a: Scizor|146/343","|move|p1a: Scizor|Swords Dance|p1a: Scizor","|-boost|p1a: Scizor|atk|2","|","|turn|18","|","|move|p1a: Scizor|Bullet Punch|p2a: Magnezone","|-crit|p2a: Magnezone","|-resisted|p2a: Magnezone","|-damage|p2a: Magnezone|67/281","|-damage|p1a: Scizor|112/343|[from] item: Life Orb","|move|p2a: Magnezone|Discharge|p1a: Scizor","|-damage|p1a: Scizor|0 fnt","|faint|p1a: Scizor","|","|","|switch|p1a: Pinsir|Pinsir, F, shiny|333/333","|turn|19","|","|detailschange|p1a: Pinsir|Pinsir-Mega, F, shiny","|-mega|p1a: Pinsir|Pinsir|Pinsirite","|move|p2a: Magnezone|Discharge|p1a: Pinsir","|-supereffective|p1a: Pinsir","|-damage|p1a: Pinsir|37/333","|-status|p1a: Pinsir|par","|move|p1a: Pinsir|Return|p2a: Magnezone","|-resisted|p2a: Magnezone","|-damage|p2a: Magnezone|6/281","|","|turn|20","|","|move|p1a: Pinsir|Quick Attack|p2a: Magnezone","|-resisted|p2a: Magnezone","|-damage|p2a: Magnezone|0 fnt","|faint|p2a: Magnezone","|","|","|switch|p2a: Thundurus|Thundurus, M|299/299","|turn|21","|","|move|p1a: Pinsir|Quick Attack|p2a: Thundurus","|-resisted|p2a: Thundurus","|-damage|p2a: Thundurus|219/299","|move|p2a: Thundurus|Discharge|p1a: Pinsir","|-supereffective|p1a: Pinsir","|-damage|p1a: Pinsir|0 fnt","|-damage|p2a: Thundurus|190/299|[from] item: Life Orb","|faint|p1a: Pinsir","|","|win|V Psychic"],"p1rating":{"entryid":"7474899","serverid":"eos","formatid":"monotype","userid":"gtxquabbs","username":"GTX Quabbs","w":"8","l":13,"t":"0","gxe":43.3,"r":"1401.4450733316","rd":"101.83681351046","sigma":"0","rptime":"1439024400","rpr":1448.0660184663,"rprd":70.689518907501,"rpsigma":"0","acre":1097.7209787598,"lacre":1097.7209787598,"oldacre":"1114.3597139189"},"p2rating":{"entryid":"7467690","serverid":"eos","formatid":"monotype","userid":"vpsychic","username":"V Psychic","w":16,"l":"6","t":"0","gxe":64.7,"r":"1590.5768731025","rd":"107.81252429981","sigma":"0","rptime":"1439024400","rpr":1616.5268277017,"rprd":68.819697870321,"rpsigma":"0","acre":1251.8473286004,"lacre":1251.8473286004,"oldacre":"1235.2085934413"},"endType":"normal"}