{"seed":[37568,7645,50344,9211],"turns":42,"p1":"Guard Wulf","p2":"InternOlbezerkolo","p1team":[{"name":"Skarmory","species":"Skarmory","item":"leftovers","ability":"Sturdy","moves":["roost","stealthrock","ironhead","roar"],"nature":"Impish","evs":{"hp":250,"atk":4,"def":232,"spa":0,"spd":0,"spe":24},"ivs":{"hp":31,"atk":31,"def":31,"spa":31,"spd":31,"spe":31}},{"name":"Mandibuzz","species":"Mandibuzz","item":"leftovers","ability":"Overcoat","moves":["defog","bravebird","roost","toxic"],"nature":"Careful","evs":{"hp":248,"atk":8,"def":0,"spa":0,"spd":252,"spe":0},"ivs":{"hp":31,"atk":31,"def":31,"spa":31,"spd":31,"spe":31}},{"name":"Thundurus","species":"Thundurus","item":"leftovers","ability":"Prankster","moves":["thunderwave","thunderbolt","hiddenpowerice","taunt"],"nature":"Timid","evs":{"hp":0,"atk":0,"def":0,"spa":252,"spd":4,"spe":252},"ivs":{"hp":31,"atk":30,"def":30,"spa":31,"spd":31,"spe":31}},{"name":"Gliscor","species":"Gliscor","item":"toxicorb","ability":"Poison Heal","moves":["knockoff","earthquake","roost","aerialace"],"nature":"Impish","evs":{"hp":244,"atk":4,"def":188,"spa":0,"spd":0,"spe":72},"ivs":{"hp":31,"atk":31,"def":31,"spa":31,"spd":31,"spe":31}},{"name":"Charizard","species":"Charizard","item":"charizarditex","ability":"Blaze","moves":["dragondance","roost","dragonclaw","firepunch"],"nature":"Jolly","evs":{"hp":0,"atk":252,"def":0,"spa":0,"spd":4,"spe":252},"ivs":{"hp":31,"atk":31,"def":31,"spa":31,"spd":31,"spe":31}},{"name":"Tornadus-Therian","species":"Tornadus-Therian","item":"assaultvest","ability":"Regenerator","moves":["uturn","hurricane","heatwave","focusblast"],"nature":"Hasty","evs":{"hp":132,"atk":0,"def":0,"spa":160,"spd":0,"spe":216},"ivs":{"hp":31,"atk":31,"def":31,"spa":31,"spd":31,"spe":31}}],"p2team":[{"name":"Altaria","species":"Altaria","item":"altarianite","ability":"Cloud Nine","moves":["dragondance","earthquake","return","dragonclaw"],"nature":"Adamant","evs":{"hp":0,"atk":252,"def":0,"spa":0,"spd":4,"spe":252},"ivs":{"hp":31,"atk":31,"def":31,"spa":31,"spd":31,"spe":31}},{"name":"Garchomp","species":"Garchomp","item":"kingsrock","ability":"Rough Skin","moves":["rockslide","earthquake","dragonclaw","stealthrock"],"nature":"Jolly","evs":{"hp":0,"atk":252,"def":0,"spa":0,"spd":4,"spe":252},"ivs":{"hp":31,"atk":31,"def":31,"spa":31,"spd":31,"spe":31}},{"name":"Dragalge","species":"Dragalge","item":"choicespecs","ability":"Adaptability","moves":["sludgewave","dracometeor","hydropump","focusblast"],"nature":"Modest","evs":{"hp":248,"atk":0,"def":0,"spa":252,"spd":8,"spe":0},"ivs":{"hp":31,"atk":31,"def":31,"spa":31,"spd":31,"spe":31}},{"name":"Hydreigon","species":"Hydreigon","item":"expertbelt","ability":"Levitate","moves":["flashcannon","dracometeor","darkpulse","flamethrower"],"nature":"Timid","evs":{"hp":0,"atk":0,"def":0,"spa":252,"spd":4,"spe":252},"ivs":{"hp":31,"atk":31,"def":31,"spa":31,"spd":31,"spe":31}},{"name":"Noivern","species":"Noivern","item":"lifeorb","ability":"Infiltrator","moves":["boomburst","flamethrower","dracometeor","airslash"],"nature":"Timid","evs":{"hp":0,"atk":0,"def":0,"spa":252,"spd":4,"spe":252},"ivs":{"hp":31,"atk":31,"def":31,"spa":31,"spd":31,"spe":31}},{"name":"Goodra","species":"Goodra","item":"assaultvest","ability":"Gooey","moves":["fireblast","sludgewave","icebeam","dragonpulse"],"nature":"Modest","evs":{"hp":248,"atk":0,"def":0,"spa":252,"spd":8,"spe":0},"ivs":{"hp":31,"atk":31,"def":31,"spa":31,"spd":31,"spe":31}}],"log":["|player|p1|Guard Wulf|143","|player|p2|InternOlbezerkolo|136","|gametype|singles","|gen|6","|tier|Monotype","|rated","|rule|Baton Pass Clause: Limit one Baton Passer, can't pass Spe and other stats simultaneously","|rule|Swagger Clause: Swagger is banned","|rule|Same Type Clause: Pokémon in a team must share a type","|clearpoke","|poke|p1|Skarmory, M","|poke|p1|Mandibuzz, F","|poke|p1|Thundurus, M","|poke|p1|Gliscor, M","|poke|p1|Charizard, F","|poke|p1|Tornadus-Therian, M","|poke|p2|Altaria, M","|poke|p2|Garchomp, M","|poke|p2|Dragalge, M","|poke|p2|Hydreigon, F","|poke|p2|Noivern, F","|poke|p2|Goodra, M","|rule|Sleep Clause Mod: Limit one foe put to sleep","|rule|Species Clause: Limit one of each Pokémon","|rule|OHKO Clause: OHKO moves are banned","|rule|Moody Clause: Moody is banned","|rule|Evasion Moves Clause: Evasion moves are banned","|rule|Endless Battle Clause: Forcing endless battles is banned","|rule|HP Percentage Mod: HP is shown in percentages","|teampreview","|","|start","|switch|p1a: Thundurus|Thundurus, M|299/299","|switch|p2a: Garchomp|Garchomp, M|357/357","|turn|1","|","|move|p1a: Thundurus|Hidden Power|p2a: Garchomp","|-supereffective|p2a: Garchomp","|-damage|p2a: Garchomp|21/357","|move|p2a: Garchomp|Rock Slide|p1a: Thundurus","|-supereffective|p1a: Thundurus","|-damage|p1a: Thundurus|65/299","|","|-heal|p1a: Thundurus|83/299|[from] item: Leftovers","|turn|2","|","|switch|p2a: Goodra|Goodra, M|383/383","|move|p1a: Thundurus|Hidden Power|p2a: Goodra","|-supereffective|p2a: Goodra","|-damage|p2a: Goodra|319/383","|","|-heal|p1a: Thundurus|101/299|[from] item: Leftovers","|turn|3","|","|move|p1a: Thundurus|Thunder Wave|p2a: Goodra","|-status|p2a: Goodra|par","|move|p2a: Goodra|Dragon Pulse|p1a: Thundurus","|-damage|p1a: Thundurus|0 fnt","|faint|p1a: Thundurus","|","|","|switch|p1a: Charizard|Charizard, F|297/297","|turn|4","|","|move|p1a: Charizard|Dragon Dance|p1a: Charizard","|-boost|p1a: Charizard|atk|1","|-boost|p1a: Charizard|spe|1","|move|p2a: Goodra|Dragon Pulse|p1a: Charizard","|-damage|p1a: Charizard|137/297","|","|turn|5","|","|move|p1a: Charizard|Roost|p1a: Charizard","|-heal|p1a: Charizard|286/297","|move|p2a: Goodra|Dragon Pulse|p1a: Charizard","|-damage|p1a: Charizard|123/297","|","|turn|6","|","|move|p1a: Charizard|Roost|p1a: Charizard","|-heal|p1a: Charizard|272/297","|move|p2a: Goodra|Dragon Pulse|p1a: Charizard","|-damage|p1a: Charizard|89/297","|","|turn|7","|","|move|p1a: Charizard|Roost|p1a: Charizard","|-heal|p1a: Charizard|238/297","|move|p2a: Goodra|Sludge Wave|p1a: Charizard","|-damage|p1a: Charizard|117/297","|","|turn|8","|","|move|p1a: Charizard|Roost|p1a: Charizard","|-heal|p1a: Charizard|266/297","|cant|p2a: Goodra|par","|","|turn|9","|","|detailschange|p1a: Charizard|Charizard-Mega-X, F","|-mega|p1a: Charizard|Charizard|Charizardite X","|move|p1a: Charizard|Fire Punch|p2a: Goodra","|-resisted|p2a: Goodra","|-damage|p2a: Goodra|147/383 par","|-unboost|p1a: Charizard|spe|1","|move|p2a: Goodra|Sludge Wave|p1a: Charizard","|-damage|p1a: Charizard|144/297","|","|turn|10","|","|move|p1a: Charizard|Roost|p1a: Charizard","|-heal|p1a: Charizard|293/297","|move|p2a: Goodra|Dragon Pulse|p1a: Charizard","|-supereffective|p1a: Charizard","|-damage|p1a: Charizard|0 fnt","|faint|p1a: Charizard","|","|","|switch|p1a: Tornadus-Therian|Tornadus-Therian, M|332/332","|turn|11","|","|move|p1a: Tornadus-Therian|Hurricane|p2a: Goodra|[miss]","|-miss|p1a: Tornadus-Therian|p2a: Goodra","|cant|p2a: Goodra|par","|","|turn|12","|","|move|p1a: Tornadus-Therian|Hurricane|p2a: Goodra","|-damage|p2a: Goodra|77/383 par","|move|p2a: Goodra|Ice Beam|p1a: Tornadus-Therian","|-supereffective|p1a: Tornadus-Therian","|-damage|p1a: Tornadus-Therian|168/332","|","|turn|13","|","|move|p1a: Tornadus-Therian|Hurricane|p2a: Goodra","|-damage|p2a: Goodra|0 fnt","|faint|p2a: Goodra","|","|","|switch|p2a: Noivern|Noivern, F|311/311","|turn|14","|","|switch|p1a: Mandibuzz|Mandibuzz, F|423/423","|move|p2a: Noivern|Draco Meteor|p1a: Mandibuzz","|-damage|p1a: Mandibuzz|251/423","|-unboost|p2a: Noivern|spa|2","|-damage|p2a: Noivern|280/311|[from] item: Life Orb","|","|-heal|p1a: Mandibuzz|277/423|[from] item: Leftovers","|turn|15","|","|switch|p2a: Altaria|Altaria, M|291/291","|-ability|p2a: Altaria|Cloud Nine","|move|p1a: Mandibuzz|Toxic|p2a: Altaria","|-status|p2a: Altaria|tox","|","|-heal|p1a: Mandibuzz|303/423|[from] item: Leftovers","|-damage|p2a: Altaria|273/291 tox|[from] psn","|turn|16","|","|switch|p2a: Hydreigon|Hydreigon, F|325/325","|switch|p1a: Skarmory|Skarmory, M|333/333","|","|turn|17","|","|switch|p1a: Mandibuzz|Mandibuzz, F|303/423","|move|p2a: Hydreigon|Flamethrower|p1a: Mandibuzz","|-damage|p1a: Mandibuzz|219/423","|","|-heal|p1a: Mandibuzz|245/423|[from] item: Leftovers","|turn|18","|","|move|p2a: Hydreigon|Flamethrower|p1a: Mandibuzz","|-crit|p1a: Mandibuzz","|-damage|p1a: Mandibuzz|124/423","|move|p1a: Mandibuzz|Roost|p1a: Mandibuzz","|-heal|p1a: Mandibuzz|336/423","|","|-heal|p1a: Mandibuzz|362/423|[from] item: Leftovers","|turn|19","|","|move|p2a: Hydreigon|Flamethrower|p1a: Mandibuzz","|-damage|p1a: Mandibuzz|290/423","|move|p1a: Mandibuzz|Toxic|p2a: Hydreigon","|-status|p2a: Hydreigon|tox","|","|-heal|p1a: Mandibuzz|316/423|[from] item: Leftovers","|-damage|p2a: Hydreigon|305/325 tox|[from] psn","|turn|20","|","|move|p2a: Hydreigon|Flamethrower|p1a: Mandibuzz","|-damage|p1a: Mandibuzz|234/423","|move|p1a: Mandibuzz|Roost|p1a: Mandibuzz","|-heal|p1a: Mandibuzz|423/423","|","|-damage|p2a: Hydreigon|265/325 tox|[from] psn","|turn|21","|","|switch|p2a: Garchomp|Garchomp, M|21/357","|move|p1a: Mandibuzz|Brave Bird|p2a: Garchomp","|-damage|p2a: Garchomp|0 fnt","|-damage|p1a: Mandibuzz|371/423|[from] ability: Rough Skin|[of] p2a: Garchomp","|-damage|p1a: Mandibuzz|364/423|[from] recoil|[of] p2a: Garchomp","|faint|p2a: Garchomp","|","|-heal|p1a: Mandibuzz|390/423|[from] item: Leftovers","|","|switch|p2a: Dragalge|Dragalge, M|333/333","|turn|22","|","|move|p1a: Mandibuzz|Roost|p1a: Mandibuzz","|-heal|p1a: Mandibuzz|423/423","|move|p2a: Dragalge|Sludge Wave|p1a: Mandibuzz","|-damage|p1a: Mandibuzz|201/423","|","|-heal|p1a: Mandibuzz|227/423|[from] item: Leftovers","|turn|23","|","|move|p1a: Mandibuzz|Roost|p1a: Mandibuzz","|-heal|p1a: Mandibuzz|423/423","|move|p2a: Dragalge|Sludge Wave|p1a: Mandibuzz","|-damage|p1a: Mandibuzz|205/423","|","|-heal|p1a: Mandibuzz|231/423|[from] item: Leftovers","|turn|24","|","|switch|p1a: Skarmory|Skarmory, M|333/333","|move|p2a: Dragalge|Sludge Wave|p1a: Skarmory","|-immune|p1a: Skarmory|[msg]","|","|turn|25","|","|switch|p2a: Noivern|Noivern, F|280/311","|move|p1a: Skarmory|Stealth Rock|p2a: Noivern","|-sidestart|p2: InternOlbezerkolo|move: Stealth Rock","|","|turn|26","|","|switch|p1a: Tornadus-Therian|Tornadus-Therian, M|278/332","|move|p2a: Noivern|Boomburst|p1a: Tornadus-Therian","|-damage|p1a: Tornadus-Therian|145/332","|-damage|p2a: Noivern|249/311|[from] item: Life Orb","|","|turn|27","|","|move|p2a: Noivern|Boomburst|p1a: Tornadus-Therian","|-damage|p1a: Tornadus-Therian|19/332","|-damage|p2a: Noivern|218/311|[from] item: Life Orb","|move|p1a: Tornadus-Therian|Hurricane|p2a: Noivern","|-damage|p2a: Noivern|22/311","|","|turn|28","|","|switch|p1a: Gliscor|Gliscor, M|352/352","|move|p2a: Noivern|Boomburst|p1a: Gliscor","|-damage|p1a: Gliscor|114/352","|-damage|p2a: Noivern|0 fnt|[from] item: Life Orb","|faint|p2a: Noivern","|","|-status|p1a: Gliscor|tox|[from] item: Toxic Orb","|","|switch|p2a: Altaria|Altaria, M|273/291 tox","|-damage|p2a: Altaria|201/291 tox|[from] Stealth Rock","|-ability|p2a: Altaria|Cloud Nine","|turn|29","|","|detailschange|p2a: Altaria|Altaria-Mega, M","|-mega|p2a: Altaria|Altaria|Altarianite","|move|p2a: Altaria|Return|p1a: Gliscor","|-damage|p1a: Gliscor|0 fnt","|faint|p1a: Gliscor","|","|-damage|p2a: Altaria|183/291 tox|[from] psn","|","|switch|p1a: Skarmory|Skarmory, M|333/333","|turn|30","|","|switch|p2a: Hydreigon|Hydreigon, F|265/325 tox","|-damage|p2a: Hydreigon|225/325 tox|[from] Stealth Rock","|move|p1a: Skarmory|Iron Head|p2a: Hydreigon","|-damage|p2a: Hydreigon|134/325 tox","|","|-damage|p2a: Hydreigon|114/325 tox|[from] psn","|turn|31","|","|switch|p1a: Mandibuzz|Mandibuzz, F|231/423","|move|p2a: Hydreigon|Flamethrower|p1a: Mandibuzz","|-damage|p1a: Mandibuzz|148/423","|","|-heal|p1a: Mandibuzz|174/423|[from] item: Leftovers","|-damage|p2a: Hydreigon|74/325 tox|[from] psn","|turn|32","|","|move|p2a: Hydreigon|Draco Meteor|p1a: Mandibuzz","|-damage|p1a: Mandibuzz|3/423","|-unboost|p2a: Hydreigon|spa|2","|move|p1a: Mandibuzz|Roost|p1a: Mandibuzz","|-heal|p1a: Mandibuzz|215/423","|","|-heal|p1a: Mandibuzz|241/423|[from] item: Leftovers","|-damage|p2a: Hydreigon|14/325 tox|[from] psn","|turn|33","|","|switch|p2a: Altaria|Altaria-Mega, M|183/291 tox","|-damage|p2a: Altaria|147/291 tox|[from] Stealth Rock","|move|p1a: Mandibuzz|Roost|p1a: Mandibuzz","|-heal|p1a: Mandibuzz|423/423","|","|-damage|p2a: Altaria|129/291 tox|[from] psn","|turn|34","|","|switch|p1a: Skarmory|Skarmory, M|333/333","|move|p2a: Altaria|Dragon Dance|p2a: Altaria","|-boost|p2a: Altaria|atk|1","|-boost|p2a: Altaria|spe|1","|","|-damage|p2a: Altaria|93/291 tox|[from] psn","|turn|35","|","|move|p2a: Altaria|Dragon Claw|p1a: Skarmory","|-resisted|p1a: Skarmory","|-damage|p1a: Skarmory|269/333","|move|p1a: Skarmory|Roar|p2a: Altaria","|drag|p2a: Dragalge|Dragalge, M|333/333","|-damage|p2a: Dragalge|292/333|[from] Stealth Rock","|","|-heal|p1a: Skarmory|289/333|[from] item: Leftovers","|turn|36","|","|switch|p1a: Mandibuzz|Mandibuzz, F|423/423","|move|p2a: Dragalge|Hydro Pump|p1a: Mandibuzz|[miss]","|-miss|p2a: Dragalge|p1a: Mandibuzz","|","|turn|37","|","|move|p1a: Mandibuzz|Brave Bird|p2a: Dragalge","|-damage|p2a: Dragalge|178/333","|-damage|p1a: Mandibuzz|385/423|[from] recoil|[of] p2a: Dragalge","|move|p2a: Dragalge|Hydro Pump|p1a: Mandibuzz","|-damage|p1a: Mandibuzz|249/423","|","|-heal|p1a: Mandibuzz|275/423|[from] item: Leftovers","|turn|38","|","|move|p1a: Mandibuzz|Brave Bird|p2a: Dragalge","|-damage|p2a: Dragalge|69/333","|-damage|p1a: Mandibuzz|239/423|[from] recoil|[of] p2a: Dragalge","|move|p2a: Dragalge|Hydro Pump|p1a: Mandibuzz","|-damage|p1a: Mandibuzz|103/423","|","|-heal|p1a: Mandibuzz|129/423|[from] item: Leftovers","|turn|39","|","|move|p1a: Mandibuzz|Roost|p1a: Mandibuzz","|-heal|p1a: Mandibuzz|341/423","|move|p2a: Dragalge|Hydro Pump|p1a: Mandibuzz","|-damage|p1a: Mandibuzz|201/423","|","|-heal|p1a: Mandibuzz|227/423|[from] item: Leftovers","|turn|40","|","|move|p1a: Mandibuzz|Brave Bird|p2a: Dragalge","|-damage|p2a: Dragalge|0 fnt","|-damage|p1a: Mandibuzz|204/423|[from] recoil|[of] p2a: Dragalge","|faint|p2a: Dragalge","|","|-heal|p1a: Mandibuzz|230/423|[from] item: Leftovers","|","|switch|p2a: Altaria|Altaria-Mega, M|93/291 tox","|-damage|p2a: Altaria|57/291 tox|[from] Stealth Rock","|turn|41","|","|move|p2a: Altaria|Return|p1a: Mandibuzz","|-supereffective|p1a: Mandibuzz","|-damage|p1a: Mandibuzz|0 fnt","|faint|p1a: Mandibuzz","|","|-damage|p2a: Altaria|39/291 tox|[from] psn","|","|switch|p1a: Tornadus-Therian|Tornadus-Therian, M|129/332","|turn|42","|","|move|p1a: Tornadus-Therian|U-turn|p2a: Altaria","|-resisted|p2a: Altaria","|-damage|p2a: Altaria|13/291 tox","|","|switch|p1a: Skarmory|Skarmory, M|289/333","|move|p2a: Altaria|Return|p1a: Skarmory","|-resisted|p1a: Skarmory","|-damage|p1a: Skarmory|218/333","|","|-heal|p1a: Skarmory|238/333|[from] item: Leftovers","|-damage|p2a: Altaria|0 fnt|[from] psn","|faint|p2a: Altaria","|","|switch|p2a: Hydreigon|Hydreigon, F|14/325 tox","|-damage|p2a: Hydreigon|0 fnt|[from] Stealth Rock","|faint|p2a: Hydreigon","|","|win|Guard Wulf"],"p1rating":{"entryid":"7326062","serverid":"eos","formatid":"monotype","userid":"guardwulf","username":"Guard Wulf","w":41,"l":"21","t":"0","gxe":62.6,"r":"1607.4810361933","rd":"46.059337814947","sigma":"0","rptime":"1439024400","rpr":1597.4165334647,"rprd":45.039180295878,"rpsigma":"0","acre":1195.3332172511,"lacre":1195.3332172511,"oldacre":"1177.0311523334"},"p2rating":{"entryid":"7487892","serverid":"eos","formatid":"monotype","userid":"internolbezerkolo","username":"InternOlbezerkolo","w":"2","l":1,"t":"0","gxe":55.6,"r":"1500","rd":"130","sigma":"0","rptime":"1439024400","rpr":1544.2384797548,"rprd":110.55833893621,"rpsigma":"0","acre":1065.3352188145,"lacre":1065.3352188145,"oldacre":"1081.6188002676"},"endType":"normal"}