{"seed":[11354,54632,49349,59685],"turns":20,"p1":"Rain ☆ Suichika","p2":"GTX♅Donbures","p1team":[{"name":"Roserade","species":"Roserade","item":"choicescarf","ability":"Technician","moves":["sludgebomb","extrasensory","shadowball","hiddenpowerrock"],"nature":"Modest","evs":{"hp":0,"atk":0,"def":0,"spa":252,"spd":4,"spe":252},"ivs":{"hp":31,"atk":31,"def":30,"spa":31,"spd":30,"spe":30}},{"name":"Plantasaurus rex","species":"venusaur","item":"venusaurite","ability":"Chlorophyll","moves":["synthesis","gigadrain","hiddenpowerfire","earthquake"],"nature":"Quiet","evs":{"hp":252,"atk":0,"def":4,"spa":252,"spd":0,"spe":0},"gender":"F","ivs":{"hp":31,"atk":30,"def":31,"spa":30,"spd":31,"spe":30}},{"name":"Liligant wannabe","species":"bellossom","item":"weaknesspolicy","ability":"Chlorophyll","moves":["hiddenpowerground","sleeppowder","gigadrain","moonblast"],"nature":"Modest","evs":{"hp":116,"atk":0,"def":0,"spa":252,"spd":0,"spe":140},"gender":"M","ivs":{"hp":31,"atk":31,"def":31,"spa":30,"spd":30,"spe":31}},{"name":"Iron durian","species":"ferrothorn","item":"occaberry","ability":"Iron Barbs","moves":["stealthrock","thunderwave","knockoff","gyroball"],"nature":"Relaxed","evs":{"hp":252,"atk":0,"def":128,"spa":0,"spd":128,"spe":0},"gender":"M","ivs":{"hp":31,"atk":31,"def":31,"spa":31,"spd":31,"spe":31}},{"name":"Muhammad ashroom","species":"breloom","item":"focussash","ability":"Technician","moves":["spore","machpunch","bulletseed","rocktomb"],"nature":"Jolly","evs":{"hp":4,"atk":252,"def":0,"spa":0,"spd":0,"spe":252},"gender":"M","ivs":{"hp":31,"atk":31,"def":31,"spa":31,"spd":31,"spe":31}},{"name":"Celery the onion","species":"celebi","item":"lifeorb","ability":"Natural Cure","moves":["gigadrain","zenheadbutt","suckerpunch","earthpower"],"nature":"Naive","evs":{"hp":0,"atk":216,"def":0,"spa":40,"spd":0,"spe":252},"ivs":{"hp":31,"atk":31,"def":31,"spa":31,"spd":31,"spe":31}}],"p2team":[{"name":"Starmie","species":"Starmie","item":"focussash","ability":"Natural Cure","moves":["thunderwave","icebeam","confuseray","surf"],"nature":"Timid","evs":{"hp":0,"atk":0,"def":0,"spa":252,"spd":0,"spe":252},"ivs":{"hp":31,"atk":31,"def":31,"spa":31,"spd":31,"spe":31}},{"name":"Rotom-Wash","species":"Rotom-Wash","item":"leftovers","ability":"Levitate","moves":["thunderbolt","hiddenpowerfire","hydropump","foulplay"],"nature":"Timid","evs":{"hp":0,"atk":0,"def":0,"spa":252,"spd":0,"spe":252},"ivs":{"hp":31,"atk":30,"def":31,"spa":30,"spd":31,"spe":30}},{"name":"Azumarill","species":"Azumarill","item":"mysticwater","ability":"Huge Power","moves":["bellydrum","aquajet","playrough","knockoff"],"nature":"Sassy","evs":{"hp":0,"atk":252,"def":104,"spa":0,"spd":152,"spe":0},"ivs":{"hp":31,"atk":31,"def":31,"spa":31,"spd":31,"spe":31}},{"name":"Keldeo-Resolute","species":"Keldeo-Resolute","item":"focussash","ability":"Justified","moves":["secretsword","surf","hyperbeam","hiddenpowerfire"],"nature":"Timid","evs":{"hp":0,"atk":0,"def":0,"spa":252,"spd":0,"spe":252},"ivs":{"hp":31,"atk":30,"def":30,"spa":31,"spd":31,"spe":31}},{"name":"Cloyster","species":"Cloyster","item":"focussash","ability":"Skill Link","moves":["shellsmash","iciclespear","razorshell","poisonjab"],"nature":"Careful","evs":{"hp":0,"atk":192,"def":252,"spa":0,"spd":0,"spe":64},"ivs":{"hp":31,"atk":31,"def":31,"spa":31,"spd":31,"spe":31}},{"name":"Sharpedo","species":"Sharpedo","item":"focussash","ability":"Speed Boost","moves":["protect","crunch","waterfall","destinybond"],"nature":"Adamant","evs":{"hp":0,"atk":252,"def":0,"spa":0,"spd":0,"spe":252},"ivs":{"hp":31,"atk":31,"def":31,"spa":31,"spd":31,"spe":31}}],"log":["|player|p1|Rain ☆ Suichika|rainsuichika.png","|player|p2|GTX♅Donbures|155","|gametype|singles","|gen|6","|tier|Monotype","|rated","|rule|Baton Pass Clause: Limit one Baton Passer, can't pass Spe and other stats simultaneously","|rule|Swagger Clause: Swagger is banned","|rule|Same Type Clause: Pokémon in a team must share a type","|clearpoke","|poke|p1|Roserade, F","|poke|p1|Venusaur, F","|poke|p1|Bellossom, M","|poke|p1|Ferrothorn, M","|poke|p1|Breloom, M","|poke|p1|Celebi","|poke|p2|Starmie","|poke|p2|Rotom-Wash","|poke|p2|Azumarill, M","|poke|p2|Keldeo-Resolute","|poke|p2|Cloyster, M","|poke|p2|Sharpedo, M","|rule|Sleep Clause Mod: Limit one foe put to sleep","|rule|Species Clause: Limit one of each Pokémon","|rule|OHKO Clause: OHKO moves are banned","|rule|Moody Clause: Moody is banned","|rule|Evasion Moves Clause: Evasion moves are banned","|rule|Endless Battle Clause: Forcing endless battles is banned","|rule|HP Percentage Mod: HP is shown in percentages","|teampreview","|","|start","|switch|p1a: Liligant wannabe|Bellossom, M|320/320","|switch|p2a: Starmie|Starmie|261/261","|turn|1","|","|move|p2a: Starmie|Confuse Ray|p1a: Liligant wannabe","|-start|p1a: Liligant wannabe|confusion","|-activate|p1a: Liligant wannabe|confusion","|move|p1a: Liligant wannabe|Giga Drain|p2a: Starmie","|-supereffective|p2a: Starmie","|-damage|p2a: Starmie|9/261","|","|turn|2","|","|switch|p1a: Iron durian|Ferrothorn, M|352/352","|move|p2a: Starmie|Ice Beam|p1a: Iron durian","|-damage|p1a: Iron durian|275/352","|","|turn|3","|","|move|p2a: Starmie|Thunder Wave|p1a: Iron durian","|-status|p1a: Iron durian|par","|move|p1a: Iron durian|Stealth Rock|p2a: Starmie","|-sidestart|p2: GTX♅Donbures|move: Stealth Rock","|","|turn|4","|","|move|p2a: Starmie|Confuse Ray|p1a: Iron durian","|-start|p1a: Iron durian|confusion","|-activate|p1a: Iron durian|confusion","|move|p1a: Iron durian|Gyro Ball|p2a: Starmie","|-resisted|p2a: Starmie","|-damage|p2a: Starmie|0 fnt","|faint|p2a: Starmie","|","|","|switch|p2a: Rotom-Wash|Rotom-Wash|241/241","|-damage|p2a: Rotom-Wash|211/241|[from] Stealth Rock","|turn|5","|","|move|p2a: Rotom-Wash|Hidden Power|p1a: Iron durian","|-supereffective|p1a: Iron durian","|-enditem|p1a: Iron durian|Occa Berry|[eat]","|-damage|p1a: Iron durian|179/352 par","|-activate|p1a: Iron durian|confusion","|cant|p1a: Iron durian|par","|","|-heal|p2a: Rotom-Wash|226/241|[from] item: Leftovers","|turn|6","|","|switch|p1a: Liligant wannabe|Bellossom, M|320/320","|move|p2a: Rotom-Wash|Hidden Power|p1a: Liligant wannabe","|-supereffective|p1a: Liligant wannabe","|-damage|p1a: Liligant wannabe|194/320","|-enditem|p1a: Liligant wannabe|Weakness Policy","|-boost|p1a: Liligant wannabe|atk|2|[from] item: Weakness Policy","|-boost|p1a: Liligant wannabe|spa|2|[from] item: Weakness Policy","|","|-heal|p2a: Rotom-Wash|241/241|[from] item: Leftovers","|turn|7","|","|move|p2a: Rotom-Wash|Hydro Pump|p1a: Liligant wannabe","|-resisted|p1a: Liligant wannabe","|-damage|p1a: Liligant wannabe|113/320","|move|p1a: Liligant wannabe|Giga Drain|p2a: Rotom-Wash","|-supereffective|p2a: Rotom-Wash","|-damage|p2a: Rotom-Wash|0 fnt","|-heal|p1a: Liligant wannabe|234/320|[from] drain|[of] p2a: Rotom-Wash","|faint|p2a: Rotom-Wash","|","|","|switch|p2a: Cloyster|Cloyster, M|241/241","|-damage|p2a: Cloyster|181/241|[from] Stealth Rock","|turn|8","|","|move|p2a: Cloyster|Icicle Spear|p1a: Liligant wannabe","|-supereffective|p1a: Liligant wannabe","|-damage|p1a: Liligant wannabe|160/320","|-supereffective|p1a: Liligant wannabe","|-damage|p1a: Liligant wannabe|88/320","|-supereffective|p1a: Liligant wannabe","|-damage|p1a: Liligant wannabe|16/320","|-supereffective|p1a: Liligant wannabe","|-damage|p1a: Liligant wannabe|0 fnt","|-hitcount|p1a: Liligant wannabe|4","|faint|p1a: Liligant wannabe","|","|","|switch|p1a: Celery the onion|Celebi|341/341","|turn|9","|","|move|p1a: Celery the onion|Giga Drain|p2a: Cloyster","|-supereffective|p2a: Cloyster","|-damage|p2a: Cloyster|0 fnt","|-damage|p1a: Celery the onion|307/341|[from] item: Life Orb","|faint|p2a: Cloyster","|","|","|switch|p2a: Sharpedo|Sharpedo, M|281/281","|-damage|p2a: Sharpedo|246/281|[from] Stealth Rock","|turn|10","|","|switch|p1a: Iron durian|Ferrothorn, M|179/352 par","|move|p2a: Sharpedo|Protect|p2a: Sharpedo","|-fail|p2a: Sharpedo","|","|-boost|p2a: Sharpedo|spe|1|[from] ability: Speed Boost","|turn|11","|","|move|p2a: Sharpedo|Crunch|p1a: Iron durian","|-damage|p1a: Iron durian|79/352 par","|-damage|p2a: Sharpedo|211/281|[from] ability: Iron Barbs|[of] p1a: Iron durian","|move|p1a: Iron durian|Thunder Wave|p2a: Sharpedo","|-status|p2a: Sharpedo|par","|","|-boost|p2a: Sharpedo|spe|1|[from] ability: Speed Boost","|turn|12","|","|move|p2a: Sharpedo|Crunch|p1a: Iron durian","|-damage|p1a: Iron durian|0 fnt","|-damage|p2a: Sharpedo|176/281 par|[from] ability: Iron Barbs|[of] p1a: Iron durian","|faint|p1a: Iron durian","|","|-boost|p2a: Sharpedo|spe|1|[from] ability: Speed Boost","|","|switch|p1a: Celery the onion|Celebi|307/341","|turn|13","|","|move|p2a: Sharpedo|Protect|p2a: Sharpedo","|-singleturn|p2a: Sharpedo|Protect","|move|p1a: Celery the onion|Giga Drain|p2a: Sharpedo","|-activate|p2a: Sharpedo|Protect","|","|-boost|p2a: Sharpedo|spe|1|[from] ability: Speed Boost","|turn|14","|","|move|p1a: Celery the onion|Giga Drain|p2a: Sharpedo","|-supereffective|p2a: Sharpedo","|-damage|p2a: Sharpedo|0 fnt","|-heal|p1a: Celery the onion|341/341|[from] drain|[of] p2a: Sharpedo","|-damage|p1a: Celery the onion|307/341|[from] item: Life Orb","|faint|p2a: Sharpedo","|","|","|switch|p2a: Azumarill|Azumarill, M|341/341","|-damage|p2a: Azumarill|299/341|[from] Stealth Rock","|turn|15","|","|move|p1a: Celery the onion|Zen Headbutt|p2a: Azumarill","|-damage|p2a: Azumarill|139/341","|-damage|p1a: Celery the onion|273/341|[from] item: Life Orb","|move|p2a: Azumarill|Knock Off|p1a: Celery the onion","|-supereffective|p1a: Celery the onion","|-damage|p1a: Celery the onion|9/341","|-enditem|p1a: Celery the onion|Life Orb|[from] move: Knock Off|[of] p2a: Azumarill","|","|turn|16","|","|switch|p1a: Roserade|Roserade, F|261/261","|move|p2a: Azumarill|Aqua Jet|p1a: Roserade","|-resisted|p1a: Roserade","|-damage|p1a: Roserade|194/261","|","|turn|17","|","|move|p2a: Azumarill|Aqua Jet|p1a: Roserade","|-resisted|p1a: Roserade","|-damage|p1a: Roserade|125/261","|move|p1a: Roserade|Sludge Bomb|p2a: Azumarill","|-supereffective|p2a: Azumarill","|-damage|p2a: Azumarill|0 fnt","|faint|p2a: Azumarill","|","|","|switch|p2a: Keldeo-Resolute|Keldeo-Resolute|323/323","|-damage|p2a: Keldeo-Resolute|303/323|[from] Stealth Rock","|turn|18","|","|switch|p1a: Celery the onion|Celebi|9/341","|move|p2a: Keldeo-Resolute|Hidden Power|p1a: Celery the onion","|-supereffective|p1a: Celery the onion","|-damage|p1a: Celery the onion|0 fnt","|faint|p1a: Celery the onion","|","|","|switch|p1a: Plantasaurus rex|Venusaur, F|364/364","|turn|19","|","|detailschange|p1a: Plantasaurus rex|Venusaur-Mega, F","|-mega|p1a: Plantasaurus rex|Venusaur|Venusaurite","|move|p2a: Keldeo-Resolute|Secret Sword|p1a: Plantasaurus rex","|-resisted|p1a: Plantasaurus rex","|-damage|p1a: Plantasaurus rex|303/364","|move|p1a: Plantasaurus rex|Giga Drain|p2a: Keldeo-Resolute","|-supereffective|p2a: Keldeo-Resolute","|-damage|p2a: Keldeo-Resolute|7/323","|-heal|p1a: Plantasaurus rex|364/364|[from] drain|[of] p2a: Keldeo-Resolute","|","|turn|20","|","|move|p2a: Keldeo-Resolute|Hyper Beam|p1a: Plantasaurus rex|[miss]","|-miss|p2a: Keldeo-Resolute|p1a: Plantasaurus rex","|move|p1a: Plantasaurus rex|Earthquake|p2a: Keldeo-Resolute","|-damage|p2a: Keldeo-Resolute|0 fnt","|faint|p2a: Keldeo-Resolute","|","|win|Rain ☆ Suichika"],"p1rating":{"entryid":"6383869","serverid":"eos","formatid":"monotype","userid":"rainsuichika","username":"Rain ☆ Suichika","w":52,"l":"29","t":"0","gxe":63.1,"r":"1597.814956289","rd":"47.095068837658","sigma":"0","rptime":"1439024400","rpr":1602.1504643903,"rprd":46.753059075696,"rpsigma":"0","acre":1300.8699299481,"lacre":1300.8699299481,"oldacre":"1290.9578908995"},"p2rating":{"entryid":"7493402","serverid":"eos","formatid":"monotype","userid":"gtxdonbures","username":"GTX♅Donbures","w":"1","l":1,"t":"0","gxe":51,"r":"1500","rd":"130","sigma":"0","rptime":"1439024400","rpr":1507.9559668306,"rprd":116.43911343066,"rpsigma":"0","acre":1041.3850875023,"lacre":1041.3850875023,"oldacre":"1048.2175059315"},"endType":"normal"}