{"seed":[53999,24611,23827,41985],"turns":16,"p1":"Vethanital","p2":"WeepAngel","p1team":[{"name":"Lopunny","species":"Lopunny","item":"lopunnite","ability":"Cute Charm","moves":["poweruppunch","drainpunch","return","icepunch"],"nature":"Jolly","evs":{"hp":4,"atk":252,"def":0,"spa":0,"spd":0,"spe":252},"ivs":{"hp":31,"atk":31,"def":31,"spa":31,"spd":31,"spe":31}},{"name":"Miltank","species":"Miltank","item":"leftovers","ability":"Scrappy","moves":["milkdrink","bodyslam","rockslide","poweruppunch"],"nature":"Impish","evs":{"hp":248,"atk":20,"def":240,"spa":0,"spd":0,"spe":0},"ivs":{"hp":31,"atk":31,"def":31,"spa":31,"spd":31,"spe":31}},{"name":"Slaking","species":"Slaking","item":"choiceband","ability":"Truant","moves":["gigaimpact","icepunch","firepunch","thunderpunch"],"nature":"Adamant","evs":{"hp":72,"atk":4,"def":0,"spa":0,"spd":252,"spe":180},"ivs":{"hp":31,"atk":31,"def":31,"spa":31,"spd":31,"spe":31}},{"name":"Porygon2","species":"Porygon2","item":"eviolite","ability":"Analytic","moves":["recover","thunderwave","triattack","psychic"],"nature":"Modest","evs":{"hp":188,"atk":0,"def":96,"spa":172,"spd":52,"spe":0},"ivs":{"hp":31,"atk":31,"def":31,"spa":31,"spd":31,"spe":31}},{"name":"Diggersby","species":"Diggersby","item":"choiceband","ability":"Huge Power","moves":["earthquake","superpower","stoneedge","uturn"],"nature":"Adamant","evs":{"hp":172,"atk":148,"def":108,"spa":0,"spd":0,"spe":80},"ivs":{"hp":31,"atk":31,"def":31,"spa":31,"spd":31,"spe":31}},{"name":"Staraptor","species":"Staraptor","item":"lifeorb","ability":"Reckless","moves":["bravebird","doubleedge","closecombat","uturn"],"nature":"Jolly","evs":{"hp":4,"atk":252,"def":0,"spa":0,"spd":0,"spe":252},"ivs":{"hp":31,"atk":31,"def":31,"spa":31,"spd":31,"spe":31}}],"p2team":[{"name":"Abomasnow","species":"Abomasnow","item":"abomasite","ability":"Snow Warning","moves":["focusblast","gigadrain","icebeam","leechseed"],"nature":"Timid","evs":{"hp":0,"atk":0,"def":0,"spa":252,"spd":4,"spe":252},"ivs":{"hp":31,"atk":31,"def":31,"spa":31,"spd":31,"spe":31}},{"name":"Froslass","species":"Froslass","item":"leftovers","ability":"Cursed Body","moves":["destinybond","shadowball","icebeam","painsplit"],"nature":"Timid","evs":{"hp":0,"atk":0,"def":0,"spa":252,"spd":4,"spe":252},"ivs":{"hp":31,"atk":31,"def":31,"spa":31,"spd":31,"spe":31}},{"name":"Walrein","species":"Walrein","item":"leftovers","ability":"Ice Body","moves":["hail","blizzard","earthquake","toxic"],"nature":"Timid","evs":{"hp":0,"atk":0,"def":0,"spa":4,"spd":252,"spe":252},"ivs":{"hp":31,"atk":31,"def":31,"spa":31,"spd":31,"spe":31}},{"name":"Articuno","species":"Articuno","item":"leftovers","ability":"Pressure","moves":["defog","uturn","hurricane","tailwind"],"nature":"","evs":{"hp":0,"atk":0,"def":0,"spa":0,"spd":0,"spe":0},"ivs":{"hp":31,"atk":31,"def":31,"spa":31,"spd":31,"spe":31}},{"name":"Kyurem-Black","species":"Kyurem-Black","item":"choiceband","ability":"Teravolt","moves":["outrage","fusionbolt","ironhead","stoneedge"],"nature":"Adamant","evs":{"hp":0,"atk":252,"def":0,"spa":0,"spd":4,"spe":252},"ivs":{"hp":31,"atk":31,"def":31,"spa":31,"spd":31,"spe":31}},{"name":"Avalugg","species":"Avalugg","item":"leftovers","ability":"Sturdy","moves":["rapidspin","earthquake","recover","avalanche"],"nature":"Impish","evs":{"hp":252,"atk":4,"def":252,"spa":0,"spd":0,"spe":0},"shiny":true,"ivs":{"hp":31,"atk":31,"def":31,"spa":31,"spd":31,"spe":31}}],"log":["|player|p1|Vethanital|101","|player|p2|WeepAngel|53","|gametype|singles","|gen|6","|tier|Monotype","|rated","|rule|Baton Pass Clause: Limit one Baton Passer, can't pass Spe and other stats simultaneously","|rule|Swagger Clause: Swagger is banned","|rule|Same Type Clause: Pokémon in a team must share a type","|clearpoke","|poke|p1|Lopunny, F","|poke|p1|Miltank, F","|poke|p1|Slaking, F","|poke|p1|Porygon2","|poke|p1|Diggersby, F","|poke|p1|Staraptor, F","|poke|p2|Abomasnow, F","|poke|p2|Froslass, F","|poke|p2|Walrein, M","|poke|p2|Articuno","|poke|p2|Kyurem-Black","|poke|p2|Avalugg, F, shiny","|rule|Sleep Clause Mod: Limit one foe put to sleep","|rule|Species Clause: Limit one of each Pokémon","|rule|OHKO Clause: OHKO moves are banned","|rule|Moody Clause: Moody is banned","|rule|Evasion Moves Clause: Evasion moves are banned","|rule|Endless Battle Clause: Forcing endless battles is banned","|rule|HP Percentage Mod: HP is shown in percentages","|teampreview","|","|start","|switch|p1a: Staraptor|Staraptor, F|312/312","|switch|p2a: Articuno|Articuno|321/321","|-ability|p2a: Articuno|Pressure","|turn|1","|","|move|p1a: Staraptor|Close Combat|p2a: Articuno","|-damage|p2a: Articuno|151/321","|-unboost|p1a: Staraptor|def|1","|-unboost|p1a: Staraptor|spd|1","|-damage|p1a: Staraptor|281/312|[from] item: Life Orb","|move|p2a: Articuno|Tailwind|p2a: Articuno","|-sidestart|p2: WeepAngel|move: Tailwind","|","|-heal|p2a: Articuno|171/321|[from] item: Leftovers","|turn|2","|","|move|p2a: Articuno|U-turn|p1a: Staraptor","|-resisted|p1a: Staraptor","|-damage|p1a: Staraptor|236/312","|","|switch|p2a: Abomasnow|Abomasnow, F|321/321","|-weather|Hail","|move|p1a: Staraptor|Close Combat|p2a: Abomasnow","|-supereffective|p2a: Abomasnow","|-damage|p2a: Abomasnow|0 fnt","|-unboost|p1a: Staraptor|def|1","|-unboost|p1a: Staraptor|spd|1","|-damage|p1a: Staraptor|205/312|[from] item: Life Orb","|faint|p2a: Abomasnow","|","|-weather|Hail|[upkeep]","|-damage|p1a: Staraptor|186/312|[from] hail","|","|switch|p2a: Articuno|Articuno|171/321","|-ability|p2a: Articuno|Pressure","|turn|3","|","|switch|p2a: Froslass|Froslass, F|281/281","|move|p1a: Staraptor|Close Combat|p2a: Froslass","|-immune|p2a: Froslass|[msg]","|","|-weather|Hail|[upkeep]","|-damage|p1a: Staraptor|167/312|[from] hail","|turn|4","|","|move|p2a: Froslass|Ice Beam|p1a: Staraptor","|-supereffective|p1a: Staraptor","|-damage|p1a: Staraptor|0 fnt","|faint|p1a: Staraptor","|","|-weather|Hail|[upkeep]","|-sideend|p2: WeepAngel|move: Tailwind","|","|switch|p1a: Slaking|Slaking, F|459/459","|turn|5","|","|move|p2a: Froslass|Destiny Bond|p2a: Froslass","|-singlemove|p2a: Froslass|Destiny Bond","|move|p1a: Slaking|Fire Punch|p2a: Froslass","|-supereffective|p2a: Froslass","|-damage|p2a: Froslass|0 fnt","|faint|p2a: Froslass","|-activate|p2a: Froslass|Destiny Bond","|faint|p1a: Slaking","|","|-weather|Hail|[upkeep]","|","|switch|p1a: Porygon2|Porygon2|358/358","|switch|p2a: Avalugg|Avalugg, F, shiny|394/394","|turn|6","|","|move|p1a: Porygon2|Tri Attack|p2a: Avalugg","|-damage|p2a: Avalugg|181/394","|move|p2a: Avalugg|Earthquake|p1a: Porygon2","|-damage|p1a: Porygon2|295/358","|","|-weather|none","|-heal|p2a: Avalugg|205/394|[from] item: Leftovers","|turn|7","|","|move|p1a: Porygon2|Tri Attack|p2a: Avalugg","|-crit|p2a: Avalugg","|-damage|p2a: Avalugg|0 fnt","|faint|p2a: Avalugg","|","|","|switch|p2a: Walrein|Walrein, M|361/361","|turn|8","|","|move|p2a: Walrein|Toxic|p1a: Porygon2","|-status|p1a: Porygon2|tox","|move|p1a: Porygon2|Thunder Wave|p2a: Walrein","|-status|p2a: Walrein|par","|","|-damage|p1a: Porygon2|273/358 tox|[from] psn","|turn|9","|","|move|p1a: Porygon2|Tri Attack|p2a: Walrein","|-damage|p2a: Walrein|253/361 par","|cant|p2a: Walrein|par","|","|-heal|p2a: Walrein|275/361 par|[from] item: Leftovers","|-damage|p1a: Porygon2|229/358 tox|[from] psn","|turn|10","|","|move|p1a: Porygon2|Tri Attack|p2a: Walrein","|-damage|p2a: Walrein|164/361 par","|move|p2a: Walrein|Hail|p2a: Walrein","|-weather|Hail","|","|-weather|Hail|[upkeep]","|-damage|p1a: Porygon2|207/358 tox|[from] hail","|-heal|p2a: Walrein|186/361 par|[from] ability: Ice Body","|-heal|p2a: Walrein|208/361 par|[from] item: Leftovers","|-damage|p1a: Porygon2|141/358 tox|[from] psn","|turn|11","|","|move|p1a: Porygon2|Recover|p1a: Porygon2","|-heal|p1a: Porygon2|320/358 tox","|move|p2a: Walrein|Blizzard|p1a: Porygon2","|-damage|p1a: Porygon2|242/358 tox","|","|-weather|Hail|[upkeep]","|-damage|p1a: Porygon2|220/358 tox|[from] hail","|-heal|p2a: Walrein|230/361 par|[from] ability: Ice Body","|-heal|p2a: Walrein|252/361 par|[from] item: Leftovers","|-damage|p1a: Porygon2|132/358 tox|[from] psn","|turn|12","|","|move|p1a: Porygon2|Tri Attack|p2a: Walrein","|-damage|p2a: Walrein|138/361 par","|move|p2a: Walrein|Blizzard|p1a: Porygon2","|-damage|p1a: Porygon2|44/358 tox","|","|-weather|Hail|[upkeep]","|-damage|p1a: Porygon2|22/358 tox|[from] hail","|-heal|p2a: Walrein|160/361 par|[from] ability: Ice Body","|-heal|p2a: Walrein|182/361 par|[from] item: Leftovers","|-damage|p1a: Porygon2|0 fnt|[from] psn","|faint|p1a: Porygon2","|","|switch|p1a: Lopunny|Lopunny, F|272/272","|turn|13","|","|detailschange|p1a: Lopunny|Lopunny-Mega, F","|-mega|p1a: Lopunny|Lopunny|Lopunnite","|move|p1a: Lopunny|Power-Up Punch|p2a: Walrein","|-supereffective|p2a: Walrein","|-damage|p2a: Walrein|32/361 par","|-boost|p1a: Lopunny|atk|1","|move|p2a: Walrein|Toxic|p1a: Lopunny","|-status|p1a: Lopunny|tox","|","|-weather|Hail|[upkeep]","|-damage|p1a: Lopunny|255/272 tox|[from] hail","|-heal|p2a: Walrein|54/361 par|[from] ability: Ice Body","|-heal|p2a: Walrein|76/361 par|[from] item: Leftovers","|-damage|p1a: Lopunny|238/272 tox|[from] psn","|turn|14","|","|move|p1a: Lopunny|Power-Up Punch|p2a: Walrein","|-supereffective|p2a: Walrein","|-damage|p2a: Walrein|0 fnt","|-boost|p1a: Lopunny|atk|1","|faint|p2a: Walrein","|","|-weather|none","|-damage|p1a: Lopunny|204/272 tox|[from] psn","|","|switch|p2a: Kyurem-Black|Kyurem-Black|391/391","|-ability|p2a: Kyurem-Black|Teravolt","|turn|15","|","|move|p1a: Lopunny|Drain Punch|p2a: Kyurem-Black","|-supereffective|p2a: Kyurem-Black","|-damage|p2a: Kyurem-Black|0 fnt","|-heal|p1a: Lopunny|272/272 tox|[from] drain|[of] p2a: Kyurem-Black","|faint|p2a: Kyurem-Black","|","|-damage|p1a: Lopunny|221/272 tox|[from] psn","|","|switch|p2a: Articuno|Articuno|171/321","|-ability|p2a: Articuno|Pressure","|turn|16","|","|move|p1a: Lopunny|Drain Punch|p2a: Articuno","|-damage|p2a: Articuno|0 fnt","|-heal|p1a: Lopunny|272/272 tox|[from] drain|[of] p2a: Articuno","|faint|p2a: Articuno","|","|win|Vethanital"],"p1rating":{"entryid":7489312,"formatid":"monotype","userid":"vethanital","username":"Vethanital","r":1500,"rd":130,"sigma":0,"rpr":1552.0335105473,"rprd":123.09173977017,"rpsigma":0,"rptime":1439024400,"w":1,"l":0,"t":0,"gxe":56.5,"acre":1053.3350576022,"lacre":1053.3350576022,"oldacre":1000},"p2rating":{"entryid":"7470475","serverid":"eos","formatid":"monotype","userid":"weepangel","username":"WeepAngel","w":"3","l":1,"t":"0","gxe":57.8,"r":"1600.7870238727","rd":"112.27985533262","sigma":"0","rptime":"1439024400","rpr":1561.707753159,"rprd":107.88545002024,"rpsigma":"0","acre":1087.0944364468,"lacre":1087.0944364468,"oldacre":"1120.4288474482"},"endType":"normal"}