{"seed":[47436,21903,18393,32788],"turns":22,"p1":"tboltrider","p2":"V Psychic","p1team":[{"name":"Altaria","species":"Altaria","item":"altarianite","ability":"Natural Cure","moves":["hypervoice","roost","flamethrower","healbell"],"nature":"Modest","evs":{"hp":0,"atk":0,"def":104,"spa":252,"spd":0,"spe":152},"gender":"F","ivs":{"hp":31,"atk":31,"def":31,"spa":31,"spd":31,"spe":31}},{"name":"Landorus-Therian","species":"Landorus-Therian","item":"assaultvest","ability":"Intimidate","moves":["earthquake","knockoff","uturn","stoneedge"],"nature":"Jolly","evs":{"hp":0,"atk":56,"def":0,"spa":0,"spd":200,"spe":252},"ivs":{"hp":31,"atk":31,"def":31,"spa":31,"spd":31,"spe":31}},{"name":"Skarmory","species":"Skarmory","item":"rockyhelmet","ability":"Sturdy","moves":["roost","spikes","stealthrock","ironhead"],"nature":"Adamant","evs":{"hp":0,"atk":148,"def":0,"spa":0,"spd":160,"spe":200},"gender":"M","ivs":{"hp":31,"atk":31,"def":31,"spa":31,"spd":31,"spe":31}},{"name":"Charizard","species":"Charizard","item":"lifeorb","ability":"Blaze","moves":["flamethrower","roost","hiddenpowergrass","dragonpulse"],"nature":"Calm","evs":{"hp":0,"atk":0,"def":156,"spa":0,"spd":100,"spe":252},"gender":"M","ivs":{"hp":31,"atk":30,"def":31,"spa":30,"spd":31,"spe":31}},{"name":"Togekiss","species":"Togekiss","item":"leftovers","ability":"Serene Grace","moves":["healbell","airslash","softboiled","thunderwave"],"nature":"Modest","evs":{"hp":0,"atk":0,"def":148,"spa":108,"spd":0,"spe":252},"gender":"F","ivs":{"hp":31,"atk":31,"def":31,"spa":31,"spd":31,"spe":31}},{"name":"Mandibuzz","species":"Mandibuzz","item":"leftovers","ability":"Big Pecks","moves":["bravebird","defog","foulplay","taunt"],"nature":"Adamant","evs":{"hp":0,"atk":252,"def":0,"spa":0,"spd":108,"spe":148},"ivs":{"hp":31,"atk":31,"def":31,"spa":31,"spd":31,"spe":31}}],"p2team":[{"name":"Zapdos","species":"Zapdos","item":"leftovers","ability":"Pressure","moves":["roost","defog","heatwave","discharge"],"nature":"Bold","evs":{"hp":248,"atk":0,"def":176,"spa":68,"spd":0,"spe":16},"ivs":{"hp":31,"atk":0,"def":31,"spa":31,"spd":31,"spe":31}},{"name":"Thundurus","species":"Thundurus","item":"lifeorb","ability":"Prankster","moves":["superpower","discharge","knockoff","thunderwave"],"nature":"Naive","evs":{"hp":0,"atk":72,"def":0,"spa":184,"spd":0,"spe":252},"ivs":{"hp":31,"atk":31,"def":31,"spa":31,"spd":31,"spe":31}},{"name":"Rotom-Wash","species":"Rotom-Wash","item":"leftovers","ability":"Levitate","moves":["willowisp","hydropump","voltswitch","painsplit"],"nature":"Calm","evs":{"hp":248,"atk":0,"def":0,"spa":0,"spd":216,"spe":44},"ivs":{"hp":31,"atk":0,"def":31,"spa":31,"spd":31,"spe":31}},{"name":"Magnezone","species":"Magnezone","item":"choicescarf","ability":"Sturdy","moves":["voltswitch","discharge","hiddenpowerice","flashcannon"],"nature":"Timid","evs":{"hp":0,"atk":0,"def":0,"spa":252,"spd":4,"spe":252},"ivs":{"hp":31,"atk":30,"def":30,"spa":31,"spd":31,"spe":31}},{"name":"Manectric","species":"Manectric","item":"manectite","ability":"Static","moves":["voltswitch","discharge","overheat","hiddenpowergrass"],"nature":"Timid","evs":{"hp":0,"atk":0,"def":0,"spa":252,"spd":4,"spe":252},"ivs":{"hp":31,"atk":30,"def":31,"spa":30,"spd":31,"spe":31}},{"name":"Luxray","species":"Luxray","item":"choiceband","ability":"Guts","moves":["wildcharge","crunch","superpower","icefang"],"nature":"Jolly","evs":{"hp":0,"atk":252,"def":0,"spa":0,"spd":4,"spe":252},"shiny":true,"ivs":{"hp":31,"atk":31,"def":31,"spa":31,"spd":31,"spe":31}}],"log":["|player|p1|tboltrider|93","|player|p2|V Psychic|167","|gametype|singles","|gen|6","|tier|Monotype","|rated","|rule|Baton Pass Clause: Limit one Baton Passer, can't pass Spe and other stats simultaneously","|rule|Swagger Clause: Swagger is banned","|rule|Same Type Clause: Pokémon in a team must share a type","|clearpoke","|poke|p1|Altaria, F","|poke|p1|Landorus-Therian, M","|poke|p1|Skarmory, M","|poke|p1|Charizard, M","|poke|p1|Togekiss, F","|poke|p1|Mandibuzz, F","|poke|p2|Zapdos","|poke|p2|Thundurus, M","|poke|p2|Rotom-Wash","|poke|p2|Magnezone","|poke|p2|Manectric, M","|poke|p2|Luxray, M, shiny","|rule|Sleep Clause Mod: Limit one foe put to sleep","|rule|Species Clause: Limit one of each Pokémon","|rule|OHKO Clause: OHKO moves are banned","|rule|Moody Clause: Moody is banned","|rule|Evasion Moves Clause: Evasion moves are banned","|rule|Endless Battle Clause: Forcing endless battles is banned","|rule|HP Percentage Mod: HP is shown in percentages","|teampreview","|","|start","|switch|p1a: Skarmory|Skarmory, M|271/271","|switch|p2a: Rotom-Wash|Rotom-Wash|303/303","|turn|1","|","|move|p1a: Skarmory|Stealth Rock|p2a: Rotom-Wash","|-sidestart|p2: V Psychic|move: Stealth Rock","|move|p2a: Rotom-Wash|Will-O-Wisp|p1a: Skarmory","|-status|p1a: Skarmory|brn","|","|-damage|p1a: Skarmory|238/271 brn|[from] brn","|turn|2","|","|move|p1a: Skarmory|Spikes|p2a: Rotom-Wash","|-sidestart|p2: V Psychic|Spikes","|move|p2a: Rotom-Wash|Volt Switch|p1a: Skarmory","|-supereffective|p1a: Skarmory","|-damage|p1a: Skarmory|44/271 brn","|","|switch|p2a: Zapdos|Zapdos|383/383","|-damage|p2a: Zapdos|288/383|[from] Stealth Rock","|-ability|p2a: Zapdos|Pressure","|","|-heal|p2a: Zapdos|311/383|[from] item: Leftovers","|-damage|p1a: Skarmory|11/271 brn|[from] brn","|turn|3","|","|switch|p1a: Landorus-Therian|Landorus-Therian, M|319/319","|-ability|p1a: Landorus-Therian|Intimidate","|-unboost|p2a: Zapdos|atk|1","|move|p2a: Zapdos|Defog|p1a: Landorus-Therian","|-unboost|p1a: Landorus-Therian|evasion|1","|-sideend|p2: V Psychic|Spikes|[from] move: Defog|[of] p2a: Zapdos","|-sideend|p2: V Psychic|Stealth Rock|[from] move: Defog|[of] p2a: Zapdos","|","|-heal|p2a: Zapdos|334/383|[from] item: Leftovers","|turn|4","|","|switch|p2a: Rotom-Wash|Rotom-Wash|303/303","|move|p1a: Landorus-Therian|Knock Off|p2a: Rotom-Wash","|-damage|p2a: Rotom-Wash|207/303","|-enditem|p2a: Rotom-Wash|Leftovers|[from] move: Knock Off|[of] p1a: Landorus-Therian","|","|turn|5","|","|move|p1a: Landorus-Therian|U-turn|p2a: Rotom-Wash","|-damage|p2a: Rotom-Wash|126/303","|","|switch|p1a: Togekiss|Togekiss, F|311/311","|move|p2a: Rotom-Wash|Volt Switch|p1a: Togekiss","|-crit|p1a: Togekiss","|-supereffective|p1a: Togekiss","|-damage|p1a: Togekiss|81/311","|","|switch|p2a: Manectric|Manectric, M|281/281","|","|-heal|p1a: Togekiss|100/311|[from] item: Leftovers","|turn|6","|","|detailschange|p2a: Manectric|Manectric-Mega, M","|-mega|p2a: Manectric|Manectric|Manectite","|-ability|p2a: Manectric|Intimidate","|-unboost|p1a: Togekiss|atk|1","|move|p2a: Manectric|Overheat|p1a: Togekiss","|-damage|p1a: Togekiss|0 fnt","|-unboost|p2a: Manectric|spa|2","|faint|p1a: Togekiss","|","|","|switch|p1a: Landorus-Therian|Landorus-Therian, M|319/319","|-ability|p1a: Landorus-Therian|Intimidate","|-unboost|p2a: Manectric|atk|1","|turn|7","|","|switch|p2a: Zapdos|Zapdos|334/383","|-ability|p2a: Zapdos|Pressure","|move|p1a: Landorus-Therian|Stone Edge|p2a: Zapdos","|-supereffective|p2a: Zapdos","|-damage|p2a: Zapdos|124/383","|","|-heal|p2a: Zapdos|147/383|[from] item: Leftovers","|turn|8","|","|move|p1a: Landorus-Therian|Knock Off|p2a: Zapdos","|-damage|p2a: Zapdos|60/383","|-enditem|p2a: Zapdos|Leftovers|[from] move: Knock Off|[of] p1a: Landorus-Therian","|move|p2a: Zapdos|Roost|p2a: Zapdos","|-heal|p2a: Zapdos|252/383","|","|turn|9","|","|move|p1a: Landorus-Therian|Stone Edge|p2a: Zapdos","|-supereffective|p2a: Zapdos","|-damage|p2a: Zapdos|68/383","|move|p2a: Zapdos|Heat Wave|p1a: Landorus-Therian","|-damage|p1a: Landorus-Therian|254/319","|","|turn|10","|","|move|p1a: Landorus-Therian|Stone Edge|p2a: Zapdos","|-crit|p2a: Zapdos","|-supereffective|p2a: Zapdos","|-damage|p2a: Zapdos|0 fnt","|faint|p2a: Zapdos","|","|","|switch|p2a: Magnezone|Magnezone|281/281","|turn|11","|","|move|p2a: Magnezone|Hidden Power|p1a: Landorus-Therian","|-supereffective|p1a: Landorus-Therian","|-damage|p1a: Landorus-Therian|58/319","|move|p1a: Landorus-Therian|Earthquake|p2a: Magnezone","|-supereffective|p2a: Magnezone","|-ability|p2a: Magnezone|Sturdy","|-damage|p2a: Magnezone|1/281","|","|turn|12","|","|move|p2a: Magnezone|Hidden Power|p1a: Landorus-Therian","|-supereffective|p1a: Landorus-Therian","|-damage|p1a: Landorus-Therian|0 fnt","|faint|p1a: Landorus-Therian","|","|","|switch|p1a: Charizard|Charizard, M|297/297","|turn|13","|","|switch|p2a: Rotom-Wash|Rotom-Wash|126/303","|move|p1a: Charizard|Flamethrower|p2a: Rotom-Wash","|-resisted|p2a: Rotom-Wash","|-damage|p2a: Rotom-Wash|77/303","|-status|p2a: Rotom-Wash|brn","|-damage|p1a: Charizard|268/297|[from] item: Life Orb","|","|-damage|p2a: Rotom-Wash|40/303 brn|[from] brn","|turn|14","|","|move|p1a: Charizard|Dragon Pulse|p2a: Rotom-Wash","|-damage|p2a: Rotom-Wash|0 fnt","|-damage|p1a: Charizard|239/297|[from] item: Life Orb","|faint|p2a: Rotom-Wash","|","|","|switch|p2a: Manectric|Manectric-Mega, M|281/281","|-ability|p2a: Manectric|Intimidate","|-unboost|p1a: Charizard|atk|1","|turn|15","|","|move|p2a: Manectric|Discharge|p1a: Charizard","|-supereffective|p1a: Charizard","|-damage|p1a: Charizard|0 fnt","|faint|p1a: Charizard","|","|","|switch|p1a: Altaria|Altaria, F|291/291","|turn|16","|","|detailschange|p1a: Altaria|Altaria-Mega, F","|-mega|p1a: Altaria|Altaria|Altarianite","|move|p2a: Manectric|Volt Switch|p1a: Altaria","|-resisted|p1a: Altaria","|-damage|p1a: Altaria|235/291","|","|switch|p2a: Thundurus|Thundurus, M|299/299","|move|p1a: Altaria|Hyper Voice|p2a: Thundurus","|-damage|p2a: Thundurus|28/299","|","|turn|17","|","|move|p2a: Thundurus|Discharge|p1a: Altaria","|-resisted|p1a: Altaria","|-damage|p1a: Altaria|157/291","|-damage|p2a: Thundurus|0 fnt|[from] item: Life Orb","|faint|p2a: Thundurus","|move|p1a: Altaria|Hyper Voice|p2: Thundurus|[notarget]","|-notarget","|","|","|switch|p2a: Magnezone|Magnezone|1/281","|turn|18","|","|move|p2a: Magnezone|Flash Cannon|p1a: Altaria","|-supereffective|p1a: Altaria","|-damage|p1a: Altaria|0 fnt","|faint|p1a: Altaria","|","|","|switch|p1a: Mandibuzz|Mandibuzz, F|361/361","|turn|19","|","|switch|p2a: Manectric|Manectric-Mega, M|281/281","|-ability|p2a: Manectric|Intimidate","|-unboost|p1a: Mandibuzz|atk|1","|move|p1a: Mandibuzz|Foul Play|p2a: Manectric","|-damage|p2a: Manectric|194/281","|","|turn|20","|","|switch|p1a: Skarmory|Skarmory, M|11/271 brn","|move|p2a: Manectric|Discharge|p1a: Skarmory","|-supereffective|p1a: Skarmory","|-damage|p1a: Skarmory|0 fnt","|faint|p1a: Skarmory","|","|","|switch|p1a: Mandibuzz|Mandibuzz, F|361/361","|turn|21","|","|move|p2a: Manectric|Discharge|p1a: Mandibuzz","|-supereffective|p1a: Mandibuzz","|-damage|p1a: Mandibuzz|107/361","|-status|p1a: Mandibuzz|par","|move|p1a: Mandibuzz|Foul Play|p2a: Manectric","|-damage|p2a: Manectric|106/281","|","|-heal|p1a: Mandibuzz|129/361 par|[from] item: Leftovers","|turn|22","|","|move|p2a: Manectric|Discharge|p1a: Mandibuzz","|-supereffective|p1a: Mandibuzz","|-damage|p1a: Mandibuzz|0 fnt","|faint|p1a: Mandibuzz","|","|win|V Psychic"],"p1rating":{"entryid":"6783929","serverid":"eos","formatid":"monotype","userid":"tboltrider","username":"tboltrider","w":"17","l":28,"t":"0","gxe":41.1,"r":"1442.9959914018","rd":"55.704363399225","sigma":"0","rptime":"1439024400","rpr":1431.5671550225,"rprd":54.532553070495,"rpsigma":"0","acre":1154.054875879,"lacre":1154.054875879,"oldacre":"1176.4474656379"},"p2rating":{"entryid":"7467690","serverid":"eos","formatid":"monotype","userid":"vpsychic","username":"V Psychic","w":15,"l":"6","t":"0","gxe":64,"r":"1590.5768731025","rd":"107.81252429981","sigma":"0","rptime":"1439024400","rpr":1610.272877901,"rprd":69.784891909946,"rpsigma":"0","acre":1235.2085934413,"lacre":1235.2085934413,"oldacre":"1212.8160036824"},"endType":"normal"}