{"seed":[42391,40975,64730,28986],"turns":34,"p1":"Guard Wanderer","p2":"Alliance-SeaHutch","p1team":[{"name":"Weezing","species":"Weezing","item":"sitrusberry","ability":"Levitate","moves":["toxicspikes","willowisp","memento","thief"],"nature":"Careful","evs":{"hp":248,"atk":8,"def":0,"spa":0,"spd":252,"spe":0},"ivs":{"hp":31,"atk":31,"def":31,"spa":31,"spd":31,"spe":31}},{"name":"Tentacruel","species":"Tentacruel","item":"assaultvest","ability":"Liquid Ooze","moves":["scald","acidspray","gigadrain","hex"],"nature":"Timid","evs":{"hp":0,"atk":0,"def":4,"spa":252,"spd":0,"spe":252},"ivs":{"hp":31,"atk":31,"def":31,"spa":31,"spd":31,"spe":31}},{"name":"Skuntank","species":"Skuntank","item":"","ability":"Stench","moves":["snatch","thief","suckerpunch","poisonjab"],"nature":"Adamant","evs":{"hp":248,"atk":252,"def":0,"spa":0,"spd":8,"spe":0},"ivs":{"hp":31,"atk":31,"def":31,"spa":31,"spd":31,"spe":31}},{"name":"Crobat","species":"Crobat","item":"whiteherb","ability":"Infiltrator","moves":["curse","acrobatics","roost","hypnosis"],"nature":"Jolly","evs":{"hp":248,"atk":8,"def":0,"spa":0,"spd":0,"spe":252},"ivs":{"hp":31,"atk":31,"def":31,"spa":31,"spd":31,"spe":31}},{"name":"Gengar","species":"Gengar","item":"choicescarf","ability":"Levitate","moves":["trick","destinybond","venoshock","hex"],"nature":"Timid","evs":{"hp":0,"atk":0,"def":0,"spa":252,"spd":4,"spe":252},"ivs":{"hp":31,"atk":31,"def":31,"spa":31,"spd":31,"spe":31}},{"name":"Amoonguss","species":"Amoonguss","item":"blacksludge","ability":"Regenerator","moves":["spore","gigadrain","gastroacid","stunspore"],"nature":"Calm","evs":{"hp":248,"atk":0,"def":0,"spa":8,"spd":252,"spe":0},"shiny":true,"ivs":{"hp":31,"atk":31,"def":31,"spa":31,"spd":31,"spe":31}}],"p2team":[{"name":"Jenna Marbles","species":"garchomp","item":"rockyhelmet","ability":"Rough Skin","moves":["dragontail","earthquake","stealthrock","rest"],"nature":"Lax","evs":{"hp":252,"atk":0,"def":236,"spa":0,"spd":0,"spe":20},"ivs":{"hp":31,"atk":31,"def":31,"spa":31,"spd":31,"spe":31}},{"name":"Gooey ( ͡° ͜ʖ ͡°)","species":"goodra","item":"assaultvest","ability":"Gooey","moves":["dragonpulse","fireblast","earthquake","sludgebomb"],"nature":"Quiet","evs":{"hp":248,"atk":8,"def":0,"spa":252,"spd":0,"spe":0},"ivs":{"hp":31,"atk":31,"def":31,"spa":31,"spd":31,"spe":31}},{"name":"The Mailman","species":"dragonite","item":"choiceband","ability":"Multiscale","moves":["firepunch","outrage","extremespeed","earthquake"],"nature":"Adamant","evs":{"hp":0,"atk":252,"def":0,"spa":0,"spd":4,"spe":252},"ivs":{"hp":31,"atk":31,"def":31,"spa":31,"spd":31,"spe":31}},{"name":"Jet Blue","species":"latios","item":"lifeorb","ability":"Levitate","moves":["dragonpulse","psyshock","defog","surf"],"nature":"Timid","evs":{"hp":0,"atk":0,"def":0,"spa":252,"spd":4,"spe":252},"ivs":{"hp":31,"atk":0,"def":31,"spa":31,"spd":31,"spe":31}},{"name":"Plz Don't Ban Me","species":"altaria","item":"altarianite","ability":"Natural Cure","moves":["healbell","hypervoice","roost","fireblast"],"nature":"Calm","evs":{"hp":248,"atk":0,"def":0,"spa":8,"spd":252,"spe":0},"ivs":{"hp":31,"atk":0,"def":31,"spa":31,"spd":31,"spe":31},"happiness":0},{"name":"Kaneki Ken","species":"kyuremblack","item":"choicescarf","ability":"Teravolt","moves":["outrage","fusionbolt","icebeam","ironhead"],"nature":"Hasty","evs":{"hp":0,"atk":252,"def":0,"spa":4,"spd":0,"spe":252},"ivs":{"hp":31,"atk":31,"def":31,"spa":31,"spd":31,"spe":31}}],"log":["|player|p1|Guard Wanderer|235","|player|p2|Alliance-SeaHutch|169","|gametype|singles","|gen|6","|tier|Monotype","|rated","|rule|Baton Pass Clause: Limit one Baton Passer, can't pass Spe and other stats simultaneously","|rule|Swagger Clause: Swagger is banned","|rule|Same Type Clause: Pokémon in a team must share a type","|clearpoke","|poke|p1|Weezing, M","|poke|p1|Tentacruel, F","|poke|p1|Skuntank, F","|poke|p1|Crobat, M","|poke|p1|Gengar, F","|poke|p1|Amoonguss, M, shiny","|poke|p2|Garchomp, F","|poke|p2|Goodra, F","|poke|p2|Dragonite, M","|poke|p2|Latios, M","|poke|p2|Altaria, F","|poke|p2|Kyurem-Black","|rule|Sleep Clause Mod: Limit one foe put to sleep","|rule|Species Clause: Limit one of each Pokémon","|rule|OHKO Clause: OHKO moves are banned","|rule|Moody Clause: Moody is banned","|rule|Evasion Moves Clause: Evasion moves are banned","|rule|Endless Battle Clause: Forcing endless battles is banned","|rule|HP Percentage Mod: HP is shown in percentages","|teampreview","|","|start","|switch|p1a: Weezing|Weezing, M|333/333","|switch|p2a: Jenna Marbles|Garchomp, F|420/420","|turn|1","|","|move|p2a: Jenna Marbles|Stealth Rock|p1a: Weezing","|-sidestart|p1: Guard Wanderer|move: Stealth Rock","|move|p1a: Weezing|Will-O-Wisp|p2a: Jenna Marbles|[miss]","|-miss|p1a: Weezing|p2a: Jenna Marbles","|","|turn|2","|","|move|p1a: Weezing|Will-O-Wisp|p2a: Jenna Marbles","|-status|p2a: Jenna Marbles|brn","|move|p2a: Jenna Marbles|Dragon Tail|p1a: Weezing","|-damage|p1a: Weezing|294/333","|drag|p1a: Skuntank|Skuntank, F|409/409","|-damage|p1a: Skuntank|358/409|[from] Stealth Rock","|","|-damage|p2a: Jenna Marbles|368/420 brn|[from] brn","|turn|3","|","|switch|p1a: Weezing|Weezing, M|294/333","|-damage|p1a: Weezing|253/333|[from] Stealth Rock","|move|p2a: Jenna Marbles|Rest|p2a: Jenna Marbles","|-status|p2a: Jenna Marbles|slp","|-heal|p2a: Jenna Marbles|420/420 slp|[silent]","|-status|p2a: Jenna Marbles|slp|[from] move: Rest","|","|turn|4","|","|switch|p2a: Jet Blue|Latios, M|301/301","|move|p1a: Weezing|Toxic Spikes|p2a: Jet Blue","|-sidestart|p2: Alliance-SeaHutch|move: Toxic Spikes","|","|turn|5","|","|switch|p1a: Skuntank|Skuntank, F|358/409","|-damage|p1a: Skuntank|307/409|[from] Stealth Rock","|move|p2a: Jet Blue|Dragon Pulse|p1a: Skuntank","|-damage|p1a: Skuntank|21/409","|-damage|p2a: Jet Blue|271/301|[from] item: Life Orb","|","|turn|6","|","|move|p1a: Skuntank|Sucker Punch|p2a: Jet Blue","|-fail|p1a: Skuntank","|move|p2a: Jet Blue|Defog|p1a: Skuntank","|-unboost|p1a: Skuntank|evasion|1","|-sideend|p1: Guard Wanderer|Stealth Rock|[from] move: Defog|[of] p1a: Skuntank","|-sideend|p2: Alliance-SeaHutch|Toxic Spikes|[from] move: Defog|[of] p2a: Jet Blue","|","|turn|7","|","|switch|p1a: Tentacruel|Tentacruel, F|301/301","|move|p2a: Jet Blue|Dragon Pulse|p1a: Tentacruel","|-damage|p1a: Tentacruel|183/301","|-damage|p2a: Jet Blue|241/301|[from] item: Life Orb","|","|turn|8","|","|move|p2a: Jet Blue|Psyshock|p1a: Tentacruel","|-supereffective|p1a: Tentacruel","|-damage|p1a: Tentacruel|0 fnt","|-damage|p2a: Jet Blue|211/301|[from] item: Life Orb","|faint|p1a: Tentacruel","|","|","|switch|p1a: Gengar|Gengar, F|261/261","|turn|9","|","|switch|p2a: Gooey ( ͡° ͜ʖ ͡°)|Goodra, F|383/383","|move|p1a: Gengar|Destiny Bond|p1a: Gengar","|-singlemove|p1a: Gengar|Destiny Bond","|","|turn|10","|","|switch|p1a: Skuntank|Skuntank, F|21/409","|move|p2a: Gooey ( ͡° ͜ʖ ͡°)|Dragon Pulse|p1a: Skuntank","|-damage|p1a: Skuntank|0 fnt","|faint|p1a: Skuntank","|","|","|switch|p1a: Amoonguss|Amoonguss, M, shiny|431/431","|turn|11","|","|move|p2a: Gooey ( ͡° ͜ʖ ͡°)|Fire Blast|p1a: Amoonguss|[miss]","|-miss|p2a: Gooey ( ͡° ͜ʖ ͡°)|p1a: Amoonguss","|move|p1a: Amoonguss|Gastro Acid|p2a: Gooey ( ͡° ͜ʖ ͡°)","|-endability|p2a: Gooey ( ͡° ͜ʖ ͡°)","|","|turn|12","|","|move|p2a: Gooey ( ͡° ͜ʖ ͡°)|Fire Blast|p1a: Amoonguss","|-supereffective|p1a: Amoonguss","|-damage|p1a: Amoonguss|219/431","|move|p1a: Amoonguss|Spore|p2a: Gooey ( ͡° ͜ʖ ͡°)","|-status|p2a: Gooey ( ͡° ͜ʖ ͡°)|slp","|","|-heal|p1a: Amoonguss|245/431|[from] item: Black Sludge","|turn|13","|","|switch|p2a: Plz Don't Ban Me|Altaria, F|353/353","|move|p1a: Amoonguss|Stun Spore|p2a: Plz Don't Ban Me","|-status|p2a: Plz Don't Ban Me|par","|","|-heal|p1a: Amoonguss|271/431|[from] item: Black Sludge","|turn|14","|","|switch|p1a: Gengar|Gengar, F|261/261","|detailschange|p2a: Plz Don't Ban Me|Altaria-Mega, F","|-mega|p2a: Plz Don't Ban Me|Altaria|Altarianite","|move|p2a: Plz Don't Ban Me|Heal Bell|p2a: Plz Don't Ban Me","|-cureteam|p2a: Plz Don't Ban Me|[from] move: HealBell","|","|turn|15","|","|switch|p2a: Gooey ( ͡° ͜ʖ ͡°)|Goodra, F|383/383","|move|p1a: Gengar|Venoshock|p2a: Gooey ( ͡° ͜ʖ ͡°)","|-crit|p2a: Gooey ( ͡° ͜ʖ ͡°)","|-damage|p2a: Gooey ( ͡° ͜ʖ ͡°)|296/383","|","|turn|16","|","|switch|p1a: Weezing|Weezing, M|253/333","|move|p2a: Gooey ( ͡° ͜ʖ ͡°)|Dragon Pulse|p1a: Weezing","|-damage|p1a: Weezing|120/333","|-enditem|p1a: Weezing|Sitrus Berry|[eat]","|-heal|p1a: Weezing|203/333|[from] item: Sitrus Berry","|","|turn|17","|","|move|p2a: Gooey ( ͡° ͜ʖ ͡°)|Dragon Pulse|p1a: Weezing","|-damage|p1a: Weezing|67/333","|move|p1a: Weezing|Will-O-Wisp|p2a: Gooey ( ͡° ͜ʖ ͡°)","|-status|p2a: Gooey ( ͡° ͜ʖ ͡°)|brn","|","|-damage|p2a: Gooey ( ͡° ͜ʖ ͡°)|249/383 brn|[from] brn","|turn|18","|","|switch|p1a: Amoonguss|Amoonguss, M, shiny|414/431","|move|p2a: Gooey ( ͡° ͜ʖ ͡°)|Dragon Pulse|p1a: Amoonguss","|-damage|p1a: Amoonguss|300/431","|","|-heal|p1a: Amoonguss|326/431|[from] item: Black Sludge","|-damage|p2a: Gooey ( ͡° ͜ʖ ͡°)|202/383 brn|[from] brn","|turn|19","|","|switch|p2a: Jenna Marbles|Garchomp, F|420/420","|move|p1a: Amoonguss|Gastro Acid|p2a: Jenna Marbles","|-endability|p2a: Jenna Marbles","|","|-heal|p1a: Amoonguss|352/431|[from] item: Black Sludge","|turn|20","|","|move|p2a: Jenna Marbles|Stealth Rock|p1a: Amoonguss","|-sidestart|p1: Guard Wanderer|move: Stealth Rock","|move|p1a: Amoonguss|Stun Spore|p2a: Jenna Marbles|[miss]","|-miss|p1a: Amoonguss|p2a: Jenna Marbles","|","|-heal|p1a: Amoonguss|378/431|[from] item: Black Sludge","|turn|21","|","|move|p2a: Jenna Marbles|Earthquake|p1a: Amoonguss","|-damage|p1a: Amoonguss|188/431","|move|p1a: Amoonguss|Stun Spore|p2a: Jenna Marbles","|-status|p2a: Jenna Marbles|par","|","|-heal|p1a: Amoonguss|214/431|[from] item: Black Sludge","|turn|22","|","|move|p1a: Amoonguss|Giga Drain|p2a: Jenna Marbles","|-crit|p2a: Jenna Marbles","|-damage|p2a: Jenna Marbles|264/420 par","|-heal|p1a: Amoonguss|292/431|[from] drain|[of] p2a: Jenna Marbles","|move|p2a: Jenna Marbles|Dragon Tail|p1a: Amoonguss","|-damage|p1a: Amoonguss|172/431","|drag|p1a: Gengar|Gengar, F|261/261","|-damage|p1a: Gengar|229/261|[from] Stealth Rock","|","|turn|23","|","|move|p1a: Gengar|Hex|p2a: Jenna Marbles","|-damage|p2a: Jenna Marbles|0 fnt","|faint|p2a: Jenna Marbles","|","|","|switch|p2a: Kaneki Ken|Kyurem-Black|391/391","|-ability|p2a: Kaneki Ken|Teravolt","|turn|24","|","|switch|p1a: Weezing|Weezing, M|67/333","|-damage|p1a: Weezing|26/333|[from] Stealth Rock","|move|p2a: Kaneki Ken|Outrage|p1a: Weezing","|-damage|p1a: Weezing|0 fnt","|faint|p1a: Weezing","|","|","|switch|p1a: Gengar|Gengar, F|229/261","|-damage|p1a: Gengar|197/261|[from] Stealth Rock","|turn|25","|","|move|p1a: Gengar|Destiny Bond|p1a: Gengar","|-singlemove|p1a: Gengar|Destiny Bond","|move|p2a: Kaneki Ken|Outrage|p1a: Gengar|[from]lockedmove","|-damage|p1a: Gengar|0 fnt","|-start|p2a: Kaneki Ken|confusion|[fatigue]","|faint|p1a: Gengar","|-activate|p1a: Gengar|Destiny Bond","|faint|p2a: Kaneki Ken","|","|","|switch|p1a: Crobat|Crobat, M|373/373","|switch|p2a: Plz Don't Ban Me|Altaria-Mega, F|353/353","|-damage|p1a: Crobat|280/373|[from] Stealth Rock","|turn|26","|","|move|p1a: Crobat|Curse|p1a: Crobat","|-unboost|p1a: Crobat|spe|1","|-boost|p1a: Crobat|atk|1","|-boost|p1a: Crobat|def|1","|-enditem|p1a: Crobat|White Herb","|-restoreboost|p1a: Crobat|[silent]","|move|p2a: Plz Don't Ban Me|Heal Bell|p2a: Plz Don't Ban Me","|-cureteam|p2a: Plz Don't Ban Me|[from] move: HealBell","|","|turn|27","|","|move|p1a: Crobat|Hypnosis|p2a: Plz Don't Ban Me","|-status|p2a: Plz Don't Ban Me|slp","|cant|p2a: Plz Don't Ban Me|slp","|","|turn|28","|","|move|p1a: Crobat|Acrobatics|p2a: Plz Don't Ban Me","|-damage|p2a: Plz Don't Ban Me|200/353 slp","|-curestatus|p2a: Plz Don't Ban Me|slp","|move|p2a: Plz Don't Ban Me|Fire Blast|p1a: Crobat","|-damage|p1a: Crobat|160/373","|","|turn|29","|","|move|p1a: Crobat|Acrobatics|p2a: Plz Don't Ban Me","|-damage|p2a: Plz Don't Ban Me|25/353","|move|p2a: Plz Don't Ban Me|Fire Blast|p1a: Crobat","|-damage|p1a: Crobat|52/373","|","|turn|30","|","|move|p1a: Crobat|Hypnosis|p2a: Plz Don't Ban Me|[miss]","|-miss|p1a: Crobat|p2a: Plz Don't Ban Me","|move|p2a: Plz Don't Ban Me|Roost|p2a: Plz Don't Ban Me","|-heal|p2a: Plz Don't Ban Me|202/353","|","|turn|31","|","|move|p1a: Crobat|Hypnosis|p2a: Plz Don't Ban Me|[miss]","|-miss|p1a: Crobat|p2a: Plz Don't Ban Me","|move|p2a: Plz Don't Ban Me|Hyper Voice|p1a: Crobat","|-resisted|p1a: Crobat","|-damage|p1a: Crobat|0 fnt","|faint|p1a: Crobat","|","|","|switch|p1a: Amoonguss|Amoonguss, M, shiny|315/431","|-damage|p1a: Amoonguss|262/431|[from] Stealth Rock","|turn|32","|","|move|p2a: Plz Don't Ban Me|Fire Blast|p1a: Amoonguss|[miss]","|-miss|p2a: Plz Don't Ban Me|p1a: Amoonguss","|move|p1a: Amoonguss|Spore|p2a: Plz Don't Ban Me","|-status|p2a: Plz Don't Ban Me|slp","|","|-heal|p1a: Amoonguss|288/431|[from] item: Black Sludge","|turn|33","|","|switch|p2a: Jet Blue|Latios, M|211/301","|move|p1a: Amoonguss|Gastro Acid|p2a: Jet Blue","|-endability|p2a: Jet Blue","|","|-heal|p1a: Amoonguss|314/431|[from] item: Black Sludge","|turn|34","|","|move|p2a: Jet Blue|Psyshock|p1a: Amoonguss","|-supereffective|p1a: Amoonguss","|-damage|p1a: Amoonguss|0 fnt","|-damage|p2a: Jet Blue|181/301|[from] item: Life Orb","|faint|p1a: Amoonguss","|","|win|Alliance-SeaHutch"],"p1rating":{"entryid":"6731189","serverid":"eos","formatid":"monotype","userid":"guardwanderer","username":"Guard Wanderer","w":"100","l":125,"t":"0","gxe":44,"r":"1449.7921848038","rd":"27.278099146195","sigma":"0","rptime":"1439024400","rpr":1454.5679380989,"rprd":26.974757622889,"rpsigma":"0","acre":1265.3939343114,"lacre":1265.3939343114,"oldacre":"1287.1545686683"},"p2rating":{"entryid":"6933655","serverid":"eos","formatid":"monotype","userid":"allianceseahutch","username":"Alliance-SeaHutch","w":29,"l":"5","t":"0","gxe":76.9,"r":"1722.2033487907","rd":"66.702334317651","sigma":"0","rptime":"1439024400","rpr":1730.3837067561,"rprd":65.398235504274,"rpsigma":"0","acre":1349.8364301956,"lacre":1349.8364301956,"oldacre":"1332.4279227101"},"endType":"normal"}