{"seed":[7748,31968,31056,18977],"turns":66,"p1":"Guard Wulf","p2":"LTIL-Tahit","p1team":[{"name":"Skarmory","species":"Skarmory","item":"leftovers","ability":"Sturdy","moves":["roost","stealthrock","ironhead","roar"],"nature":"Impish","evs":{"hp":250,"atk":4,"def":232,"spa":0,"spd":0,"spe":24},"ivs":{"hp":31,"atk":31,"def":31,"spa":31,"spd":31,"spe":31}},{"name":"Mandibuzz","species":"Mandibuzz","item":"leftovers","ability":"Overcoat","moves":["defog","bravebird","roost","toxic"],"nature":"Careful","evs":{"hp":248,"atk":8,"def":0,"spa":0,"spd":252,"spe":0},"ivs":{"hp":31,"atk":31,"def":31,"spa":31,"spd":31,"spe":31}},{"name":"Thundurus","species":"Thundurus","item":"leftovers","ability":"Prankster","moves":["thunderwave","thunderbolt","hiddenpowerice","taunt"],"nature":"Timid","evs":{"hp":0,"atk":0,"def":0,"spa":252,"spd":4,"spe":252},"ivs":{"hp":31,"atk":30,"def":30,"spa":31,"spd":31,"spe":31}},{"name":"Gliscor","species":"Gliscor","item":"toxicorb","ability":"Poison Heal","moves":["knockoff","earthquake","roost","aerialace"],"nature":"Impish","evs":{"hp":244,"atk":4,"def":188,"spa":0,"spd":0,"spe":72},"ivs":{"hp":31,"atk":31,"def":31,"spa":31,"spd":31,"spe":31}},{"name":"Charizard","species":"Charizard","item":"charizarditex","ability":"Blaze","moves":["dragondance","roost","dragonclaw","firepunch"],"nature":"Jolly","evs":{"hp":0,"atk":252,"def":0,"spa":0,"spd":4,"spe":252},"ivs":{"hp":31,"atk":31,"def":31,"spa":31,"spd":31,"spe":31}},{"name":"Tornadus-Therian","species":"Tornadus-Therian","item":"assaultvest","ability":"Regenerator","moves":["uturn","hurricane","heatwave","focusblast"],"nature":"Hasty","evs":{"hp":132,"atk":0,"def":0,"spa":160,"spd":0,"spe":216},"ivs":{"hp":31,"atk":31,"def":31,"spa":31,"spd":31,"spe":31}}],"p2team":[{"name":"Skarmory","species":"Skarmory","item":"rockyhelmet","ability":"Sturdy","moves":["roost","stealthrock","bravebird","defog"],"nature":"Careful","evs":{"hp":4,"atk":0,"def":252,"spa":0,"spd":252,"spe":0},"ivs":{"hp":31,"atk":31,"def":31,"spa":31,"spd":31,"spe":31}},{"name":"Excadrill","species":"Excadrill","item":"airballoon","ability":"Mold Breaker","moves":["earthquake","ironhead","rockslide","rapidspin"],"nature":"Adamant","evs":{"hp":0,"atk":252,"def":4,"spa":0,"spd":0,"spe":252},"gender":"M","ivs":{"hp":29,"atk":31,"def":31,"spa":31,"spd":31,"spe":31}},{"name":"Heatran","species":"Heatran","item":"leftovers","ability":"Flash Fire","moves":["stealthrock","lavaplume","toxic","protect"],"nature":"Calm","evs":{"hp":252,"atk":0,"def":4,"spa":0,"spd":252,"spe":0},"ivs":{"hp":31,"atk":31,"def":31,"spa":31,"spd":31,"spe":31}},{"name":"Ferrothorn","species":"Ferrothorn","item":"rockyhelmet","ability":"Iron Barbs","moves":["leechseed","stealthrock","thunderwave","gyroball"],"nature":"Relaxed","evs":{"hp":252,"atk":0,"def":4,"spa":0,"spd":252,"spe":0},"ivs":{"hp":31,"atk":31,"def":31,"spa":31,"spd":31,"spe":0}},{"name":"Steelix","species":"Steelix","item":"steelixite","ability":"Sturdy","moves":["rockslide","roar","heavyslam","earthquake"],"nature":"Careful","evs":{"hp":252,"atk":0,"def":56,"spa":0,"spd":200,"spe":0},"ivs":{"hp":31,"atk":31,"def":31,"spa":31,"spd":31,"spe":31}},{"name":"Jirachi","species":"Jirachi","item":"leftovers","ability":"Serene Grace","moves":["ancientpower","ironhead","zenheadbutt","bodyslam"],"nature":"Relaxed","evs":{"hp":252,"atk":0,"def":124,"spa":0,"spd":132,"spe":0},"ivs":{"hp":31,"atk":31,"def":31,"spa":31,"spd":31,"spe":31}}],"log":["|player|p1|Guard Wulf|143","|player|p2|LTIL-Tahit|169","|gametype|singles","|gen|6","|tier|Monotype","|rated","|rule|Baton Pass Clause: Limit one Baton Passer, can't pass Spe and other stats simultaneously","|rule|Swagger Clause: Swagger is banned","|rule|Same Type Clause: Pokémon in a team must share a type","|clearpoke","|poke|p1|Skarmory, M","|poke|p1|Mandibuzz, F","|poke|p1|Thundurus, M","|poke|p1|Gliscor, M","|poke|p1|Charizard, F","|poke|p1|Tornadus-Therian, M","|poke|p2|Skarmory, M","|poke|p2|Excadrill, M","|poke|p2|Heatran, M","|poke|p2|Ferrothorn, M","|poke|p2|Steelix, M","|poke|p2|Jirachi","|rule|Sleep Clause Mod: Limit one foe put to sleep","|rule|Species Clause: Limit one of each Pokémon","|rule|OHKO Clause: OHKO moves are banned","|rule|Moody Clause: Moody is banned","|rule|Evasion Moves Clause: Evasion moves are banned","|rule|Endless Battle Clause: Forcing endless battles is banned","|rule|HP Percentage Mod: HP is shown in percentages","|teampreview","|","|start","|switch|p1a: Tornadus-Therian|Tornadus-Therian, M|332/332","|switch|p2a: Ferrothorn|Ferrothorn, M|352/352","|turn|1","|","|move|p1a: Tornadus-Therian|Heat Wave|p2a: Ferrothorn","|-supereffective|p2a: Ferrothorn","|-damage|p2a: Ferrothorn|68/352","|move|p2a: Ferrothorn|Thunder Wave|p1a: Tornadus-Therian","|-status|p1a: Tornadus-Therian|par","|","|turn|2","|","|move|p1a: Tornadus-Therian|Focus Blast|p2a: Ferrothorn","|-supereffective|p2a: Ferrothorn","|-damage|p2a: Ferrothorn|0 fnt","|faint|p2a: Ferrothorn","|","|","|switch|p2a: Excadrill|Excadrill, M|359/359","|-ability|p2a: Excadrill|Mold Breaker","|-item|p2a: Excadrill|Air Balloon","|turn|3","|","|move|p2a: Excadrill|Rock Slide|p1a: Tornadus-Therian","|-supereffective|p1a: Tornadus-Therian","|-damage|p1a: Tornadus-Therian|70/332 par","|cant|p1a: Tornadus-Therian|par","|","|turn|4","|","|switch|p1a: Skarmory|Skarmory, M|333/333","|move|p2a: Excadrill|Rock Slide|p1a: Skarmory","|-miss|p2a: Excadrill|p1a: Skarmory","|","|turn|5","|","|move|p2a: Excadrill|Rock Slide|p1a: Skarmory","|-damage|p1a: Skarmory|276/333","|move|p1a: Skarmory|Stealth Rock|p2a: Excadrill","|-sidestart|p2: LTIL-Tahit|move: Stealth Rock","|","|-heal|p1a: Skarmory|296/333|[from] item: Leftovers","|turn|6","|","|move|p2a: Excadrill|Iron Head|p1a: Skarmory","|-resisted|p1a: Skarmory","|-damage|p1a: Skarmory|245/333","|cant|p1a: Skarmory|flinch","|","|-heal|p1a: Skarmory|265/333|[from] item: Leftovers","|turn|7","|","|move|p2a: Excadrill|Rock Slide|p1a: Skarmory","|-damage|p1a: Skarmory|203/333","|move|p1a: Skarmory|Roost|p1a: Skarmory","|-heal|p1a: Skarmory|333/333","|","|turn|8","|","|switch|p2a: Skarmory|Skarmory, M|272/272","|-damage|p2a: Skarmory|238/272|[from] Stealth Rock","|move|p1a: Skarmory|Roar|p2a: Skarmory","|drag|p2a: Heatran|Heatran, M|386/386","|-damage|p2a: Heatran|338/386|[from] Stealth Rock","|","|-heal|p2a: Heatran|362/386|[from] item: Leftovers","|turn|9","|","|switch|p1a: Tornadus-Therian|Tornadus-Therian, M|180/332 par","|move|p2a: Heatran|Stealth Rock|p1a: Tornadus-Therian","|-sidestart|p1: Guard Wulf|move: Stealth Rock","|","|-heal|p2a: Heatran|386/386|[from] item: Leftovers","|turn|10","|","|move|p2a: Heatran|Protect|p2a: Heatran","|-singleturn|p2a: Heatran|Protect","|move|p1a: Tornadus-Therian|Focus Blast|p2a: Heatran","|-activate|p2a: Heatran|Protect","|","|turn|11","|","|move|p2a: Heatran|Lava Plume|p1a: Tornadus-Therian","|-damage|p1a: Tornadus-Therian|96/332 par","|cant|p1a: Tornadus-Therian|par","|","|turn|12","|","|move|p2a: Heatran|Protect|p2a: Heatran","|-singleturn|p2a: Heatran|Protect","|move|p1a: Tornadus-Therian|Focus Blast|p2a: Heatran","|-activate|p2a: Heatran|Protect","|","|turn|13","|","|move|p2a: Heatran|Lava Plume|p1a: Tornadus-Therian","|-damage|p1a: Tornadus-Therian|6/332 par","|move|p1a: Tornadus-Therian|Focus Blast|p2a: Heatran","|-supereffective|p2a: Heatran","|-damage|p2a: Heatran|224/386","|","|-heal|p2a: Heatran|248/386|[from] item: Leftovers","|turn|14","|","|move|p2a: Heatran|Lava Plume|p1a: Tornadus-Therian","|-damage|p1a: Tornadus-Therian|0 fnt","|faint|p1a: Tornadus-Therian","|","|-heal|p2a: Heatran|272/386|[from] item: Leftovers","|","|switch|p1a: Gliscor|Gliscor, M|352/352","|-damage|p1a: Gliscor|308/352|[from] Stealth Rock","|turn|15","|","|move|p2a: Heatran|Protect|p2a: Heatran","|-singleturn|p2a: Heatran|Protect","|move|p1a: Gliscor|Knock Off|p2a: Heatran","|-activate|p2a: Heatran|Protect","|","|-heal|p2a: Heatran|296/386|[from] item: Leftovers","|-status|p1a: Gliscor|tox|[from] item: Toxic Orb","|turn|16","|","|move|p1a: Gliscor|Earthquake|p2a: Heatran","|-supereffective|p2a: Heatran","|-damage|p2a: Heatran|0 fnt","|faint|p2a: Heatran","|","|-heal|p1a: Gliscor|352/352 tox|[from] ability: Poison Heal","|","|switch|p2a: Skarmory|Skarmory, M|238/272","|-damage|p2a: Skarmory|204/272|[from] Stealth Rock","|turn|17","|","|switch|p1a: Mandibuzz|Mandibuzz, F|423/423","|-damage|p1a: Mandibuzz|318/423|[from] Stealth Rock","|move|p2a: Skarmory|Roost|p2a: Skarmory","|-heal|p2a: Skarmory|272/272","|","|-heal|p1a: Mandibuzz|344/423|[from] item: Leftovers","|turn|18","|","|move|p1a: Mandibuzz|Defog|p2a: Skarmory","|-unboost|p2a: Skarmory|evasion|1","|-sideend|p2: LTIL-Tahit|Stealth Rock|[from] move: Defog|[of] p2a: Skarmory","|-sideend|p1: Guard Wulf|Stealth Rock|[from] move: Defog|[of] p1a: Mandibuzz","|move|p2a: Skarmory|Brave Bird|p1a: Mandibuzz","|-damage|p1a: Mandibuzz|232/423","|-damage|p2a: Skarmory|235/272|[from] recoil|[of] p1a: Mandibuzz","|","|-heal|p1a: Mandibuzz|258/423|[from] item: Leftovers","|turn|19","|","|switch|p1a: Thundurus|Thundurus, M|299/299","|move|p2a: Skarmory|Stealth Rock|p1a: Thundurus","|-sidestart|p1: Guard Wulf|move: Stealth Rock","|","|turn|20","|","|switch|p1a: Gliscor|Gliscor, M|352/352 tox","|-damage|p1a: Gliscor|308/352 tox|[from] Stealth Rock","|move|p2a: Skarmory|Roost|p2a: Skarmory","|-heal|p2a: Skarmory|272/272","|","|-heal|p1a: Gliscor|352/352 tox|[from] ability: Poison Heal","|turn|21","|","|move|p1a: Gliscor|Knock Off|p2a: Skarmory","|-damage|p2a: Skarmory|224/272","|-damage|p1a: Gliscor|294/352 tox|[from] item: Rocky Helmet|[of] p2a: Skarmory","|-enditem|p2a: Skarmory|Rocky Helmet|[from] move: Knock Off|[of] p1a: Gliscor","|move|p2a: Skarmory|Brave Bird|p1a: Gliscor","|-damage|p1a: Gliscor|225/352 tox","|-damage|p2a: Skarmory|201/272|[from] recoil|[of] p1a: Gliscor","|","|-heal|p1a: Gliscor|269/352 tox|[from] ability: Poison Heal","|turn|22","|","|switch|p1a: Thundurus|Thundurus, M|299/299","|-damage|p1a: Thundurus|225/299|[from] Stealth Rock","|move|p2a: Skarmory|Roost|p2a: Skarmory","|-heal|p2a: Skarmory|272/272","|","|-heal|p1a: Thundurus|243/299|[from] item: Leftovers","|turn|23","|","|move|p1a: Thundurus|Thunderbolt|p2a: Skarmory","|-supereffective|p2a: Skarmory","|-ability|p2a: Skarmory|Sturdy","|-damage|p2a: Skarmory|1/272","|move|p2a: Skarmory|Brave Bird|p1a: Thundurus","|-resisted|p1a: Thundurus","|-damage|p1a: Thundurus|158/299","|-damage|p2a: Skarmory|0 fnt|[from] recoil|[of] p1a: Thundurus","|faint|p2a: Skarmory","|","|-heal|p1a: Thundurus|176/299|[from] item: Leftovers","|","|switch|p2a: Excadrill|Excadrill, M|359/359","|-ability|p2a: Excadrill|Mold Breaker","|-item|p2a: Excadrill|Air Balloon","|turn|24","|","|switch|p1a: Gliscor|Gliscor, M|269/352 tox","|-damage|p1a: Gliscor|225/352 tox|[from] Stealth Rock","|move|p2a: Excadrill|Rock Slide|p1a: Gliscor","|-damage|p1a: Gliscor|158/352 tox","|","|-heal|p1a: Gliscor|202/352 tox|[from] ability: Poison Heal","|turn|25","|","|move|p2a: Excadrill|Iron Head|p1a: Gliscor","|-damage|p1a: Gliscor|94/352 tox","|move|p1a: Gliscor|Roost|p1a: Gliscor","|-heal|p1a: Gliscor|270/352 tox","|","|-heal|p1a: Gliscor|314/352 tox|[from] ability: Poison Heal","|turn|26","|","|move|p2a: Excadrill|Iron Head|p1a: Gliscor","|-damage|p1a: Gliscor|205/352 tox","|cant|p1a: Gliscor|flinch","|","|-heal|p1a: Gliscor|249/352 tox|[from] ability: Poison Heal","|turn|27","|","|move|p2a: Excadrill|Iron Head|p1a: Gliscor","|-damage|p1a: Gliscor|152/352 tox","|move|p1a: Gliscor|Knock Off|p2a: Excadrill","|-damage|p2a: Excadrill|251/359","|-enditem|p2a: Excadrill|Air Balloon","|","|-heal|p1a: Gliscor|196/352 tox|[from] ability: Poison Heal","|turn|28","|","|move|p2a: Excadrill|Iron Head|p1a: Gliscor","|-crit|p1a: Gliscor","|-damage|p1a: Gliscor|37/352 tox","|cant|p1a: Gliscor|flinch","|","|-heal|p1a: Gliscor|81/352 tox|[from] ability: Poison Heal","|turn|29","|","|move|p2a: Excadrill|Iron Head|p1a: Gliscor","|-damage|p1a: Gliscor|0 fnt","|faint|p1a: Gliscor","|","|","|switch|p1a: Charizard|Charizard, F|297/297","|-damage|p1a: Charizard|149/297|[from] Stealth Rock","|turn|30","|","|detailschange|p1a: Charizard|Charizard-Mega-X, F","|-mega|p1a: Charizard|Charizard|Charizardite X","|move|p1a: Charizard|Fire Punch|p2a: Excadrill","|-supereffective|p2a: Excadrill","|-damage|p2a: Excadrill|0 fnt","|faint|p2a: Excadrill","|","|","|switch|p2a: Steelix|Steelix, M|354/354","|turn|31","|","|detailschange|p2a: Steelix|Steelix-Mega, M","|-mega|p2a: Steelix|Steelix|Steelixite","|move|p1a: Charizard|Fire Punch|p2a: Steelix","|-supereffective|p2a: Steelix","|-damage|p2a: Steelix|192/354","|move|p2a: Steelix|Roar|p1a: Charizard","|drag|p1a: Mandibuzz|Mandibuzz, F|258/423","|-damage|p1a: Mandibuzz|153/423|[from] Stealth Rock","|","|-heal|p1a: Mandibuzz|179/423|[from] item: Leftovers","|turn|32","|","|move|p1a: Mandibuzz|Roost|p1a: Mandibuzz","|-heal|p1a: Mandibuzz|391/423","|move|p2a: Steelix|Rock Slide|p1a: Mandibuzz","|-damage|p1a: Mandibuzz|319/423","|","|-heal|p1a: Mandibuzz|345/423|[from] item: Leftovers","|turn|33","|","|move|p1a: Mandibuzz|Defog|p2a: Steelix","|-unboost|p2a: Steelix|evasion|1","|-sideend|p1: Guard Wulf|Stealth Rock|[from] move: Defog|[of] p1a: Mandibuzz","|move|p2a: Steelix|Roar|p1a: Mandibuzz","|drag|p1a: Thundurus|Thundurus, M|176/299","|","|-heal|p1a: Thundurus|194/299|[from] item: Leftovers","|turn|34","|","|switch|p1a: Skarmory|Skarmory, M|333/333","|move|p2a: Steelix|Rock Slide|p1a: Skarmory","|-damage|p1a: Skarmory|292/333","|","|-heal|p1a: Skarmory|312/333|[from] item: Leftovers","|turn|35","|","|move|p1a: Skarmory|Stealth Rock|p2a: Steelix","|-sidestart|p2: LTIL-Tahit|move: Stealth Rock","|move|p2a: Steelix|Roar|p1a: Skarmory","|drag|p1a: Mandibuzz|Mandibuzz, F|345/423","|","|-heal|p1a: Mandibuzz|371/423|[from] item: Leftovers","|turn|36","|","|switch|p1a: Skarmory|Skarmory, M|312/333","|move|p2a: Steelix|Roar|p1a: Skarmory","|drag|p1a: Mandibuzz|Mandibuzz, F|371/423","|","|-heal|p1a: Mandibuzz|397/423|[from] item: Leftovers","|turn|37","|","|switch|p1a: Skarmory|Skarmory, M|312/333","|move|p2a: Steelix|Heavy Slam|p1a: Skarmory","|-resisted|p1a: Skarmory","|-damage|p1a: Skarmory|258/333","|","|-heal|p1a: Skarmory|278/333|[from] item: Leftovers","|turn|38","|","|move|p1a: Skarmory|Roost|p1a: Skarmory","|-heal|p1a: Skarmory|333/333","|move|p2a: Steelix|Rock Slide|p1a: Skarmory","|-resisted|p1a: Skarmory","|-damage|p1a: Skarmory|314/333","|","|-heal|p1a: Skarmory|333/333|[from] item: Leftovers","|turn|39","|","|move|p1a: Skarmory|Iron Head|p2a: Steelix","|-resisted|p2a: Steelix","|-damage|p2a: Steelix|176/354","|cant|p2a: Steelix|flinch","|","|turn|40","|","|move|p1a: Skarmory|Iron Head|p2a: Steelix","|-resisted|p2a: Steelix","|-damage|p2a: Steelix|159/354","|move|p2a: Steelix|Roar|p1a: Skarmory","|drag|p1a: Mandibuzz|Mandibuzz, F|397/423","|","|-heal|p1a: Mandibuzz|423/423|[from] item: Leftovers","|turn|41","|","|switch|p1a: Skarmory|Skarmory, M|333/333","|move|p2a: Steelix|Rock Slide|p1a: Skarmory","|-damage|p1a: Skarmory|294/333","|","|-heal|p1a: Skarmory|314/333|[from] item: Leftovers","|turn|42","|","|move|p1a: Skarmory|Iron Head|p2a: Steelix","|-resisted|p2a: Steelix","|-damage|p2a: Steelix|141/354","|move|p2a: Steelix|Rock Slide|p1a: Skarmory","|-damage|p1a: Skarmory|276/333","|","|-heal|p1a: Skarmory|296/333|[from] item: Leftovers","|turn|43","|","|move|p1a: Skarmory|Iron Head|p2a: Steelix","|-resisted|p2a: Steelix","|-damage|p2a: Steelix|123/354","|move|p2a: Steelix|Roar|p1a: Skarmory","|drag|p1a: Thundurus|Thundurus, M|194/299","|","|-heal|p1a: Thundurus|212/299|[from] item: Leftovers","|turn|44","|","|switch|p1a: Skarmory|Skarmory, M|296/333","|move|p2a: Steelix|Rock Slide|p1a: Skarmory","|-damage|p1a: Skarmory|256/333","|","|-heal|p1a: Skarmory|276/333|[from] item: Leftovers","|turn|45","|","|move|p1a: Skarmory|Iron Head|p2a: Steelix","|-resisted|p2a: Steelix","|-damage|p2a: Steelix|107/354","|move|p2a: Steelix|Roar|p1a: Skarmory","|drag|p1a: Charizard|Charizard-Mega-X, F|149/297","|","|turn|46","|","|move|p1a: Charizard|Fire Punch|p2a: Steelix","|-supereffective|p2a: Steelix","|-damage|p2a: Steelix|0 fnt","|faint|p2a: Steelix","|","|","|switch|p2a: Jirachi|Jirachi|404/404","|-damage|p2a: Jirachi|379/404|[from] Stealth Rock","|turn|47","|","|switch|p1a: Mandibuzz|Mandibuzz, F|423/423","|move|p2a: Jirachi|Ancient Power|p1a: Mandibuzz","|-supereffective|p1a: Mandibuzz","|-damage|p1a: Mandibuzz|345/423","|","|-heal|p2a: Jirachi|404/404|[from] item: Leftovers","|-heal|p1a: Mandibuzz|371/423|[from] item: Leftovers","|turn|48","|","|move|p2a: Jirachi|Ancient Power|p1a: Mandibuzz","|-supereffective|p1a: Mandibuzz","|-damage|p1a: Mandibuzz|305/423","|-boost|p2a: Jirachi|atk|1","|-boost|p2a: Jirachi|def|1","|-boost|p2a: Jirachi|spa|1","|-boost|p2a: Jirachi|spd|1","|-boost|p2a: Jirachi|spe|1","|move|p1a: Mandibuzz|Brave Bird|p2a: Jirachi","|-resisted|p2a: Jirachi","|-damage|p2a: Jirachi|377/404","|-damage|p1a: Mandibuzz|296/423|[from] recoil|[of] p2a: Jirachi","|","|-heal|p2a: Jirachi|402/404|[from] item: Leftovers","|-heal|p1a: Mandibuzz|322/423|[from] item: Leftovers","|turn|49","|","|move|p2a: Jirachi|Ancient Power|p1a: Mandibuzz","|-supereffective|p1a: Mandibuzz","|-damage|p1a: Mandibuzz|224/423","|move|p1a: Mandibuzz|Brave Bird|p2a: Jirachi","|-resisted|p2a: Jirachi","|-damage|p2a: Jirachi|372/404","|-damage|p1a: Mandibuzz|214/423|[from] recoil|[of] p2a: Jirachi","|","|-heal|p2a: Jirachi|397/404|[from] item: Leftovers","|-heal|p1a: Mandibuzz|240/423|[from] item: Leftovers","|turn|50","|","|move|p2a: Jirachi|Ancient Power|p1a: Mandibuzz","|-supereffective|p1a: Mandibuzz","|-damage|p1a: Mandibuzz|136/423","|move|p1a: Mandibuzz|Brave Bird|p2a: Jirachi","|-resisted|p2a: Jirachi","|-damage|p2a: Jirachi|371/404","|-damage|p1a: Mandibuzz|127/423|[from] recoil|[of] p2a: Jirachi","|","|-heal|p2a: Jirachi|396/404|[from] item: Leftovers","|-heal|p1a: Mandibuzz|153/423|[from] item: Leftovers","|turn|51","|","|move|p2a: Jirachi|Ancient Power|p1a: Mandibuzz","|-supereffective|p1a: Mandibuzz","|-damage|p1a: Mandibuzz|49/423","|move|p1a: Mandibuzz|Brave Bird|p2a: Jirachi","|-crit|p2a: Jirachi","|-resisted|p2a: Jirachi","|-damage|p2a: Jirachi|339/404","|-damage|p1a: Mandibuzz|30/423|[from] recoil|[of] p2a: Jirachi","|","|-heal|p2a: Jirachi|364/404|[from] item: Leftovers","|-heal|p1a: Mandibuzz|56/423|[from] item: Leftovers","|turn|52","|","|move|p2a: Jirachi|Ancient Power|p1a: Mandibuzz","|-supereffective|p1a: Mandibuzz","|-damage|p1a: Mandibuzz|0 fnt","|faint|p1a: Mandibuzz","|","|-heal|p2a: Jirachi|389/404|[from] item: Leftovers","|","|switch|p1a: Thundurus|Thundurus, M|212/299","|turn|53","|","|move|p1a: Thundurus|Thunder Wave|p2a: Jirachi","|-status|p2a: Jirachi|par","|cant|p2a: Jirachi|par","|","|-heal|p1a: Thundurus|230/299|[from] item: Leftovers","|-heal|p2a: Jirachi|404/404 par|[from] item: Leftovers","|turn|54","|","|move|p1a: Thundurus|Thunderbolt|p2a: Jirachi","|-damage|p2a: Jirachi|319/404 par","|move|p2a: Jirachi|Ancient Power|p1a: Thundurus","|-supereffective|p1a: Thundurus","|-damage|p1a: Thundurus|58/299","|-boost|p2a: Jirachi|atk|1","|-boost|p2a: Jirachi|def|1","|-boost|p2a: Jirachi|spa|1","|-boost|p2a: Jirachi|spd|1","|-boost|p2a: Jirachi|spe|1","|","|-heal|p1a: Thundurus|76/299|[from] item: Leftovers","|-heal|p2a: Jirachi|344/404 par|[from] item: Leftovers","|turn|55","|","|move|p1a: Thundurus|Thunderbolt|p2a: Jirachi","|-damage|p2a: Jirachi|280/404 par","|cant|p2a: Jirachi|par","|","|-heal|p1a: Thundurus|94/299|[from] item: Leftovers","|-heal|p2a: Jirachi|305/404 par|[from] item: Leftovers","|turn|56","|","|move|p1a: Thundurus|Thunderbolt|p2a: Jirachi","|-damage|p2a: Jirachi|233/404 par","|move|p2a: Jirachi|Ancient Power|p1a: Thundurus","|-supereffective|p1a: Thundurus","|-damage|p1a: Thundurus|0 fnt","|faint|p1a: Thundurus","|","|-heal|p2a: Jirachi|258/404 par|[from] item: Leftovers","|","|switch|p1a: Charizard|Charizard-Mega-X, F|149/297","|turn|57","|","|move|p1a: Charizard|Fire Punch|p2a: Jirachi","|-supereffective|p2a: Jirachi","|-damage|p2a: Jirachi|106/404 par","|move|p2a: Jirachi|Body Slam|p1a: Charizard","|-crit|p1a: Charizard","|-damage|p1a: Charizard|0 fnt","|faint|p1a: Charizard","|","|-heal|p2a: Jirachi|131/404 par|[from] item: Leftovers","|","|switch|p1a: Skarmory|Skarmory, M|276/333","|turn|58","|","|move|p1a: Skarmory|Iron Head|p2a: Jirachi","|-resisted|p2a: Jirachi","|-damage|p2a: Jirachi|113/404 par","|cant|p2a: Jirachi|par","|","|-heal|p1a: Skarmory|296/333|[from] item: Leftovers","|-heal|p2a: Jirachi|138/404 par|[from] item: Leftovers","|turn|59","|","|move|p1a: Skarmory|Iron Head|p2a: Jirachi","|-resisted|p2a: Jirachi","|-damage|p2a: Jirachi|122/404 par","|move|p2a: Jirachi|Body Slam|p1a: Skarmory","|-resisted|p1a: Skarmory","|-damage|p1a: Skarmory|257/333","|-status|p1a: Skarmory|par","|","|-heal|p2a: Jirachi|147/404 par|[from] item: Leftovers","|-heal|p1a: Skarmory|277/333 par|[from] item: Leftovers","|turn|60","|","|move|p2a: Jirachi|Iron Head|p1a: Skarmory","|-resisted|p1a: Skarmory","|-damage|p1a: Skarmory|218/333 par","|cant|p1a: Skarmory|flinch","|","|-heal|p2a: Jirachi|172/404 par|[from] item: Leftovers","|-heal|p1a: Skarmory|238/333 par|[from] item: Leftovers","|turn|61","|","|move|p2a: Jirachi|Iron Head|p1a: Skarmory","|-resisted|p1a: Skarmory","|-damage|p1a: Skarmory|181/333 par","|cant|p1a: Skarmory|flinch","|","|-heal|p2a: Jirachi|197/404 par|[from] item: Leftovers","|-heal|p1a: Skarmory|201/333 par|[from] item: Leftovers","|turn|62","|","|cant|p2a: Jirachi|par","|move|p1a: Skarmory|Roost|p1a: Skarmory","|-heal|p1a: Skarmory|333/333 par","|","|-heal|p2a: Jirachi|222/404 par|[from] item: Leftovers","|turn|63","|","|move|p2a: Jirachi|Iron Head|p1a: Skarmory","|-resisted|p1a: Skarmory","|-damage|p1a: Skarmory|278/333 par","|move|p1a: Skarmory|Iron Head|p2a: Jirachi","|-resisted|p2a: Jirachi","|-damage|p2a: Jirachi|207/404 par","|","|-heal|p2a: Jirachi|232/404 par|[from] item: Leftovers","|-heal|p1a: Skarmory|298/333 par|[from] item: Leftovers","|turn|64","|","|move|p2a: Jirachi|Iron Head|p1a: Skarmory","|-resisted|p1a: Skarmory","|-damage|p1a: Skarmory|242/333 par","|move|p1a: Skarmory|Iron Head|p2a: Jirachi","|-resisted|p2a: Jirachi","|-damage|p2a: Jirachi|216/404 par","|","|-heal|p2a: Jirachi|241/404 par|[from] item: Leftovers","|-heal|p1a: Skarmory|262/333 par|[from] item: Leftovers","|turn|65","|","|cant|p2a: Jirachi|par","|move|p1a: Skarmory|Iron Head|p2a: Jirachi","|-resisted|p2a: Jirachi","|-damage|p2a: Jirachi|226/404 par","|","|-heal|p2a: Jirachi|251/404 par|[from] item: Leftovers","|-heal|p1a: Skarmory|282/333 par|[from] item: Leftovers","|turn|66","|","|win|LTIL-Tahit"],"p1rating":{"entryid":"7326062","serverid":"eos","formatid":"monotype","userid":"guardwulf","username":"Guard Wulf","w":"41","l":22,"t":"0","gxe":61.7,"r":"1607.4810361933","rd":"46.059337814947","sigma":"0","rptime":"1439024400","rpr":1590.342193414,"rprd":44.695944610876,"rpsigma":"0","acre":1163.6957050718,"lacre":1163.6957050718,"oldacre":"1195.3332172511"},"p2rating":{"entryid":"6925118","serverid":"eos","formatid":"monotype","userid":"ltiltahit","username":"LTIL-Tahit","w":58,"l":"59","t":"0","gxe":51.8,"r":"1512.4460243575","rd":"36.321359663069","sigma":"0","rptime":"1439024400","rpr":1513.5484316788,"rprd":35.97616869569,"rpsigma":"0","acre":1132.4624075856,"lacre":1132.4624075856,"oldacre":"1100.8248954063"},"endType":"forfeit"}