{"seed":[39095,56053,5225,6102],"turns":31,"p1":"Leade Jk","p2":"Alliance ♋ akaFila","p1team":[{"name":"batty.signal","species":"golbat","item":"eviolite","ability":"Infiltrator","moves":["roost","superfang","bravebird","defog"],"nature":"Careful","evs":{"hp":252,"atk":0,"def":4,"spa":0,"spd":252,"spe":0},"ivs":{"hp":31,"atk":31,"def":31,"spa":31,"spd":31,"spe":31}},{"name":"only.misses","species":"weezing","item":"blacksludge","ability":"Levitate","moves":["willowisp","flamethrower","clearsmog","painsplit"],"nature":"Bold","evs":{"hp":252,"atk":0,"def":252,"spa":4,"spd":0,"spe":0},"ivs":{"hp":31,"atk":31,"def":31,"spa":31,"spd":31,"spe":31}},{"name":"kings.rage","species":"nidoking","item":"lifeorb","ability":"Sheer Force","moves":["earthpower","sludgewave","icebeam","stealthrock"],"nature":"Timid","evs":{"hp":0,"atk":0,"def":0,"spa":252,"spd":0,"spe":252},"ivs":{"hp":31,"atk":31,"def":31,"spa":31,"spd":31,"spe":31}},{"name":"stalkng.shadow","species":"gengar","item":"focussash","ability":"Levitate","moves":["shadowball","sludgewave","dazzlinggleam","energyball"],"nature":"Modest","evs":{"hp":0,"atk":0,"def":0,"spa":252,"spd":0,"spe":252},"ivs":{"hp":31,"atk":31,"def":31,"spa":31,"spd":31,"spe":31}},{"name":"emo.skun","species":"skuntank","item":"choicescarf","ability":"Aftermath","moves":["playrough","poisonjab","pursuit","crunch"],"nature":"Lonely","evs":{"hp":0,"atk":252,"def":0,"spa":4,"spd":0,"spe":252},"ivs":{"hp":31,"atk":31,"def":31,"spa":31,"spd":31,"spe":31}},{"name":"beeting","species":"beedrill","item":"beedrillite","ability":"Swarm","moves":["drillrun","uturn","poisonjab","protect"],"nature":"Jolly","evs":{"hp":0,"atk":252,"def":0,"spa":0,"spd":0,"spe":252},"ivs":{"hp":31,"atk":31,"def":31,"spa":31,"spd":31,"spe":31}}],"p2team":[{"name":"LukAtMahDicks","species":"anorith","item":"choicescarf","ability":"Swift Swim","moves":["xscissor","rockslide","brickbreak","aquajet"],"nature":"Adamant","evs":{"hp":0,"atk":252,"def":0,"spa":0,"spd":4,"spe":252},"shiny":true,"ivs":{"hp":31,"atk":31,"def":31,"spa":31,"spd":31,"spe":31}},{"name":"CatchThisTackle","species":"dwebble","item":"liechiberry","ability":"Sturdy","moves":["shellsmash","xscissor","stoneedge","earthquake"],"nature":"Adamant","evs":{"hp":0,"atk":252,"def":0,"spa":0,"spd":4,"spe":252},"shiny":true,"ivs":{"hp":31,"atk":31,"def":31,"spa":31,"spd":31,"spe":31}},{"name":"BootyCrackOfTerror","species":"golem","item":"custapberry","ability":"Sturdy","moves":["stealthrock","earthquake","endure","explosion"],"nature":"Adamant","evs":{"hp":248,"atk":252,"def":0,"spa":0,"spd":8,"spe":0},"shiny":true,"ivs":{"hp":31,"atk":31,"def":31,"spa":31,"spd":31,"spe":31}},{"name":"GoldenShowers4Life","species":"lileep","item":"eviolite","ability":"Storm Drain","moves":["toxic","stockpile","recover","protect"],"nature":"Calm","evs":{"hp":248,"atk":0,"def":8,"spa":0,"spd":252,"spe":0},"shiny":true,"ivs":{"hp":31,"atk":31,"def":31,"spa":31,"spd":31,"spe":31}},{"name":"MahNigga","species":"aron","item":"shellbell","ability":"Sturdy","moves":["endeavor","ironhead","roar","sandstorm"],"nature":"Impish","evs":{"hp":248,"atk":8,"def":252,"spa":0,"spd":0,"spe":0},"shiny":true,"level":1,"ivs":{"hp":31,"atk":31,"def":31,"spa":31,"spd":31,"spe":31}},{"name":"TotesFab","species":"amaura","item":"choicespecs","ability":"Refrigerate","moves":["naturepower","ancientpower","earthpower","discharge"],"nature":"Modest","evs":{"hp":248,"atk":0,"def":0,"spa":252,"spd":8,"spe":0},"shiny":true,"ivs":{"hp":31,"atk":31,"def":31,"spa":31,"spd":31,"spe":31}}],"log":["|player|p1|Leade Jk|196","|player|p2|Alliance ♋ akaFila|allianceakafila.gif","|gametype|singles","|gen|6","|tier|Monotype","|rated","|rule|Baton Pass Clause: Limit one Baton Passer, can't pass Spe and other stats simultaneously","|rule|Swagger Clause: Swagger is banned","|rule|Same Type Clause: Pokémon in a team must share a type","|clearpoke","|poke|p1|Golbat, M","|poke|p1|Weezing, F","|poke|p1|Nidoking, M","|poke|p1|Gengar, F","|poke|p1|Skuntank, F","|poke|p1|Beedrill, M","|poke|p2|Anorith, M, shiny","|poke|p2|Dwebble, M, shiny","|poke|p2|Golem, F, shiny","|poke|p2|Lileep, M, shiny","|poke|p2|Aron, L1, F, shiny","|poke|p2|Amaura, M, shiny","|rule|Sleep Clause Mod: Limit one foe put to sleep","|rule|Species Clause: Limit one of each Pokémon","|rule|OHKO Clause: OHKO moves are banned","|rule|Moody Clause: Moody is banned","|rule|Evasion Moves Clause: Evasion moves are banned","|rule|Endless Battle Clause: Forcing endless battles is banned","|rule|HP Percentage Mod: HP is shown in percentages","|teampreview","|","|start","|switch|p1a: kings.rage|Nidoking, M|303/303","|switch|p2a: MahNigga|Aron, L1, F, shiny|12/12","|turn|1","|","|switch|p1a: only.misses|Weezing, F|334/334","|move|p2a: MahNigga|Endeavor|p1a: only.misses","|-damage|p1a: only.misses|12/334","|","|-heal|p1a: only.misses|32/334|[from] item: Black Sludge","|turn|2","|","|switch|p2a: TotesFab|Amaura, M, shiny|357/357","|move|p1a: only.misses|Will-O-Wisp|p2a: TotesFab","|-status|p2a: TotesFab|brn","|","|-heal|p1a: only.misses|52/334|[from] item: Black Sludge","|-damage|p2a: TotesFab|313/357 brn|[from] brn","|turn|3","|","|switch|p1a: batty.signal|Golbat, M|354/354","|move|p2a: TotesFab|Nature Power|p1a: batty.signal","|move|p2a: TotesFab|Tri Attack|p1a: batty.signal|[from]Nature Power","|-supereffective|p1a: batty.signal","|-damage|p1a: batty.signal|120/354","|","|-damage|p2a: TotesFab|269/357 brn|[from] brn","|turn|4","|","|move|p1a: batty.signal|Roost|p1a: batty.signal","|-heal|p1a: batty.signal|297/354","|move|p2a: TotesFab|Nature Power|p1a: batty.signal","|move|p2a: TotesFab|Tri Attack|p1a: batty.signal|[from]Nature Power","|-damage|p1a: batty.signal|176/354","|","|-damage|p2a: TotesFab|225/357 brn|[from] brn","|turn|5","|","|move|p1a: batty.signal|Roost|p1a: batty.signal","|-heal|p1a: batty.signal|353/354","|move|p2a: TotesFab|Nature Power|p1a: batty.signal","|move|p2a: TotesFab|Tri Attack|p1a: batty.signal|[from]Nature Power","|-damage|p1a: batty.signal|247/354","|","|-damage|p2a: TotesFab|181/357 brn|[from] brn","|turn|6","|","|move|p1a: batty.signal|Super Fang|p2a: TotesFab","|-damage|p2a: TotesFab|91/357 brn","|move|p2a: TotesFab|Nature Power|p1a: batty.signal","|move|p2a: TotesFab|Tri Attack|p1a: batty.signal|[from]Nature Power","|-supereffective|p1a: batty.signal","|-damage|p1a: batty.signal|23/354","|","|-damage|p2a: TotesFab|47/357 brn|[from] brn","|turn|7","|","|move|p1a: batty.signal|Roost|p1a: batty.signal","|-heal|p1a: batty.signal|200/354","|move|p2a: TotesFab|Nature Power|p1a: batty.signal","|move|p2a: TotesFab|Tri Attack|p1a: batty.signal|[from]Nature Power","|-damage|p1a: batty.signal|91/354","|","|-damage|p2a: TotesFab|3/357 brn|[from] brn","|turn|8","|","|move|p1a: batty.signal|Roost|p1a: batty.signal","|-heal|p1a: batty.signal|268/354","|move|p2a: TotesFab|Nature Power|p1a: batty.signal","|move|p2a: TotesFab|Tri Attack|p1a: batty.signal|[from]Nature Power","|-damage|p1a: batty.signal|144/354","|","|-damage|p2a: TotesFab|0 fnt|[from] brn","|faint|p2a: TotesFab","|","|switch|p2a: CatchThisTackle|Dwebble, M, shiny|241/241","|turn|9","|","|move|p1a: batty.signal|Super Fang|p2a: CatchThisTackle","|-damage|p2a: CatchThisTackle|121/241","|move|p2a: CatchThisTackle|Shell Smash|p2a: CatchThisTackle","|-unboost|p2a: CatchThisTackle|def|1","|-unboost|p2a: CatchThisTackle|spd|1","|-boost|p2a: CatchThisTackle|atk|2","|-boost|p2a: CatchThisTackle|spa|2","|-boost|p2a: CatchThisTackle|spe|2","|","|turn|10","|","|move|p2a: CatchThisTackle|Shell Smash|p2a: CatchThisTackle","|-unboost|p2a: CatchThisTackle|def|1","|-unboost|p2a: CatchThisTackle|spd|1","|-boost|p2a: CatchThisTackle|atk|2","|-boost|p2a: CatchThisTackle|spa|2","|-boost|p2a: CatchThisTackle|spe|2","|move|p1a: batty.signal|Brave Bird|p2a: CatchThisTackle","|-damage|p2a: CatchThisTackle|0 fnt","|-damage|p1a: batty.signal|104/354|[from] recoil|[of] p2a: CatchThisTackle","|faint|p2a: CatchThisTackle","|","|","|switch|p2a: LukAtMahDicks|Anorith, M, shiny|231/231","|turn|11","|","|move|p2a: LukAtMahDicks|Rock Slide|p1a: batty.signal","|-supereffective|p1a: batty.signal","|-damage|p1a: batty.signal|0 fnt","|faint|p1a: batty.signal","|","|","|switch|p1a: kings.rage|Nidoking, M|303/303","|turn|12","|","|switch|p2a: GoldenShowers4Life|Lileep, M, shiny|335/335","|move|p1a: kings.rage|Stealth Rock|p2a: GoldenShowers4Life","|-sidestart|p2: Alliance ♋ akaFila|move: Stealth Rock","|","|turn|13","|","|switch|p1a: emo.skun|Skuntank, F|347/347","|move|p2a: GoldenShowers4Life|Stockpile|p2a: GoldenShowers4Life","|-start|p2a: GoldenShowers4Life|stockpile1","|-boost|p2a: GoldenShowers4Life|def|1","|-boost|p2a: GoldenShowers4Life|spd|1","|","|turn|14","|","|move|p1a: emo.skun|Poison Jab|p2a: GoldenShowers4Life","|-damage|p2a: GoldenShowers4Life|263/335","|move|p2a: GoldenShowers4Life|Stockpile|p2a: GoldenShowers4Life","|-start|p2a: GoldenShowers4Life|stockpile2","|-boost|p2a: GoldenShowers4Life|def|1","|-boost|p2a: GoldenShowers4Life|spd|1","|","|turn|15","|","|move|p1a: emo.skun|Poison Jab|p2a: GoldenShowers4Life","|-damage|p2a: GoldenShowers4Life|212/335","|-status|p2a: GoldenShowers4Life|psn","|move|p2a: GoldenShowers4Life|Stockpile|p2a: GoldenShowers4Life","|-start|p2a: GoldenShowers4Life|stockpile3","|-boost|p2a: GoldenShowers4Life|def|1","|-boost|p2a: GoldenShowers4Life|spd|1","|","|-damage|p2a: GoldenShowers4Life|171/335 psn|[from] psn","|turn|16","|","|move|p1a: emo.skun|Poison Jab|p2a: GoldenShowers4Life","|-damage|p2a: GoldenShowers4Life|128/335 psn","|move|p2a: GoldenShowers4Life|Recover|p2a: GoldenShowers4Life","|-heal|p2a: GoldenShowers4Life|296/335 psn","|","|-damage|p2a: GoldenShowers4Life|255/335 psn|[from] psn","|turn|17","|","|move|p1a: emo.skun|Poison Jab|p2a: GoldenShowers4Life","|-damage|p2a: GoldenShowers4Life|209/335 psn","|move|p2a: GoldenShowers4Life|Recover|p2a: GoldenShowers4Life","|-heal|p2a: GoldenShowers4Life|335/335 psn","|","|-damage|p2a: GoldenShowers4Life|294/335 psn|[from] psn","|turn|18","|","|move|p1a: emo.skun|Poison Jab|p2a: GoldenShowers4Life","|-crit|p2a: GoldenShowers4Life","|-damage|p2a: GoldenShowers4Life|132/335 psn","|move|p2a: GoldenShowers4Life|Recover|p2a: GoldenShowers4Life","|-heal|p2a: GoldenShowers4Life|300/335 psn","|","|-damage|p2a: GoldenShowers4Life|259/335 psn|[from] psn","|turn|19","|","|switch|p1a: only.misses|Weezing, F|52/334","|move|p2a: GoldenShowers4Life|Recover|p2a: GoldenShowers4Life","|-heal|p2a: GoldenShowers4Life|335/335 psn","|","|-heal|p1a: only.misses|72/334|[from] item: Black Sludge","|-damage|p2a: GoldenShowers4Life|294/335 psn|[from] psn","|turn|20","|","|move|p1a: only.misses|Pain Split|p2a: GoldenShowers4Life","|-sethp|p2a: GoldenShowers4Life|183/335 psn|p1a: only.misses|183/334|[from] move: Pain Split","|move|p2a: GoldenShowers4Life|Recover|p2a: GoldenShowers4Life","|-heal|p2a: GoldenShowers4Life|335/335 psn","|","|-heal|p1a: only.misses|203/334|[from] item: Black Sludge","|-damage|p2a: GoldenShowers4Life|294/335 psn|[from] psn","|turn|21","|","|move|p1a: only.misses|Clear Smog|p2a: GoldenShowers4Life","|-damage|p2a: GoldenShowers4Life|282/335 psn","|-clearboost|p2a: GoldenShowers4Life","|move|p2a: GoldenShowers4Life|Recover|p2a: GoldenShowers4Life","|-heal|p2a: GoldenShowers4Life|335/335 psn","|","|-heal|p1a: only.misses|223/334|[from] item: Black Sludge","|-damage|p2a: GoldenShowers4Life|294/335 psn|[from] psn","|turn|22","|","|switch|p1a: kings.rage|Nidoking, M|303/303","|switch|p2a: MahNigga|Aron, L1, F, shiny|12/12","|-damage|p2a: MahNigga|11/12|[from] Stealth Rock","|","|turn|23","|","|move|p1a: kings.rage|Ice Beam|p2a: MahNigga","|-resisted|p2a: MahNigga","|-damage|p2a: MahNigga|0 fnt","|faint|p2a: MahNigga","|","|","|switch|p2a: BootyCrackOfTerror|Golem, F, shiny|363/363","|-damage|p2a: BootyCrackOfTerror|341/363|[from] Stealth Rock","|turn|24","|","|switch|p1a: only.misses|Weezing, F|223/334","|move|p2a: BootyCrackOfTerror|Stealth Rock|p1a: only.misses","|-sidestart|p1: Leade Jk|move: Stealth Rock","|","|-heal|p1a: only.misses|243/334|[from] item: Black Sludge","|turn|25","|","|move|p1a: only.misses|Will-O-Wisp|p2a: BootyCrackOfTerror","|-status|p2a: BootyCrackOfTerror|brn","|move|p2a: BootyCrackOfTerror|Explosion|p1a: only.misses","|-damage|p1a: only.misses|140/334","|faint|p2a: BootyCrackOfTerror","|","|-heal|p1a: only.misses|160/334|[from] item: Black Sludge","|","|switch|p2a: LukAtMahDicks|Anorith, M, shiny|231/231","|-damage|p2a: LukAtMahDicks|174/231|[from] Stealth Rock","|turn|26","|","|move|p2a: LukAtMahDicks|Rock Slide|p1a: only.misses","|-damage|p1a: only.misses|85/334","|cant|p1a: only.misses|flinch","|","|-heal|p1a: only.misses|105/334|[from] item: Black Sludge","|turn|27","|","|switch|p1a: emo.skun|Skuntank, F|347/347","|-damage|p1a: emo.skun|304/347|[from] Stealth Rock","|move|p2a: LukAtMahDicks|Rock Slide|p1a: emo.skun","|-damage|p1a: emo.skun|112/347","|","|turn|28","|","|move|p1a: emo.skun|Crunch|p2a: LukAtMahDicks","|-crit|p2a: LukAtMahDicks","|-damage|p2a: LukAtMahDicks|0 fnt","|faint|p2a: LukAtMahDicks","|","|","|switch|p2a: GoldenShowers4Life|Lileep, M, shiny|294/335 psn","|-damage|p2a: GoldenShowers4Life|253/335 psn|[from] Stealth Rock","|turn|29","|","|move|p1a: emo.skun|Crunch|p2a: GoldenShowers4Life","|-damage|p2a: GoldenShowers4Life|145/335 psn","|move|p2a: GoldenShowers4Life|Recover|p2a: GoldenShowers4Life","|-heal|p2a: GoldenShowers4Life|313/335 psn","|","|-damage|p2a: GoldenShowers4Life|272/335 psn|[from] psn","|turn|30","|","|move|p1a: emo.skun|Crunch|p2a: GoldenShowers4Life","|-damage|p2a: GoldenShowers4Life|166/335 psn","|-unboost|p2a: GoldenShowers4Life|def|1","|move|p2a: GoldenShowers4Life|Stockpile|p2a: GoldenShowers4Life","|-start|p2a: GoldenShowers4Life|stockpile1","|-boost|p2a: GoldenShowers4Life|def|1","|-boost|p2a: GoldenShowers4Life|spd|1","|","|-damage|p2a: GoldenShowers4Life|125/335 psn|[from] psn","|turn|31","|","|move|p1a: emo.skun|Crunch|p2a: GoldenShowers4Life","|-damage|p2a: GoldenShowers4Life|22/335 psn","|move|p2a: GoldenShowers4Life|Stockpile|p2a: GoldenShowers4Life","|-start|p2a: GoldenShowers4Life|stockpile2","|-boost|p2a: GoldenShowers4Life|def|1","|-boost|p2a: GoldenShowers4Life|spd|1","|","|-damage|p2a: GoldenShowers4Life|0 fnt|[from] psn","|faint|p2a: GoldenShowers4Life","|","|win|Leade Jk"],"p1rating":{"entryid":"6802202","serverid":"eos","formatid":"monotype","userid":"leadejk","username":"Leade✘ Jk","w":39,"l":"20","t":"0","gxe":64.6,"r":"1609.1668123395","rd":"51.331046077953","sigma":"0","rptime":"1439024400","rpr":1614.3463850608,"rprd":50.840409130713,"rpsigma":"0","acre":1314.8112873009,"lacre":1314.8112873009,"oldacre":"1299.379476422"},"p2rating":{"entryid":"6670496","serverid":"eos","formatid":"monotype","userid":"allianceakafila","username":"Alliance ♋ akaFila","w":"25","l":27,"t":"0","gxe":47.6,"r":"1502.4299266273","rd":"52.895525045387","sigma":"0","rptime":"1439024400","rpr":1481.9929133059,"rprd":51.331343290697,"rpsigma":"0","acre":1143.843770724,"lacre":1143.843770724,"oldacre":"1159.2755816029"},"endType":"normal"}