{"seed":[51728,17581,14564,56714],"turns":23,"p1":"LTIL-Tahit","p2":"TheMajesticWurmple","p1team":[{"name":"Skarmory","species":"Skarmory","item":"rockyhelmet","ability":"Sturdy","moves":["roost","stealthrock","bravebird","defog"],"nature":"Careful","evs":{"hp":4,"atk":0,"def":252,"spa":0,"spd":252,"spe":0},"ivs":{"hp":31,"atk":31,"def":31,"spa":31,"spd":31,"spe":31}},{"name":"Excadrill","species":"Excadrill","item":"airballoon","ability":"Mold Breaker","moves":["earthquake","ironhead","rockslide","rapidspin"],"nature":"Adamant","evs":{"hp":0,"atk":252,"def":4,"spa":0,"spd":0,"spe":252},"gender":"M","ivs":{"hp":29,"atk":31,"def":31,"spa":31,"spd":31,"spe":31}},{"name":"Heatran","species":"Heatran","item":"leftovers","ability":"Flash Fire","moves":["stealthrock","lavaplume","toxic","protect"],"nature":"Calm","evs":{"hp":252,"atk":0,"def":4,"spa":0,"spd":252,"spe":0},"ivs":{"hp":31,"atk":31,"def":31,"spa":31,"spd":31,"spe":31}},{"name":"Ferrothorn","species":"Ferrothorn","item":"rockyhelmet","ability":"Iron Barbs","moves":["leechseed","stealthrock","thunderwave","gyroball"],"nature":"Relaxed","evs":{"hp":252,"atk":0,"def":4,"spa":0,"spd":252,"spe":0},"ivs":{"hp":31,"atk":31,"def":31,"spa":31,"spd":31,"spe":0}},{"name":"Steelix","species":"Steelix","item":"steelixite","ability":"Sturdy","moves":["rockslide","roar","heavyslam","earthquake"],"nature":"Careful","evs":{"hp":252,"atk":0,"def":56,"spa":0,"spd":200,"spe":0},"ivs":{"hp":31,"atk":31,"def":31,"spa":31,"spd":31,"spe":31}},{"name":"Jirachi","species":"Jirachi","item":"leftovers","ability":"Serene Grace","moves":["ancientpower","ironhead","zenheadbutt","bodyslam"],"nature":"Relaxed","evs":{"hp":252,"atk":0,"def":124,"spa":0,"spd":132,"spe":0},"ivs":{"hp":31,"atk":31,"def":31,"spa":31,"spd":31,"spe":31}}],"p2team":[{"name":"Victini","species":"Victini","item":"choicescarf","ability":"Victory Star","moves":["vcreate","boltstrike","uturn","trick"],"nature":"Jolly","evs":{"hp":0,"atk":252,"def":0,"spa":0,"spd":4,"spe":252},"ivs":{"hp":31,"atk":31,"def":31,"spa":31,"spd":31,"spe":31}},{"name":"Soul Train","species":"latias","item":"lifeorb","ability":"Levitate","moves":["dracometeor","psyshock","defog","healingwish"],"nature":"Timid","evs":{"hp":0,"atk":0,"def":0,"spa":252,"spd":4,"spe":252},"ivs":{"hp":31,"atk":31,"def":31,"spa":31,"spd":31,"spe":31}},{"name":"First Class","species":"metagross","item":"assaultvest","ability":"Clear Body","moves":["meteormash","bulletpunch","zenheadbutt","earthquake"],"nature":"Adamant","evs":{"hp":248,"atk":252,"def":0,"spa":0,"spd":8,"spe":0},"shiny":true,"ivs":{"hp":31,"atk":31,"def":31,"spa":31,"spd":31,"spe":31}},{"name":"BigPapaLongDong","species":"slowbro","item":"rockyhelmet","ability":"Regenerator","moves":["scald","thunderwave","icebeam","slackoff"],"nature":"Bold","evs":{"hp":248,"atk":0,"def":252,"spa":8,"spd":0,"spe":0},"ivs":{"hp":31,"atk":31,"def":31,"spa":31,"spd":31,"spe":31}},{"name":"McBiggleDiggles","species":"meloetta","item":"choicespecs","ability":"Serene Grace","moves":["shadowball","hypervoice","dazzlinggleam","psyshock"],"nature":"Modest","evs":{"hp":248,"atk":0,"def":0,"spa":252,"spd":8,"spe":0},"ivs":{"hp":31,"atk":31,"def":31,"spa":31,"spd":31,"spe":31}},{"name":"Gardevoir","species":"Gardevoir","item":"gardevoirite","ability":"Trace","moves":["calmmind","hypervoice","psyshock","hiddenpowerground"],"nature":"Timid","evs":{"hp":0,"atk":0,"def":4,"spa":252,"spd":0,"spe":252},"ivs":{"hp":31,"atk":31,"def":31,"spa":30,"spd":30,"spe":31}}],"log":["|player|p1|LTIL-Tahit|169","|player|p2|TheMajesticWurmple|1","|gametype|singles","|gen|6","|tier|Monotype","|rated","|rule|Baton Pass Clause: Limit one Baton Passer, can't pass Spe and other stats simultaneously","|rule|Swagger Clause: Swagger is banned","|rule|Same Type Clause: Pokémon in a team must share a type","|clearpoke","|poke|p1|Skarmory, M","|poke|p1|Excadrill, M","|poke|p1|Heatran, F","|poke|p1|Ferrothorn, F","|poke|p1|Steelix, M","|poke|p1|Jirachi","|poke|p2|Victini","|poke|p2|Latias, F","|poke|p2|Metagross, shiny","|poke|p2|Slowbro, M","|poke|p2|Meloetta","|poke|p2|Gardevoir, M","|rule|Sleep Clause Mod: Limit one foe put to sleep","|rule|Species Clause: Limit one of each Pokémon","|rule|OHKO Clause: OHKO moves are banned","|rule|Moody Clause: Moody is banned","|rule|Evasion Moves Clause: Evasion moves are banned","|rule|Endless Battle Clause: Forcing endless battles is banned","|rule|HP Percentage Mod: HP is shown in percentages","|teampreview","|","|start","|switch|p1a: Heatran|Heatran, F|386/386","|switch|p2a: Victini|Victini|341/341","|turn|1","|","|move|p2a: Victini|Trick|p1a: Heatran","|-activate|p2a: Victini|move: Trick|[of] p1a: Heatran","|-item|p1a: Heatran|Choice Scarf|[from] move: Trick","|-item|p2a: Victini|Leftovers|[from] move: Trick","|move|p1a: Heatran|Stealth Rock|p2a: Victini","|-sidestart|p2: TheMajesticWurmple|move: Stealth Rock","|","|turn|2","|","|switch|p1a: Steelix|Steelix, M|354/354","|move|p2a: Victini|V-create|p1a: Steelix","|-supereffective|p1a: Steelix","|-damage|p1a: Steelix|94/354","|-unboost|p2a: Victini|spe|1","|-unboost|p2a: Victini|def|1","|-unboost|p2a: Victini|spd|1","|","|turn|3","|","|switch|p1a: Heatran|Heatran, F|386/386","|move|p2a: Victini|U-turn|p1a: Heatran","|-resisted|p1a: Heatran","|-damage|p1a: Heatran|369/386","|","|switch|p2a: BigPapaLongDong|Slowbro, M|393/393","|-damage|p2a: BigPapaLongDong|344/393|[from] Stealth Rock","|","|turn|4","|","|move|p1a: Heatran|Toxic|p2a: BigPapaLongDong","|-status|p2a: BigPapaLongDong|tox","|move|p2a: BigPapaLongDong|Thunder Wave|p1a: Heatran","|-status|p1a: Heatran|par","|","|-damage|p2a: BigPapaLongDong|320/393 tox|[from] psn","|turn|5","|","|switch|p1a: Steelix|Steelix, M|94/354","|move|p2a: BigPapaLongDong|Scald|p1a: Steelix","|-supereffective|p1a: Steelix","|-damage|p1a: Steelix|0 fnt","|faint|p1a: Steelix","|","|-damage|p2a: BigPapaLongDong|272/393 tox|[from] psn","|","|switch|p1a: Ferrothorn|Ferrothorn, F|352/352","|turn|6","|","|switch|p2a: Soul Train|Latias, F|301/301","|-damage|p2a: Soul Train|264/301|[from] Stealth Rock","|move|p1a: Ferrothorn|Thunder Wave|p2a: Soul Train","|-status|p2a: Soul Train|par","|","|turn|7","|","|move|p2a: Soul Train|Defog|p1a: Ferrothorn","|-unboost|p1a: Ferrothorn|evasion|1","|-sideend|p2: TheMajesticWurmple|Stealth Rock|[from] move: Defog|[of] p2a: Soul Train","|move|p1a: Ferrothorn|Leech Seed|p2a: Soul Train","|-start|p2a: Soul Train|move: Leech Seed","|","|-damage|p2a: Soul Train|227/301 par|[from] Leech Seed|[of] p1a: Ferrothorn","|turn|8","|","|switch|p2a: Victini|Victini|341/341","|move|p1a: Ferrothorn|Stealth Rock|p2a: Victini","|-sidestart|p2: TheMajesticWurmple|move: Stealth Rock","|","|turn|9","|","|move|p2a: Victini|V-create|p1a: Ferrothorn","|-supereffective|p1a: Ferrothorn","|-damage|p1a: Ferrothorn|0 fnt","|-damage|p2a: Victini|299/341|[from] ability: Iron Barbs|[of] p1a: Ferrothorn","|-damage|p2a: Victini|243/341|[from] item: Rocky Helmet|[of] p1a: Ferrothorn","|-unboost|p2a: Victini|spe|1","|-unboost|p2a: Victini|def|1","|-unboost|p2a: Victini|spd|1","|faint|p1a: Ferrothorn","|","|-heal|p2a: Victini|264/341|[from] item: Leftovers","|","|switch|p1a: Jirachi|Jirachi|404/404","|turn|10","|","|switch|p2a: BigPapaLongDong|Slowbro, M|393/393 tox","|-damage|p2a: BigPapaLongDong|344/393 tox|[from] Stealth Rock","|move|p1a: Jirachi|Ancient Power|p2a: BigPapaLongDong","|-damage|p2a: BigPapaLongDong|291/393 tox","|-boost|p1a: Jirachi|atk|1","|-boost|p1a: Jirachi|def|1","|-boost|p1a: Jirachi|spa|1","|-boost|p1a: Jirachi|spd|1","|-boost|p1a: Jirachi|spe|1","|","|-damage|p2a: BigPapaLongDong|267/393 tox|[from] psn","|turn|11","|","|move|p1a: Jirachi|Ancient Power|p2a: BigPapaLongDong","|-damage|p2a: BigPapaLongDong|184/393 tox","|move|p2a: BigPapaLongDong|Thunder Wave|p1a: Jirachi","|-status|p1a: Jirachi|par","|","|-damage|p2a: BigPapaLongDong|136/393 tox|[from] psn","|turn|12","|","|switch|p2a: McBiggleDiggles|Meloetta|403/403","|-damage|p2a: McBiggleDiggles|353/403|[from] Stealth Rock","|move|p1a: Jirachi|Ancient Power|p2a: McBiggleDiggles","|-damage|p2a: McBiggleDiggles|291/403","|","|turn|13","|","|move|p2a: McBiggleDiggles|Shadow Ball|p1a: Jirachi","|-supereffective|p1a: Jirachi","|-damage|p1a: Jirachi|230/404 par","|-unboost|p1a: Jirachi|spd|1","|move|p1a: Jirachi|Ancient Power|p2a: McBiggleDiggles","|-damage|p2a: McBiggleDiggles|234/403","|-boost|p1a: Jirachi|atk|1","|-boost|p1a: Jirachi|def|1","|-boost|p1a: Jirachi|spa|1","|-boost|p1a: Jirachi|spd|1","|-boost|p1a: Jirachi|spe|1","|","|-heal|p1a: Jirachi|255/404 par|[from] item: Leftovers","|turn|14","|","|move|p2a: McBiggleDiggles|Shadow Ball|p1a: Jirachi","|-supereffective|p1a: Jirachi","|-damage|p1a: Jirachi|87/404 par","|move|p1a: Jirachi|Ancient Power|p2a: McBiggleDiggles","|-damage|p2a: McBiggleDiggles|161/403","|","|-heal|p1a: Jirachi|112/404 par|[from] item: Leftovers","|turn|15","|","|move|p2a: McBiggleDiggles|Shadow Ball|p1a: Jirachi","|-supereffective|p1a: Jirachi","|-damage|p1a: Jirachi|0 fnt","|faint|p1a: Jirachi","|","|","|switch|p1a: Skarmory|Skarmory, M|272/272","|turn|16","|","|move|p2a: McBiggleDiggles|Shadow Ball|p1a: Skarmory","|-damage|p1a: Skarmory|122/272","|move|p1a: Skarmory|Brave Bird|p2a: McBiggleDiggles","|-damage|p2a: McBiggleDiggles|8/403","|-damage|p1a: Skarmory|72/272|[from] recoil|[of] p2a: McBiggleDiggles","|","|turn|17","|","|move|p2a: McBiggleDiggles|Shadow Ball|p1a: Skarmory","|-damage|p1a: Skarmory|0 fnt","|faint|p1a: Skarmory","|","|","|switch|p1a: Heatran|Heatran, F|369/386 par","|turn|18","|","|move|p2a: McBiggleDiggles|Shadow Ball|p1a: Heatran","|-damage|p1a: Heatran|262/386 par","|cant|p1a: Heatran|par","|","|turn|19","|","|move|p2a: McBiggleDiggles|Shadow Ball|p1a: Heatran","|-damage|p1a: Heatran|156/386 par","|-unboost|p1a: Heatran|spd|1","|move|p1a: Heatran|Lava Plume|p2a: McBiggleDiggles","|-damage|p2a: McBiggleDiggles|0 fnt","|faint|p2a: McBiggleDiggles","|","|","|switch|p2a: First Class|Metagross, shiny|363/363","|-damage|p2a: First Class|341/363|[from] Stealth Rock","|turn|20","|","|move|p2a: First Class|Earthquake|p1a: Heatran","|-supereffective|p1a: Heatran","|-damage|p1a: Heatran|0 fnt","|faint|p1a: Heatran","|","|","|switch|p1a: Excadrill|Excadrill, M|359/359","|-ability|p1a: Excadrill|Mold Breaker","|-item|p1a: Excadrill|Air Balloon","|turn|21","|","|move|p1a: Excadrill|Iron Head|p2a: First Class","|-resisted|p2a: First Class","|-damage|p2a: First Class|277/363","|move|p2a: First Class|Zen Headbutt|p1a: Excadrill","|-resisted|p1a: Excadrill","|-damage|p1a: Excadrill|230/359","|-enditem|p1a: Excadrill|Air Balloon","|","|turn|22","|","|move|p2a: First Class|Bullet Punch|p1a: Excadrill","|-resisted|p1a: Excadrill","|-damage|p1a: Excadrill|166/359","|move|p1a: Excadrill|Earthquake|p2a: First Class","|-supereffective|p2a: First Class","|-damage|p2a: First Class|0 fnt","|faint|p2a: First Class","|","|","|switch|p2a: Victini|Victini|264/341","|-damage|p2a: Victini|179/341|[from] Stealth Rock","|turn|23","|","|move|p2a: Victini|V-create|p1a: Excadrill","|-supereffective|p1a: Excadrill","|-damage|p1a: Excadrill|0 fnt","|-unboost|p2a: Victini|spe|1","|-unboost|p2a: Victini|def|1","|-unboost|p2a: Victini|spd|1","|faint|p1a: Excadrill","|","|win|TheMajesticWurmple"],"p1rating":{"entryid":"6925118","serverid":"eos","formatid":"monotype","userid":"ltiltahit","username":"LTIL-Tahit","w":"58","l":60,"t":"0","gxe":51.5,"r":"1512.4460243575","rd":"36.321359663069","sigma":"0","rptime":"1439024400","rpr":1511.5813176712,"rprd":35.83287557127,"rpsigma":"0","acre":1117.5841409315,"lacre":1117.5841409315,"oldacre":"1132.4624075856"},"p2rating":{"entryid":"7119116","serverid":"eos","formatid":"monotype","userid":"themajesticwurmple","username":"TheMajesticWurmple","w":14,"l":"2","t":"0","gxe":73.5,"r":"1687.7359727224","rd":"78.718967599201","sigma":"0","rptime":"1439024400","rpr":1696.8853313149,"rprd":77.197791300077,"rpsigma":"0","acre":1296.5501155402,"lacre":1296.5501155402,"oldacre":"1281.6718488861"},"endType":"normal"}