{"seed":[20337,35670,48060,27925],"turns":22,"p1":"Infinitereasons","p2":"alliance - ed wins","p1team":[{"name":"Moist Mofo","species":"gastrodon","item":"assaultvest","ability":"Storm Drain","moves":["earthpower","scald","icebeam","hiddenpowerfire"],"nature":"Calm","evs":{"hp":252,"atk":0,"def":0,"spa":4,"spd":252,"spe":0},"ivs":{"hp":31,"atk":30,"def":31,"spa":30,"spd":31,"spe":30}},{"name":"Dead Mofo","species":"mamoswine","item":"lifeorb","ability":"Thick Fat","moves":["iciclecrash","earthquake","iceshard","knockoff"],"nature":"Jolly","evs":{"hp":4,"atk":252,"def":0,"spa":0,"spd":0,"spe":252},"ivs":{"hp":31,"atk":31,"def":31,"spa":31,"spd":31,"spe":31}},{"name":"Drill Mofo","species":"excadrill","item":"lifeorb","ability":"Sand Rush","moves":["earthquake","rockslide","ironhead","swordsdance"],"nature":"Adamant","evs":{"hp":0,"atk":252,"def":0,"spa":0,"spd":4,"spe":252},"shiny":true,"ivs":{"hp":31,"atk":31,"def":31,"spa":31,"spd":31,"spe":31}},{"name":"God Mofo","species":"landorus","item":"lifeorb","ability":"Sheer Force","moves":["earthpower","focusblast","psychic","sludgewave"],"nature":"Timid","evs":{"hp":0,"atk":0,"def":0,"spa":252,"spd":4,"spe":252},"ivs":{"hp":31,"atk":31,"def":31,"spa":31,"spd":31,"spe":31}},{"name":"Phat Mofo","species":"hippowdon","item":"leftovers","ability":"Sand Stream","moves":["earthquake","stealthrock","whirlwind","slackoff"],"nature":"Impish","evs":{"hp":252,"atk":4,"def":252,"spa":0,"spd":0,"spe":0},"ivs":{"hp":31,"atk":31,"def":31,"spa":31,"spd":31,"spe":31}},{"name":"Claws Mofo","species":"gliscor","item":"toxicorb","ability":"Poison Heal","moves":["earthquake","protect","toxic","substitute"],"nature":"Impish","evs":{"hp":248,"atk":0,"def":188,"spa":0,"spd":0,"spe":72},"shiny":true,"ivs":{"hp":31,"atk":31,"def":31,"spa":31,"spd":31,"spe":31}}],"p2team":[{"name":"Generic Fairy V2.1","species":"diancie","item":"leftovers","ability":"Clear Body","moves":["stealthrock","trickroom","diamondstorm","explosion"],"nature":"Brave","evs":{"hp":248,"atk":252,"def":8,"spa":0,"spd":0,"spe":0},"ivs":{"hp":31,"atk":31,"def":31,"spa":31,"spd":31,"spe":0}},{"name":"Anon Twink","species":"sylveon","item":"choicespecs","ability":"Pixilate","moves":["hypervoice","hiddenpowerfire","psyshock","shadowball"],"nature":"Quiet","evs":{"hp":248,"atk":0,"def":8,"spa":252,"spd":0,"spe":0},"gender":"M","ivs":{"hp":31,"atk":0,"def":31,"spa":30,"spd":31,"spe":0}},{"name":"Urine Trouble","species":"azumarill","item":"lifeorb","ability":"Huge Power","moves":["playrough","waterfall","superpower","aquajet"],"nature":"Brave","evs":{"hp":248,"atk":252,"def":0,"spa":0,"spd":8,"spe":0},"gender":"M","ivs":{"hp":31,"atk":31,"def":31,"spa":31,"spd":31,"spe":0},"shiny":true},{"name":"Gardevoir-Senpai","species":"gardevoir","item":"gardevoirite","ability":"Trace","moves":["hypervoice","focusblast","trickroom","healingwish"],"nature":"Quiet","evs":{"hp":248,"atk":0,"def":8,"spa":252,"spd":0,"spe":0},"gender":"M","ivs":{"hp":31,"atk":0,"def":31,"spa":31,"spd":31,"spe":0},"shiny":true},{"name":"Janitors Fren","species":"klefki","item":"lightclay","ability":"Prankster","moves":["reflect","lightscreen","foulplay","spikes"],"nature":"Bold","evs":{"hp":248,"atk":0,"def":252,"spa":0,"spd":8,"spe":0},"ivs":{"hp":31,"atk":0,"def":31,"spa":31,"spd":31,"spe":31}},{"name":"'Murica","species":"togekiss","item":"choicescarf","ability":"Serene Grace","moves":["airslash","fireblast","dazzlinggleam","trick"],"nature":"Timid","evs":{"hp":0,"atk":0,"def":0,"spa":252,"spd":4,"spe":252},"ivs":{"hp":31,"atk":0,"def":31,"spa":31,"spd":31,"spe":31}}],"log":["|player|p1|Infinitereasons|blankinfinite.png","|player|p2|alliance - ed wins|102","|gametype|singles","|gen|6","|tier|Monotype","|rated","|rule|Baton Pass Clause: Limit one Baton Passer, can't pass Spe and other stats simultaneously","|rule|Swagger Clause: Swagger is banned","|rule|Same Type Clause: Pokémon in a team must share a type","|clearpoke","|poke|p1|Gastrodon, M","|poke|p1|Mamoswine, M","|poke|p1|Excadrill, M, shiny","|poke|p1|Landorus, M","|poke|p1|Hippowdon, M","|poke|p1|Gliscor, M, shiny","|poke|p2|Diancie","|poke|p2|Sylveon, M","|poke|p2|Azumarill, M, shiny","|poke|p2|Gardevoir, M, shiny","|poke|p2|Klefki, M","|poke|p2|Togekiss, M","|rule|Sleep Clause Mod: Limit one foe put to sleep","|rule|Species Clause: Limit one of each Pokémon","|rule|OHKO Clause: OHKO moves are banned","|rule|Moody Clause: Moody is banned","|rule|Evasion Moves Clause: Evasion moves are banned","|rule|Endless Battle Clause: Forcing endless battles is banned","|rule|HP Percentage Mod: HP is shown in percentages","|teampreview","|","|start","|switch|p1a: God Mofo|Landorus, M|319/319","|switch|p2a: Anon Twink|Sylveon, M|393/393","|turn|1","|","|move|p1a: God Mofo|Sludge Wave|p2a: Anon Twink","|-supereffective|p2a: Anon Twink","|-damage|p2a: Anon Twink|133/393","|move|p2a: Anon Twink|Hyper Voice|p1a: God Mofo","|-damage|p1a: God Mofo|0 fnt","|faint|p1a: God Mofo","|","|","|switch|p1a: Claws Mofo|Gliscor, M, shiny|353/353","|turn|2","|","|move|p1a: Claws Mofo|Protect|p1a: Claws Mofo","|-singleturn|p1a: Claws Mofo|Protect","|move|p2a: Anon Twink|Hyper Voice|p1a: Claws Mofo","|-activate|p1a: Claws Mofo|Protect","|","|-status|p1a: Claws Mofo|tox|[from] item: Toxic Orb","|turn|3","|","|switch|p1a: Moist Mofo|Gastrodon, M|426/426","|move|p2a: Anon Twink|Hyper Voice|p1a: Moist Mofo","|-damage|p1a: Moist Mofo|255/426","|","|turn|4","|","|move|p1a: Moist Mofo|Scald|p2a: Anon Twink","|-damage|p2a: Anon Twink|61/393","|-status|p2a: Anon Twink|brn","|move|p2a: Anon Twink|Hyper Voice|p1a: Moist Mofo","|-damage|p1a: Moist Mofo|78/426","|","|-damage|p2a: Anon Twink|12/393 brn|[from] brn","|turn|5","|","|switch|p2a: Gardevoir-Senpai|Gardevoir, M, shiny|339/339","|-ability|p2a: Gardevoir-Senpai|Storm Drain|[from] ability: Trace|[of] p1a: Moist Mofo","|move|p1a: Moist Mofo|Scald|p2a: Gardevoir-Senpai","|-boost|p2a: Gardevoir-Senpai|spa|1|[from] ability: Storm Drain","|","|turn|6","|","|move|p1a: Moist Mofo|Earth Power|p2a: Gardevoir-Senpai","|-damage|p2a: Gardevoir-Senpai|245/339","|move|p2a: Gardevoir-Senpai|Trick Room|p2a: Gardevoir-Senpai","|-fieldstart|move: Trick Room|[of] p2a: Gardevoir-Senpai","|","|turn|7","|","|move|p1a: Moist Mofo|Earth Power|p2a: Gardevoir-Senpai","|-crit|p2a: Gardevoir-Senpai","|-damage|p2a: Gardevoir-Senpai|113/339","|move|p2a: Gardevoir-Senpai|Hyper Voice|p1a: Moist Mofo","|-damage|p1a: Moist Mofo|0 fnt","|faint|p1a: Moist Mofo","|","|","|switch|p1a: Dead Mofo|Mamoswine, M|362/362","|turn|8","|","|switch|p2a: Urine Trouble|Azumarill, M, shiny|403/403","|move|p1a: Dead Mofo|Ice Shard|p2a: Urine Trouble","|-resisted|p2a: Urine Trouble","|-damage|p2a: Urine Trouble|348/403","|-damage|p1a: Dead Mofo|326/362|[from] item: Life Orb","|","|turn|9","|","|switch|p1a: Phat Mofo|Hippowdon, M|420/420","|-weather|Sandstorm","|move|p2a: Urine Trouble|Waterfall|p1a: Phat Mofo","|-supereffective|p1a: Phat Mofo","|-damage|p1a: Phat Mofo|147/420","|-damage|p2a: Urine Trouble|308/403|[from] item: Life Orb","|","|-weather|Sandstorm|[upkeep]","|-damage|p2a: Urine Trouble|283/403|[from] sandstorm","|-heal|p1a: Phat Mofo|173/420|[from] item: Leftovers","|turn|10","|","|move|p2a: Urine Trouble|Waterfall|p1a: Phat Mofo","|-supereffective|p1a: Phat Mofo","|-damage|p1a: Phat Mofo|0 fnt","|-damage|p2a: Urine Trouble|243/403|[from] item: Life Orb","|faint|p1a: Phat Mofo","|","|-weather|Sandstorm|[upkeep]","|-damage|p2a: Urine Trouble|218/403|[from] sandstorm","|-fieldend|move: Trick Room","|","|switch|p1a: Drill Mofo|Excadrill, M, shiny|361/361","|turn|11","|","|switch|p2a: Anon Twink|Sylveon, M|12/393 brn","|move|p1a: Drill Mofo|Earthquake|p2a: Anon Twink","|-damage|p2a: Anon Twink|0 fnt","|-damage|p1a: Drill Mofo|325/361|[from] item: Life Orb","|faint|p2a: Anon Twink","|","|-weather|Sandstorm|[upkeep]","|","|switch|p2a: Janitors Fren|Klefki, M|317/317","|turn|12","|","|move|p1a: Drill Mofo|Swords Dance|p1a: Drill Mofo","|-boost|p1a: Drill Mofo|atk|2","|move|p2a: Janitors Fren|Foul Play|p1a: Drill Mofo","|-damage|p1a: Drill Mofo|0 fnt","|faint|p1a: Drill Mofo","|","|-weather|Sandstorm|[upkeep]","|","|switch|p1a: Dead Mofo|Mamoswine, M|326/362","|turn|13","|","|move|p2a: Janitors Fren|Reflect|p2a: Janitors Fren","|-sidestart|p2: alliance - ed wins|Reflect","|move|p1a: Dead Mofo|Earthquake|p2a: Janitors Fren","|-supereffective|p2a: Janitors Fren","|-damage|p2a: Janitors Fren|125/317","|-damage|p1a: Dead Mofo|290/362|[from] item: Life Orb","|","|-weather|none","|turn|14","|","|switch|p2a: 'Murica|Togekiss, M|311/311","|move|p1a: Dead Mofo|Knock Off|p2a: 'Murica","|-resisted|p2a: 'Murica","|-damage|p2a: 'Murica|274/311","|-enditem|p2a: 'Murica|Choice Scarf|[from] move: Knock Off|[of] p1a: Dead Mofo","|-damage|p1a: Dead Mofo|254/362|[from] item: Life Orb","|","|turn|15","|","|move|p1a: Dead Mofo|Icicle Crash|p2a: 'Murica","|-crit|p2a: 'Murica","|-supereffective|p2a: 'Murica","|-damage|p2a: 'Murica|0 fnt","|-damage|p1a: Dead Mofo|218/362|[from] item: Life Orb","|faint|p2a: 'Murica","|","|","|switch|p2a: Urine Trouble|Azumarill, M, shiny|218/403","|turn|16","|","|move|p2a: Urine Trouble|Aqua Jet|p1a: Dead Mofo","|-supereffective|p1a: Dead Mofo","|-damage|p1a: Dead Mofo|0 fnt","|-damage|p2a: Urine Trouble|178/403|[from] item: Life Orb","|faint|p1a: Dead Mofo","|","|","|switch|p1a: Claws Mofo|Gliscor, M, shiny|353/353 tox","|turn|17","|","|switch|p2a: Gardevoir-Senpai|Gardevoir, M, shiny|113/339","|-ability|p2a: Gardevoir-Senpai|Poison Heal|[from] ability: Trace|[of] p1a: Claws Mofo","|move|p1a: Claws Mofo|Substitute|p1a: Claws Mofo","|-start|p1a: Claws Mofo|Substitute","|-damage|p1a: Claws Mofo|265/353 tox","|","|-heal|p1a: Claws Mofo|309/353 tox|[from] ability: Poison Heal","|turn|18","|","|move|p1a: Claws Mofo|Earthquake|p2a: Gardevoir-Senpai","|-damage|p2a: Gardevoir-Senpai|40/339","|move|p2a: Gardevoir-Senpai|Trick Room|p2a: Gardevoir-Senpai","|-fieldstart|move: Trick Room|[of] p2a: Gardevoir-Senpai","|","|-heal|p1a: Claws Mofo|353/353 tox|[from] ability: Poison Heal","|turn|19","|","|detailschange|p2a: Gardevoir-Senpai|Gardevoir-Mega, M, shiny","|-mega|p2a: Gardevoir-Senpai|Gardevoir|Gardevoirite","|move|p2a: Gardevoir-Senpai|Hyper Voice|p1a: Claws Mofo","|-damage|p1a: Claws Mofo|5/353 tox","|move|p1a: Claws Mofo|Earthquake|p2a: Gardevoir-Senpai","|-damage|p2a: Gardevoir-Senpai|0 fnt","|faint|p2a: Gardevoir-Senpai","|","|-heal|p1a: Claws Mofo|49/353 tox|[from] ability: Poison Heal","|","|switch|p2a: Generic Fairy V2.1|Diancie|303/303","|turn|20","|","|move|p2a: Generic Fairy V2.1|Diamond Storm|p1a: Claws Mofo","|-end|p1a: Claws Mofo|Substitute","|-boost|p2a: Generic Fairy V2.1|def|1","|move|p1a: Claws Mofo|Toxic|p2a: Generic Fairy V2.1","|-status|p2a: Generic Fairy V2.1|tox","|","|-damage|p2a: Generic Fairy V2.1|285/303 tox|[from] psn","|-heal|p1a: Claws Mofo|93/353 tox|[from] ability: Poison Heal","|-sideend|p2: alliance - ed wins|Reflect","|turn|21","|","|move|p1a: Claws Mofo|Protect|p1a: Claws Mofo","|-singleturn|p1a: Claws Mofo|Protect","|move|p2a: Generic Fairy V2.1|Diamond Storm|p1a: Claws Mofo","|-activate|p1a: Claws Mofo|Protect","|","|-heal|p2a: Generic Fairy V2.1|303/303 tox|[from] item: Leftovers","|-damage|p2a: Generic Fairy V2.1|267/303 tox|[from] psn","|-heal|p1a: Claws Mofo|137/353 tox|[from] ability: Poison Heal","|turn|22","|","|move|p2a: Generic Fairy V2.1|Explosion|p1a: Claws Mofo","|-crit|p1a: Claws Mofo","|-damage|p1a: Claws Mofo|0 fnt","|faint|p2a: Generic Fairy V2.1","|faint|p1a: Claws Mofo","|","|win|alliance - ed wins"],"p1rating":{"entryid":"7206103","serverid":"eos","formatid":"monotype","userid":"infinitereasons","username":"Infinitereasons ☾","w":"12","l":2,"t":"0","gxe":74.2,"r":"1589.7107679471","rd":"109.18537775491","sigma":"0","rptime":"1439024400","rpr":1703.6904372444,"rprd":81.031010764854,"rpsigma":"0","acre":1262.1428138652,"lacre":1262.1428138652,"oldacre":"1291.829987739"},"p2rating":{"entryid":"7432721","serverid":"eos","formatid":"monotype","userid":"allianceedwins","username":"alliance - ed wins","w":12,"l":"3","t":"0","gxe":71.4,"r":"1673.3762821028","rd":"92.015503405152","sigma":"0","rptime":"1439024400","rpr":1676.3449166928,"rprd":78.639405795152,"rpsigma":"0","acre":1255.5977596014,"lacre":1255.5977596014,"oldacre":"1225.9105857276"},"endType":"normal"}