{"seed":[23845,44194,29018,6460],"turns":18,"p1":"Jumeaux쌍둥이","p2":"Inferno Sapphire","p1team":[{"name":"ラティオス","species":"latios","item":"choicescarf","ability":"Levitate","moves":["shadowball","dragonpulse","psyshock","icebeam"],"nature":"Timid","evs":{"hp":0,"atk":0,"def":4,"spa":252,"spd":0,"spe":252},"ivs":{"hp":31,"atk":0,"def":31,"spa":31,"spd":31,"spe":31}},{"name":"キュレム","species":"kyuremblack","item":"lifeorb","ability":"Teravolt","moves":["icebeam","outrage","fusionbolt","ironhead"],"nature":"Naive","evs":{"hp":0,"atk":100,"def":0,"spa":180,"spd":0,"spe":228},"shiny":true,"ivs":{"hp":31,"atk":31,"def":31,"spa":31,"spd":31,"spe":31}},{"name":"ボーマンダ","species":"salamence","item":"choicescarf","ability":"Moxie","moves":["outrage","aerialace","steelwing","earthquake"],"nature":"Jolly","evs":{"hp":0,"atk":252,"def":4,"spa":0,"spd":0,"spe":252},"ivs":{"hp":31,"atk":31,"def":31,"spa":31,"spd":31,"spe":31}},{"name":"サザンドラ","species":"hydreigon","item":"choicespecs","ability":"Levitate","moves":["darkpulse","flamethrower","dracometeor","flashcannon"],"nature":"Modest","evs":{"hp":0,"atk":0,"def":4,"spa":252,"spd":0,"spe":252},"shiny":true,"ivs":{"hp":31,"atk":31,"def":31,"spa":31,"spd":31,"spe":31}},{"name":"ガブリアス","species":"garchomp","item":"rockyhelmet","ability":"Rough Skin","moves":["stealthrock","earthquake","dragontail","endure"],"nature":"Impish","evs":{"hp":252,"atk":0,"def":232,"spa":0,"spd":24,"spe":0},"ivs":{"hp":31,"atk":31,"def":31,"spa":31,"spd":31,"spe":31}},{"name":"ラティアス","species":"latias","item":"latiasite","ability":"Levitate","moves":["calmmind","recover","psyshock","dragonbreath"],"nature":"Bold","evs":{"hp":252,"atk":0,"def":224,"spa":0,"spd":0,"spe":32},"ivs":{"hp":31,"atk":0,"def":31,"spa":31,"spd":31,"spe":31}}],"p2team":[{"name":"Breloom","species":"Breloom","item":"focussash","ability":"Technician","moves":["spore","bulletseed","machpunch","swordsdance"],"nature":"Jolly","evs":{"hp":0,"atk":252,"def":0,"spa":0,"spd":4,"spe":252},"ivs":{"hp":31,"atk":31,"def":31,"spa":31,"spd":31,"spe":31}},{"name":"Ferrothorn","species":"Ferrothorn","item":"leftovers","ability":"Iron Barbs","moves":["stealthrock","leechseed","gyroball","powerwhip"],"nature":"Relaxed","evs":{"hp":252,"atk":4,"def":84,"spa":0,"spd":168,"spe":0},"ivs":{"hp":31,"atk":31,"def":31,"spa":31,"spd":31,"spe":0}},{"name":"Roserade","species":"Roserade","item":"blacksludge","ability":"Natural Cure","moves":["synthesis","toxicspikes","gigadrain","sludgebomb"],"nature":"Calm","evs":{"hp":240,"atk":0,"def":0,"spa":4,"spd":252,"spe":12},"ivs":{"hp":31,"atk":31,"def":31,"spa":31,"spd":31,"spe":31}},{"name":"Venusaur","species":"Venusaur","item":"venusaurite","ability":"Chlorophyll","moves":["gigadrain","sludgebomb","hiddenpowerfire","synthesis"],"nature":"Modest","evs":{"hp":232,"atk":0,"def":0,"spa":252,"spd":4,"spe":20},"ivs":{"hp":31,"atk":30,"def":31,"spa":30,"spd":31,"spe":30}},{"name":"Celebi","species":"Celebi","item":"leftovers","ability":"Natural Cure","moves":["nastyplot","gigadrain","psychic","earthpower"],"nature":"Bold","evs":{"hp":252,"atk":0,"def":148,"spa":0,"spd":0,"spe":108},"ivs":{"hp":31,"atk":31,"def":31,"spa":31,"spd":31,"spe":31}},{"name":"Gourgeist-Super","species":"Gourgeist-Super","item":"leftovers","ability":"Frisk","moves":["phantomforce","willowisp","leechseed","protect"],"nature":"Careful","evs":{"hp":252,"atk":4,"def":0,"spa":0,"spd":252,"spe":0},"ivs":{"hp":31,"atk":31,"def":31,"spa":31,"spd":31,"spe":31}}],"log":["|player|p1|Jumeaux쌍둥이|alliancewutang.png","|player|p2|Inferno Sapphire|266","|gametype|singles","|gen|6","|tier|Monotype","|rated","|rule|Baton Pass Clause: Limit one Baton Passer, can't pass Spe and other stats simultaneously","|rule|Swagger Clause: Swagger is banned","|rule|Same Type Clause: Pokémon in a team must share a type","|clearpoke","|poke|p1|Latios, M","|poke|p1|Kyurem-Black, shiny","|poke|p1|Salamence, M","|poke|p1|Hydreigon, F, shiny","|poke|p1|Garchomp, M","|poke|p1|Latias, F","|poke|p2|Breloom, M","|poke|p2|Ferrothorn, M","|poke|p2|Roserade, M","|poke|p2|Venusaur, F","|poke|p2|Celebi","|poke|p2|Gourgeist-*, F","|rule|Sleep Clause Mod: Limit one foe put to sleep","|rule|Species Clause: Limit one of each Pokémon","|rule|OHKO Clause: OHKO moves are banned","|rule|Moody Clause: Moody is banned","|rule|Evasion Moves Clause: Evasion moves are banned","|rule|Endless Battle Clause: Forcing endless battles is banned","|rule|HP Percentage Mod: HP is shown in percentages","|teampreview","|","|start","|switch|p1a: サザンドラ|Hydreigon, F, shiny|325/325","|switch|p2a: Breloom|Breloom, M|261/261","|turn|1","|","|move|p1a: サザンドラ|Dark Pulse|p2a: Breloom","|-resisted|p2a: Breloom","|-damage|p2a: Breloom|90/261","|move|p2a: Breloom|Spore|p1a: サザンドラ","|-status|p1a: サザンドラ|slp","|","|turn|2","|","|switch|p1a: ガブリアス|Garchomp, M|420/420","|move|p2a: Breloom|Swords Dance|p2a: Breloom","|-boost|p2a: Breloom|atk|2","|","|turn|3","|","|move|p2a: Breloom|Mach Punch|p1a: ガブリアス","|-damage|p1a: ガブリアス|251/420","|-damage|p2a: Breloom|58/261|[from] ability: Rough Skin|[of] p1a: ガブリアス","|-damage|p2a: Breloom|15/261|[from] item: Rocky Helmet|[of] p1a: ガブリアス","|move|p1a: ガブリアス|Stealth Rock|p2a: Breloom","|-sidestart|p2: Inferno Sapphire|move: Stealth Rock","|","|turn|4","|","|move|p2a: Breloom|Bullet Seed|p1a: ガブリアス","|-damage|p1a: ガブリアス|146/420","|-damage|p1a: ガブリアス|53/420","|-hitcount|p1a: ガブリアス|2","|move|p1a: ガブリアス|Earthquake|p2a: Breloom","|-resisted|p2a: Breloom","|-damage|p2a: Breloom|0 fnt","|faint|p2a: Breloom","|","|","|switch|p2a: Gourgeist-Super|Gourgeist-Super, F|374/374","|-damage|p2a: Gourgeist-Super|328/374|[from] Stealth Rock","|-item|p1a: ガブリアス|Rocky Helmet|[from] ability: Frisk|[of] p2a: Gourgeist-Super|[identify]","|turn|5","|","|switch|p1a: サザンドラ|Hydreigon, F, shiny|325/325 slp","|move|p2a: Gourgeist-Super|Leech Seed|p1a: サザンドラ","|-start|p1a: サザンドラ|move: Leech Seed","|","|-heal|p2a: Gourgeist-Super|351/374|[from] item: Leftovers","|-damage|p1a: サザンドラ|285/325 slp|[from] Leech Seed|[of] p2a: Gourgeist-Super","|-heal|p2a: Gourgeist-Super|374/374|[silent]","|turn|6","|","|cant|p1a: サザンドラ|slp","|move|p2a: Gourgeist-Super|Phantom Force|p1a: サザンドラ|[still]","|-prepare|p2a: Gourgeist-Super|Phantom Force|p1a: サザンドラ","|","|-damage|p1a: サザンドラ|245/325 slp|[from] Leech Seed|[of] p2a: Gourgeist-Super","|turn|7","|","|switch|p1a: ガブリアス|Garchomp, M|53/420","|move|p2a: Gourgeist-Super|Phantom Force|p1a: ガブリアス|[from]lockedmove","|-damage|p1a: ガブリアス|0 fnt","|-damage|p2a: Gourgeist-Super|328/374|[from] ability: Rough Skin|[of] p1a: ガブリアス","|-damage|p2a: Gourgeist-Super|266/374|[from] item: Rocky Helmet|[of] p1a: ガブリアス","|faint|p1a: ガブリアス","|","|-heal|p2a: Gourgeist-Super|289/374|[from] item: Leftovers","|","|switch|p1a: サザンドラ|Hydreigon, F, shiny|245/325 slp","|turn|8","|","|cant|p1a: サザンドラ|slp","|move|p2a: Gourgeist-Super|Leech Seed|p1a: サザンドラ","|-start|p1a: サザンドラ|move: Leech Seed","|","|-heal|p2a: Gourgeist-Super|312/374|[from] item: Leftovers","|-damage|p1a: サザンドラ|205/325 slp|[from] Leech Seed|[of] p2a: Gourgeist-Super","|-heal|p2a: Gourgeist-Super|352/374|[silent]","|turn|9","|","|-curestatus|p1a: サザンドラ|slp","|move|p1a: サザンドラ|Dark Pulse|p2a: Gourgeist-Super","|-supereffective|p2a: Gourgeist-Super","|-damage|p2a: Gourgeist-Super|0 fnt","|faint|p2a: Gourgeist-Super","|","|","|switch|p2a: Ferrothorn|Ferrothorn, M|352/352","|-damage|p2a: Ferrothorn|330/352|[from] Stealth Rock","|turn|10","|","|move|p1a: サザンドラ|Dark Pulse|p2a: Ferrothorn","|-damage|p2a: Ferrothorn|141/352","|move|p2a: Ferrothorn|Stealth Rock|p1a: サザンドラ","|-sidestart|p1: Jumeaux쌍둥이|move: Stealth Rock","|","|-heal|p2a: Ferrothorn|163/352|[from] item: Leftovers","|-damage|p1a: サザンドラ|165/325|[from] Leech Seed|[of] p2a: Ferrothorn","|-heal|p2a: Ferrothorn|203/352|[silent]","|turn|11","|","|switch|p2a: Roserade|Roserade, M|321/321","|-damage|p2a: Roserade|281/321|[from] Stealth Rock","|move|p1a: サザンドラ|Dark Pulse|p2a: Roserade","|-damage|p2a: Roserade|118/321","|","|-heal|p2a: Roserade|138/321|[from] item: Black Sludge","|-damage|p1a: サザンドラ|125/325|[from] Leech Seed|[of] p2a: Roserade","|-heal|p2a: Roserade|178/321|[silent]","|turn|12","|","|move|p1a: サザンドラ|Dark Pulse|p2a: Roserade","|-damage|p2a: Roserade|25/321","|move|p2a: Roserade|Synthesis|p2a: Roserade","|-heal|p2a: Roserade|185/321","|","|-heal|p2a: Roserade|205/321|[from] item: Black Sludge","|-damage|p1a: サザンドラ|85/325|[from] Leech Seed|[of] p2a: Roserade","|-heal|p2a: Roserade|245/321|[silent]","|turn|13","|","|move|p1a: サザンドラ|Dark Pulse|p2a: Roserade","|-damage|p2a: Roserade|73/321","|move|p2a: Roserade|Sludge Bomb|p1a: サザンドラ","|-damage|p1a: サザンドラ|0 fnt","|faint|p1a: サザンドラ","|","|-heal|p2a: Roserade|93/321|[from] item: Black Sludge","|","|switch|p1a: キュレム|Kyurem-Black, shiny|391/391","|-damage|p1a: キュレム|294/391|[from] Stealth Rock","|-ability|p1a: キュレム|Teravolt","|turn|14","|","|move|p1a: キュレム|Ice Beam|p2a: Roserade","|-crit|p2a: Roserade","|-supereffective|p2a: Roserade","|-damage|p2a: Roserade|0 fnt","|-damage|p1a: キュレム|255/391|[from] item: Life Orb","|faint|p2a: Roserade","|","|","|switch|p2a: Ferrothorn|Ferrothorn, M|203/352","|-damage|p2a: Ferrothorn|181/352|[from] Stealth Rock","|turn|15","|","|move|p1a: キュレム|Ice Beam|p2a: Ferrothorn","|-damage|p2a: Ferrothorn|37/352","|-damage|p1a: キュレム|216/391|[from] item: Life Orb","|move|p2a: Ferrothorn|Gyro Ball|p1a: キュレム","|-supereffective|p1a: キュレム","|-damage|p1a: キュレム|0 fnt","|faint|p1a: キュレム","|","|-heal|p2a: Ferrothorn|59/352|[from] item: Leftovers","|","|switch|p1a: ボーマンダ|Salamence, M|331/331","|-damage|p1a: ボーマンダ|249/331|[from] Stealth Rock","|turn|16","|","|move|p1a: ボーマンダ|Aerial Ace|p2a: Ferrothorn","|-damage|p2a: Ferrothorn|0 fnt","|-damage|p1a: ボーマンダ|208/331|[from] ability: Iron Barbs|[of] p2a: Ferrothorn","|faint|p2a: Ferrothorn","|-boost|p1a: ボーマンダ|atk|1|[from] ability: Moxie","|","|","|switch|p2a: Celebi|Celebi|404/404","|-damage|p2a: Celebi|354/404|[from] Stealth Rock","|turn|17","|","|move|p1a: ボーマンダ|Aerial Ace|p2a: Celebi","|-supereffective|p2a: Celebi","|-damage|p2a: Celebi|84/404","|move|p2a: Celebi|Nasty Plot|p2a: Celebi","|-boost|p2a: Celebi|spa|2","|","|-heal|p2a: Celebi|109/404|[from] item: Leftovers","|turn|18","|","|move|p1a: ボーマンダ|Aerial Ace|p2a: Celebi","|-supereffective|p2a: Celebi","|-damage|p2a: Celebi|0 fnt","|faint|p2a: Celebi","|-boost|p1a: ボーマンダ|atk|1|[from] ability: Moxie","|","|","|win|Jumeaux쌍둥이"],"p1rating":{"entryid":"7501166","serverid":"eos","formatid":"monotype","userid":"jumeaux","username":"Jumeaux쌍둥이","w":9,"l":"3","t":"0","gxe":66.3,"r":"1500","rd":"130","sigma":"0","rptime":"1439024400","rpr":1631.0334609239,"rprd":81.820029230549,"rpsigma":"0","acre":1202.6212391011,"lacre":1202.6212391011,"oldacre":"1190.0797036018"},"p2rating":{"entryid":7502993,"formatid":"monotype","userid":"infernosapphire","username":"Inferno Sapphire","r":1500,"rd":130,"sigma":0,"rpr":1459.8393856612,"rprd":122.8583080769,"rpsigma":0,"rptime":1439024400,"w":0,"l":1,"t":0,"gxe":45,"acre":1000,"lacre":1000,"oldacre":1000},"endType":"forfeit"}