{"seed":[37434,34265,3838,17808],"turns":33,"p1":"Alliance- WU용의TANG","p2":"Guard Choppah","p1team":[{"name":"ラティオス","species":"latios","item":"choicescarf","ability":"Levitate","moves":["hiddenpowerfire","dragonpulse","psyshock","icebeam"],"nature":"Timid","evs":{"hp":0,"atk":0,"def":4,"spa":252,"spd":0,"spe":252},"ivs":{"hp":31,"atk":30,"def":31,"spa":30,"spd":31,"spe":30}},{"name":"キュレム","species":"kyuremblack","item":"lifeorb","ability":"Teravolt","moves":["icebeam","outrage","fusionbolt","ironhead"],"nature":"Naive","evs":{"hp":0,"atk":100,"def":0,"spa":180,"spd":0,"spe":228},"shiny":true,"ivs":{"hp":31,"atk":31,"def":31,"spa":31,"spd":31,"spe":31}},{"name":"ボーマンダ","species":"salamence","item":"choicescarf","ability":"Moxie","moves":["outrage","aerialace","steelwing","earthquake"],"nature":"Jolly","evs":{"hp":0,"atk":252,"def":4,"spa":0,"spd":0,"spe":252},"ivs":{"hp":31,"atk":31,"def":31,"spa":31,"spd":31,"spe":31}},{"name":"サザンドラ","species":"hydreigon","item":"lifeorb","ability":"Levitate","moves":["darkpulse","flamethrower","dracometeor","flashcannon"],"nature":"Timid","evs":{"hp":4,"atk":0,"def":0,"spa":252,"spd":0,"spe":252},"shiny":true,"ivs":{"hp":31,"atk":31,"def":31,"spa":31,"spd":31,"spe":31}},{"name":"ガブリアス","species":"garchomp","item":"rockyhelmet","ability":"Rough Skin","moves":["stealthrock","earthquake","dragontail","endure"],"nature":"Impish","evs":{"hp":252,"atk":0,"def":232,"spa":0,"spd":24,"spe":0},"ivs":{"hp":31,"atk":31,"def":31,"spa":31,"spd":31,"spe":31}},{"name":"ラティアス","species":"latias","item":"latiasite","ability":"Levitate","moves":["calmmind","recover","psyshock","dragonbreath"],"nature":"Bold","evs":{"hp":252,"atk":0,"def":224,"spa":0,"spd":0,"spe":32},"ivs":{"hp":31,"atk":0,"def":31,"spa":31,"spd":31,"spe":31}}],"p2team":[{"name":"Skarmory","species":"Skarmory","item":"rockyhelmet","ability":"Sturdy","moves":["defog","bravebird","roost","spikes"],"nature":"Impish","evs":{"hp":252,"atk":4,"def":252,"spa":0,"spd":0,"spe":0},"ivs":{"hp":31,"atk":31,"def":31,"spa":31,"spd":31,"spe":31}},{"name":"Heatran","species":"Heatran","item":"leftovers","ability":"Flash Fire","moves":["toxic","lavaplume","flashcannon","protect"],"nature":"Calm","evs":{"hp":252,"atk":0,"def":0,"spa":4,"spd":252,"spe":0},"ivs":{"hp":31,"atk":31,"def":31,"spa":31,"spd":31,"spe":31}},{"name":"Ferrothorn","species":"Ferrothorn","item":"rockyhelmet","ability":"Iron Barbs","moves":["leechseed","powerwhip","toxic","stealthrock"],"nature":"Careful","evs":{"hp":248,"atk":8,"def":0,"spa":0,"spd":252,"spe":0},"ivs":{"hp":31,"atk":31,"def":31,"spa":31,"spd":31,"spe":31}},{"name":"Scizor","species":"Scizor","item":"scizorite","ability":"Technician","moves":["roost","bulletpunch","swordsdance","aerialace"],"nature":"Impish","evs":{"hp":248,"atk":0,"def":252,"spa":0,"spd":8,"spe":0},"ivs":{"hp":31,"atk":31,"def":31,"spa":31,"spd":31,"spe":31}},{"name":"Bisharp","species":"Bisharp","item":"lifeorb","ability":"Defiant","moves":["knockoff","ironhead","suckerpunch","pursuit"],"nature":"Jolly","evs":{"hp":0,"atk":252,"def":0,"spa":0,"spd":4,"spe":252},"ivs":{"hp":31,"atk":31,"def":31,"spa":31,"spd":31,"spe":31}},{"name":"Magnezone","species":"Magnezone","item":"choicescarf","ability":"Magnet Pull","moves":["thunderbolt","voltswitch","flashcannon","hiddenpowerfire"],"nature":"Timid","evs":{"hp":0,"atk":0,"def":0,"spa":252,"spd":4,"spe":252},"ivs":{"hp":31,"atk":30,"def":31,"spa":30,"spd":31,"spe":30}}],"log":["|player|p1|Alliance- WU용의TANG|alliancewutang.png","|player|p2|Guard Choppah|146","|gametype|singles","|gen|6","|tier|Monotype","|rated","|rule|Baton Pass Clause: Limit one Baton Passer, can't pass Spe and other stats simultaneously","|rule|Swagger Clause: Swagger is banned","|rule|Same Type Clause: Pokémon in a team must share a type","|clearpoke","|poke|p1|Latios, M","|poke|p1|Kyurem-Black, shiny","|poke|p1|Salamence, M","|poke|p1|Hydreigon, F, shiny","|poke|p1|Garchomp, M","|poke|p1|Latias, F","|poke|p2|Skarmory, F","|poke|p2|Heatran, M","|poke|p2|Ferrothorn, F","|poke|p2|Scizor, F","|poke|p2|Bisharp, F","|poke|p2|Magnezone","|rule|Sleep Clause Mod: Limit one foe put to sleep","|rule|Species Clause: Limit one of each Pokémon","|rule|OHKO Clause: OHKO moves are banned","|rule|Moody Clause: Moody is banned","|rule|Evasion Moves Clause: Evasion moves are banned","|rule|Endless Battle Clause: Forcing endless battles is banned","|rule|HP Percentage Mod: HP is shown in percentages","|teampreview","|","|start","|switch|p1a: サザンドラ|Hydreigon, F, shiny|326/326","|switch|p2a: Ferrothorn|Ferrothorn, F|351/351","|turn|1","|","|move|p1a: サザンドラ|Flamethrower|p2a: Ferrothorn","|-supereffective|p2a: Ferrothorn","|-damage|p2a: Ferrothorn|0 fnt","|-damage|p1a: サザンドラ|294/326|[from] item: Life Orb","|faint|p2a: Ferrothorn","|","|","|switch|p2a: Magnezone|Magnezone|281/281","|turn|2","|","|switch|p1a: ガブリアス|Garchomp, M|420/420","|move|p2a: Magnezone|Flash Cannon|p1a: ガブリアス","|-damage|p1a: ガブリアス|248/420","|-unboost|p1a: ガブリアス|spd|1","|","|turn|3","|","|move|p2a: Magnezone|Flash Cannon|p1a: ガブリアス","|-damage|p1a: ガブリアス|29/420","|move|p1a: ガブリアス|Stealth Rock|p2a: Magnezone","|-sidestart|p2: Guard Choppah|move: Stealth Rock","|","|turn|4","|","|move|p2a: Magnezone|Flash Cannon|p1a: ガブリアス","|-damage|p1a: ガブリアス|0 fnt","|faint|p1a: ガブリアス","|","|","|switch|p1a: ラティオス|Latios, M|301/301","|turn|5","|","|move|p1a: ラティオス|Hidden Power|p2a: Magnezone","|-supereffective|p2a: Magnezone","|-damage|p2a: Magnezone|129/281","|move|p2a: Magnezone|Flash Cannon|p1a: ラティオス","|-damage|p1a: ラティオス|169/301","|","|turn|6","|","|switch|p2a: Heatran|Heatran, M|386/386","|-damage|p2a: Heatran|338/386|[from] Stealth Rock","|move|p1a: ラティオス|Hidden Power|p2a: Heatran","|-start|p2a: Heatran|ability: Flash Fire","|","|-heal|p2a: Heatran|362/386|[from] item: Leftovers","|turn|7","|","|switch|p1a: ボーマンダ|Salamence, M|331/331","|move|p2a: Heatran|Toxic|p1a: ボーマンダ","|-status|p1a: ボーマンダ|tox","|","|-heal|p2a: Heatran|386/386|[from] item: Leftovers","|-damage|p1a: ボーマンダ|311/331 tox|[from] psn","|turn|8","|","|-end|p2a: Heatran|ability: Flash Fire|[silent]","|switch|p2a: Skarmory|Skarmory, F|334/334","|-damage|p2a: Skarmory|293/334|[from] Stealth Rock","|move|p1a: ボーマンダ|Earthquake|p2a: Skarmory","|-immune|p2a: Skarmory|[msg]","|","|-damage|p1a: ボーマンダ|271/331 tox|[from] psn","|turn|9","|","|switch|p1a: キュレム|Kyurem-Black, shiny|391/391","|-ability|p1a: キュレム|Teravolt","|switch|p2a: Heatran|Heatran, M|386/386","|-damage|p2a: Heatran|338/386|[from] Stealth Rock","|","|-heal|p2a: Heatran|362/386|[from] item: Leftovers","|turn|10","|","|switch|p1a: ボーマンダ|Salamence, M|271/331 tox","|move|p2a: Heatran|Flash Cannon|p1a: ボーマンダ","|-damage|p1a: ボーマンダ|124/331 tox","|","|-heal|p2a: Heatran|386/386|[from] item: Leftovers","|-damage|p1a: ボーマンダ|104/331 tox|[from] psn","|turn|11","|","|move|p2a: Heatran|Protect|p2a: Heatran","|-singleturn|p2a: Heatran|Protect","|move|p1a: ボーマンダ|Earthquake|p2a: Heatran","|-activate|p2a: Heatran|Protect","|","|-damage|p1a: ボーマンダ|64/331 tox|[from] psn","|turn|12","|","|switch|p2a: Skarmory|Skarmory, F|293/334","|-damage|p2a: Skarmory|252/334|[from] Stealth Rock","|move|p1a: ボーマンダ|Earthquake|p2a: Skarmory","|-immune|p2a: Skarmory|[msg]","|","|-damage|p1a: ボーマンダ|4/331 tox|[from] psn","|turn|13","|","|switch|p1a: キュレム|Kyurem-Black, shiny|391/391","|-ability|p1a: キュレム|Teravolt","|move|p2a: Skarmory|Defog|p1a: キュレム","|-unboost|p1a: キュレム|evasion|1","|-sideend|p2: Guard Choppah|Stealth Rock|[from] move: Defog|[of] p2a: Skarmory","|","|turn|14","|","|switch|p2a: Scizor|Scizor, F|343/343","|move|p1a: キュレム|Fusion Bolt|p2a: Scizor","|-damage|p2a: Scizor|220/343","|-damage|p1a: キュレム|352/391|[from] item: Life Orb","|","|turn|15","|","|switch|p1a: ボーマンダ|Salamence, M|4/331 tox","|detailschange|p2a: Scizor|Scizor-Mega, F","|-mega|p2a: Scizor|Scizor|Scizorite","|move|p2a: Scizor|Swords Dance|p2a: Scizor","|-boost|p2a: Scizor|atk|2","|","|-damage|p1a: ボーマンダ|0 fnt|[from] psn","|faint|p1a: ボーマンダ","|","|switch|p1a: サザンドラ|Hydreigon, F, shiny|294/326","|turn|16","|","|switch|p2a: Heatran|Heatran, M|386/386","|move|p1a: サザンドラ|Flamethrower|p2a: Heatran","|-start|p2a: Heatran|ability: Flash Fire","|","|turn|17","|","|move|p1a: サザンドラ|Dark Pulse|p2a: Heatran","|-damage|p2a: Heatran|257/386","|-damage|p1a: サザンドラ|262/326|[from] item: Life Orb","|move|p2a: Heatran|Toxic|p1a: サザンドラ","|-status|p1a: サザンドラ|tox","|","|-heal|p2a: Heatran|281/386|[from] item: Leftovers","|-damage|p1a: サザンドラ|242/326 tox|[from] psn","|turn|18","|","|move|p1a: サザンドラ|Dark Pulse|p2a: Heatran","|-damage|p2a: Heatran|155/386","|-damage|p1a: サザンドラ|210/326 tox|[from] item: Life Orb","|cant|p2a: Heatran|flinch","|","|-heal|p2a: Heatran|179/386|[from] item: Leftovers","|-damage|p1a: サザンドラ|170/326 tox|[from] psn","|turn|19","|","|move|p2a: Heatran|Protect|p2a: Heatran","|-singleturn|p2a: Heatran|Protect","|move|p1a: サザンドラ|Dark Pulse|p2a: Heatran","|-activate|p2a: Heatran|Protect","|","|-heal|p2a: Heatran|203/386|[from] item: Leftovers","|-damage|p1a: サザンドラ|110/326 tox|[from] psn","|turn|20","|","|move|p1a: サザンドラ|Dark Pulse|p2a: Heatran","|-damage|p2a: Heatran|77/386","|-damage|p1a: サザンドラ|78/326 tox|[from] item: Life Orb","|cant|p2a: Heatran|flinch","|","|-heal|p2a: Heatran|101/386|[from] item: Leftovers","|-damage|p1a: サザンドラ|0 fnt|[from] psn","|faint|p1a: サザンドラ","|","|switch|p1a: キュレム|Kyurem-Black, shiny|352/391","|-ability|p1a: キュレム|Teravolt","|turn|21","|","|move|p1a: キュレム|Fusion Bolt|p2a: Heatran","|-damage|p2a: Heatran|0 fnt","|-damage|p1a: キュレム|313/391|[from] item: Life Orb","|faint|p2a: Heatran","|","|","|switch|p2a: Scizor|Scizor-Mega, F|220/343","|turn|22","|","|move|p1a: キュレム|Fusion Bolt|p2a: Scizor","|-damage|p2a: Scizor|120/343","|-damage|p1a: キュレム|274/391|[from] item: Life Orb","|move|p2a: Scizor|Swords Dance|p2a: Scizor","|-boost|p2a: Scizor|atk|2","|","|turn|23","|","|move|p2a: Scizor|Bullet Punch|p1a: キュレム","|-supereffective|p1a: キュレム","|-damage|p1a: キュレム|0 fnt","|faint|p1a: キュレム","|","|","|switch|p1a: ラティオス|Latios, M|169/301","|turn|24","|","|move|p2a: Scizor|Bullet Punch|p1a: ラティオス","|-damage|p1a: ラティオス|0 fnt","|faint|p1a: ラティオス","|","|","|switch|p1a: ラティアス|Latias, F|364/364","|turn|25","|","|detailschange|p1a: ラティアス|Latias-Mega, F","|-mega|p1a: ラティアス|Latias|Latiasite","|move|p2a: Scizor|Bullet Punch|p1a: ラティアス","|-damage|p1a: ラティアス|241/364","|move|p1a: ラティアス|Dragon Breath|p2a: Scizor","|-resisted|p2a: Scizor","|-damage|p2a: Scizor|71/343","|-status|p2a: Scizor|par","|","|turn|26","|","|move|p1a: ラティアス|Calm Mind|p1a: ラティアス","|-boost|p1a: ラティアス|spa|1","|-boost|p1a: ラティアス|spd|1","|cant|p2a: Scizor|par","|","|turn|27","|","|cant|p2a: Scizor|par","|move|p1a: ラティアス|Dragon Breath|p2a: Scizor","|-resisted|p2a: Scizor","|-damage|p2a: Scizor|0 fnt","|faint|p2a: Scizor","|","|","|switch|p2a: Bisharp|Bisharp, F|271/271","|turn|28","|","|move|p1a: ラティアス|Recover|p1a: ラティアス","|-heal|p1a: ラティアス|364/364","|move|p2a: Bisharp|Knock Off|p1a: ラティアス","|-supereffective|p1a: ラティアス","|-damage|p1a: ラティアス|177/364","|-damage|p2a: Bisharp|244/271|[from] item: Life Orb","|","|turn|29","|","|move|p1a: ラティアス|Recover|p1a: ラティアス","|-heal|p1a: ラティアス|359/364","|move|p2a: Bisharp|Knock Off|p1a: ラティアス","|-supereffective|p1a: ラティアス","|-damage|p1a: ラティアス|180/364","|-damage|p2a: Bisharp|217/271|[from] item: Life Orb","|","|turn|30","|","|move|p1a: ラティアス|Recover|p1a: ラティアス","|-heal|p1a: ラティアス|362/364","|move|p2a: Bisharp|Knock Off|p1a: ラティアス","|-crit|p1a: ラティアス","|-supereffective|p1a: ラティアス","|-damage|p1a: ラティアス|73/364","|-damage|p2a: Bisharp|190/271|[from] item: Life Orb","|","|turn|31","|","|move|p1a: ラティアス|Recover|p1a: ラティアス","|-heal|p1a: ラティアス|255/364","|move|p2a: Bisharp|Knock Off|p1a: ラティアス","|-supereffective|p1a: ラティアス","|-damage|p1a: ラティアス|44/364","|-damage|p2a: Bisharp|163/271|[from] item: Life Orb","|","|turn|32","|","|move|p1a: ラティアス|Recover|p1a: ラティアス","|-heal|p1a: ラティアス|226/364","|move|p2a: Bisharp|Knock Off|p1a: ラティアス","|-supereffective|p1a: ラティアス","|-damage|p1a: ラティアス|28/364","|-damage|p2a: Bisharp|136/271|[from] item: Life Orb","|","|turn|33","|","|move|p1a: ラティアス|Dragon Breath|p2a: Bisharp","|-resisted|p2a: Bisharp","|-damage|p2a: Bisharp|34/271","|move|p2a: Bisharp|Knock Off|p1a: ラティアス","|-supereffective|p1a: ラティアス","|-damage|p1a: ラティアス|0 fnt","|-damage|p2a: Bisharp|7/271|[from] item: Life Orb","|faint|p1a: ラティアス","|","|win|Guard Choppah"],"p1rating":{"entryid":"7022950","serverid":"eos","formatid":"monotype","userid":"alliancewutang","username":"Alliance - Wu Tang","w":"44","l":19,"t":"0","gxe":67.9,"r":"1656.2145089817","rd":"50.371973774151","sigma":"0","rptime":"1438938000","rpr":1641.8614293631,"rprd":45.975645369881,"rpsigma":"0","acre":1269.9946643363,"lacre":1269.9946643363,"oldacre":"1292.9456884151"},"p2rating":{"entryid":"7425426","serverid":"eos","formatid":"monotype","userid":"guardchoppah","username":"Guard Choppah","w":22,"l":"5","t":"0","gxe":75.8,"r":"1683.3319553746","rd":"71.936269136568","sigma":"0","rptime":"1438938000","rpr":1718.3127150518,"rprd":64.118873577721,"rpsigma":"0","acre":1339.8460111533,"lacre":1339.8460111533,"oldacre":"1321.4851918903"},"endType":"normal"}