{"seed":[28067,61785,16458,9557],"turns":24,"p1":"DJ Biggie","p2":"Jumeaux쌍둥이","p1team":[{"name":"Aggron","species":"Aggron","item":"aggronite","ability":"Sturdy","moves":["heavyslam","earthquake","thunderwave","outrage"],"nature":"Adamant","evs":{"hp":248,"atk":252,"def":0,"spa":0,"spd":8,"spe":0},"ivs":{"hp":31,"atk":31,"def":31,"spa":31,"spd":31,"spe":31}},{"name":"Cradily","species":"Cradily","item":"leftovers","ability":"Storm Drain","moves":["stealthrock","rockslide","recover","gigadrain"],"nature":"Careful","evs":{"hp":252,"atk":4,"def":0,"spa":0,"spd":252,"spe":0},"ivs":{"hp":31,"atk":31,"def":31,"spa":31,"spd":31,"spe":31}},{"name":"Omastar","species":"Omastar","item":"focussash","ability":"Weak Armor","moves":["shellsmash","hydropump","icebeam","hiddenpowergrass"],"nature":"Timid","evs":{"hp":0,"atk":0,"def":4,"spa":252,"spd":0,"spe":252},"ivs":{"hp":31,"atk":30,"def":31,"spa":30,"spd":31,"spe":31}},{"name":"Tyrantrum","species":"Tyrantrum","item":"choicescarf","ability":"Rock Head","moves":["headsmash","outrage","dragonclaw","superpower"],"nature":"Jolly","evs":{"hp":0,"atk":252,"def":4,"spa":0,"spd":0,"spe":252},"ivs":{"hp":31,"atk":31,"def":31,"spa":31,"spd":31,"spe":31}},{"name":"Diancie","species":"Diancie","item":"leftovers","ability":"Clear Body","moves":["moonblast","psychic","diamondstorm","toxic"],"nature":"","evs":{"hp":0,"atk":0,"def":0,"spa":0,"spd":0,"spe":0},"ivs":{"hp":31,"atk":31,"def":31,"spa":31,"spd":31,"spe":31}},{"name":"Tyranitar","species":"Tyranitar","item":"assaultvest","ability":"Sand Stream","moves":["earthquake","stoneedge","pursuit","icebeam"],"nature":"Relaxed","evs":{"hp":248,"atk":0,"def":80,"spa":0,"spd":180,"spe":0},"ivs":{"hp":31,"atk":31,"def":31,"spa":31,"spd":31,"spe":31}}],"p2team":[{"name":"ラティオス","species":"latios","item":"choicescarf","ability":"Levitate","moves":["shadowball","dragonpulse","psyshock","icebeam"],"nature":"Timid","evs":{"hp":0,"atk":0,"def":4,"spa":252,"spd":0,"spe":252},"ivs":{"hp":31,"atk":0,"def":31,"spa":31,"spd":31,"spe":31}},{"name":"キュレム","species":"kyuremblack","item":"lifeorb","ability":"Teravolt","moves":["icebeam","outrage","fusionbolt","ironhead"],"nature":"Naive","evs":{"hp":0,"atk":100,"def":0,"spa":180,"spd":0,"spe":228},"shiny":true,"ivs":{"hp":31,"atk":31,"def":31,"spa":31,"spd":31,"spe":31}},{"name":"ボーマンダ","species":"salamence","item":"choicescarf","ability":"Moxie","moves":["outrage","aerialace","steelwing","earthquake"],"nature":"Jolly","evs":{"hp":0,"atk":252,"def":4,"spa":0,"spd":0,"spe":252},"ivs":{"hp":31,"atk":31,"def":31,"spa":31,"spd":31,"spe":31}},{"name":"サザンドラ","species":"hydreigon","item":"choicespecs","ability":"Levitate","moves":["darkpulse","flamethrower","dracometeor","flashcannon"],"nature":"Modest","evs":{"hp":0,"atk":0,"def":4,"spa":252,"spd":0,"spe":252},"shiny":true,"ivs":{"hp":31,"atk":31,"def":31,"spa":31,"spd":31,"spe":31}},{"name":"ガブリアス","species":"garchomp","item":"rockyhelmet","ability":"Rough Skin","moves":["stealthrock","earthquake","dragontail","endure"],"nature":"Impish","evs":{"hp":252,"atk":0,"def":232,"spa":0,"spd":24,"spe":0},"ivs":{"hp":31,"atk":31,"def":31,"spa":31,"spd":31,"spe":31}},{"name":"ラティアス","species":"latias","item":"latiasite","ability":"Levitate","moves":["calmmind","recover","psyshock","dragonbreath"],"nature":"Bold","evs":{"hp":252,"atk":0,"def":224,"spa":0,"spd":0,"spe":32},"ivs":{"hp":31,"atk":0,"def":31,"spa":31,"spd":31,"spe":31}}],"log":["|player|p1|DJ Biggie|djbiggie.png","|player|p2|Jumeaux쌍둥이|alliancewutang.png","|gametype|singles","|gen|6","|tier|Monotype","|rated","|rule|Baton Pass Clause: Limit one Baton Passer, can't pass Spe and other stats simultaneously","|rule|Swagger Clause: Swagger is banned","|rule|Same Type Clause: Pokémon in a team must share a type","|clearpoke","|poke|p1|Aggron, F","|poke|p1|Cradily, M","|poke|p1|Omastar, F","|poke|p1|Tyrantrum, M","|poke|p1|Diancie","|poke|p1|Tyranitar, M","|poke|p2|Latios, M","|poke|p2|Kyurem-Black, shiny","|poke|p2|Salamence, F","|poke|p2|Hydreigon, M, shiny","|poke|p2|Garchomp, M","|poke|p2|Latias, F","|rule|Sleep Clause Mod: Limit one foe put to sleep","|rule|Species Clause: Limit one of each Pokémon","|rule|OHKO Clause: OHKO moves are banned","|rule|Moody Clause: Moody is banned","|rule|Evasion Moves Clause: Evasion moves are banned","|rule|Endless Battle Clause: Forcing endless battles is banned","|rule|HP Percentage Mod: HP is shown in percentages","|teampreview","|","|start","|switch|p1a: Tyranitar|Tyranitar, M|403/403","|switch|p2a: サザンドラ|Hydreigon, M, shiny|325/325","|-weather|Sandstorm","|turn|1","|","|switch|p2a: ガブリアス|Garchomp, M|420/420","|move|p1a: Tyranitar|Ice Beam|p2a: ガブリアス","|-supereffective|p2a: ガブリアス","|-damage|p2a: ガブリアス|96/420","|","|-weather|Sandstorm|[upkeep]","|turn|2","|","|move|p2a: ガブリアス|Stealth Rock|p1a: Tyranitar","|-sidestart|p1: DJ Biggie|move: Stealth Rock","|move|p1a: Tyranitar|Ice Beam|p2a: ガブリアス","|-supereffective|p2a: ガブリアス","|-damage|p2a: ガブリアス|0 fnt","|faint|p2a: ガブリアス","|","|-weather|Sandstorm|[upkeep]","|","|switch|p2a: キュレム|Kyurem-Black, shiny|391/391","|-ability|p2a: キュレム|Teravolt","|turn|3","|","|move|p2a: キュレム|Iron Head|p1a: Tyranitar","|-supereffective|p1a: Tyranitar","|-damage|p1a: Tyranitar|187/403","|-damage|p2a: キュレム|352/391|[from] item: Life Orb","|move|p1a: Tyranitar|Stone Edge|p2a: キュレム","|-supereffective|p2a: キュレム","|-damage|p2a: キュレム|32/391","|","|-weather|Sandstorm|[upkeep]","|-damage|p2a: キュレム|8/391|[from] sandstorm","|turn|4","|","|switch|p1a: Aggron|Aggron, F|343/343","|-damage|p1a: Aggron|322/343|[from] Stealth Rock","|move|p2a: キュレム|Iron Head|p1a: Aggron","|-damage|p1a: Aggron|238/343","|-damage|p2a: キュレム|0 fnt|[from] item: Life Orb","|faint|p2a: キュレム","|","|-weather|Sandstorm|[upkeep]","|","|switch|p2a: ボーマンダ|Salamence, F|331/331","|turn|5","|","|detailschange|p1a: Aggron|Aggron-Mega, F","|-mega|p1a: Aggron|Aggron|Aggronite","|move|p2a: ボーマンダ|Earthquake|p1a: Aggron","|-supereffective|p1a: Aggron","|-damage|p1a: Aggron|154/343","|move|p1a: Aggron|Thunder Wave|p2a: ボーマンダ","|-status|p2a: ボーマンダ|par","|","|-weather|none","|turn|6","|","|move|p1a: Aggron|Outrage|p2a: ボーマンダ","|-supereffective|p2a: ボーマンダ","|-damage|p2a: ボーマンダ|0 fnt","|faint|p2a: ボーマンダ","|","|","|switch|p2a: サザンドラ|Hydreigon, M, shiny|325/325","|turn|7","|","|move|p2a: サザンドラ|Flamethrower|p1a: Aggron","|-supereffective|p1a: Aggron","|-damage|p1a: Aggron|0 fnt","|faint|p1a: Aggron","|","|","|switch|p1a: Diancie|Diancie|241/241","|-damage|p1a: Diancie|211/241|[from] Stealth Rock","|turn|8","|","|switch|p2a: ラティオス|Latios, M|301/301","|move|p1a: Diancie|Moonblast|p2a: ラティオス","|-supereffective|p2a: ラティオス","|-damage|p2a: ラティオス|103/301","|","|-heal|p1a: Diancie|226/241|[from] item: Leftovers","|turn|9","|","|switch|p1a: Cradily|Cradily, M|376/376","|-damage|p1a: Cradily|329/376|[from] Stealth Rock","|move|p2a: ラティオス|Shadow Ball|p1a: Cradily","|-crit|p1a: Cradily","|-damage|p1a: Cradily|226/376","|","|-heal|p1a: Cradily|249/376|[from] item: Leftovers","|turn|10","|","|move|p2a: ラティオス|Shadow Ball|p1a: Cradily","|-damage|p1a: Cradily|182/376","|move|p1a: Cradily|Stealth Rock|p2a: ラティオス","|-sidestart|p2: Jumeaux쌍둥이|move: Stealth Rock","|","|-heal|p1a: Cradily|205/376|[from] item: Leftovers","|turn|11","|","|switch|p2a: ラティアス|Latias, F|364/364","|-damage|p2a: ラティアス|319/364|[from] Stealth Rock","|move|p1a: Cradily|Rock Slide|p2a: ラティアス","|-damage|p2a: ラティアス|259/364","|","|-heal|p1a: Cradily|228/376|[from] item: Leftovers","|turn|12","|","|switch|p1a: Tyrantrum|Tyrantrum, M|305/305","|-damage|p1a: Tyrantrum|267/305|[from] Stealth Rock","|detailschange|p2a: ラティアス|Latias-Mega, F","|-mega|p2a: ラティアス|Latias|Latiasite","|move|p2a: ラティアス|Calm Mind|p2a: ラティアス","|-boost|p2a: ラティアス|spa|1","|-boost|p2a: ラティアス|spd|1","|","|turn|13","|","|move|p1a: Tyrantrum|Outrage|p2a: ラティアス","|-supereffective|p2a: ラティアス","|-damage|p2a: ラティアス|7/364","|move|p2a: ラティアス|Dragon Breath|p1a: Tyrantrum","|-supereffective|p1a: Tyrantrum","|-damage|p1a: Tyrantrum|0 fnt","|faint|p1a: Tyrantrum","|","|","|switch|p1a: Diancie|Diancie|226/241","|-damage|p1a: Diancie|196/241|[from] Stealth Rock","|turn|14","|","|move|p2a: ラティアス|Recover|p2a: ラティアス","|-heal|p2a: ラティアス|189/364","|move|p1a: Diancie|Moonblast|p2a: ラティアス","|-supereffective|p2a: ラティアス","|-damage|p2a: ラティアス|81/364","|-unboost|p2a: ラティアス|spa|1","|","|-heal|p1a: Diancie|211/241|[from] item: Leftovers","|turn|15","|","|move|p2a: ラティアス|Recover|p2a: ラティアス","|-heal|p2a: ラティアス|263/364","|move|p1a: Diancie|Moonblast|p2a: ラティアス","|-supereffective|p2a: ラティアス","|-damage|p2a: ラティアス|155/364","|-unboost|p2a: ラティアス|spa|1","|","|-heal|p1a: Diancie|226/241|[from] item: Leftovers","|turn|16","|","|move|p2a: ラティアス|Recover|p2a: ラティアス","|-heal|p2a: ラティアス|337/364","|move|p1a: Diancie|Toxic|p2a: ラティアス","|-status|p2a: ラティアス|tox","|","|-heal|p1a: Diancie|241/241|[from] item: Leftovers","|-damage|p2a: ラティアス|315/364 tox|[from] psn","|turn|17","|","|switch|p2a: ラティオス|Latios, M|103/301","|-damage|p2a: ラティオス|66/301|[from] Stealth Rock","|move|p1a: Diancie|Moonblast|p2a: ラティオス","|-supereffective|p2a: ラティオス","|-damage|p2a: ラティオス|0 fnt","|faint|p2a: ラティオス","|","|","|switch|p2a: サザンドラ|Hydreigon, M, shiny|325/325","|-damage|p2a: サザンドラ|285/325|[from] Stealth Rock","|turn|18","|","|move|p2a: サザンドラ|Flash Cannon|p1a: Diancie","|-crit|p1a: Diancie","|-supereffective|p1a: Diancie","|-damage|p1a: Diancie|0 fnt","|faint|p1a: Diancie","|","|","|switch|p1a: Cradily|Cradily, M|228/376","|-damage|p1a: Cradily|181/376|[from] Stealth Rock","|turn|19","|","|move|p2a: サザンドラ|Flash Cannon|p1a: Cradily","|-supereffective|p1a: Cradily","|-damage|p1a: Cradily|0 fnt","|faint|p1a: Cradily","|","|","|switch|p1a: Tyranitar|Tyranitar, M|187/403","|-damage|p1a: Tyranitar|137/403|[from] Stealth Rock","|-weather|Sandstorm","|turn|20","|","|move|p2a: サザンドラ|Flash Cannon|p1a: Tyranitar","|-supereffective|p1a: Tyranitar","|-damage|p1a: Tyranitar|19/403","|move|p1a: Tyranitar|Ice Beam|p2a: サザンドラ","|-supereffective|p2a: サザンドラ","|-damage|p2a: サザンドラ|137/325","|","|-weather|Sandstorm|[upkeep]","|-damage|p2a: サザンドラ|117/325|[from] sandstorm","|turn|21","|","|move|p2a: サザンドラ|Flash Cannon|p1a: Tyranitar","|-supereffective|p1a: Tyranitar","|-damage|p1a: Tyranitar|0 fnt","|faint|p1a: Tyranitar","|","|-weather|Sandstorm|[upkeep]","|-damage|p2a: サザンドラ|97/325|[from] sandstorm","|","|switch|p1a: Omastar|Omastar, F|281/281","|-damage|p1a: Omastar|246/281|[from] Stealth Rock","|turn|22","|","|move|p2a: サザンドラ|Flash Cannon|p1a: Omastar","|-crit|p1a: Omastar","|-damage|p1a: Omastar|40/281","|move|p1a: Omastar|Shell Smash|p1a: Omastar","|-unboost|p1a: Omastar|def|1","|-unboost|p1a: Omastar|spd|1","|-boost|p1a: Omastar|atk|2","|-boost|p1a: Omastar|spa|2","|-boost|p1a: Omastar|spe|2","|","|-weather|Sandstorm|[upkeep]","|-damage|p2a: サザンドラ|77/325|[from] sandstorm","|turn|23","|","|move|p1a: Omastar|Ice Beam|p2a: サザンドラ","|-supereffective|p2a: サザンドラ","|-damage|p2a: サザンドラ|0 fnt","|faint|p2a: サザンドラ","|","|-weather|Sandstorm|[upkeep]","|","|switch|p2a: ラティアス|Latias-Mega, F|315/364 tox","|-damage|p2a: ラティアス|270/364 tox|[from] Stealth Rock","|turn|24","|","|move|p1a: Omastar|Ice Beam|p2a: ラティアス","|-supereffective|p2a: ラティアス","|-damage|p2a: ラティアス|2/364 tox","|move|p2a: ラティアス|Psyshock|p1a: Omastar","|-damage|p1a: Omastar|0 fnt","|faint|p1a: Omastar","|","|win|Jumeaux쌍둥이"],"p1rating":{"entryid":"7236327","serverid":"eos","formatid":"monotype","userid":"djbiggie","username":"DJ Biggie","w":"22","l":19,"t":"0","gxe":52.1,"r":"1524.4614073745","rd":"54.190262292868","sigma":"0","rptime":"1439024400","rpr":1516.3090782441,"rprd":53.637932493312,"rpsigma":"0","acre":1094.6804102652,"lacre":1094.6804102652,"oldacre":"1116.1817740138"},"p2rating":{"entryid":"7501166","serverid":"eos","formatid":"monotype","userid":"jumeaux","username":"Jumeaux쌍둥이","w":7,"l":"2","t":"0","gxe":65.6,"r":"1500","rd":"130","sigma":"0","rptime":"1439024400","rpr":1624.9840216252,"rprd":88.753789098934,"rpsigma":"0","acre":1186.6263664618,"lacre":1186.6263664618,"oldacre":"1165.1250027132"},"endType":"normal"}