{"seed":[12170,32844,48653,49586],"turns":34,"p1":"GL♅Reshiram","p2":"Mawile Is bae","p1team":[{"name":"Heatran","species":"Heatran","item":"assaultvest","ability":"Flash Fire","moves":["firespin","earthpower","dragonpulse","flashcannon"],"nature":"Mild","evs":{"hp":108,"atk":0,"def":0,"spa":252,"spd":148,"spe":0},"ivs":{"hp":31,"atk":31,"def":31,"spa":31,"spd":31,"spe":31}},{"name":"Delphox","species":"Delphox","item":"lumberry","ability":"Blaze","moves":["calmmind","fireblast","sunnyday","solarbeam"],"nature":"Timid","evs":{"hp":0,"atk":0,"def":4,"spa":252,"spd":0,"spe":252},"ivs":{"hp":31,"atk":31,"def":31,"spa":31,"spd":31,"spe":31}},{"name":"Torkoal","species":"Torkoal","item":"leftovers","ability":"Shell Armor","moves":["protect","toxic","lavaplume","rapidspin"],"nature":"Bold","evs":{"hp":252,"atk":0,"def":252,"spa":4,"spd":0,"spe":0},"ivs":{"hp":31,"atk":31,"def":31,"spa":31,"spd":31,"spe":31}},{"name":"Rotom-Heat","species":"Rotom-Heat","item":"lightclay","ability":"Levitate","moves":["voltswitch","painsplit","reflect","lightscreen"],"nature":"Timid","evs":{"hp":236,"atk":0,"def":8,"spa":4,"spd":8,"spe":252},"ivs":{"hp":31,"atk":31,"def":31,"spa":31,"spd":31,"spe":31}},{"name":"Infernape","species":"Infernape","item":"lifeorb","ability":"Iron Fist","moves":["firepunch","machpunch","thunderpunch","uturn"],"nature":"Jolly","evs":{"hp":4,"atk":252,"def":0,"spa":0,"spd":0,"spe":252},"ivs":{"hp":31,"atk":31,"def":31,"spa":31,"spd":31,"spe":31}},{"name":"Charizard","species":"Charizard","item":"charizarditex","ability":"Blaze","moves":["dragondance","roost","dragonclaw","earthquake"],"nature":"Adamant","evs":{"hp":176,"atk":252,"def":0,"spa":0,"spd":0,"spe":80},"ivs":{"hp":31,"atk":31,"def":31,"spa":31,"spd":31,"spe":31}}],"p2team":[{"name":"Lisbeth","species":"chansey","item":"eviolite","ability":"Natural Cure","moves":["aromatherapy","thunderwave","softboiled","seismictoss"],"nature":"Bold","evs":{"hp":248,"atk":0,"def":252,"spa":0,"spd":8,"spe":0},"ivs":{"hp":31,"atk":31,"def":31,"spa":31,"spd":31,"spe":31}},{"name":"Asuna","species":"lopunny","item":"lopunnite","ability":"Limber","moves":["highjumpkick","fakeout","return","icepunch"],"nature":"Jolly","evs":{"hp":0,"atk":252,"def":0,"spa":0,"spd":4,"spe":252},"ivs":{"hp":31,"atk":31,"def":31,"spa":31,"spd":31,"spe":31}},{"name":"Kirito","species":"staraptor","item":"leftovers","ability":"Intimidate","moves":["bravebird","closecombat","roost","return"],"nature":"Impish","evs":{"hp":248,"atk":40,"def":200,"spa":0,"spd":0,"spe":20},"ivs":{"hp":31,"atk":31,"def":31,"spa":31,"spd":31,"spe":31}},{"name":"Klein","species":"porygon2","item":"eviolite","ability":"Download","moves":["icebeam","toxic","triattack","recover"],"nature":"Bold","evs":{"hp":248,"atk":0,"def":252,"spa":8,"spd":0,"spe":0},"ivs":{"hp":31,"atk":31,"def":31,"spa":31,"spd":31,"spe":31}},{"name":"Silica","species":"meloetta","item":"choicespecs","ability":"Serene Grace","moves":["hypervoice","psyshock","dazzlinggleam","focusblast"],"nature":"Modest","evs":{"hp":0,"atk":0,"def":0,"spa":252,"spd":8,"spe":248},"ivs":{"hp":31,"atk":31,"def":31,"spa":31,"spd":31,"spe":31}},{"name":"Diggersby","species":"Diggersby","item":"lifeorb","ability":"Huge Power","moves":["quickattack","swordsdance","return","earthquake"],"nature":"Jolly","evs":{"hp":0,"atk":252,"def":0,"spa":0,"spd":4,"spe":252},"ivs":{"hp":31,"atk":31,"def":31,"spa":31,"spd":31,"spe":31}}],"log":["|player|p1|GL♅Reshiram|68","|player|p2|Mawile Is bae|115","|gametype|singles","|gen|6","|tier|Monotype","|rated","|rule|Baton Pass Clause: Limit one Baton Passer, can't pass Spe and other stats simultaneously","|rule|Swagger Clause: Swagger is banned","|rule|Same Type Clause: Pokémon in a team must share a type","|clearpoke","|poke|p1|Heatran, F","|poke|p1|Delphox, F","|poke|p1|Torkoal, M","|poke|p1|Rotom-Heat","|poke|p1|Infernape, M","|poke|p1|Charizard, F","|poke|p2|Chansey, F","|poke|p2|Lopunny, M","|poke|p2|Staraptor, F","|poke|p2|Porygon2","|poke|p2|Meloetta","|poke|p2|Diggersby, F","|rule|Sleep Clause Mod: Limit one foe put to sleep","|rule|Species Clause: Limit one of each Pokémon","|rule|OHKO Clause: OHKO moves are banned","|rule|Moody Clause: Moody is banned","|rule|Evasion Moves Clause: Evasion moves are banned","|rule|Endless Battle Clause: Forcing endless battles is banned","|rule|HP Percentage Mod: HP is shown in percentages","|teampreview","|","|start","|switch|p1a: Rotom-Heat|Rotom-Heat|300/300","|switch|p2a: Asuna|Lopunny, M|271/271","|turn|1","|","|switch|p1a: Torkoal|Torkoal, M|344/344","|detailschange|p2a: Asuna|Lopunny-Mega, M","|-mega|p2a: Asuna|Lopunny|Lopunnite","|move|p2a: Asuna|Fake Out|p1a: Torkoal","|-damage|p1a: Torkoal|299/344","|","|-heal|p1a: Torkoal|320/344|[from] item: Leftovers","|turn|2","|","|switch|p2a: Lisbeth|Chansey, F|703/703","|move|p1a: Torkoal|Toxic|p2a: Lisbeth","|-status|p2a: Lisbeth|tox","|","|-heal|p1a: Torkoal|341/344|[from] item: Leftovers","|-damage|p2a: Lisbeth|660/703 tox|[from] psn","|turn|3","|","|switch|p1a: Rotom-Heat|Rotom-Heat|300/300","|move|p2a: Lisbeth|Seismic Toss|p1a: Rotom-Heat","|-damage|p1a: Rotom-Heat|200/300","|","|-damage|p2a: Lisbeth|574/703 tox|[from] psn","|turn|4","|","|switch|p2a: Asuna|Lopunny-Mega, M|271/271","|move|p1a: Rotom-Heat|Reflect|p1a: Rotom-Heat","|-sidestart|p1: GL♅Reshiram|Reflect","|","|turn|5","|","|move|p2a: Asuna|Fake Out|p1a: Rotom-Heat","|-damage|p1a: Rotom-Heat|164/300","|cant|p1a: Rotom-Heat|flinch","|","|turn|6","|","|move|p2a: Asuna|High Jump Kick|p1a: Rotom-Heat","|-damage|p1a: Rotom-Heat|58/300","|move|p1a: Rotom-Heat|Volt Switch|p2a: Asuna","|-damage|p2a: Asuna|178/271","|","|switch|p1a: Torkoal|Torkoal, M|341/344","|","|-heal|p1a: Torkoal|344/344|[from] item: Leftovers","|turn|7","|","|switch|p2a: Silica|Meloetta|341/341","|move|p1a: Torkoal|Lava Plume|p2a: Silica","|-damage|p2a: Silica|269/341","|","|turn|8","|","|move|p2a: Silica|Hyper Voice|p1a: Torkoal","|-damage|p1a: Torkoal|0 fnt","|faint|p1a: Torkoal","|","|","|switch|p1a: Heatran|Heatran, F|350/350","|turn|9","|","|switch|p2a: Lisbeth|Chansey, F|574/703","|move|p1a: Heatran|Fire Spin|p2a: Lisbeth","|-damage|p2a: Lisbeth|528/703","|-activate|p2a: Lisbeth|move: Fire Spin|[of] p1a: Heatran","|","|-damage|p2a: Lisbeth|441/703|[from] move: Fire Spin|[partiallytrapped]","|turn|10","|","|switch|p1a: Charizard|Charizard, F|341/341","|move|p2a: Lisbeth|Seismic Toss|p1a: Charizard","|-damage|p1a: Charizard|241/341","|","|turn|11","|","|detailschange|p1a: Charizard|Charizard-Mega-X, F","|-mega|p1a: Charizard|Charizard|Charizardite X","|move|p1a: Charizard|Dragon Dance|p1a: Charizard","|-boost|p1a: Charizard|atk|1","|-boost|p1a: Charizard|spe|1","|move|p2a: Lisbeth|Thunder Wave|p1a: Charizard","|-status|p1a: Charizard|par","|","|-sideend|p1: GL♅Reshiram|Reflect","|turn|12","|","|switch|p2a: Klein|Porygon2|373/373","|-boost|p2a: Klein|spa|1|[from] ability: Download","|move|p1a: Charizard|Dragon Dance|p1a: Charizard","|-boost|p1a: Charizard|atk|1","|-boost|p1a: Charizard|spe|1","|","|turn|13","|","|move|p2a: Klein|Tri Attack|p1a: Charizard","|-damage|p1a: Charizard|64/341 par","|move|p1a: Charizard|Dragon Claw|p2a: Klein","|-damage|p2a: Klein|147/373","|","|turn|14","|","|move|p2a: Klein|Tri Attack|p1a: Charizard","|-damage|p1a: Charizard|0 fnt","|faint|p1a: Charizard","|","|","|switch|p1a: Heatran|Heatran, F|350/350","|turn|15","|","|move|p1a: Heatran|Dragon Pulse|p2a: Klein","|-damage|p2a: Klein|67/373","|move|p2a: Klein|Recover|p2a: Klein","|-heal|p2a: Klein|254/373","|","|turn|16","|","|move|p1a: Heatran|Flash Cannon|p2a: Klein","|-damage|p2a: Klein|142/373","|move|p2a: Klein|Recover|p2a: Klein","|-heal|p2a: Klein|329/373","|","|turn|17","|","|move|p1a: Heatran|Flash Cannon|p2a: Klein","|-damage|p2a: Klein|221/373","|move|p2a: Klein|Tri Attack|p1a: Heatran","|-resisted|p1a: Heatran","|-damage|p1a: Heatran|308/350","|","|turn|18","|","|switch|p2a: Asuna|Lopunny-Mega, M|178/271","|move|p1a: Heatran|Flash Cannon|p2a: Asuna","|-damage|p2a: Asuna|16/271","|-unboost|p2a: Asuna|spd|1","|","|turn|19","|","|switch|p1a: Delphox|Delphox, F|291/291","|move|p2a: Asuna|High Jump Kick|p1a: Delphox","|-resisted|p1a: Delphox","|-damage|p1a: Delphox|140/291","|","|turn|20","|","|switch|p2a: Lisbeth|Chansey, F|441/703","|move|p1a: Delphox|Sunny Day|p1a: Delphox","|-weather|SunnyDay","|","|-weather|SunnyDay|[upkeep]","|turn|21","|","|move|p1a: Delphox|Calm Mind|p1a: Delphox","|-boost|p1a: Delphox|spa|1","|-boost|p1a: Delphox|spd|1","|move|p2a: Lisbeth|Thunder Wave|p1a: Delphox","|-status|p1a: Delphox|par","|-enditem|p1a: Delphox|Lum Berry|[eat]","|-curestatus|p1a: Delphox|par","|","|-weather|SunnyDay|[upkeep]","|turn|22","|","|move|p1a: Delphox|Fire Blast|p2a: Lisbeth|[miss]","|-miss|p1a: Delphox|p2a: Lisbeth","|move|p2a: Lisbeth|Seismic Toss|p1a: Delphox","|-damage|p1a: Delphox|40/291","|","|-weather|SunnyDay|[upkeep]","|turn|23","|","|move|p1a: Delphox|Fire Blast|p2a: Lisbeth|[miss]","|-miss|p1a: Delphox|p2a: Lisbeth","|move|p2a: Lisbeth|Seismic Toss|p1a: Delphox","|-damage|p1a: Delphox|0 fnt","|faint|p1a: Delphox","|","|-weather|SunnyDay|[upkeep]","|","|switch|p1a: Infernape|Infernape, M|294/294","|turn|24","|","|switch|p2a: Kirito|Staraptor, F|373/373","|-ability|p2a: Kirito|Intimidate","|-unboost|p1a: Infernape|atk|1","|move|p1a: Infernape|Fire Punch|p2a: Kirito","|-damage|p2a: Kirito|217/373","|-damage|p1a: Infernape|265/294|[from] item: Life Orb","|","|-weather|none","|-heal|p2a: Kirito|240/373|[from] item: Leftovers","|turn|25","|","|switch|p1a: Heatran|Heatran, F|308/350","|move|p2a: Kirito|Return|p1a: Heatran","|-resisted|p1a: Heatran","|-damage|p1a: Heatran|234/350","|","|-heal|p2a: Kirito|263/373|[from] item: Leftovers","|turn|26","|","|move|p2a: Kirito|Close Combat|p1a: Heatran","|-supereffective|p1a: Heatran","|-damage|p1a: Heatran|0 fnt","|-unboost|p2a: Kirito|def|1","|-unboost|p2a: Kirito|spd|1","|faint|p1a: Heatran","|","|-heal|p2a: Kirito|286/373|[from] item: Leftovers","|","|switch|p1a: Rotom-Heat|Rotom-Heat|58/300","|turn|27","|","|switch|p2a: Lisbeth|Chansey, F|441/703","|move|p1a: Rotom-Heat|Reflect|p1a: Rotom-Heat","|-sidestart|p1: GL♅Reshiram|Reflect","|","|turn|28","|","|move|p1a: Rotom-Heat|Pain Split|p2a: Lisbeth","|-sethp|p2a: Lisbeth|249/703|p1a: Rotom-Heat|249/300|[from] move: Pain Split","|move|p2a: Lisbeth|Seismic Toss|p1a: Rotom-Heat","|-damage|p1a: Rotom-Heat|149/300","|","|turn|29","|","|move|p1a: Rotom-Heat|Volt Switch|p2a: Lisbeth","|-damage|p2a: Lisbeth|195/703","|","|switch|p1a: Infernape|Infernape, M|265/294","|move|p2a: Lisbeth|Seismic Toss|p1a: Infernape","|-damage|p1a: Infernape|165/294","|","|turn|30","|","|switch|p2a: Asuna|Lopunny-Mega, M|16/271","|move|p1a: Infernape|U-turn|p2a: Asuna","|-resisted|p2a: Asuna","|-damage|p2a: Asuna|0 fnt","|-damage|p1a: Infernape|136/294|[from] item: Life Orb","|faint|p2a: Asuna","|","|switch|p1a: Rotom-Heat|Rotom-Heat|149/300","|","|","|switch|p2a: Diggersby|Diggersby, F|311/311","|turn|31","|","|move|p1a: Rotom-Heat|Pain Split|p2a: Diggersby","|-sethp|p2a: Diggersby|230/311|p1a: Rotom-Heat|230/300|[from] move: Pain Split","|move|p2a: Diggersby|Swords Dance|p2a: Diggersby","|-boost|p2a: Diggersby|atk|2","|","|turn|32","|","|move|p1a: Rotom-Heat|Light Screen|p1a: Rotom-Heat","|-sidestart|p1: GL♅Reshiram|move: Light Screen","|move|p2a: Diggersby|Return|p1a: Rotom-Heat","|-damage|p1a: Rotom-Heat|0 fnt","|-damage|p2a: Diggersby|199/311|[from] item: Life Orb","|faint|p1a: Rotom-Heat","|","|","|switch|p1a: Infernape|Infernape, M|136/294","|turn|33","|","|move|p1a: Infernape|Mach Punch|p2a: Diggersby","|-supereffective|p2a: Diggersby","|-damage|p2a: Diggersby|0 fnt","|-damage|p1a: Infernape|107/294|[from] item: Life Orb","|faint|p2a: Diggersby","|","|","|switch|p2a: Kirito|Staraptor, F|286/373","|-ability|p2a: Kirito|Intimidate","|-unboost|p1a: Infernape|atk|1","|turn|34","|","|move|p1a: Infernape|Thunder Punch|p2a: Kirito","|-supereffective|p2a: Kirito","|-damage|p2a: Kirito|140/373","|-damage|p1a: Infernape|78/294|[from] item: Life Orb","|move|p2a: Kirito|Brave Bird|p1a: Infernape","|-supereffective|p1a: Infernape","|-damage|p1a: Infernape|0 fnt","|-damage|p2a: Kirito|114/373|[from] recoil|[of] p1a: Infernape","|faint|p1a: Infernape","|","|win|Mawile Is bae"],"p1rating":{"entryid":"6886801","serverid":"eos","formatid":"monotype","userid":"glreshiram","username":"GL♅Reshiram","w":"15","l":16,"t":"0","gxe":47.7,"r":"1476.9386202871","rd":"62.64757143868","sigma":"0","rptime":"1439024400","rpr":1482.5333258004,"rprd":61.007149892013,"rpsigma":"0","acre":1074.2523838733,"lacre":1074.2523838733,"oldacre":"1102.5287471008"},"p2rating":{"entryid":"7495005","serverid":"eos","formatid":"monotype","userid":"mawileisbae","username":"Mawile Is bae","w":2,"l":"2","t":"0","gxe":49.2,"r":"1500","rd":"130","sigma":"0","rptime":"1439024400","rpr":1493.9907298804,"rprd":105.23118905376,"rpsigma":"0","acre":1092.3494151685,"lacre":1092.3494151685,"oldacre":"1056.7323394219"},"endType":"normal"}