{"seed":[11835,5413,21225,3886],"turns":28,"p1":"V Psychic","p2":"Infinitereasons","p1team":[{"name":"Zapdos","species":"Zapdos","item":"leftovers","ability":"Pressure","moves":["roost","defog","heatwave","discharge"],"nature":"Bold","evs":{"hp":248,"atk":0,"def":176,"spa":68,"spd":0,"spe":16},"ivs":{"hp":31,"atk":0,"def":31,"spa":31,"spd":31,"spe":31}},{"name":"Thundurus","species":"Thundurus","item":"lifeorb","ability":"Prankster","moves":["superpower","discharge","knockoff","psychic"],"nature":"Naive","evs":{"hp":0,"atk":72,"def":0,"spa":184,"spd":0,"spe":252},"ivs":{"hp":31,"atk":31,"def":31,"spa":31,"spd":31,"spe":31}},{"name":"Rotom-Wash","species":"Rotom-Wash","item":"leftovers","ability":"Levitate","moves":["willowisp","hydropump","voltswitch","painsplit"],"nature":"Calm","evs":{"hp":248,"atk":0,"def":0,"spa":0,"spd":216,"spe":44},"ivs":{"hp":31,"atk":0,"def":31,"spa":31,"spd":31,"spe":31}},{"name":"Magnezone","species":"Magnezone","item":"choicescarf","ability":"Sturdy","moves":["voltswitch","discharge","hiddenpowerice","flashcannon"],"nature":"Timid","evs":{"hp":0,"atk":0,"def":0,"spa":252,"spd":4,"spe":252},"ivs":{"hp":31,"atk":30,"def":30,"spa":31,"spd":31,"spe":31}},{"name":"Manectric","species":"Manectric","item":"manectite","ability":"Static","moves":["voltswitch","discharge","overheat","hiddenpowergrass"],"nature":"Timid","evs":{"hp":0,"atk":0,"def":0,"spa":252,"spd":4,"spe":252},"ivs":{"hp":31,"atk":30,"def":31,"spa":30,"spd":31,"spe":31}},{"name":"Luxray","species":"Luxray","item":"choiceband","ability":"Guts","moves":["wildcharge","crunch","superpower","icefang"],"nature":"Jolly","evs":{"hp":0,"atk":252,"def":0,"spa":0,"spd":4,"spe":252},"shiny":true,"ivs":{"hp":31,"atk":31,"def":31,"spa":31,"spd":31,"spe":31}}],"p2team":[{"name":"Moist Mofo","species":"gastrodon","item":"assaultvest","ability":"Storm Drain","moves":["earthpower","scald","icebeam","hiddenpowerfire"],"nature":"Calm","evs":{"hp":252,"atk":0,"def":0,"spa":4,"spd":252,"spe":0},"ivs":{"hp":31,"atk":30,"def":31,"spa":30,"spd":31,"spe":30}},{"name":"Dead Mofo","species":"mamoswine","item":"lifeorb","ability":"Thick Fat","moves":["iciclecrash","earthquake","iceshard","knockoff"],"nature":"Jolly","evs":{"hp":4,"atk":252,"def":0,"spa":0,"spd":0,"spe":252},"ivs":{"hp":31,"atk":31,"def":31,"spa":31,"spd":31,"spe":31}},{"name":"Drill Mofo","species":"excadrill","item":"lifeorb","ability":"Sand Rush","moves":["earthquake","rockslide","ironhead","swordsdance"],"nature":"Adamant","evs":{"hp":0,"atk":252,"def":0,"spa":0,"spd":4,"spe":252},"shiny":true,"ivs":{"hp":31,"atk":31,"def":31,"spa":31,"spd":31,"spe":31}},{"name":"God Mofo","species":"landorus","item":"lifeorb","ability":"Sheer Force","moves":["earthpower","focusblast","psychic","sludgewave"],"nature":"Timid","evs":{"hp":0,"atk":0,"def":0,"spa":252,"spd":4,"spe":252},"ivs":{"hp":31,"atk":31,"def":31,"spa":31,"spd":31,"spe":31}},{"name":"Phat Mofo","species":"hippowdon","item":"leftovers","ability":"Sand Stream","moves":["earthquake","stealthrock","whirlwind","slackoff"],"nature":"Impish","evs":{"hp":252,"atk":4,"def":252,"spa":0,"spd":0,"spe":0},"ivs":{"hp":31,"atk":31,"def":31,"spa":31,"spd":31,"spe":31}},{"name":"Claws Mofo","species":"gliscor","item":"toxicorb","ability":"Poison Heal","moves":["earthquake","protect","toxic","substitute"],"nature":"Impish","evs":{"hp":248,"atk":0,"def":188,"spa":0,"spd":0,"spe":72},"shiny":true,"ivs":{"hp":31,"atk":31,"def":31,"spa":31,"spd":31,"spe":31}}],"log":["|player|p1|V Psychic|167","|player|p2|Infinitereasons|blankinfinite.png","|gametype|singles","|gen|6","|tier|Monotype","|rated","|rule|Baton Pass Clause: Limit one Baton Passer, can't pass Spe and other stats simultaneously","|rule|Swagger Clause: Swagger is banned","|rule|Same Type Clause: Pokémon in a team must share a type","|clearpoke","|poke|p1|Zapdos","|poke|p1|Thundurus, M","|poke|p1|Rotom-Wash","|poke|p1|Magnezone","|poke|p1|Manectric, F","|poke|p1|Luxray, M, shiny","|poke|p2|Gastrodon, M","|poke|p2|Mamoswine, F","|poke|p2|Excadrill, F, shiny","|poke|p2|Landorus, M","|poke|p2|Hippowdon, F","|poke|p2|Gliscor, M, shiny","|rule|Sleep Clause Mod: Limit one foe put to sleep","|rule|Species Clause: Limit one of each Pokémon","|rule|OHKO Clause: OHKO moves are banned","|rule|Moody Clause: Moody is banned","|rule|Evasion Moves Clause: Evasion moves are banned","|rule|Endless Battle Clause: Forcing endless battles is banned","|rule|HP Percentage Mod: HP is shown in percentages","|teampreview","|","|start","|switch|p1a: Rotom-Wash|Rotom-Wash|303/303","|switch|p2a: Moist Mofo|Gastrodon, M|426/426","|turn|1","|","|move|p1a: Rotom-Wash|Will-O-Wisp|p2a: Moist Mofo","|-status|p2a: Moist Mofo|brn","|move|p2a: Moist Mofo|Scald|p1a: Rotom-Wash","|-resisted|p1a: Rotom-Wash","|-damage|p1a: Rotom-Wash|271/303","|","|-heal|p1a: Rotom-Wash|289/303|[from] item: Leftovers","|-damage|p2a: Moist Mofo|373/426 brn|[from] brn","|turn|2","|","|switch|p1a: Manectric|Manectric, F|281/281","|move|p2a: Moist Mofo|Scald|p1a: Manectric","|-damage|p1a: Manectric|146/281","|","|-damage|p2a: Moist Mofo|320/426 brn|[from] brn","|turn|3","|","|detailschange|p1a: Manectric|Manectric-Mega, F","|-mega|p1a: Manectric|Manectric|Manectite","|-ability|p1a: Manectric|Intimidate","|-unboost|p2a: Moist Mofo|atk|1","|move|p1a: Manectric|Hidden Power|p2a: Moist Mofo","|-supereffective|p2a: Moist Mofo","|-damage|p2a: Moist Mofo|148/426 brn","|move|p2a: Moist Mofo|Earth Power|p1a: Manectric","|-supereffective|p1a: Manectric","|-damage|p1a: Manectric|0 fnt","|faint|p1a: Manectric","|","|-damage|p2a: Moist Mofo|95/426 brn|[from] brn","|","|switch|p1a: Luxray|Luxray, M, shiny|301/301","|turn|4","|","|move|p1a: Luxray|Crunch|p2a: Moist Mofo","|-damage|p2a: Moist Mofo|0 fnt","|faint|p2a: Moist Mofo","|","|","|switch|p2a: Claws Mofo|Gliscor, M, shiny|353/353","|turn|5","|","|switch|p1a: Rotom-Wash|Rotom-Wash|289/303","|move|p2a: Claws Mofo|Substitute|p2a: Claws Mofo","|-start|p2a: Claws Mofo|Substitute","|-damage|p2a: Claws Mofo|265/353","|","|-heal|p1a: Rotom-Wash|303/303|[from] item: Leftovers","|-status|p2a: Claws Mofo|tox|[from] item: Toxic Orb","|turn|6","|","|move|p2a: Claws Mofo|Toxic|p1a: Rotom-Wash","|-status|p1a: Rotom-Wash|tox","|move|p1a: Rotom-Wash|Hydro Pump|p2a: Claws Mofo","|-supereffective|p2a: Claws Mofo","|-end|p2a: Claws Mofo|Substitute","|","|-heal|p2a: Claws Mofo|309/353 tox|[from] ability: Poison Heal","|-damage|p1a: Rotom-Wash|285/303 tox|[from] psn","|turn|7","|","|move|p2a: Claws Mofo|Protect|p2a: Claws Mofo","|-singleturn|p2a: Claws Mofo|Protect","|move|p1a: Rotom-Wash|Hydro Pump|p2a: Claws Mofo","|-activate|p2a: Claws Mofo|Protect","|","|-heal|p1a: Rotom-Wash|303/303 tox|[from] item: Leftovers","|-heal|p2a: Claws Mofo|353/353 tox|[from] ability: Poison Heal","|-damage|p1a: Rotom-Wash|267/303 tox|[from] psn","|turn|8","|","|move|p2a: Claws Mofo|Substitute|p2a: Claws Mofo","|-start|p2a: Claws Mofo|Substitute","|-damage|p2a: Claws Mofo|265/353 tox","|move|p1a: Rotom-Wash|Hydro Pump|p2a: Claws Mofo|[miss]","|-miss|p1a: Rotom-Wash|p2a: Claws Mofo","|","|-heal|p1a: Rotom-Wash|285/303 tox|[from] item: Leftovers","|-heal|p2a: Claws Mofo|309/353 tox|[from] ability: Poison Heal","|-damage|p1a: Rotom-Wash|231/303 tox|[from] psn","|turn|9","|","|switch|p1a: Thundurus|Thundurus, M|299/299","|move|p2a: Claws Mofo|Protect|p2a: Claws Mofo","|-fail|p2a: Claws Mofo","|","|-heal|p2a: Claws Mofo|353/353 tox|[from] ability: Poison Heal","|turn|10","|","|move|p1a: Thundurus|Psychic|p2a: Claws Mofo","|-end|p2a: Claws Mofo|Substitute","|-damage|p1a: Thundurus|270/299|[from] item: Life Orb","|move|p2a: Claws Mofo|Toxic|p1a: Thundurus","|-status|p1a: Thundurus|tox","|","|-damage|p1a: Thundurus|252/299 tox|[from] psn","|turn|11","|","|move|p2a: Claws Mofo|Protect|p2a: Claws Mofo","|-singleturn|p2a: Claws Mofo|Protect","|move|p1a: Thundurus|Psychic|p2a: Claws Mofo","|-activate|p2a: Claws Mofo|Protect","|","|-damage|p1a: Thundurus|216/299 tox|[from] psn","|turn|12","|","|switch|p2a: Phat Mofo|Hippowdon, F|420/420","|-weather|Sandstorm","|move|p1a: Thundurus|Knock Off|p2a: Phat Mofo","|-damage|p2a: Phat Mofo|346/420","|-enditem|p2a: Phat Mofo|Leftovers|[from] move: Knock Off|[of] p1a: Thundurus","|-damage|p1a: Thundurus|187/299 tox|[from] item: Life Orb","|","|-weather|Sandstorm|[upkeep]","|-damage|p1a: Thundurus|169/299 tox|[from] sandstorm","|-damage|p1a: Thundurus|115/299 tox|[from] psn","|turn|13","|","|switch|p1a: Rotom-Wash|Rotom-Wash|231/303 tox","|move|p2a: Phat Mofo|Stealth Rock|p1a: Rotom-Wash","|-sidestart|p1: V Psychic|move: Stealth Rock","|","|-weather|Sandstorm|[upkeep]","|-damage|p1a: Rotom-Wash|213/303 tox|[from] sandstorm","|-heal|p1a: Rotom-Wash|231/303 tox|[from] item: Leftovers","|-damage|p1a: Rotom-Wash|213/303 tox|[from] psn","|turn|14","|","|move|p1a: Rotom-Wash|Hydro Pump|p2a: Phat Mofo","|-supereffective|p2a: Phat Mofo","|-damage|p2a: Phat Mofo|14/420","|move|p2a: Phat Mofo|Slack Off|p2a: Phat Mofo","|-heal|p2a: Phat Mofo|224/420","|","|-weather|Sandstorm|[upkeep]","|-damage|p1a: Rotom-Wash|195/303 tox|[from] sandstorm","|-heal|p1a: Rotom-Wash|213/303 tox|[from] item: Leftovers","|-damage|p1a: Rotom-Wash|177/303 tox|[from] psn","|turn|15","|","|switch|p2a: God Mofo|Landorus, M|319/319","|move|p1a: Rotom-Wash|Hydro Pump|p2a: God Mofo","|-supereffective|p2a: God Mofo","|-damage|p2a: God Mofo|0 fnt","|faint|p2a: God Mofo","|","|-weather|Sandstorm|[upkeep]","|-damage|p1a: Rotom-Wash|159/303 tox|[from] sandstorm","|-heal|p1a: Rotom-Wash|177/303 tox|[from] item: Leftovers","|-damage|p1a: Rotom-Wash|123/303 tox|[from] psn","|","|switch|p2a: Claws Mofo|Gliscor, M, shiny|353/353 tox","|turn|16","|","|switch|p1a: Zapdos|Zapdos|383/383","|-damage|p1a: Zapdos|288/383|[from] Stealth Rock","|-ability|p1a: Zapdos|Pressure","|move|p2a: Claws Mofo|Substitute|p2a: Claws Mofo","|-start|p2a: Claws Mofo|Substitute","|-damage|p2a: Claws Mofo|265/353 tox","|","|-weather|none","|-heal|p1a: Zapdos|311/383|[from] item: Leftovers","|-heal|p2a: Claws Mofo|309/353 tox|[from] ability: Poison Heal","|turn|17","|","|move|p2a: Claws Mofo|Toxic|p1a: Zapdos","|-status|p1a: Zapdos|tox","|move|p1a: Zapdos|Defog|p2a: Claws Mofo","|-sideend|p1: V Psychic|Stealth Rock|[from] move: Defog|[of] p1a: Zapdos","|","|-heal|p1a: Zapdos|334/383 tox|[from] item: Leftovers","|-heal|p2a: Claws Mofo|353/353 tox|[from] ability: Poison Heal","|-damage|p1a: Zapdos|311/383 tox|[from] psn","|turn|18","|","|switch|p1a: Thundurus|Thundurus, M|115/299 tox","|move|p2a: Claws Mofo|Protect|p2a: Claws Mofo","|-fail|p2a: Claws Mofo","|","|-damage|p1a: Thundurus|97/299 tox|[from] psn","|turn|19","|","|move|p1a: Thundurus|Psychic|p2a: Claws Mofo","|-end|p2a: Claws Mofo|Substitute","|-damage|p1a: Thundurus|68/299 tox|[from] item: Life Orb","|move|p2a: Claws Mofo|Substitute|p2a: Claws Mofo","|-start|p2a: Claws Mofo|Substitute","|-damage|p2a: Claws Mofo|265/353 tox","|","|-damage|p1a: Thundurus|32/299 tox|[from] psn","|-heal|p2a: Claws Mofo|309/353 tox|[from] ability: Poison Heal","|turn|20","|","|move|p2a: Claws Mofo|Protect|p2a: Claws Mofo","|-singleturn|p2a: Claws Mofo|Protect","|move|p1a: Thundurus|Psychic|p2a: Claws Mofo","|-activate|p2a: Claws Mofo|Protect","|","|-damage|p1a: Thundurus|0 fnt|[from] psn","|-heal|p2a: Claws Mofo|353/353 tox|[from] ability: Poison Heal","|faint|p1a: Thundurus","|","|switch|p1a: Magnezone|Magnezone|281/281","|turn|21","|","|move|p1a: Magnezone|Hidden Power|p2a: Claws Mofo","|-crit|p2a: Claws Mofo","|-supereffective|p2a: Claws Mofo","|-end|p2a: Claws Mofo|Substitute","|move|p2a: Claws Mofo|Earthquake|p1a: Magnezone","|-supereffective|p1a: Magnezone","|-ability|p1a: Magnezone|Sturdy","|-damage|p1a: Magnezone|1/281","|","|turn|22","|","|switch|p2a: Dead Mofo|Mamoswine, F|362/362","|move|p1a: Magnezone|Hidden Power|p2a: Dead Mofo","|-damage|p2a: Dead Mofo|308/362","|","|turn|23","|","|switch|p1a: Rotom-Wash|Rotom-Wash|123/303 tox","|move|p2a: Dead Mofo|Ice Shard|p1a: Rotom-Wash","|-resisted|p1a: Rotom-Wash","|-damage|p1a: Rotom-Wash|80/303 tox","|-damage|p2a: Dead Mofo|272/362|[from] item: Life Orb","|","|-heal|p1a: Rotom-Wash|98/303 tox|[from] item: Leftovers","|-damage|p1a: Rotom-Wash|80/303 tox|[from] psn","|turn|24","|","|move|p2a: Dead Mofo|Knock Off|p1a: Rotom-Wash","|-damage|p1a: Rotom-Wash|0 fnt","|-enditem|p1a: Rotom-Wash|Leftovers|[from] move: Knock Off|[of] p2a: Dead Mofo","|-damage|p2a: Dead Mofo|236/362|[from] item: Life Orb","|faint|p1a: Rotom-Wash","|","|","|switch|p1a: Luxray|Luxray, M, shiny|301/301","|turn|25","|","|move|p2a: Dead Mofo|Knock Off|p1a: Luxray","|-damage|p1a: Luxray|110/301","|-enditem|p1a: Luxray|Choice Band|[from] move: Knock Off|[of] p2a: Dead Mofo","|-damage|p2a: Dead Mofo|200/362|[from] item: Life Orb","|move|p1a: Luxray|Superpower|p2a: Dead Mofo","|-crit|p2a: Dead Mofo","|-supereffective|p2a: Dead Mofo","|-damage|p2a: Dead Mofo|0 fnt","|-unboost|p1a: Luxray|atk|1","|-unboost|p1a: Luxray|def|1","|faint|p2a: Dead Mofo","|","|","|switch|p2a: Phat Mofo|Hippowdon, F|224/420","|-weather|Sandstorm","|turn|26","|","|switch|p1a: Zapdos|Zapdos|311/383 tox","|-ability|p1a: Zapdos|Pressure","|move|p2a: Phat Mofo|Stealth Rock|p1a: Zapdos","|-sidestart|p1: V Psychic|move: Stealth Rock","|","|-weather|Sandstorm|[upkeep]","|-damage|p1a: Zapdos|288/383 tox|[from] sandstorm","|-heal|p1a: Zapdos|311/383 tox|[from] item: Leftovers","|-damage|p1a: Zapdos|288/383 tox|[from] psn","|turn|27","|","|switch|p2a: Drill Mofo|Excadrill, F, shiny|361/361","|move|p1a: Zapdos|Defog|p2a: Drill Mofo","|-unboost|p2a: Drill Mofo|evasion|1","|-sideend|p1: V Psychic|Stealth Rock|[from] move: Defog|[of] p1a: Zapdos","|","|-weather|Sandstorm|[upkeep]","|-damage|p1a: Zapdos|265/383 tox|[from] sandstorm","|-heal|p1a: Zapdos|288/383 tox|[from] item: Leftovers","|-damage|p1a: Zapdos|242/383 tox|[from] psn","|turn|28","|","|move|p2a: Drill Mofo|Rock Slide|p1a: Zapdos","|-crit|p1a: Zapdos","|-supereffective|p1a: Zapdos","|-damage|p1a: Zapdos|0 fnt","|-damage|p2a: Drill Mofo|325/361|[from] item: Life Orb","|faint|p1a: Zapdos","|","|-weather|Sandstorm|[upkeep]","|","|win|Infinitereasons"],"p1rating":{"entryid":"7467690","serverid":"eos","formatid":"monotype","userid":"vpsychic","username":"V Psychic","w":"4","l":1,"t":"0","gxe":57.8,"r":"1590.5768731025","rd":"107.81252429981","sigma":"0","rptime":"1439024400","rpr":1561.3996063396,"rprd":103.45717169564,"rpsigma":"0","acre":1097.8769486638,"lacre":1097.8769486638,"oldacre":"1122.5328600764"},"p2rating":{"entryid":"7206103","serverid":"eos","formatid":"monotype","userid":"infinitereasons","username":"Infinitereasons ☾","w":5,"l":"1","t":"0","gxe":66.5,"r":"1589.7107679471","rd":"109.18537775491","sigma":"0","rptime":"1439024400","rpr":1634.2341668025,"rprd":101.06766756943,"rpsigma":"0","acre":1151.9710182727,"lacre":1151.9710182727,"oldacre":"1127.3151068601"},"endType":"forfeit"}