{"seed":[49687,6843,13305,51149],"turns":29,"p1":"Kinn Kyougoku","p2":"Darkness Photon","p1team":[{"name":"Garchomp","species":"Garchomp","item":"rockyhelmet","ability":"Rough Skin","moves":["earthquake","ironhead","dragonclaw","firefang"],"nature":"Jolly","evs":{"hp":0,"atk":252,"def":0,"spa":0,"spd":4,"spe":252},"gender":"M","ivs":{"hp":31,"atk":31,"def":31,"spa":31,"spd":31,"spe":31}},{"name":"Salamence","species":"Salamence","item":"scopelens","ability":"Moxie","moves":["focusenergy","flamethrower","dracometeor","steelwing"],"nature":"","evs":{"hp":0,"atk":0,"def":252,"spa":0,"spd":252,"spe":4},"gender":"M","ivs":{"hp":31,"atk":31,"def":31,"spa":31,"spd":31,"spe":31}},{"name":"Latios","species":"Latios","item":"choicescarf","ability":"Levitate","moves":["energyball","dragonpulse","icebeam","psychic"],"nature":"Timid","evs":{"hp":252,"atk":0,"def":4,"spa":0,"spd":0,"spe":252},"ivs":{"hp":31,"atk":31,"def":31,"spa":31,"spd":31,"spe":31}},{"name":"Dragonite","species":"Dragonite","item":"weaknesspolicy","ability":"Multiscale","moves":["extremespeed","dragonclaw","aerialace","earthquake"],"nature":"Jolly","evs":{"hp":0,"atk":0,"def":128,"spa":0,"spd":128,"spe":252},"ivs":{"hp":31,"atk":31,"def":31,"spa":31,"spd":31,"spe":31}},{"name":"Altaria","species":"Altaria","item":"altarianite","ability":"Natural Cure","moves":["dragondance","return","earthquake","roost"],"nature":"Jolly","evs":{"hp":4,"atk":0,"def":0,"spa":252,"spd":0,"spe":252},"gender":"M","shiny":true,"ivs":{"hp":31,"atk":31,"def":31,"spa":31,"spd":31,"spe":31}},{"name":"Druddigon","species":"Druddigon","item":"rockyhelmet","ability":"Rough Skin","moves":["stealthrock","suckerpunch","glare","ironhead"],"nature":"Careful","evs":{"hp":4,"atk":0,"def":252,"spa":0,"spd":252,"spe":0},"gender":"M","ivs":{"hp":31,"atk":31,"def":31,"spa":31,"spd":31,"spe":31}}],"p2team":[{"name":"Rotom-Frost","species":"Rotom-Frost","item":"leftovers","ability":"Levitate","moves":["willowisp","rest","sleeptalk","voltswitch"],"nature":"Bold","evs":{"hp":252,"atk":0,"def":252,"spa":0,"spd":4,"spe":0},"ivs":{"hp":31,"atk":31,"def":31,"spa":31,"spd":31,"spe":31}},{"name":"Kyurem-Black","species":"Kyurem-Black","item":"choiceband","ability":"Teravolt","moves":["fusionbolt","icebeam","rockslide","earthpower"],"nature":"Naughty","evs":{"hp":248,"atk":252,"def":0,"spa":8,"spd":0,"spe":0},"ivs":{"hp":31,"atk":30,"def":31,"spa":30,"spd":31,"spe":30}},{"name":"Avalugg","species":"Avalugg","item":"rockyhelmet","ability":"Sturdy","moves":["recover","gyroball","rapidspin","earthquake"],"nature":"Relaxed","evs":{"hp":252,"atk":4,"def":252,"spa":0,"spd":0,"spe":0},"gender":"M","ivs":{"hp":31,"atk":31,"def":31,"spa":31,"spd":31,"spe":0}},{"name":"Articuno","species":"Articuno","item":"leftovers","ability":"Pressure","moves":["toxic","hurricane","roost","defog"],"nature":"Calm","evs":{"hp":252,"atk":0,"def":0,"spa":4,"spd":252,"spe":0},"ivs":{"hp":31,"atk":31,"def":31,"spa":31,"spd":31,"spe":31}},{"name":"Lapras","species":"Lapras","item":"assaultvest","ability":"Water Absorb","moves":["freezedry","hydropump","hiddenpowerfire","surf"],"nature":"Modest","evs":{"hp":248,"atk":0,"def":0,"spa":252,"spd":8,"spe":0},"ivs":{"hp":31,"atk":30,"def":31,"spa":30,"spd":31,"spe":30}},{"name":"Mamoswine","species":"Mamoswine","item":"choicescarf","ability":"Thick Fat","moves":["earthquake","iciclecrash","knockoff","stoneedge"],"nature":"Jolly","evs":{"hp":4,"atk":252,"def":0,"spa":0,"spd":0,"spe":252},"gender":"M","ivs":{"hp":31,"atk":31,"def":31,"spa":31,"spd":31,"spe":31}}],"log":["|player|p1|Kinn Kyougoku|266","|player|p2|Darkness Photon|66","|gametype|singles","|gen|6","|tier|Monotype","|rated","|rule|Baton Pass Clause: Limit one Baton Passer, can't pass Spe and other stats simultaneously","|rule|Swagger Clause: Swagger is banned","|rule|Same Type Clause: Pokémon in a team must share a type","|clearpoke","|poke|p1|Garchomp, M","|poke|p1|Salamence, M","|poke|p1|Latios, M","|poke|p1|Dragonite, F","|poke|p1|Altaria, M, shiny","|poke|p1|Druddigon, M","|poke|p2|Rotom-Frost","|poke|p2|Kyurem-Black","|poke|p2|Avalugg, M","|poke|p2|Articuno","|poke|p2|Lapras, F","|poke|p2|Mamoswine, M","|rule|Sleep Clause Mod: Limit one foe put to sleep","|rule|Species Clause: Limit one of each Pokémon","|rule|OHKO Clause: OHKO moves are banned","|rule|Moody Clause: Moody is banned","|rule|Evasion Moves Clause: Evasion moves are banned","|rule|Endless Battle Clause: Forcing endless battles is banned","|rule|HP Percentage Mod: HP is shown in percentages","|teampreview","|","|start","|switch|p1a: Druddigon|Druddigon, M|296/296","|switch|p2a: Mamoswine|Mamoswine, M|362/362","|turn|1","|","|move|p2a: Mamoswine|Icicle Crash|p1a: Druddigon|[miss]","|-miss|p2a: Mamoswine|p1a: Druddigon","|move|p1a: Druddigon|Stealth Rock|p2a: Mamoswine","|-sidestart|p2: Darkness Photon|move: Stealth Rock","|","|turn|2","|","|switch|p2a: Avalugg|Avalugg, M|394/394","|-damage|p2a: Avalugg|296/394|[from] Stealth Rock","|move|p1a: Druddigon|Sucker Punch|p2a: Avalugg","|-fail|p1a: Druddigon","|","|turn|3","|","|move|p1a: Druddigon|Glare|p2a: Avalugg","|-status|p2a: Avalugg|par","|move|p2a: Avalugg|Rapid Spin|p1a: Druddigon","|-damage|p1a: Druddigon|279/296","|-damage|p2a: Avalugg|247/394 par|[from] ability: Rough Skin|[of] p1a: Druddigon","|-damage|p2a: Avalugg|182/394 par|[from] item: Rocky Helmet|[of] p1a: Druddigon","|-sideend|p2: Darkness Photon|Stealth Rock|[from] move: Rapid Spin|[of] p2a: Avalugg","|","|turn|4","|","|move|p1a: Druddigon|Stealth Rock|p2a: Avalugg","|-sidestart|p2: Darkness Photon|move: Stealth Rock","|move|p2a: Avalugg|Recover|p2a: Avalugg","|-heal|p2a: Avalugg|379/394 par","|","|turn|5","|","|move|p1a: Druddigon|Sucker Punch|p2a: Avalugg","|-damage|p2a: Avalugg|345/394 par","|-damage|p1a: Druddigon|230/296|[from] item: Rocky Helmet|[of] p2a: Avalugg","|move|p2a: Avalugg|Rapid Spin|p1a: Druddigon","|-damage|p1a: Druddigon|213/296","|-damage|p2a: Avalugg|296/394 par|[from] ability: Rough Skin|[of] p1a: Druddigon","|-damage|p2a: Avalugg|231/394 par|[from] item: Rocky Helmet|[of] p1a: Druddigon","|-sideend|p2: Darkness Photon|Stealth Rock|[from] move: Rapid Spin|[of] p2a: Avalugg","|","|turn|6","|","|move|p1a: Druddigon|Stealth Rock|p2a: Avalugg","|-sidestart|p2: Darkness Photon|move: Stealth Rock","|move|p2a: Avalugg|Recover|p2a: Avalugg","|-heal|p2a: Avalugg|394/394 par","|","|turn|7","|","|move|p1a: Druddigon|Iron Head|p2a: Avalugg","|-supereffective|p2a: Avalugg","|-damage|p2a: Avalugg|322/394 par","|-damage|p1a: Druddigon|164/296|[from] item: Rocky Helmet|[of] p2a: Avalugg","|move|p2a: Avalugg|Gyro Ball|p1a: Druddigon","|-damage|p1a: Druddigon|50/296","|-damage|p2a: Avalugg|273/394 par|[from] ability: Rough Skin|[of] p1a: Druddigon","|-damage|p2a: Avalugg|208/394 par|[from] item: Rocky Helmet|[of] p1a: Druddigon","|","|turn|8","|","|switch|p1a: Altaria|Altaria, M, shiny|292/292","|move|p2a: Avalugg|Recover|p2a: Avalugg","|-heal|p2a: Avalugg|394/394 par","|","|turn|9","|","|detailschange|p1a: Altaria|Altaria-Mega, M, shiny","|-mega|p1a: Altaria|Altaria|Altarianite","|move|p1a: Altaria|Dragon Dance|p1a: Altaria","|-boost|p1a: Altaria|atk|1","|-boost|p1a: Altaria|spe|1","|move|p2a: Avalugg|Rapid Spin|p1a: Altaria","|-damage|p1a: Altaria|274/292","|-sideend|p2: Darkness Photon|Stealth Rock|[from] move: Rapid Spin|[of] p2a: Avalugg","|","|turn|10","|","|move|p1a: Altaria|Dragon Dance|p1a: Altaria","|-boost|p1a: Altaria|atk|1","|-boost|p1a: Altaria|spe|1","|move|p2a: Avalugg|Gyro Ball|p1a: Altaria","|-supereffective|p1a: Altaria","|-damage|p1a: Altaria|32/292","|","|turn|11","|","|move|p1a: Altaria|Roost|p1a: Altaria","|-heal|p1a: Altaria|178/292","|move|p2a: Avalugg|Gyro Ball|p1a: Altaria","|-supereffective|p1a: Altaria","|-damage|p1a: Altaria|0 fnt","|faint|p1a: Altaria","|","|","|switch|p1a: Dragonite|Dragonite, F|323/323","|turn|12","|","|move|p1a: Dragonite|Earthquake|p2a: Avalugg","|-damage|p2a: Avalugg|347/394 par","|move|p2a: Avalugg|Rapid Spin|p1a: Dragonite","|-damage|p1a: Dragonite|314/323","|","|turn|13","|","|move|p1a: Dragonite|Earthquake|p2a: Avalugg","|-damage|p2a: Avalugg|299/394 par","|move|p2a: Avalugg|Gyro Ball|p1a: Dragonite","|-damage|p1a: Dragonite|193/323","|","|turn|14","|","|move|p1a: Dragonite|Earthquake|p2a: Avalugg","|-damage|p2a: Avalugg|255/394 par","|move|p2a: Avalugg|Recover|p2a: Avalugg","|-heal|p2a: Avalugg|394/394 par","|","|turn|15","|","|switch|p1a: Druddigon|Druddigon, M|50/296","|cant|p2a: Avalugg|par","|","|turn|16","|","|switch|p2a: Lapras|Lapras, F|463/463","|move|p1a: Druddigon|Stealth Rock|p2a: Lapras","|-sidestart|p2: Darkness Photon|move: Stealth Rock","|","|turn|17","|","|move|p2a: Lapras|Freeze-Dry|p1a: Druddigon","|-supereffective|p1a: Druddigon","|-damage|p1a: Druddigon|0 fnt","|faint|p1a: Druddigon","|","|","|switch|p1a: Latios|Latios, M|364/364","|turn|18","|","|move|p1a: Latios|Dragon Pulse|p2a: Lapras","|-damage|p2a: Lapras|369/463","|move|p2a: Lapras|Freeze-Dry|p1a: Latios","|-supereffective|p1a: Latios","|-damage|p1a: Latios|182/364","|","|turn|19","|","|switch|p1a: Salamence|Salamence, M|331/331","|move|p2a: Lapras|Freeze-Dry|p1a: Salamence","|-supereffective|p1a: Salamence","|-damage|p1a: Salamence|0 fnt","|faint|p1a: Salamence","|","|","|switch|p1a: Latios|Latios, M|182/364","|turn|20","|","|move|p1a: Latios|Psychic|p2a: Lapras","|-damage|p2a: Lapras|282/463","|move|p2a: Lapras|Freeze-Dry|p1a: Latios","|-supereffective|p1a: Latios","|-damage|p1a: Latios|2/364","|","|turn|21","|","|switch|p2a: Mamoswine|Mamoswine, M|362/362","|-damage|p2a: Mamoswine|317/362|[from] Stealth Rock","|move|p1a: Latios|Psychic|p2a: Mamoswine","|-damage|p2a: Mamoswine|104/362","|","|turn|22","|","|move|p1a: Latios|Psychic|p2a: Mamoswine","|-crit|p2a: Mamoswine","|-damage|p2a: Mamoswine|0 fnt","|faint|p2a: Mamoswine","|","|","|switch|p2a: Articuno|Articuno|384/384","|-damage|p2a: Articuno|192/384|[from] Stealth Rock","|-ability|p2a: Articuno|Pressure","|turn|23","|","|move|p1a: Latios|Psychic|p2a: Articuno","|-damage|p2a: Articuno|110/384","|move|p2a: Articuno|Roost|p2a: Articuno","|-heal|p2a: Articuno|302/384","|","|-heal|p2a: Articuno|326/384|[from] item: Leftovers","|turn|24","|","|move|p1a: Latios|Psychic|p2a: Articuno","|-damage|p2a: Articuno|244/384","|move|p2a: Articuno|Hurricane|p1a: Latios","|-damage|p1a: Latios|0 fnt","|faint|p1a: Latios","|","|-heal|p2a: Articuno|268/384|[from] item: Leftovers","|","|switch|p1a: Dragonite|Dragonite, F|193/323","|turn|25","|","|move|p1a: Dragonite|Dragon Claw|p2a: Articuno","|-damage|p2a: Articuno|150/384","|move|p2a: Articuno|Hurricane|p1a: Dragonite|[miss]","|-miss|p2a: Articuno|p1a: Dragonite","|","|-heal|p2a: Articuno|174/384|[from] item: Leftovers","|turn|26","|","|move|p1a: Dragonite|Dragon Claw|p2a: Articuno","|-damage|p2a: Articuno|53/384","|move|p2a: Articuno|Roost|p2a: Articuno","|-heal|p2a: Articuno|245/384","|","|-heal|p2a: Articuno|269/384|[from] item: Leftovers","|turn|27","|","|move|p1a: Dragonite|Dragon Claw|p2a: Articuno","|-damage|p2a: Articuno|149/384","|move|p2a: Articuno|Hurricane|p1a: Dragonite","|-damage|p1a: Dragonite|90/323","|-start|p1a: Dragonite|confusion","|","|-heal|p2a: Articuno|173/384|[from] item: Leftovers","|turn|28","|","|-activate|p1a: Dragonite|confusion","|-damage|p1a: Dragonite|51/323|[from] confusion","|move|p2a: Articuno|Roost|p2a: Articuno","|-heal|p2a: Articuno|365/384","|","|-heal|p2a: Articuno|384/384|[from] item: Leftovers","|turn|29","|","|win|Darkness Photon"],"p1rating":{"entryid":"7493085","serverid":"eos","formatid":"monotype","userid":"kinnkyougoku","username":"Kinn Kyougoku","w":"3","l":5,"t":"0","gxe":42.1,"r":"1500","rd":"130","sigma":"0","rptime":"1439024400","rpr":1438.2173731249,"rprd":92.499309996828,"rpsigma":"0","acre":1028.0496817829,"lacre":1028.0496817829,"oldacre":"1043.27566702"},"p2rating":{"entryid":"7212353","serverid":"eos","formatid":"monotype","userid":"darknessphoton","username":"Darkness Photon","w":4,"l":"7","t":"0","gxe":41.9,"r":"1409.4173004702","rd":"104.21776836726","sigma":"0","rptime":"1439024400","rpr":1436.5435259543,"rprd":86.959658400321,"rpsigma":"0","acre":1097.2249103306,"lacre":1097.2249103306,"oldacre":"1069.9865536715"},"endType":"forfeit"}