{"seed":[41118,59052,18420,12229],"turns":20,"p1":"Guard Wulf - ⓓⓔⓐⓓ","p2":"Factionless","p1team":[{"name":"Skarmory","species":"Skarmory","item":"leftovers","ability":"Sturdy","moves":["roost","stealthrock","ironhead","roar"],"nature":"Impish","evs":{"hp":250,"atk":4,"def":232,"spa":0,"spd":0,"spe":24},"ivs":{"hp":31,"atk":31,"def":31,"spa":31,"spd":31,"spe":31}},{"name":"Mandibuzz","species":"Mandibuzz","item":"leftovers","ability":"Overcoat","moves":["defog","bravebird","roost","toxic"],"nature":"Careful","evs":{"hp":248,"atk":8,"def":0,"spa":0,"spd":252,"spe":0},"ivs":{"hp":31,"atk":31,"def":31,"spa":31,"spd":31,"spe":31}},{"name":"Thundurus","species":"Thundurus","item":"leftovers","ability":"Prankster","moves":["thunderwave","thunderbolt","hiddenpowerice","taunt"],"nature":"Timid","evs":{"hp":0,"atk":0,"def":0,"spa":252,"spd":4,"spe":252},"ivs":{"hp":31,"atk":30,"def":30,"spa":31,"spd":31,"spe":31}},{"name":"Gliscor","species":"Gliscor","item":"toxicorb","ability":"Poison Heal","moves":["knockoff","earthquake","roost","aerialace"],"nature":"Impish","evs":{"hp":244,"atk":4,"def":188,"spa":0,"spd":0,"spe":72},"ivs":{"hp":31,"atk":31,"def":31,"spa":31,"spd":31,"spe":31}},{"name":"Charizard","species":"Charizard","item":"charizarditex","ability":"Blaze","moves":["dragondance","roost","dragonclaw","firepunch"],"nature":"Jolly","evs":{"hp":0,"atk":252,"def":0,"spa":0,"spd":4,"spe":252},"ivs":{"hp":31,"atk":31,"def":31,"spa":31,"spd":31,"spe":31}},{"name":"Tornadus-Therian","species":"Tornadus-Therian","item":"assaultvest","ability":"Regenerator","moves":["uturn","hurricane","heatwave","focusblast"],"nature":"Hasty","evs":{"hp":132,"atk":0,"def":0,"spa":160,"spd":0,"spe":216},"ivs":{"hp":31,"atk":31,"def":31,"spa":31,"spd":31,"spe":31}}],"p2team":[{"name":"Rotom-Heat","species":"Rotom-Heat","item":"whiteherb","ability":"Levitate","moves":["overheat","hiddenpowerwater","thunderbolt","thunderwave"],"nature":"Modest","evs":{"hp":0,"atk":0,"def":0,"spa":252,"spd":4,"spe":252},"ivs":{"hp":31,"atk":30,"def":30,"spa":30,"spd":31,"spe":31}},{"name":"Victini","species":"Victini","item":"whiteherb","ability":"Victory Star","moves":["vcreate","boltstrike","taunt","psychic"],"nature":"Jolly","evs":{"hp":0,"atk":252,"def":0,"spa":0,"spd":4,"spe":252},"ivs":{"hp":31,"atk":31,"def":31,"spa":31,"spd":31,"spe":31}},{"name":"Entei","species":"Entei","item":"assaultvest","ability":"Pressure","moves":["sacredfire","extremespeed","stoneedge","ironhead"],"nature":"Adamant","evs":{"hp":6,"atk":252,"def":0,"spa":0,"spd":0,"spe":252},"shiny":true,"ivs":{"hp":31,"atk":31,"def":31,"spa":31,"spd":31,"spe":31}},{"name":"Charizard","species":"Charizard","item":"charizarditex","ability":"Blaze","moves":["dragondance","flareblitz","dragonclaw","earthquake"],"nature":"Jolly","evs":{"hp":132,"atk":124,"def":0,"spa":0,"spd":0,"spe":252},"gender":"M","ivs":{"hp":31,"atk":31,"def":31,"spa":31,"spd":31,"spe":31}},{"name":"Ninetales","species":"Ninetales","item":"heatrock","ability":"Drought","moves":["solarbeam","flamethrower","confuseray","willowisp"],"nature":"Calm","evs":{"hp":252,"atk":0,"def":4,"spa":0,"spd":252,"spe":0},"ivs":{"hp":31,"atk":31,"def":31,"spa":31,"spd":31,"spe":31}},{"name":"Pumba","species":"emboar","item":"assaultvest","ability":"Reckless","moves":["flareblitz","wildcharge","headsmash","superpower"],"nature":"Adamant","evs":{"hp":252,"atk":0,"def":252,"spa":0,"spd":4,"spe":0},"shiny":true,"ivs":{"hp":31,"atk":31,"def":31,"spa":31,"spd":31,"spe":31}}],"log":["|player|p1|Guard Wulf - ⓓⓔⓐⓓ|143","|player|p2|Factionless|167","|gametype|singles","|gen|6","|tier|Monotype","|rated","|rule|Baton Pass Clause: Limit one Baton Passer, can't pass Spe and other stats simultaneously","|rule|Swagger Clause: Swagger is banned","|rule|Same Type Clause: Pokémon in a team must share a type","|clearpoke","|poke|p1|Skarmory, F","|poke|p1|Mandibuzz, F","|poke|p1|Thundurus, M","|poke|p1|Gliscor, M","|poke|p1|Charizard, M","|poke|p1|Tornadus-Therian, M","|poke|p2|Rotom-Heat","|poke|p2|Victini","|poke|p2|Entei, shiny","|poke|p2|Charizard, M","|poke|p2|Ninetales, M","|poke|p2|Emboar, F, shiny","|rule|Sleep Clause Mod: Limit one foe put to sleep","|rule|Species Clause: Limit one of each Pokémon","|rule|OHKO Clause: OHKO moves are banned","|rule|Moody Clause: Moody is banned","|rule|Evasion Moves Clause: Evasion moves are banned","|rule|Endless Battle Clause: Forcing endless battles is banned","|rule|HP Percentage Mod: HP is shown in percentages","|teampreview","|","|start","|switch|p1a: Tornadus-Therian|Tornadus-Therian, M|332/332","|switch|p2a: Ninetales|Ninetales, M|350/350","|-weather|SunnyDay","|turn|1","|","|switch|p2a: Charizard|Charizard, M|330/330","|move|p1a: Tornadus-Therian|Hurricane|p2a: Charizard","|-crit|p2a: Charizard","|-damage|p2a: Charizard|39/330","|","|-weather|SunnyDay|[upkeep]","|turn|2","|","|detailschange|p2a: Charizard|Charizard-Mega-X, M","|-mega|p2a: Charizard|Charizard|Charizardite X","|move|p1a: Tornadus-Therian|Heat Wave|p2a: Charizard","|-resisted|p2a: Charizard","|-damage|p2a: Charizard|0 fnt","|faint|p2a: Charizard","|","|-weather|SunnyDay|[upkeep]","|","|switch|p2a: Pumba|Emboar, F, shiny|424/424","|turn|3","|","|switch|p1a: Skarmory|Skarmory, F|333/333","|move|p2a: Pumba|Head Smash|p1a: Skarmory","|-damage|p1a: Skarmory|231/333","|-damage|p2a: Pumba|373/424|[from] recoil|[of] p1a: Skarmory","|","|-weather|SunnyDay|[upkeep]","|-heal|p1a: Skarmory|251/333|[from] item: Leftovers","|turn|4","|","|move|p1a: Skarmory|Stealth Rock|p2a: Pumba","|-sidestart|p2: Factionless|move: Stealth Rock","|move|p2a: Pumba|Flare Blitz|p1a: Skarmory","|-supereffective|p1a: Skarmory","|-damage|p1a: Skarmory|0 fnt","|-damage|p2a: Pumba|290/424|[from] recoil|[of] p1a: Skarmory","|faint|p1a: Skarmory","|","|-weather|SunnyDay|[upkeep]","|","|switch|p1a: Gliscor|Gliscor, M|352/352","|turn|5","|","|move|p1a: Gliscor|Earthquake|p2a: Pumba","|-supereffective|p2a: Pumba","|-damage|p2a: Pumba|44/424","|move|p2a: Pumba|Flare Blitz|p1a: Gliscor","|-damage|p1a: Gliscor|130/352","|-damage|p2a: Pumba|0 fnt|[from] recoil|[of] p1a: Gliscor","|faint|p2a: Pumba","|","|-weather|SunnyDay|[upkeep]","|-status|p1a: Gliscor|tox|[from] item: Toxic Orb","|","|switch|p2a: Rotom-Heat|Rotom-Heat|241/241","|-damage|p2a: Rotom-Heat|181/241|[from] Stealth Rock","|turn|6","|","|move|p2a: Rotom-Heat|Overheat|p1a: Gliscor","|-damage|p1a: Gliscor|0 fnt","|-unboost|p2a: Rotom-Heat|spa|2","|faint|p1a: Gliscor","|-enditem|p2a: Rotom-Heat|White Herb","|-restoreboost|p2a: Rotom-Heat|[silent]","|","|-weather|SunnyDay|[upkeep]","|","|switch|p1a: Charizard|Charizard, M|297/297","|turn|7","|","|detailschange|p1a: Charizard|Charizard-Mega-X, M","|-mega|p1a: Charizard|Charizard|Charizardite X","|move|p1a: Charizard|Dragon Dance|p1a: Charizard","|-boost|p1a: Charizard|atk|1","|-boost|p1a: Charizard|spe|1","|move|p2a: Rotom-Heat|Thunderbolt|p1a: Charizard","|-resisted|p1a: Charizard","|-damage|p1a: Charizard|211/297","|","|-weather|SunnyDay|[upkeep]","|turn|8","|","|move|p1a: Charizard|Dragon Dance|p1a: Charizard","|-boost|p1a: Charizard|atk|1","|-boost|p1a: Charizard|spe|1","|move|p2a: Rotom-Heat|Thunder Wave|p1a: Charizard","|-status|p1a: Charizard|par","|","|-weather|none","|turn|9","|","|move|p2a: Rotom-Heat|Hidden Power|p1a: Charizard","|-damage|p1a: Charizard|127/297 par","|move|p1a: Charizard|Roost|p1a: Charizard","|-heal|p1a: Charizard|276/297 par","|","|turn|10","|","|move|p2a: Rotom-Heat|Overheat|p1a: Charizard","|-resisted|p1a: Charizard","|-damage|p1a: Charizard|218/297 par","|-unboost|p2a: Rotom-Heat|spa|2","|cant|p1a: Charizard|par","|","|turn|11","|","|move|p2a: Rotom-Heat|Hidden Power|p1a: Charizard","|-damage|p1a: Charizard|178/297 par","|move|p1a: Charizard|Roost|p1a: Charizard","|-heal|p1a: Charizard|297/297 par","|","|turn|12","|","|move|p2a: Rotom-Heat|Hidden Power|p1a: Charizard","|-damage|p1a: Charizard|257/297 par","|move|p1a: Charizard|Dragon Claw|p2a: Rotom-Heat","|-damage|p2a: Rotom-Heat|0 fnt","|faint|p2a: Rotom-Heat","|","|","|switch|p2a: Ninetales|Ninetales, M|350/350","|-damage|p2a: Ninetales|263/350|[from] Stealth Rock","|-weather|SunnyDay","|turn|13","|","|move|p2a: Ninetales|Confuse Ray|p1a: Charizard","|-start|p1a: Charizard|confusion","|-activate|p1a: Charizard|confusion","|move|p1a: Charizard|Dragon Claw|p2a: Ninetales","|-damage|p2a: Ninetales|0 fnt","|faint|p2a: Ninetales","|","|-weather|SunnyDay|[upkeep]","|","|switch|p2a: Entei|Entei, shiny|372/372","|-damage|p2a: Entei|279/372|[from] Stealth Rock","|-ability|p2a: Entei|Pressure","|turn|14","|","|move|p2a: Entei|Stone Edge|p1a: Charizard","|-supereffective|p1a: Charizard","|-damage|p1a: Charizard|39/297 par","|-activate|p1a: Charizard|confusion","|-damage|p1a: Charizard|0 fnt|[from] confusion","|faint|p1a: Charizard","|","|-weather|SunnyDay|[upkeep]","|","|switch|p1a: Mandibuzz|Mandibuzz, F|423/423","|turn|15","|","|move|p2a: Entei|Sacred Fire|p1a: Mandibuzz","|-damage|p1a: Mandibuzz|176/423","|move|p1a: Mandibuzz|Brave Bird|p2a: Entei","|-damage|p2a: Entei|173/372","|-damage|p1a: Mandibuzz|141/423|[from] recoil|[of] p2a: Entei","|","|-weather|SunnyDay|[upkeep]","|-heal|p1a: Mandibuzz|167/423|[from] item: Leftovers","|turn|16","|","|move|p2a: Entei|Sacred Fire|p1a: Mandibuzz","|-damage|p1a: Mandibuzz|0 fnt","|faint|p1a: Mandibuzz","|","|-weather|SunnyDay|[upkeep]","|","|switch|p1a: Thundurus|Thundurus, M|299/299","|turn|17","|","|move|p1a: Thundurus|Thunderbolt|p2a: Entei","|-damage|p2a: Entei|32/372","|move|p2a: Entei|Sacred Fire|p1a: Thundurus|[miss]","|-miss|p2a: Entei|p1a: Thundurus","|","|-weather|SunnyDay|[upkeep]","|turn|18","|","|move|p2a: Entei|Extreme Speed|p1a: Thundurus","|-damage|p1a: Thundurus|161/299","|move|p1a: Thundurus|Thunderbolt|p2a: Entei","|-damage|p2a: Entei|0 fnt","|faint|p2a: Entei","|","|-weather|SunnyDay|[upkeep]","|-heal|p1a: Thundurus|179/299|[from] item: Leftovers","|","|switch|p2a: Victini|Victini|341/341","|-damage|p2a: Victini|256/341|[from] Stealth Rock","|turn|19","|","|move|p1a: Thundurus|Thunder Wave|p2a: Victini","|-status|p2a: Victini|par","|move|p2a: Victini|V-create|p1a: Thundurus","|-damage|p1a: Thundurus|0 fnt","|-unboost|p2a: Victini|spe|1","|-unboost|p2a: Victini|def|1","|-unboost|p2a: Victini|spd|1","|faint|p1a: Thundurus","|-enditem|p2a: Victini|White Herb","|-restoreboost|p2a: Victini|[silent]","|","|-weather|SunnyDay|[upkeep]","|","|switch|p1a: Tornadus-Therian|Tornadus-Therian, M|332/332","|turn|20","|","|move|p1a: Tornadus-Therian|Hurricane|p2a: Victini","|-damage|p2a: Victini|97/341 par","|move|p2a: Victini|V-create|p1a: Tornadus-Therian","|-crit|p1a: Tornadus-Therian","|-damage|p1a: Tornadus-Therian|0 fnt","|-unboost|p2a: Victini|spe|1","|-unboost|p2a: Victini|def|1","|-unboost|p2a: Victini|spd|1","|faint|p1a: Tornadus-Therian","|","|win|Factionless"],"p1rating":{"entryid":"7326062","serverid":"eos","formatid":"monotype","userid":"guardwulf","username":"Guard Wulf","w":"43","l":24,"t":"0","gxe":60.9,"r":"1607.4810361933","rd":"46.059337814947","sigma":"0","rptime":"1439024400","rpr":1584.2930630391,"rprd":43.594093408684,"rpsigma":"0","acre":1133.3885440934,"lacre":1133.3885440934,"oldacre":"1165.0412962292"},"p2rating":{"entryid":"7495680","serverid":"eos","formatid":"monotype","userid":"factionless","username":"Factionless","w":3,"l":"1","t":"0","gxe":60.1,"r":"1500","rd":"130","sigma":"0","rptime":"1439024400","rpr":1580.9686672894,"rprd":106.14255153635,"rpsigma":"0","acre":1107.5973851321,"lacre":1107.5973851321,"oldacre":"1070.3050767183"},"endType":"normal"}