{"seed":[47616,41273,6517,17737],"turns":33,"p1":"alliance - ed wins","p2":"Guard Wanderer","p1team":[{"name":"Generic Fairy V2.1","species":"diancie","item":"leftovers","ability":"Clear Body","moves":["stealthrock","trickroom","diamondstorm","explosion"],"nature":"Brave","evs":{"hp":248,"atk":252,"def":8,"spa":0,"spd":0,"spe":0},"ivs":{"hp":31,"atk":31,"def":31,"spa":31,"spd":31,"spe":0}},{"name":"Anon Twink","species":"sylveon","item":"choicespecs","ability":"Pixilate","moves":["hypervoice","hiddenpowerfire","psyshock","shadowball"],"nature":"Quiet","evs":{"hp":248,"atk":0,"def":8,"spa":252,"spd":0,"spe":0},"gender":"M","ivs":{"hp":31,"atk":0,"def":31,"spa":30,"spd":31,"spe":0}},{"name":"Urine Trouble","species":"azumarill","item":"lifeorb","ability":"Huge Power","moves":["playrough","waterfall","superpower","aquajet"],"nature":"Brave","evs":{"hp":248,"atk":252,"def":0,"spa":0,"spd":8,"spe":0},"gender":"M","ivs":{"hp":31,"atk":31,"def":31,"spa":31,"spd":31,"spe":0},"shiny":true},{"name":"Gardevoir-Senpai","species":"gardevoir","item":"gardevoirite","ability":"Trace","moves":["hypervoice","focusblast","trickroom","healingwish"],"nature":"Quiet","evs":{"hp":248,"atk":0,"def":8,"spa":252,"spd":0,"spe":0},"gender":"M","ivs":{"hp":31,"atk":0,"def":31,"spa":31,"spd":31,"spe":0},"shiny":true},{"name":"Janitors Fren","species":"klefki","item":"lightclay","ability":"Prankster","moves":["reflect","lightscreen","foulplay","spikes"],"nature":"Bold","evs":{"hp":248,"atk":0,"def":252,"spa":0,"spd":8,"spe":0},"ivs":{"hp":31,"atk":0,"def":31,"spa":31,"spd":31,"spe":31}},{"name":"'Murica","species":"togekiss","item":"choicescarf","ability":"Serene Grace","moves":["airslash","fireblast","dazzlinggleam","trick"],"nature":"Timid","evs":{"hp":0,"atk":0,"def":0,"spa":252,"spd":4,"spe":252},"ivs":{"hp":31,"atk":0,"def":31,"spa":31,"spd":31,"spe":31}}],"p2team":[{"name":"Weezing","species":"Weezing","item":"sitrusberry","ability":"Levitate","moves":["toxicspikes","willowisp","memento","thief"],"nature":"Careful","evs":{"hp":248,"atk":8,"def":0,"spa":0,"spd":252,"spe":0},"ivs":{"hp":31,"atk":31,"def":31,"spa":31,"spd":31,"spe":31}},{"name":"Tentacruel","species":"Tentacruel","item":"assaultvest","ability":"Liquid Ooze","moves":["scald","acidspray","gigadrain","hex"],"nature":"Timid","evs":{"hp":0,"atk":0,"def":4,"spa":252,"spd":0,"spe":252},"ivs":{"hp":31,"atk":31,"def":31,"spa":31,"spd":31,"spe":31}},{"name":"Skuntank","species":"Skuntank","item":"","ability":"Stench","moves":["snatch","thief","suckerpunch","poisonjab"],"nature":"Adamant","evs":{"hp":248,"atk":252,"def":0,"spa":0,"spd":8,"spe":0},"ivs":{"hp":31,"atk":31,"def":31,"spa":31,"spd":31,"spe":31}},{"name":"Crobat","species":"Crobat","item":"whiteherb","ability":"Infiltrator","moves":["curse","acrobatics","roost","hypnosis"],"nature":"Jolly","evs":{"hp":248,"atk":8,"def":0,"spa":0,"spd":0,"spe":252},"ivs":{"hp":31,"atk":31,"def":31,"spa":31,"spd":31,"spe":31}},{"name":"Gengar","species":"Gengar","item":"choicescarf","ability":"Levitate","moves":["trick","destinybond","venoshock","hex"],"nature":"Timid","evs":{"hp":0,"atk":0,"def":0,"spa":252,"spd":4,"spe":252},"ivs":{"hp":31,"atk":31,"def":31,"spa":31,"spd":31,"spe":31}},{"name":"Amoonguss","species":"Amoonguss","item":"blacksludge","ability":"Regenerator","moves":["spore","gigadrain","gastroacid","stunspore"],"nature":"Calm","evs":{"hp":248,"atk":0,"def":0,"spa":8,"spd":252,"spe":0},"shiny":true,"ivs":{"hp":31,"atk":31,"def":31,"spa":31,"spd":31,"spe":31}}],"log":["|player|p1|alliance - ed wins|102","|player|p2|Guard Wanderer|235","|gametype|singles","|gen|6","|tier|Monotype","|rated","|rule|Baton Pass Clause: Limit one Baton Passer, can't pass Spe and other stats simultaneously","|rule|Swagger Clause: Swagger is banned","|rule|Same Type Clause: Pokémon in a team must share a type","|clearpoke","|poke|p1|Diancie","|poke|p1|Sylveon, M","|poke|p1|Azumarill, M, shiny","|poke|p1|Gardevoir, M, shiny","|poke|p1|Klefki, F","|poke|p1|Togekiss, F","|poke|p2|Weezing, F","|poke|p2|Tentacruel, M","|poke|p2|Skuntank, M","|poke|p2|Crobat, F","|poke|p2|Gengar, F","|poke|p2|Amoonguss, M, shiny","|rule|Sleep Clause Mod: Limit one foe put to sleep","|rule|Species Clause: Limit one of each Pokémon","|rule|OHKO Clause: OHKO moves are banned","|rule|Moody Clause: Moody is banned","|rule|Evasion Moves Clause: Evasion moves are banned","|rule|Endless Battle Clause: Forcing endless battles is banned","|rule|HP Percentage Mod: HP is shown in percentages","|teampreview","|","|start","|switch|p1a: 'Murica|Togekiss, F|311/311","|switch|p2a: Weezing|Weezing, F|333/333","|turn|1","|","|move|p1a: 'Murica|Air Slash|p2a: Weezing","|-damage|p2a: Weezing|212/333","|cant|p2a: Weezing|flinch","|","|turn|2","|","|move|p1a: 'Murica|Air Slash|p2a: Weezing","|-damage|p2a: Weezing|107/333","|-enditem|p2a: Weezing|Sitrus Berry|[eat]","|-heal|p2a: Weezing|190/333|[from] item: Sitrus Berry","|move|p2a: Weezing|Will-O-Wisp|p1a: 'Murica","|-status|p1a: 'Murica|brn","|","|-damage|p1a: 'Murica|273/311 brn|[from] brn","|turn|3","|","|switch|p2a: Tentacruel|Tentacruel, M|301/301","|move|p1a: 'Murica|Air Slash|p2a: Tentacruel","|-damage|p2a: Tentacruel|226/301","|","|-damage|p1a: 'Murica|235/311 brn|[from] brn","|turn|4","|","|move|p1a: 'Murica|Air Slash|p2a: Tentacruel","|-damage|p2a: Tentacruel|159/301","|move|p2a: Tentacruel|Acid Spray|p1a: 'Murica","|-supereffective|p1a: 'Murica","|-damage|p1a: 'Murica|149/311 brn","|-unboost|p1a: 'Murica|spd|2","|","|-damage|p1a: 'Murica|111/311 brn|[from] brn","|turn|5","|","|switch|p1a: Anon Twink|Sylveon, M|393/393","|move|p2a: Tentacruel|Scald|p1a: Anon Twink","|-crit|p1a: Anon Twink","|-damage|p1a: Anon Twink|267/393","|","|turn|6","|","|move|p2a: Tentacruel|Acid Spray|p1a: Anon Twink","|-supereffective|p1a: Anon Twink","|-damage|p1a: Anon Twink|189/393","|-unboost|p1a: Anon Twink|spd|2","|move|p1a: Anon Twink|Psyshock|p2a: Tentacruel","|-supereffective|p2a: Tentacruel","|-damage|p2a: Tentacruel|0 fnt","|faint|p2a: Tentacruel","|","|","|switch|p2a: Skuntank|Skuntank, M|409/409","|turn|7","|","|switch|p1a: Janitors Fren|Klefki, F|317/317","|move|p2a: Skuntank|Poison Jab|p1a: Janitors Fren","|-immune|p1a: Janitors Fren|[msg]","|","|turn|8","|","|switch|p2a: Weezing|Weezing, F|190/333","|switch|p1a: Gardevoir-Senpai|Gardevoir, M, shiny|339/339","|-ability|p1a: Gardevoir-Senpai|Levitate|[from] ability: Trace|[of] p2a: Weezing","|","|turn|9","|","|switch|p2a: Amoonguss|Amoonguss, M, shiny|431/431","|detailschange|p1a: Gardevoir-Senpai|Gardevoir-Mega, M, shiny","|-mega|p1a: Gardevoir-Senpai|Gardevoir|Gardevoirite","|move|p1a: Gardevoir-Senpai|Hyper Voice|p2a: Amoonguss","|-resisted|p2a: Amoonguss","|-damage|p2a: Amoonguss|323/431","|","|-heal|p2a: Amoonguss|349/431|[from] item: Black Sludge","|turn|10","|","|switch|p2a: Skuntank|Skuntank, M|409/409","|move|p1a: Gardevoir-Senpai|Healing Wish|p1a: Gardevoir-Senpai","|faint|p1a: Gardevoir-Senpai","|","|","|switch|p1a: 'Murica|Togekiss, F|111/311 brn","|-heal|p1a: 'Murica|311/311|[from] move: Healing Wish","|turn|11","|","|switch|p1a: Janitors Fren|Klefki, F|317/317","|move|p2a: Skuntank|Poison Jab|p1a: Janitors Fren","|-immune|p1a: Janitors Fren|[msg]","|","|turn|12","|","|switch|p2a: Weezing|Weezing, F|190/333","|move|p1a: Janitors Fren|Spikes|p2a: Weezing","|-sidestart|p2: Guard Wanderer|Spikes","|","|turn|13","|","|move|p1a: Janitors Fren|Spikes|p2a: Weezing","|-sidestart|p2: Guard Wanderer|Spikes","|move|p2a: Weezing|Toxic Spikes|p1a: Janitors Fren","|-sidestart|p1: alliance - ed wins|move: Toxic Spikes","|","|turn|14","|","|switch|p1a: 'Murica|Togekiss, F|311/311","|move|p2a: Weezing|Will-O-Wisp|p1a: 'Murica","|-status|p1a: 'Murica|brn","|","|-damage|p1a: 'Murica|273/311 brn|[from] brn","|turn|15","|","|move|p1a: 'Murica|Air Slash|p2a: Weezing","|-damage|p2a: Weezing|73/333","|cant|p2a: Weezing|flinch","|","|-damage|p1a: 'Murica|235/311 brn|[from] brn","|turn|16","|","|move|p1a: 'Murica|Air Slash|p2a: Weezing","|-damage|p2a: Weezing|0 fnt","|faint|p2a: Weezing","|","|-damage|p1a: 'Murica|197/311 brn|[from] brn","|","|switch|p2a: Crobat|Crobat, F|373/373","|turn|17","|","|switch|p1a: Generic Fairy V2.1|Diancie|303/303","|-status|p1a: Generic Fairy V2.1|psn","|move|p2a: Crobat|Curse|p2a: Crobat","|-unboost|p2a: Crobat|spe|1","|-boost|p2a: Crobat|atk|1","|-boost|p2a: Crobat|def|1","|-enditem|p2a: Crobat|White Herb","|-restoreboost|p2a: Crobat|[silent]","|","|-damage|p1a: Generic Fairy V2.1|266/303 psn|[from] psn","|turn|18","|","|move|p2a: Crobat|Acrobatics|p1a: Generic Fairy V2.1","|-resisted|p1a: Generic Fairy V2.1","|-damage|p1a: Generic Fairy V2.1|205/303 psn","|move|p1a: Generic Fairy V2.1|Trick Room|p1a: Generic Fairy V2.1","|-fieldstart|move: Trick Room|[of] p1a: Generic Fairy V2.1","|","|-heal|p1a: Generic Fairy V2.1|223/303 psn|[from] item: Leftovers","|-damage|p1a: Generic Fairy V2.1|186/303 psn|[from] psn","|turn|19","|","|move|p1a: Generic Fairy V2.1|Diamond Storm|p2a: Crobat","|-crit|p2a: Crobat","|-supereffective|p2a: Crobat","|-damage|p2a: Crobat|0 fnt","|faint|p2a: Crobat","|","|-heal|p1a: Generic Fairy V2.1|204/303 psn|[from] item: Leftovers","|-damage|p1a: Generic Fairy V2.1|167/303 psn|[from] psn","|","|switch|p2a: Amoonguss|Amoonguss, M, shiny|431/431","|-damage|p2a: Amoonguss|360/431|[from] Spikes","|turn|20","|","|move|p1a: Generic Fairy V2.1|Diamond Storm|p2a: Amoonguss","|-damage|p2a: Amoonguss|126/431","|move|p2a: Amoonguss|Giga Drain|p1a: Generic Fairy V2.1","|-supereffective|p1a: Generic Fairy V2.1","|-damage|p1a: Generic Fairy V2.1|59/303 psn","|-heal|p2a: Amoonguss|180/431|[from] drain|[of] p1a: Generic Fairy V2.1","|","|-heal|p1a: Generic Fairy V2.1|77/303 psn|[from] item: Leftovers","|-heal|p2a: Amoonguss|206/431|[from] item: Black Sludge","|-damage|p1a: Generic Fairy V2.1|40/303 psn|[from] psn","|turn|21","|","|switch|p2a: Skuntank|Skuntank, M|409/409","|-damage|p2a: Skuntank|341/409|[from] Spikes","|move|p1a: Generic Fairy V2.1|Diamond Storm|p2a: Skuntank","|-damage|p2a: Skuntank|101/409","|","|-heal|p1a: Generic Fairy V2.1|58/303 psn|[from] item: Leftovers","|-damage|p1a: Generic Fairy V2.1|21/303 psn|[from] psn","|turn|22","|","|move|p2a: Skuntank|Sucker Punch|p1a: Generic Fairy V2.1","|-fail|p2a: Skuntank","|move|p1a: Generic Fairy V2.1|Stealth Rock|p2a: Skuntank","|-sidestart|p2: Guard Wanderer|move: Stealth Rock","|","|-heal|p1a: Generic Fairy V2.1|39/303 psn|[from] item: Leftovers","|-damage|p1a: Generic Fairy V2.1|2/303 psn|[from] psn","|-fieldend|move: Trick Room","|turn|23","|","|switch|p1a: Janitors Fren|Klefki, F|317/317","|move|p2a: Skuntank|Poison Jab|p1a: Janitors Fren","|-immune|p1a: Janitors Fren|[msg]","|","|turn|24","|","|move|p2a: Skuntank|Thief|p1a: Janitors Fren","|-resisted|p1a: Janitors Fren","|-damage|p1a: Janitors Fren|284/317","|-item|p2a: Skuntank|Light Clay|[from] move: Thief|[of] p1a: Janitors Fren","|move|p1a: Janitors Fren|Foul Play|p2a: Skuntank","|-resisted|p2a: Skuntank","|-damage|p2a: Skuntank|35/409","|","|turn|25","|","|move|p2a: Skuntank|Snatch|p2a: Skuntank","|-singleturn|p2a: Skuntank|Snatch","|move|p1a: Janitors Fren|Foul Play|p2a: Skuntank","|-resisted|p2a: Skuntank","|-damage|p2a: Skuntank|0 fnt","|faint|p2a: Skuntank","|","|","|switch|p2a: Amoonguss|Amoonguss, M, shiny|349/431","|-damage|p2a: Amoonguss|278/431|[from] Spikes","|-damage|p2a: Amoonguss|225/431|[from] Stealth Rock","|turn|26","|","|switch|p1a: Generic Fairy V2.1|Diancie|2/303 psn","|move|p2a: Amoonguss|Spore|p1a: Generic Fairy V2.1","|-fail|p1a: Generic Fairy V2.1","|","|-heal|p2a: Amoonguss|251/431|[from] item: Black Sludge","|-heal|p1a: Generic Fairy V2.1|20/303 psn|[from] item: Leftovers","|-damage|p1a: Generic Fairy V2.1|0 fnt|[from] psn","|faint|p1a: Generic Fairy V2.1","|","|switch|p1a: 'Murica|Togekiss, F|197/311 brn","|turn|27","|","|move|p1a: 'Murica|Air Slash|p2a: Amoonguss","|-supereffective|p2a: Amoonguss","|-damage|p2a: Amoonguss|53/431","|move|p2a: Amoonguss|Gastro Acid|p1a: 'Murica","|-endability|p1a: 'Murica","|","|-heal|p2a: Amoonguss|79/431|[from] item: Black Sludge","|-damage|p1a: 'Murica|159/311 brn|[from] brn","|turn|28","|","|switch|p2a: Gengar|Gengar, F|261/261","|-damage|p2a: Gengar|229/261|[from] Stealth Rock","|move|p1a: 'Murica|Air Slash|p2a: Gengar","|-damage|p2a: Gengar|82/261","|","|-damage|p1a: 'Murica|121/311 brn|[from] brn","|turn|29","|","|switch|p1a: Janitors Fren|Klefki, F|284/317","|move|p2a: Gengar|Hex|p1a: Janitors Fren","|-damage|p1a: Janitors Fren|163/317","|","|turn|30","|","|switch|p2a: Amoonguss|Amoonguss, M, shiny|222/431","|-damage|p2a: Amoonguss|169/431|[from] Stealth Rock","|-damage|p2a: Amoonguss|98/431|[from] Spikes","|move|p1a: Janitors Fren|Light Screen|p1a: Janitors Fren","|-sidestart|p1: alliance - ed wins|move: Light Screen","|","|-heal|p2a: Amoonguss|124/431|[from] item: Black Sludge","|turn|31","|","|switch|p1a: Anon Twink|Sylveon, M|189/393","|-status|p1a: Anon Twink|psn","|move|p2a: Amoonguss|Spore|p1a: Anon Twink","|-fail|p1a: Anon Twink","|","|-heal|p2a: Amoonguss|150/431|[from] item: Black Sludge","|-damage|p1a: Anon Twink|140/393 psn|[from] psn","|turn|32","|","|move|p1a: Anon Twink|Psyshock|p2a: Amoonguss","|-supereffective|p2a: Amoonguss","|-damage|p2a: Amoonguss|0 fnt","|faint|p2a: Amoonguss","|","|-damage|p1a: Anon Twink|91/393 psn|[from] psn","|","|switch|p2a: Gengar|Gengar, F|82/261","|-damage|p2a: Gengar|50/261|[from] Stealth Rock","|turn|33","|","|move|p2a: Gengar|Hex|p1a: Anon Twink","|-damage|p1a: Anon Twink|2/393 psn","|move|p1a: Anon Twink|Psyshock|p2a: Gengar","|-supereffective|p2a: Gengar","|-damage|p2a: Gengar|0 fnt","|faint|p2a: Gengar","|","|win|alliance - ed wins"],"p1rating":{"entryid":"7432721","serverid":"eos","formatid":"monotype","userid":"allianceedwins","username":"alliance - ed wins","w":8,"l":"2","t":"0","gxe":68.6,"r":"1673.3762821028","rd":"92.015503405152","sigma":"0","rptime":"1439024400","rpr":1651.5605993896,"rprd":87.584062808316,"rpsigma":"0","acre":1215.2431561201,"lacre":1215.2431561201,"oldacre":"1181.0905707264"},"p2rating":{"entryid":"6731189","serverid":"eos","formatid":"monotype","userid":"guardwanderer","username":"Guard Wanderer","w":"100","l":124,"t":"0","gxe":44.1,"r":"1449.7921848038","rd":"27.278099146195","sigma":"0","rptime":"1439024400","rpr":1455.3134439378,"rprd":27.02029187431,"rpsigma":"0","acre":1287.1545686683,"lacre":1287.1545686683,"oldacre":"1314.4766369832"},"endType":"normal"}