{"seed":[43020,5358,7945,18239],"turns":24,"p1":"GymLeaderAoi","p2":"Jumeaux쌍둥이","p1team":[{"name":"Aerodactyl","species":"Aerodactyl","item":"focussash","ability":"Unnerve","moves":["stealthrock","taunt","earthquake","stoneedge"],"nature":"Jolly","evs":{"hp":4,"atk":252,"def":0,"spa":0,"spd":0,"spe":252},"ivs":{"hp":31,"atk":31,"def":31,"spa":31,"spd":31,"spe":31}},{"name":"Omastar","species":"Omastar","item":"focussash","ability":"Weak Armor","moves":["shellsmash","surf","icebeam","hiddenpowergrass"],"nature":"Timid","evs":{"hp":0,"atk":0,"def":0,"spa":252,"spd":4,"spe":252},"ivs":{"hp":31,"atk":30,"def":31,"spa":30,"spd":31,"spe":31}},{"name":"Aggron","species":"Aggron","item":"aggronite","ability":"Sturdy","moves":["ironhead","earthquake","firepunch","dragonclaw"],"nature":"Adamant","evs":{"hp":252,"atk":252,"def":0,"spa":0,"spd":4,"spe":0},"ivs":{"hp":31,"atk":31,"def":31,"spa":31,"spd":31,"spe":31}},{"name":"Tyrantrum","species":"Tyrantrum","item":"lifeorb","ability":"Rock Head","moves":["dragondance","headsmash","firefang","earthquake"],"nature":"Jolly","evs":{"hp":0,"atk":252,"def":4,"spa":0,"spd":0,"spe":252},"ivs":{"hp":31,"atk":31,"def":31,"spa":31,"spd":31,"spe":31}},{"name":"Tyranitar","species":"Tyranitar","item":"choicescarf","ability":"Sand Stream","moves":["icepunch","pursuit","superpower","stoneedge"],"nature":"Jolly","evs":{"hp":0,"atk":252,"def":4,"spa":0,"spd":0,"spe":252},"ivs":{"hp":31,"atk":31,"def":31,"spa":31,"spd":31,"spe":31}},{"name":"Kabutops","species":"Kabutops","item":"lifeorb","ability":"Battle Armor","moves":["swordsdance","aquajet","stoneedge","waterfall"],"nature":"Jolly","evs":{"hp":0,"atk":252,"def":0,"spa":0,"spd":4,"spe":252},"ivs":{"hp":31,"atk":31,"def":31,"spa":31,"spd":31,"spe":31}}],"p2team":[{"name":"ラティオス","species":"latios","item":"choicescarf","ability":"Levitate","moves":["shadowball","dragonpulse","psyshock","icebeam"],"nature":"Timid","evs":{"hp":0,"atk":0,"def":4,"spa":252,"spd":0,"spe":252},"ivs":{"hp":31,"atk":0,"def":31,"spa":31,"spd":31,"spe":31}},{"name":"キュレム","species":"kyuremblack","item":"lifeorb","ability":"Teravolt","moves":["icebeam","outrage","fusionbolt","ironhead"],"nature":"Naive","evs":{"hp":0,"atk":100,"def":0,"spa":180,"spd":0,"spe":228},"shiny":true,"ivs":{"hp":31,"atk":31,"def":31,"spa":31,"spd":31,"spe":31}},{"name":"ボーマンダ","species":"salamence","item":"choicescarf","ability":"Moxie","moves":["outrage","aerialace","steelwing","earthquake"],"nature":"Jolly","evs":{"hp":0,"atk":252,"def":4,"spa":0,"spd":0,"spe":252},"ivs":{"hp":31,"atk":31,"def":31,"spa":31,"spd":31,"spe":31}},{"name":"サザンドラ","species":"hydreigon","item":"choicespecs","ability":"Levitate","moves":["darkpulse","flamethrower","dracometeor","flashcannon"],"nature":"Modest","evs":{"hp":0,"atk":0,"def":4,"spa":252,"spd":0,"spe":252},"shiny":true,"ivs":{"hp":31,"atk":31,"def":31,"spa":31,"spd":31,"spe":31}},{"name":"ガブリアス","species":"garchomp","item":"rockyhelmet","ability":"Rough Skin","moves":["stealthrock","earthquake","dragontail","endure"],"nature":"Impish","evs":{"hp":252,"atk":0,"def":232,"spa":0,"spd":24,"spe":0},"ivs":{"hp":31,"atk":31,"def":31,"spa":31,"spd":31,"spe":31}},{"name":"ラティアス","species":"latias","item":"latiasite","ability":"Levitate","moves":["calmmind","recover","psyshock","dragonbreath"],"nature":"Bold","evs":{"hp":252,"atk":0,"def":224,"spa":0,"spd":0,"spe":32},"ivs":{"hp":31,"atk":0,"def":31,"spa":31,"spd":31,"spe":31}}],"log":["|player|p1|GymLeaderAoi|96","|player|p2|Jumeaux쌍둥이|alliancewutang.png","|gametype|singles","|gen|6","|tier|Monotype","|rated","|rule|Baton Pass Clause: Limit one Baton Passer, can't pass Spe and other stats simultaneously","|rule|Swagger Clause: Swagger is banned","|rule|Same Type Clause: Pokémon in a team must share a type","|clearpoke","|poke|p1|Aerodactyl, F","|poke|p1|Omastar, F","|poke|p1|Aggron, F","|poke|p1|Tyrantrum, M","|poke|p1|Tyranitar, M","|poke|p1|Kabutops, F","|poke|p2|Latios, M","|poke|p2|Kyurem-Black, shiny","|poke|p2|Salamence, M","|poke|p2|Hydreigon, M, shiny","|poke|p2|Garchomp, F","|poke|p2|Latias, F","|rule|Sleep Clause Mod: Limit one foe put to sleep","|rule|Species Clause: Limit one of each Pokémon","|rule|OHKO Clause: OHKO moves are banned","|rule|Moody Clause: Moody is banned","|rule|Evasion Moves Clause: Evasion moves are banned","|rule|Endless Battle Clause: Forcing endless battles is banned","|rule|HP Percentage Mod: HP is shown in percentages","|teampreview","|","|start","|switch|p1a: Aerodactyl|Aerodactyl, F|302/302","|switch|p2a: ガブリアス|Garchomp, F|420/420","|-ability|p1a: Aerodactyl|Unnerve|p2: Jumeaux쌍둥이","|turn|1","|","|move|p1a: Aerodactyl|Taunt|p2a: ガブリアス","|-start|p2a: ガブリアス|move: Taunt","|move|p2a: ガブリアス|Dragon Tail|p1a: Aerodactyl","|-damage|p1a: Aerodactyl|184/302","|drag|p1a: Aggron|Aggron, F|344/344","|","|turn|2","|","|detailschange|p1a: Aggron|Aggron-Mega, F","|-mega|p1a: Aggron|Aggron|Aggronite","|move|p1a: Aggron|Dragon Claw|p2a: ガブリアス","|-supereffective|p2a: ガブリアス","|-damage|p2a: ガブリアス|246/420","|-damage|p1a: Aggron|301/344|[from] ability: Rough Skin|[of] p2a: ガブリアス","|-damage|p1a: Aggron|244/344|[from] item: Rocky Helmet|[of] p2a: ガブリアス","|move|p2a: ガブリアス|Dragon Tail|p1a: Aggron","|-resisted|p1a: Aggron","|-damage|p1a: Aggron|224/344","|drag|p1a: Tyrantrum|Tyrantrum, M|305/305","|","|turn|3","|","|move|p1a: Tyrantrum|Head Smash|p2a: ガブリアス","|-resisted|p2a: ガブリアス","|-damage|p2a: ガブリアス|126/420","|-damage|p1a: Tyrantrum|267/305|[from] ability: Rough Skin|[of] p2a: ガブリアス","|-damage|p1a: Tyrantrum|217/305|[from] item: Rocky Helmet|[of] p2a: ガブリアス","|-damage|p1a: Tyrantrum|187/305|[from] item: Life Orb","|move|p2a: ガブリアス|Earthquake|p1a: Tyrantrum","|-supereffective|p1a: Tyrantrum","|-damage|p1a: Tyrantrum|0 fnt","|faint|p1a: Tyrantrum","|","|-end|p2a: ガブリアス|move: Taunt","|","|switch|p1a: Omastar|Omastar, F|281/281","|turn|4","|","|move|p1a: Omastar|Ice Beam|p2a: ガブリアス","|-supereffective|p2a: ガブリアス","|-damage|p2a: ガブリアス|0 fnt","|faint|p2a: ガブリアス","|","|","|switch|p2a: キュレム|Kyurem-Black, shiny|391/391","|-ability|p2a: キュレム|Teravolt","|turn|5","|","|move|p2a: キュレム|Fusion Bolt|p1a: Omastar","|-supereffective|p1a: Omastar","|-enditem|p1a: Omastar|Focus Sash","|-damage|p1a: Omastar|1/281","|-unboost|p1a: Omastar|def|1|[from] ability: Weak Armor","|-boost|p1a: Omastar|spe|1|[from] ability: Weak Armor","|-damage|p2a: キュレム|352/391|[from] item: Life Orb","|move|p1a: Omastar|Shell Smash|p1a: Omastar","|-unboost|p1a: Omastar|def|1","|-unboost|p1a: Omastar|spd|1","|-boost|p1a: Omastar|atk|2","|-boost|p1a: Omastar|spa|2","|-boost|p1a: Omastar|spe|2","|","|turn|6","|","|switch|p2a: ボーマンダ|Salamence, M|331/331","|move|p1a: Omastar|Surf|p2a: ボーマンダ","|-resisted|p2a: ボーマンダ","|-damage|p2a: ボーマンダ|157/331","|","|turn|7","|","|move|p1a: Omastar|Surf|p2a: ボーマンダ","|-resisted|p2a: ボーマンダ","|-damage|p2a: ボーマンダ|0 fnt","|faint|p2a: ボーマンダ","|","|","|switch|p2a: ラティオス|Latios, M|301/301","|turn|8","|","|move|p1a: Omastar|Ice Beam|p2a: ラティオス","|-supereffective|p2a: ラティオス","|-damage|p2a: ラティオス|0 fnt","|faint|p2a: ラティオス","|","|","|switch|p2a: キュレム|Kyurem-Black, shiny|352/391","|-ability|p2a: キュレム|Teravolt","|turn|9","|","|move|p1a: Omastar|Surf|p2a: キュレム","|-resisted|p2a: キュレム","|-damage|p2a: キュレム|172/391","|move|p2a: キュレム|Fusion Bolt|p1a: Omastar","|-supereffective|p1a: Omastar","|-damage|p1a: Omastar|0 fnt","|-damage|p2a: キュレム|133/391|[from] item: Life Orb","|faint|p1a: Omastar","|","|","|switch|p1a: Kabutops|Kabutops, F|261/261","|turn|10","|","|move|p1a: Kabutops|Aqua Jet|p2a: キュレム","|-resisted|p2a: キュレム","|-damage|p2a: キュレム|88/391","|-damage|p1a: Kabutops|235/261|[from] item: Life Orb","|move|p2a: キュレム|Fusion Bolt|p1a: Kabutops","|-supereffective|p1a: Kabutops","|-damage|p1a: Kabutops|0 fnt","|-damage|p2a: キュレム|49/391|[from] item: Life Orb","|faint|p1a: Kabutops","|","|","|switch|p1a: Tyranitar|Tyranitar, M|341/341","|-weather|Sandstorm","|turn|11","|","|move|p1a: Tyranitar|Ice Punch|p2a: キュレム","|-crit|p2a: キュレム","|-damage|p2a: キュレム|0 fnt","|faint|p2a: キュレム","|","|-weather|Sandstorm|[upkeep]","|","|switch|p2a: ラティアス|Latias, F|364/364","|turn|12","|","|detailschange|p2a: ラティアス|Latias-Mega, F","|-mega|p2a: ラティアス|Latias|Latiasite","|move|p1a: Tyranitar|Ice Punch|p2a: ラティアス","|-supereffective|p2a: ラティアス","|-damage|p2a: ラティアス|244/364","|move|p2a: ラティアス|Calm Mind|p2a: ラティアス","|-boost|p2a: ラティアス|spa|1","|-boost|p2a: ラティアス|spd|1","|","|-weather|Sandstorm|[upkeep]","|-damage|p2a: ラティアス|222/364|[from] sandstorm","|turn|13","|","|move|p1a: Tyranitar|Ice Punch|p2a: ラティアス","|-supereffective|p2a: ラティアス","|-damage|p2a: ラティアス|100/364","|move|p2a: ラティアス|Recover|p2a: ラティアス","|-heal|p2a: ラティアス|282/364","|","|-weather|Sandstorm|[upkeep]","|-damage|p2a: ラティアス|260/364|[from] sandstorm","|turn|14","|","|move|p1a: Tyranitar|Ice Punch|p2a: ラティアス","|-supereffective|p2a: ラティアス","|-damage|p2a: ラティアス|134/364","|move|p2a: ラティアス|Dragon Breath|p1a: Tyranitar","|-damage|p1a: Tyranitar|241/341","|-status|p1a: Tyranitar|par","|","|-weather|Sandstorm|[upkeep]","|-damage|p2a: ラティアス|112/364|[from] sandstorm","|turn|15","|","|move|p2a: ラティアス|Recover|p2a: ラティアス","|-heal|p2a: ラティアス|294/364","|cant|p1a: Tyranitar|par","|","|-weather|none","|turn|16","|","|switch|p1a: Aggron|Aggron-Mega, F|224/344","|move|p2a: ラティアス|Calm Mind|p2a: ラティアス","|-boost|p2a: ラティアス|spa|1","|-boost|p2a: ラティアス|spd|1","|","|turn|17","|","|move|p2a: ラティアス|Dragon Breath|p1a: Aggron","|-resisted|p1a: Aggron","|-damage|p1a: Aggron|105/344","|-status|p1a: Aggron|par","|move|p1a: Aggron|Dragon Claw|p2a: ラティアス","|-supereffective|p2a: ラティアス","|-damage|p2a: ラティアス|162/364","|","|turn|18","|","|move|p2a: ラティアス|Recover|p2a: ラティアス","|-heal|p2a: ラティアス|344/364","|move|p1a: Aggron|Dragon Claw|p2a: ラティアス","|-supereffective|p2a: ラティアス","|-damage|p2a: ラティアス|192/364","|","|turn|19","|","|move|p2a: ラティアス|Recover|p2a: ラティアス","|-heal|p2a: ラティアス|364/364","|move|p1a: Aggron|Dragon Claw|p2a: ラティアス","|-supereffective|p2a: ラティアス","|-damage|p2a: ラティアス|220/364","|","|turn|20","|","|move|p2a: ラティアス|Recover|p2a: ラティアス","|-heal|p2a: ラティアス|364/364","|cant|p1a: Aggron|par","|","|turn|21","|","|switch|p1a: Tyranitar|Tyranitar, M|241/341 par","|-weather|Sandstorm","|move|p2a: ラティアス|Dragon Breath|p1a: Tyranitar","|-damage|p1a: Tyranitar|109/341 par","|","|-weather|Sandstorm|[upkeep]","|-damage|p2a: ラティアス|342/364|[from] sandstorm","|turn|22","|","|move|p2a: ラティアス|Dragon Breath|p1a: Tyranitar","|-damage|p1a: Tyranitar|0 fnt","|faint|p1a: Tyranitar","|","|-weather|Sandstorm|[upkeep]","|-damage|p2a: ラティアス|320/364|[from] sandstorm","|","|switch|p1a: Aerodactyl|Aerodactyl, F|184/302","|-ability|p1a: Aerodactyl|Unnerve|p2: Jumeaux쌍둥이","|turn|23","|","|move|p1a: Aerodactyl|Stone Edge|p2a: ラティアス","|-damage|p2a: ラティアス|227/364","|move|p2a: ラティアス|Psyshock|p1a: Aerodactyl","|-damage|p1a: Aerodactyl|0 fnt","|faint|p1a: Aerodactyl","|","|-weather|Sandstorm|[upkeep]","|-damage|p2a: ラティアス|205/364|[from] sandstorm","|","|switch|p1a: Aggron|Aggron-Mega, F|105/344 par","|turn|24","|","|move|p2a: ラティアス|Dragon Breath|p1a: Aggron","|-resisted|p1a: Aggron","|-damage|p1a: Aggron|0 fnt","|faint|p1a: Aggron","|","|win|Jumeaux쌍둥이"],"p1rating":{"entryid":"7405052","serverid":"eos","formatid":"monotype","userid":"gymleaderaoi","username":"GymLeaderAoi","w":"1","l":2,"t":"0","gxe":44.5,"r":1488.5544530984,"rd":117.17750400863,"sigma":"0","rptime":1439024400,"rpr":1456.2693363493,"rprd":111.8713710693,"rpsigma":"0","acre":1025.2317315583,"lacre":1025.2317315583,"oldacre":"1041.2389061456"},"p2rating":{"entryid":"7501166","serverid":"eos","formatid":"monotype","userid":"jumeaux","username":"Jumeaux쌍둥이","w":2,"l":"1","t":"0","gxe":53.7,"r":"1500","rd":"130","sigma":"0","rptime":"1439024400","rpr":1529.0251127696,"rprd":110.41473201123,"rpsigma":"0","acre":1077.9460903476,"lacre":1077.9460903476,"oldacre":"1045.0741005011"},"endType":"normal"}