{"seed":[35519,51280,15615,3449],"turns":32,"p1":"ZAUHARANT에는있다개미","p2":"MrNyanNyanz","p1team":[{"name":"ラティオス","species":"latios","item":"choicescarf","ability":"Levitate","moves":["shadowball","dragonpulse","psyshock","icebeam"],"nature":"Timid","evs":{"hp":0,"atk":0,"def":4,"spa":252,"spd":0,"spe":252},"ivs":{"hp":31,"atk":0,"def":31,"spa":31,"spd":31,"spe":31}},{"name":"キュレム","species":"kyuremblack","item":"lifeorb","ability":"Teravolt","moves":["icebeam","outrage","fusionbolt","ironhead"],"nature":"Naive","evs":{"hp":0,"atk":100,"def":0,"spa":180,"spd":0,"spe":228},"shiny":true,"ivs":{"hp":31,"atk":31,"def":31,"spa":31,"spd":31,"spe":31}},{"name":"ボーマンダ","species":"salamence","item":"choicescarf","ability":"Moxie","moves":["outrage","aerialace","steelwing","earthquake"],"nature":"Jolly","evs":{"hp":0,"atk":252,"def":4,"spa":0,"spd":0,"spe":252},"ivs":{"hp":31,"atk":31,"def":31,"spa":31,"spd":31,"spe":31}},{"name":"サザンドラ","species":"hydreigon","item":"choicespecs","ability":"Levitate","moves":["darkpulse","flamethrower","dracometeor","flashcannon"],"nature":"Timid","evs":{"hp":0,"atk":0,"def":4,"spa":252,"spd":88,"spe":164},"shiny":true,"ivs":{"hp":31,"atk":31,"def":31,"spa":31,"spd":31,"spe":31}},{"name":"ガブリアス","species":"garchomp","item":"rockyhelmet","ability":"Rough Skin","moves":["stealthrock","earthquake","dragontail","endure"],"nature":"Impish","evs":{"hp":252,"atk":0,"def":232,"spa":0,"spd":24,"spe":0},"ivs":{"hp":31,"atk":31,"def":31,"spa":31,"spd":31,"spe":31}},{"name":"ラティアス","species":"latias","item":"latiasite","ability":"Levitate","moves":["calmmind","recover","psyshock","dragonbreath"],"nature":"Bold","evs":{"hp":252,"atk":0,"def":224,"spa":0,"spd":0,"spe":32},"ivs":{"hp":31,"atk":0,"def":31,"spa":31,"spd":31,"spe":31}}],"p2team":[{"name":"Jirachi","species":"Jirachi","item":"leftovers","ability":"Serene Grace","moves":["thunderwave","ironhead","wish","stealthrock"],"nature":"Careful","evs":{"hp":252,"atk":0,"def":0,"spa":0,"spd":224,"spe":32},"ivs":{"hp":31,"atk":31,"def":31,"spa":31,"spd":31,"spe":31}},{"name":"Gardevoir","species":"Gardevoir","item":"gardevoirite","ability":"Trace","moves":["substitute","hypervoice","shadowball","psyshock"],"nature":"Timid","evs":{"hp":4,"atk":0,"def":0,"spa":252,"spd":0,"spe":252},"ivs":{"hp":31,"atk":30,"def":31,"spa":30,"spd":31,"spe":30}},{"name":"Slowbro","species":"Slowbro","item":"rockyhelmet","ability":"Regenerator","moves":["slackoff","scald","flamethrower","thunderwave"],"nature":"Bold","evs":{"hp":248,"atk":0,"def":252,"spa":8,"spd":0,"spe":0},"ivs":{"hp":31,"atk":31,"def":31,"spa":31,"spd":31,"spe":31}},{"name":"Victini","species":"Victini","item":"choicescarf","ability":"Victory Star","moves":["vcreate","boltstrike","uturn","zenheadbutt"],"nature":"Jolly","evs":{"hp":0,"atk":252,"def":0,"spa":0,"spd":4,"spe":252},"ivs":{"hp":31,"atk":31,"def":31,"spa":31,"spd":31,"spe":31}},{"name":"Hoopa-Unbound","species":"Hoopa-Unbound","item":"lifeorb","ability":"Magician","moves":["hyperspacefury","hyperspacehole","drainpunch","substitute"],"nature":"Lonely","evs":{"hp":252,"atk":252,"def":0,"spa":4,"spd":0,"spe":0},"ivs":{"hp":31,"atk":31,"def":31,"spa":31,"spd":31,"spe":31}},{"name":"Deoxys-Speed","species":"Deoxys-Speed","item":"lifeorb","ability":"Pressure","moves":["superpower","extremespeed","knockoff","psychoboost"],"nature":"Hasty","evs":{"hp":0,"atk":252,"def":0,"spa":4,"spd":0,"spe":252},"ivs":{"hp":31,"atk":31,"def":31,"spa":31,"spd":31,"spe":31}}],"log":["|player|p1|ZAUHARANT에는있다개미|alliancewutang.png","|player|p2|MrNyanNyanz|mrnyannyanz.gif","|gametype|singles","|gen|6","|tier|Monotype","|rated","|rule|Baton Pass Clause: Limit one Baton Passer, can't pass Spe and other stats simultaneously","|rule|Swagger Clause: Swagger is banned","|rule|Same Type Clause: Pokémon in a team must share a type","|clearpoke","|poke|p1|Latios, M","|poke|p1|Kyurem-Black, shiny","|poke|p1|Salamence, F","|poke|p1|Hydreigon, F, shiny","|poke|p1|Garchomp, M","|poke|p1|Latias, F","|poke|p2|Jirachi","|poke|p2|Gardevoir, M","|poke|p2|Slowbro, F","|poke|p2|Victini","|poke|p2|Hoopa-Unbound","|poke|p2|Deoxys-Speed","|rule|Sleep Clause Mod: Limit one foe put to sleep","|rule|Species Clause: Limit one of each Pokémon","|rule|OHKO Clause: OHKO moves are banned","|rule|Moody Clause: Moody is banned","|rule|Evasion Moves Clause: Evasion moves are banned","|rule|Endless Battle Clause: Forcing endless battles is banned","|rule|HP Percentage Mod: HP is shown in percentages","|teampreview","|","|start","|switch|p1a: サザンドラ|Hydreigon, F, shiny|325/325","|switch|p2a: Victini|Victini|341/341","|turn|1","|","|move|p2a: Victini|U-turn|p1a: サザンドラ","|-supereffective|p1a: サザンドラ","|-damage|p1a: サザンドラ|165/325","|","|switch|p2a: Hoopa-Unbound|Hoopa-Unbound|364/364","|move|p1a: サザンドラ|Dark Pulse|p2a: Hoopa-Unbound","|-damage|p2a: Hoopa-Unbound|190/364","|","|turn|2","|","|switch|p1a: ガブリアス|Garchomp, M|420/420","|move|p2a: Hoopa-Unbound|Drain Punch|p1a: ガブリアス","|-damage|p1a: ガブリアス|307/420","|-heal|p2a: Hoopa-Unbound|247/364|[from] drain|[of] p1a: ガブリアス","|-damage|p2a: Hoopa-Unbound|202/364|[from] ability: Rough Skin|[of] p1a: ガブリアス","|-damage|p2a: Hoopa-Unbound|142/364|[from] item: Rocky Helmet|[of] p1a: ガブリアス","|-damage|p2a: Hoopa-Unbound|106/364|[from] item: Life Orb","|","|turn|3","|","|move|p1a: ガブリアス|Stealth Rock|p2a: Hoopa-Unbound","|-sidestart|p2: MrNyanNyanz|move: Stealth Rock","|move|p2a: Hoopa-Unbound|Hyperspace Hole|p1a: ガブリアス","|-damage|p1a: ガブリアス|87/420","|-damage|p2a: Hoopa-Unbound|70/364|[from] item: Life Orb","|","|turn|4","|","|switch|p2a: Slowbro|Slowbro, F|393/393","|-damage|p2a: Slowbro|344/393|[from] Stealth Rock","|move|p1a: ガブリアス|Earthquake|p2a: Slowbro","|-damage|p2a: Slowbro|250/393","|","|turn|5","|","|switch|p1a: キュレム|Kyurem-Black, shiny|391/391","|-ability|p1a: キュレム|Teravolt","|move|p2a: Slowbro|Scald|p1a: キュレム","|-resisted|p1a: キュレム","|-damage|p1a: キュレム|331/391","|","|turn|6","|","|move|p1a: キュレム|Fusion Bolt|p2a: Slowbro","|-crit|p2a: Slowbro","|-supereffective|p2a: Slowbro","|-damage|p2a: Slowbro|0 fnt","|-damage|p1a: キュレム|292/391|[from] item: Life Orb","|faint|p2a: Slowbro","|","|","|switch|p2a: Deoxys-Speed|Deoxys-Speed|241/241","|-damage|p2a: Deoxys-Speed|211/241|[from] Stealth Rock","|-ability|p2a: Deoxys-Speed|Pressure","|turn|7","|","|switch|p1a: ガブリアス|Garchomp, M|87/420","|move|p2a: Deoxys-Speed|Superpower|p1a: ガブリアス","|-damage|p1a: ガブリアス|0 fnt","|-damage|p2a: Deoxys-Speed|181/241|[from] ability: Rough Skin|[of] p1a: ガブリアス","|-damage|p2a: Deoxys-Speed|141/241|[from] item: Rocky Helmet|[of] p1a: ガブリアス","|-unboost|p2a: Deoxys-Speed|atk|1","|-unboost|p2a: Deoxys-Speed|def|1","|-damage|p2a: Deoxys-Speed|117/241|[from] item: Life Orb","|faint|p1a: ガブリアス","|","|","|switch|p1a: ラティオス|Latios, M|301/301","|turn|8","|","|switch|p2a: Hoopa-Unbound|Hoopa-Unbound|70/364","|-damage|p2a: Hoopa-Unbound|25/364|[from] Stealth Rock","|move|p1a: ラティオス|Shadow Ball|p2a: Hoopa-Unbound","|-damage|p2a: Hoopa-Unbound|0 fnt","|faint|p2a: Hoopa-Unbound","|","|","|switch|p2a: Jirachi|Jirachi|404/404","|-damage|p2a: Jirachi|379/404|[from] Stealth Rock","|turn|9","|","|switch|p1a: ボーマンダ|Salamence, F|331/331","|move|p2a: Jirachi|Thunder Wave|p1a: ボーマンダ","|-status|p1a: ボーマンダ|par","|","|-heal|p2a: Jirachi|404/404|[from] item: Leftovers","|turn|10","|","|move|p2a: Jirachi|Iron Head|p1a: ボーマンダ","|-damage|p1a: ボーマンダ|223/331 par","|cant|p1a: ボーマンダ|flinch","|","|turn|11","|","|move|p2a: Jirachi|Iron Head|p1a: ボーマンダ","|-damage|p1a: ボーマンダ|120/331 par","|cant|p1a: ボーマンダ|flinch","|","|turn|12","|","|move|p2a: Jirachi|Iron Head|p1a: ボーマンダ","|-crit|p1a: ボーマンダ","|-damage|p1a: ボーマンダ|0 fnt","|faint|p1a: ボーマンダ","|","|","|switch|p1a: サザンドラ|Hydreigon, F, shiny|165/325","|turn|13","|","|move|p1a: サザンドラ|Dark Pulse|p2a: Jirachi","|-crit|p2a: Jirachi","|-supereffective|p2a: Jirachi","|-damage|p2a: Jirachi|0 fnt","|faint|p2a: Jirachi","|","|","|switch|p2a: Deoxys-Speed|Deoxys-Speed|117/241","|-damage|p2a: Deoxys-Speed|87/241|[from] Stealth Rock","|-ability|p2a: Deoxys-Speed|Pressure","|turn|14","|","|switch|p1a: ラティオス|Latios, M|301/301","|move|p2a: Deoxys-Speed|Knock Off|p1a: ラティオス","|-supereffective|p1a: ラティオス","|-damage|p1a: ラティオス|7/301","|-enditem|p1a: ラティオス|Choice Scarf|[from] move: Knock Off|[of] p2a: Deoxys-Speed","|-damage|p2a: Deoxys-Speed|63/241|[from] item: Life Orb","|","|turn|15","|","|move|p2a: Deoxys-Speed|Knock Off|p1a: ラティオス","|-supereffective|p1a: ラティオス","|-damage|p1a: ラティオス|0 fnt","|-damage|p2a: Deoxys-Speed|39/241|[from] item: Life Orb","|faint|p1a: ラティオス","|","|","|switch|p1a: ラティアス|Latias, F|364/364","|turn|16","|","|detailschange|p1a: ラティアス|Latias-Mega, F","|-mega|p1a: ラティアス|Latias|Latiasite","|move|p2a: Deoxys-Speed|Knock Off|p1a: ラティアス","|-supereffective|p1a: ラティアス","|-damage|p1a: ラティアス|263/364","|-damage|p2a: Deoxys-Speed|15/241|[from] item: Life Orb","|move|p1a: ラティアス|Calm Mind|p1a: ラティアス","|-boost|p1a: ラティアス|spa|1","|-boost|p1a: ラティアス|spd|1","|","|turn|17","|","|move|p2a: Deoxys-Speed|Extreme Speed|p1a: ラティアス","|-damage|p1a: ラティアス|192/364","|-damage|p2a: Deoxys-Speed|0 fnt|[from] item: Life Orb","|faint|p2a: Deoxys-Speed","|move|p1a: ラティアス|Recover|p1a: ラティアス","|-heal|p1a: ラティアス|364/364","|","|","|switch|p2a: Gardevoir|Gardevoir, M|278/278","|-damage|p2a: Gardevoir|244/278|[from] Stealth Rock","|-ability|p2a: Gardevoir|Levitate|[from] ability: Trace|[of] p1a: ラティアス","|turn|18","|","|detailschange|p2a: Gardevoir|Gardevoir-Mega, M","|-mega|p2a: Gardevoir|Gardevoir|Gardevoirite","|move|p2a: Gardevoir|Hyper Voice|p1a: ラティアス","|-supereffective|p1a: ラティアス","|-damage|p1a: ラティアス|148/364","|move|p1a: ラティアス|Calm Mind|p1a: ラティアス","|-boost|p1a: ラティアス|spa|1","|-boost|p1a: ラティアス|spd|1","|","|turn|19","|","|move|p2a: Gardevoir|Substitute|p2a: Gardevoir","|-start|p2a: Gardevoir|Substitute","|-damage|p2a: Gardevoir|175/278","|move|p1a: ラティアス|Recover|p1a: ラティアス","|-heal|p1a: ラティアス|330/364","|","|turn|20","|","|move|p2a: Gardevoir|Hyper Voice|p1a: ラティアス","|-supereffective|p1a: ラティアス","|-damage|p1a: ラティアス|154/364","|move|p1a: ラティアス|Calm Mind|p1a: ラティアス","|-boost|p1a: ラティアス|spa|1","|-boost|p1a: ラティアス|spd|1","|","|turn|21","|","|move|p2a: Gardevoir|Shadow Ball|p1a: ラティアス","|-supereffective|p1a: ラティアス","|-damage|p1a: ラティアス|86/364","|move|p1a: ラティアス|Recover|p1a: ラティアス","|-heal|p1a: ラティアス|268/364","|","|turn|22","|","|move|p2a: Gardevoir|Hyper Voice|p1a: ラティアス","|-supereffective|p1a: ラティアス","|-damage|p1a: ラティアス|124/364","|move|p1a: ラティアス|Recover|p1a: ラティアス","|-heal|p1a: ラティアス|306/364","|","|turn|23","|","|move|p2a: Gardevoir|Hyper Voice|p1a: ラティアス","|-supereffective|p1a: ラティアス","|-damage|p1a: ラティアス|166/364","|move|p1a: ラティアス|Calm Mind|p1a: ラティアス","|-boost|p1a: ラティアス|spa|1","|-boost|p1a: ラティアス|spd|1","|","|turn|24","|","|move|p2a: Gardevoir|Hyper Voice|p1a: ラティアス","|-supereffective|p1a: ラティアス","|-damage|p1a: ラティアス|40/364","|move|p1a: ラティアス|Recover|p1a: ラティアス","|-heal|p1a: ラティアス|222/364","|","|turn|25","|","|move|p2a: Gardevoir|Hyper Voice|p1a: ラティアス","|-supereffective|p1a: ラティアス","|-damage|p1a: ラティアス|102/364","|move|p1a: ラティアス|Recover|p1a: ラティアス","|-heal|p1a: ラティアス|284/364","|","|turn|26","|","|move|p2a: Gardevoir|Hyper Voice|p1a: ラティアス","|-supereffective|p1a: ラティアス","|-damage|p1a: ラティアス|176/364","|move|p1a: ラティアス|Calm Mind|p1a: ラティアス","|-boost|p1a: ラティアス|spa|1","|-boost|p1a: ラティアス|spd|1","|","|turn|27","|","|move|p2a: Gardevoir|Hyper Voice|p1a: ラティアス","|-supereffective|p1a: ラティアス","|-damage|p1a: ラティアス|80/364","|move|p1a: ラティアス|Recover|p1a: ラティアス","|-heal|p1a: ラティアス|262/364","|","|turn|28","|","|move|p2a: Gardevoir|Shadow Ball|p1a: ラティアス","|-supereffective|p1a: ラティアス","|-damage|p1a: ラティアス|214/364","|move|p1a: ラティアス|Recover|p1a: ラティアス","|-heal|p1a: ラティアス|364/364","|","|turn|29","|","|move|p2a: Gardevoir|Hyper Voice|p1a: ラティアス","|-supereffective|p1a: ラティアス","|-damage|p1a: ラティアス|268/364","|move|p1a: ラティアス|Psyshock|p2a: Gardevoir","|-resisted|p2a: Gardevoir","|-end|p2a: Gardevoir|Substitute","|","|turn|30","|","|switch|p2a: Victini|Victini|341/341","|-damage|p2a: Victini|256/341|[from] Stealth Rock","|move|p1a: ラティアス|Psyshock|p2a: Victini","|-resisted|p2a: Victini","|-damage|p2a: Victini|25/341","|","|turn|31","|","|move|p2a: Victini|U-turn|p1a: ラティアス","|-supereffective|p1a: ラティアス","|-damage|p1a: ラティアス|170/364","|","|switch|p2a: Gardevoir|Gardevoir-Mega, M|175/278","|-damage|p2a: Gardevoir|141/278|[from] Stealth Rock","|move|p1a: ラティアス|Recover|p1a: ラティアス","|-heal|p1a: ラティアス|352/364","|","|turn|32","|","|move|p2a: Gardevoir|Hyper Voice|p1a: ラティアス","|-supereffective|p1a: ラティアス","|-damage|p1a: ラティアス|256/364","|move|p1a: ラティアス|Psyshock|p2a: Gardevoir","|-resisted|p2a: Gardevoir","|-damage|p2a: Gardevoir|0 fnt","|faint|p2a: Gardevoir","|","|","|switch|p2a: Victini|Victini|25/341","|-damage|p2a: Victini|0 fnt|[from] Stealth Rock","|faint|p2a: Victini","|","|win|ZAUHARANT에는있다개미"],"p1rating":{"entryid":"7483151","serverid":"eos","formatid":"monotype","userid":"zauharant","username":"ZAUHARANT대한하라개미","w":11,"l":"3","t":"0","gxe":65.9,"r":"1500","rd":"130","sigma":"0","rptime":"1439024400","rpr":1626.6522377274,"rprd":78.176344822633,"rpsigma":"0","acre":1223.8763958389,"lacre":1223.8763958389,"oldacre":"1194.1051389477"},"p2rating":{"entryid":"6703862","serverid":"eos","formatid":"monotype","userid":"mrnyannyanz","username":"MrNyanNyanz","w":"78","l":60,"t":"0","gxe":56.1,"r":"1540.3845958676","rd":"31.86221735723","sigma":"0","rptime":"1439024400","rpr":1546.5145940025,"rprd":31.08113701203,"rpsigma":"0","acre":1231.4651904604,"lacre":1231.4651904604,"oldacre":"1261.2364473516"},"endType":"normal"}