{"seed":[49004,33680,65263,1597],"turns":30,"p1":"Intern twizz","p2":"Alliance ♋ akaFila","p1team":[{"name":"Rotom-Wash","species":"Rotom-Wash","item":"choicescarf","ability":"Levitate","moves":["hydropump","voltswitch","trick","willowisp"],"nature":"Timid","evs":{"hp":0,"atk":0,"def":0,"spa":252,"spd":4,"spe":252},"ivs":{"hp":31,"atk":31,"def":31,"spa":31,"spd":31,"spe":31}},{"name":"Zapdos","species":"Zapdos","item":"leftovers","ability":"Pressure","moves":["toxic","roost","discharge","heatwave"],"nature":"Bold","evs":{"hp":0,"atk":0,"def":252,"spa":56,"spd":200,"spe":0},"ivs":{"hp":31,"atk":31,"def":31,"spa":31,"spd":31,"spe":31}},{"name":"Ampharos","species":"Ampharos","item":"ampharosite","ability":"Static","moves":["cottonguard","rest","sleeptalk","dragonpulse"],"nature":"Bold","evs":{"hp":0,"atk":0,"def":252,"spa":136,"spd":120,"spe":0},"ivs":{"hp":31,"atk":31,"def":31,"spa":31,"spd":31,"spe":31}},{"name":"Raikou","species":"Raikou","item":"leftovers","ability":"Pressure","moves":["substitute","calmmind","extrasensory","thunderbolt"],"nature":"Timid","evs":{"hp":0,"atk":0,"def":0,"spa":252,"spd":4,"spe":252},"ivs":{"hp":31,"atk":31,"def":31,"spa":31,"spd":31,"spe":31}},{"name":"Eelektross","species":"Eelektross","item":"assaultvest","ability":"Levitate","moves":["knockoff","drainpunch","gigadrain","thunderbolt"],"nature":"Brave","evs":{"hp":0,"atk":36,"def":0,"spa":220,"spd":252,"spe":0},"ivs":{"hp":31,"atk":31,"def":31,"spa":31,"spd":31,"spe":31}},{"name":"Magnezone","species":"Magnezone","item":"leftovers","ability":"Sturdy","moves":["flashcannon","thunderbolt","protect","hiddenpowerice"],"nature":"Modest","evs":{"hp":76,"atk":0,"def":180,"spa":252,"spd":0,"spe":0},"ivs":{"hp":31,"atk":30,"def":30,"spa":31,"spd":31,"spe":31}}],"p2team":[{"name":"Hoopa-Unbound","species":"Hoopa-Unbound","item":"choiceband","ability":"Magician","moves":["hyperspacefury","facade","icepunch","drainpunch"],"nature":"Adamant","evs":{"hp":248,"atk":252,"def":0,"spa":0,"spd":8,"spe":0},"ivs":{"hp":31,"atk":31,"def":31,"spa":31,"spd":31,"spe":31}},{"name":"Sharpedo","species":"Sharpedo","item":"lifeorb","ability":"Speed Boost","moves":["hydropump","darkpulse","destinybond","protect"],"nature":"Modest","evs":{"hp":0,"atk":0,"def":0,"spa":252,"spd":4,"spe":252},"ivs":{"hp":31,"atk":31,"def":31,"spa":31,"spd":31,"spe":31}},{"name":"Pangoro","species":"Pangoro","item":"choicescarf","ability":"Iron Fist","moves":["drainpunch","knockoff","earthquake","partingshot"],"nature":"Jolly","evs":{"hp":0,"atk":252,"def":0,"spa":0,"spd":4,"spe":252},"ivs":{"hp":31,"atk":31,"def":31,"spa":31,"spd":31,"spe":31}},{"name":"Mandibuzz","species":"Mandibuzz","item":"rockyhelmet","ability":"Overcoat","moves":["foulplay","toxic","roost","defog"],"nature":"Bold","evs":{"hp":248,"atk":0,"def":252,"spa":0,"spd":8,"spe":0},"ivs":{"hp":31,"atk":31,"def":31,"spa":31,"spd":31,"spe":31}},{"name":"Tyranitar","species":"Tyranitar","item":"assaultvest","ability":"Sand Stream","moves":["crunch","earthquake","stoneedge","fireblast"],"nature":"Sassy","evs":{"hp":252,"atk":0,"def":6,"spa":0,"spd":252,"spe":0},"ivs":{"hp":31,"atk":31,"def":31,"spa":31,"spd":31,"spe":31}},{"name":"Bisharp","species":"Bisharp","item":"focussash","ability":"Defiant","moves":["swordsdance","knockoff","ironhead","suckerpunch"],"nature":"Adamant","evs":{"hp":248,"atk":252,"def":0,"spa":0,"spd":8,"spe":0},"ivs":{"hp":31,"atk":31,"def":31,"spa":31,"spd":31,"spe":31}}],"log":["|player|p1|Intern twizz|161","|player|p2|Alliance ♋ akaFila|allianceakafila.gif","|gametype|singles","|gen|6","|tier|Monotype","|rated","|rule|Baton Pass Clause: Limit one Baton Passer, can't pass Spe and other stats simultaneously","|rule|Swagger Clause: Swagger is banned","|rule|Same Type Clause: Pokémon in a team must share a type","|clearpoke","|poke|p1|Rotom-Wash","|poke|p1|Zapdos","|poke|p1|Ampharos, F","|poke|p1|Raikou","|poke|p1|Eelektross, M","|poke|p1|Magnezone","|poke|p2|Hoopa-Unbound","|poke|p2|Sharpedo, M","|poke|p2|Pangoro, F","|poke|p2|Mandibuzz, F","|poke|p2|Tyranitar, F","|poke|p2|Bisharp, M","|rule|Sleep Clause Mod: Limit one foe put to sleep","|rule|Species Clause: Limit one of each Pokémon","|rule|OHKO Clause: OHKO moves are banned","|rule|Moody Clause: Moody is banned","|rule|Evasion Moves Clause: Evasion moves are banned","|rule|Endless Battle Clause: Forcing endless battles is banned","|rule|HP Percentage Mod: HP is shown in percentages","|teampreview","|","|start","|switch|p1a: Rotom-Wash|Rotom-Wash|241/241","|switch|p2a: Hoopa-Unbound|Hoopa-Unbound|363/363","|turn|1","|","|move|p1a: Rotom-Wash|Volt Switch|p2a: Hoopa-Unbound","|-damage|p2a: Hoopa-Unbound|275/363","|","|switch|p1a: Eelektross|Eelektross, M|311/311","|move|p2a: Hoopa-Unbound|Facade|p1a: Eelektross","|-damage|p1a: Eelektross|107/311","|","|turn|2","|","|move|p2a: Hoopa-Unbound|Facade|p1a: Eelektross","|-damage|p1a: Eelektross|0 fnt","|faint|p1a: Eelektross","|","|","|switch|p1a: Magnezone|Magnezone|300/300","|turn|3","|","|switch|p2a: Tyranitar|Tyranitar, F|404/404","|-weather|Sandstorm","|move|p1a: Magnezone|Thunderbolt|p2a: Tyranitar","|-damage|p2a: Tyranitar|350/404","|","|-weather|Sandstorm|[upkeep]","|turn|4","|","|switch|p2a: Hoopa-Unbound|Hoopa-Unbound|275/363","|move|p1a: Magnezone|Flash Cannon|p2a: Hoopa-Unbound","|-damage|p2a: Hoopa-Unbound|148/363","|","|-weather|Sandstorm|[upkeep]","|-damage|p2a: Hoopa-Unbound|126/363|[from] sandstorm","|turn|5","|","|move|p2a: Hoopa-Unbound|Drain Punch|p1a: Magnezone","|-supereffective|p1a: Magnezone","|-damage|p1a: Magnezone|54/300","|-heal|p2a: Hoopa-Unbound|249/363|[from] drain|[of] p1a: Magnezone","|move|p1a: Magnezone|Thunderbolt|p2a: Hoopa-Unbound","|-damage|p2a: Hoopa-Unbound|107/363","|","|-weather|Sandstorm|[upkeep]","|-damage|p2a: Hoopa-Unbound|85/363|[from] sandstorm","|-heal|p1a: Magnezone|72/300|[from] item: Leftovers","|turn|6","|","|move|p2a: Hoopa-Unbound|Drain Punch|p1a: Magnezone","|-supereffective|p1a: Magnezone","|-damage|p1a: Magnezone|0 fnt","|-heal|p2a: Hoopa-Unbound|121/363|[from] drain|[of] p1a: Magnezone","|faint|p1a: Magnezone","|","|-weather|Sandstorm|[upkeep]","|-damage|p2a: Hoopa-Unbound|99/363|[from] sandstorm","|","|switch|p1a: Raikou|Raikou|321/321","|-ability|p1a: Raikou|Pressure","|turn|7","|","|switch|p2a: Tyranitar|Tyranitar, F|350/404","|move|p1a: Raikou|Thunderbolt|p2a: Tyranitar","|-damage|p2a: Tyranitar|304/404","|-status|p2a: Tyranitar|par","|","|-weather|none","|turn|8","|","|move|p1a: Raikou|Substitute|p1a: Raikou","|-start|p1a: Raikou|Substitute","|-damage|p1a: Raikou|241/321","|move|p2a: Tyranitar|Stone Edge|p1a: Raikou|[miss]","|-miss|p2a: Tyranitar|p1a: Raikou","|","|-heal|p1a: Raikou|261/321|[from] item: Leftovers","|turn|9","|","|move|p1a: Raikou|Calm Mind|p1a: Raikou","|-boost|p1a: Raikou|spa|1","|-boost|p1a: Raikou|spd|1","|cant|p2a: Tyranitar|par","|","|-heal|p1a: Raikou|281/321|[from] item: Leftovers","|turn|10","|","|move|p1a: Raikou|Thunderbolt|p2a: Tyranitar","|-damage|p2a: Tyranitar|193/404 par","|move|p2a: Tyranitar|Earthquake|p1a: Raikou","|-supereffective|p1a: Raikou","|-end|p1a: Raikou|Substitute","|","|-heal|p1a: Raikou|301/321|[from] item: Leftovers","|turn|11","|","|move|p1a: Raikou|Substitute|p1a: Raikou","|-start|p1a: Raikou|Substitute","|-damage|p1a: Raikou|221/321","|move|p2a: Tyranitar|Earthquake|p1a: Raikou","|-supereffective|p1a: Raikou","|-end|p1a: Raikou|Substitute","|","|-heal|p1a: Raikou|241/321|[from] item: Leftovers","|turn|12","|","|move|p1a: Raikou|Substitute|p1a: Raikou","|-start|p1a: Raikou|Substitute","|-damage|p1a: Raikou|161/321","|move|p2a: Tyranitar|Earthquake|p1a: Raikou","|-supereffective|p1a: Raikou","|-end|p1a: Raikou|Substitute","|","|-heal|p1a: Raikou|181/321|[from] item: Leftovers","|turn|13","|","|move|p1a: Raikou|Substitute|p1a: Raikou","|-start|p1a: Raikou|Substitute","|-damage|p1a: Raikou|101/321","|move|p2a: Tyranitar|Earthquake|p1a: Raikou","|-supereffective|p1a: Raikou","|-end|p1a: Raikou|Substitute","|","|-heal|p1a: Raikou|121/321|[from] item: Leftovers","|turn|14","|","|move|p1a: Raikou|Substitute|p1a: Raikou","|-start|p1a: Raikou|Substitute","|-damage|p1a: Raikou|41/321","|cant|p2a: Tyranitar|par","|","|-heal|p1a: Raikou|61/321|[from] item: Leftovers","|turn|15","|","|move|p1a: Raikou|Thunderbolt|p2a: Tyranitar","|-damage|p2a: Tyranitar|88/404 par","|move|p2a: Tyranitar|Earthquake|p1a: Raikou","|-supereffective|p1a: Raikou","|-end|p1a: Raikou|Substitute","|","|-heal|p1a: Raikou|81/321|[from] item: Leftovers","|turn|16","|","|move|p1a: Raikou|Thunderbolt|p2a: Tyranitar","|-damage|p2a: Tyranitar|0 fnt","|faint|p2a: Tyranitar","|","|-heal|p1a: Raikou|101/321|[from] item: Leftovers","|","|switch|p2a: Pangoro|Pangoro, F|331/331","|turn|17","|","|move|p1a: Raikou|Substitute|p1a: Raikou","|-start|p1a: Raikou|Substitute","|-damage|p1a: Raikou|21/321","|move|p2a: Pangoro|Earthquake|p1a: Raikou","|-crit|p1a: Raikou","|-supereffective|p1a: Raikou","|-end|p1a: Raikou|Substitute","|","|-heal|p1a: Raikou|41/321|[from] item: Leftovers","|turn|18","|","|move|p1a: Raikou|Thunderbolt|p2a: Pangoro","|-damage|p2a: Pangoro|24/331","|move|p2a: Pangoro|Earthquake|p1a: Raikou","|-supereffective|p1a: Raikou","|-damage|p1a: Raikou|0 fnt","|faint|p1a: Raikou","|","|","|switch|p1a: Rotom-Wash|Rotom-Wash|241/241","|turn|19","|","|switch|p2a: Mandibuzz|Mandibuzz, F|423/423","|move|p1a: Rotom-Wash|Volt Switch|p2a: Mandibuzz","|-supereffective|p2a: Mandibuzz","|-damage|p2a: Mandibuzz|193/423","|","|switch|p1a: Zapdos|Zapdos|321/321","|-ability|p1a: Zapdos|Pressure","|","|turn|20","|","|move|p1a: Zapdos|Discharge|p2a: Mandibuzz","|-supereffective|p2a: Mandibuzz","|-damage|p2a: Mandibuzz|0 fnt","|faint|p2a: Mandibuzz","|","|","|switch|p2a: Pangoro|Pangoro, F|24/331","|turn|21","|","|move|p2a: Pangoro|Knock Off|p1a: Zapdos","|-damage|p1a: Zapdos|194/321","|-enditem|p1a: Zapdos|Leftovers|[from] move: Knock Off|[of] p2a: Pangoro","|move|p1a: Zapdos|Discharge|p2a: Pangoro","|-damage|p2a: Pangoro|0 fnt","|faint|p2a: Pangoro","|","|","|switch|p2a: Hoopa-Unbound|Hoopa-Unbound|99/363","|turn|22","|","|move|p1a: Zapdos|Discharge|p2a: Hoopa-Unbound","|-damage|p2a: Hoopa-Unbound|12/363","|move|p2a: Hoopa-Unbound|Hyperspace Fury|p1a: Zapdos","|-damage|p1a: Zapdos|0 fnt","|-unboost|p2a: Hoopa-Unbound|def|1","|faint|p1a: Zapdos","|","|","|switch|p1a: Rotom-Wash|Rotom-Wash|241/241","|turn|23","|","|move|p1a: Rotom-Wash|Volt Switch|p2a: Hoopa-Unbound","|-damage|p2a: Hoopa-Unbound|0 fnt","|faint|p2a: Hoopa-Unbound","|","|switch|p1a: Ampharos|Ampharos, F|321/321","|","|","|switch|p2a: Bisharp|Bisharp, M|333/333","|turn|24","|","|detailschange|p1a: Ampharos|Ampharos-Mega, F","|-mega|p1a: Ampharos|Ampharos|Ampharosite","|-ability|p1a: Ampharos|Mold Breaker","|move|p2a: Bisharp|Swords Dance|p2a: Bisharp","|-boost|p2a: Bisharp|atk|2","|move|p1a: Ampharos|Cotton Guard|p1a: Ampharos","|-boost|p1a: Ampharos|def|3","|","|turn|25","|","|move|p2a: Bisharp|Swords Dance|p2a: Bisharp","|-boost|p2a: Bisharp|atk|2","|move|p1a: Ampharos|Cotton Guard|p1a: Ampharos","|-boost|p1a: Ampharos|def|3","|","|turn|26","|","|move|p2a: Bisharp|Swords Dance|p2a: Bisharp","|-boost|p2a: Bisharp|atk|2","|move|p1a: Ampharos|Dragon Pulse|p2a: Bisharp","|-resisted|p2a: Bisharp","|-damage|p2a: Bisharp|216/333","|","|turn|27","|","|move|p2a: Bisharp|Sucker Punch|p1a: Ampharos","|-damage|p1a: Ampharos|215/321","|move|p1a: Ampharos|Dragon Pulse|p2a: Bisharp","|-resisted|p2a: Bisharp","|-damage|p2a: Bisharp|108/333","|","|turn|28","|","|move|p2a: Bisharp|Sucker Punch|p1a: Ampharos","|-damage|p1a: Ampharos|101/321","|move|p1a: Ampharos|Dragon Pulse|p2a: Bisharp","|-resisted|p2a: Bisharp","|-damage|p2a: Bisharp|0 fnt","|faint|p2a: Bisharp","|","|","|switch|p2a: Sharpedo|Sharpedo, M|281/281","|turn|29","|","|move|p2a: Sharpedo|Protect|p2a: Sharpedo","|-singleturn|p2a: Sharpedo|Protect","|move|p1a: Ampharos|Rest|p1a: Ampharos","|-status|p1a: Ampharos|slp","|-heal|p1a: Ampharos|321/321 slp|[silent]","|-status|p1a: Ampharos|slp|[from] move: Rest","|","|-boost|p2a: Sharpedo|spe|1|[from] ability: Speed Boost","|turn|30","|","|move|p2a: Sharpedo|Dark Pulse|p1a: Ampharos","|-crit|p1a: Ampharos","|-damage|p1a: Ampharos|113/321 slp","|-damage|p2a: Sharpedo|253/281|[from] item: Life Orb","|cant|p1a: Ampharos|slp","|move|p1a: Ampharos|Sleep Talk|p1a: Ampharos","|move|p1a: Ampharos|Dragon Pulse|p2a: Sharpedo|[from]Sleep Talk","|-damage|p2a: Sharpedo|0 fnt","|faint|p2a: Sharpedo","|","|win|Intern twizz"],"p1rating":{"entryid":"7448162","serverid":"eos","formatid":"monotype","userid":"interntwizz","username":"Intern Twizz","w":7,"l":"8","t":"0","gxe":48.3,"r":"1464.8595243929","rd":"82.910812222231","sigma":"0","rptime":"1439024400","rpr":1487.0256642431,"rprd":76.852694871446,"rpsigma":"0","acre":1126.1693366839,"lacre":1126.1693366839,"oldacre":"1092.9312694082"},"p2rating":{"entryid":"6670496","serverid":"eos","formatid":"monotype","userid":"allianceakafila","username":"Alliance ♋ akaFila","w":"25","l":26,"t":"0","gxe":48.3,"r":"1502.4299266273","rd":"52.895525045387","sigma":"0","rptime":"1439024400","rpr":1486.9753981077,"rprd":51.837220609798,"rpsigma":"0","acre":1159.2755816029,"lacre":1159.2755816029,"oldacre":"1191.161299578"},"endType":"normal"}