{"seed":[52115,6564,27623,64173],"turns":22,"p1":"LTIL-Tahit","p2":"InternOlbezerkolo","p1team":[{"name":"Skarmory","species":"Skarmory","item":"rockyhelmet","ability":"Sturdy","moves":["roost","stealthrock","bravebird","defog"],"nature":"Careful","evs":{"hp":4,"atk":0,"def":252,"spa":0,"spd":252,"spe":0},"ivs":{"hp":31,"atk":31,"def":31,"spa":31,"spd":31,"spe":31}},{"name":"Excadrill","species":"Excadrill","item":"airballoon","ability":"Mold Breaker","moves":["earthquake","ironhead","rockslide","rapidspin"],"nature":"Adamant","evs":{"hp":0,"atk":252,"def":4,"spa":0,"spd":0,"spe":252},"gender":"M","ivs":{"hp":29,"atk":31,"def":31,"spa":31,"spd":31,"spe":31}},{"name":"Heatran","species":"Heatran","item":"leftovers","ability":"Flash Fire","moves":["stealthrock","lavaplume","toxic","protect"],"nature":"Calm","evs":{"hp":252,"atk":0,"def":4,"spa":0,"spd":252,"spe":0},"ivs":{"hp":31,"atk":31,"def":31,"spa":31,"spd":31,"spe":31}},{"name":"Ferrothorn","species":"Ferrothorn","item":"rockyhelmet","ability":"Iron Barbs","moves":["leechseed","stealthrock","thunderwave","gyroball"],"nature":"Relaxed","evs":{"hp":252,"atk":0,"def":4,"spa":0,"spd":252,"spe":0},"ivs":{"hp":31,"atk":31,"def":31,"spa":31,"spd":31,"spe":0}},{"name":"Steelix","species":"Steelix","item":"steelixite","ability":"Sturdy","moves":["rockslide","roar","heavyslam","earthquake"],"nature":"Careful","evs":{"hp":252,"atk":0,"def":56,"spa":0,"spd":200,"spe":0},"ivs":{"hp":31,"atk":31,"def":31,"spa":31,"spd":31,"spe":31}},{"name":"Jirachi","species":"Jirachi","item":"airballoon","ability":"Serene Grace","moves":["ancientpower","ironhead","zenheadbutt","bodyslam"],"nature":"Relaxed","evs":{"hp":252,"atk":0,"def":124,"spa":0,"spd":132,"spe":0},"ivs":{"hp":31,"atk":31,"def":31,"spa":31,"spd":31,"spe":31}}],"p2team":[{"name":"Altaria","species":"Altaria","item":"altarianite","ability":"Cloud Nine","moves":["dragondance","earthquake","return","dragonclaw"],"nature":"Adamant","evs":{"hp":0,"atk":252,"def":0,"spa":0,"spd":4,"spe":252},"ivs":{"hp":31,"atk":31,"def":31,"spa":31,"spd":31,"spe":31}},{"name":"Garchomp","species":"Garchomp","item":"kingsrock","ability":"Rough Skin","moves":["rockslide","earthquake","dragonclaw","stealthrock"],"nature":"Jolly","evs":{"hp":0,"atk":252,"def":0,"spa":0,"spd":4,"spe":252},"ivs":{"hp":31,"atk":31,"def":31,"spa":31,"spd":31,"spe":31}},{"name":"Dragalge","species":"Dragalge","item":"choicespecs","ability":"Adaptability","moves":["sludgewave","dracometeor","hydropump","focusblast"],"nature":"Modest","evs":{"hp":248,"atk":0,"def":0,"spa":252,"spd":8,"spe":0},"ivs":{"hp":31,"atk":31,"def":31,"spa":31,"spd":31,"spe":31}},{"name":"Hydreigon","species":"Hydreigon","item":"expertbelt","ability":"Levitate","moves":["flashcannon","dracometeor","darkpulse","flamethrower"],"nature":"Timid","evs":{"hp":0,"atk":0,"def":0,"spa":252,"spd":4,"spe":252},"ivs":{"hp":31,"atk":31,"def":31,"spa":31,"spd":31,"spe":31}},{"name":"Noivern","species":"Noivern","item":"lifeorb","ability":"Infiltrator","moves":["boomburst","flamethrower","dracometeor","airslash"],"nature":"Timid","evs":{"hp":0,"atk":0,"def":0,"spa":252,"spd":4,"spe":252},"ivs":{"hp":31,"atk":31,"def":31,"spa":31,"spd":31,"spe":31}},{"name":"Goodra","species":"Goodra","item":"assaultvest","ability":"Gooey","moves":["fireblast","sludgewave","icebeam","dragonpulse"],"nature":"Modest","evs":{"hp":248,"atk":0,"def":0,"spa":252,"spd":8,"spe":0},"ivs":{"hp":31,"atk":31,"def":31,"spa":31,"spd":31,"spe":31}}],"log":["|player|p1|LTIL-Tahit|169","|player|p2|InternOlbezerkolo|136","|gametype|singles","|gen|6","|tier|Monotype","|rated","|rule|Baton Pass Clause: Limit one Baton Passer, can't pass Spe and other stats simultaneously","|rule|Swagger Clause: Swagger is banned","|rule|Same Type Clause: Pokémon in a team must share a type","|clearpoke","|poke|p1|Skarmory, M","|poke|p1|Excadrill, M","|poke|p1|Heatran, M","|poke|p1|Ferrothorn, F","|poke|p1|Steelix, F","|poke|p1|Jirachi","|poke|p2|Altaria, F","|poke|p2|Garchomp, F","|poke|p2|Dragalge, F","|poke|p2|Hydreigon, M","|poke|p2|Noivern, F","|poke|p2|Goodra, F","|rule|Sleep Clause Mod: Limit one foe put to sleep","|rule|Species Clause: Limit one of each Pokémon","|rule|OHKO Clause: OHKO moves are banned","|rule|Moody Clause: Moody is banned","|rule|Evasion Moves Clause: Evasion moves are banned","|rule|Endless Battle Clause: Forcing endless battles is banned","|rule|HP Percentage Mod: HP is shown in percentages","|teampreview","|","|start","|switch|p1a: Ferrothorn|Ferrothorn, F|352/352","|switch|p2a: Noivern|Noivern, F|311/311","|turn|1","|","|move|p2a: Noivern|Flamethrower|p1a: Ferrothorn","|-supereffective|p1a: Ferrothorn","|-damage|p1a: Ferrothorn|50/352","|-damage|p2a: Noivern|280/311|[from] item: Life Orb","|move|p1a: Ferrothorn|Thunder Wave|p2a: Noivern","|-status|p2a: Noivern|par","|","|turn|2","|","|move|p2a: Noivern|Draco Meteor|p1a: Ferrothorn|[miss]","|-miss|p2a: Noivern|p1a: Ferrothorn","|move|p1a: Ferrothorn|Stealth Rock|p2a: Noivern","|-sidestart|p2: InternOlbezerkolo|move: Stealth Rock","|","|turn|3","|","|move|p2a: Noivern|Flamethrower|p1a: Ferrothorn","|-supereffective|p1a: Ferrothorn","|-damage|p1a: Ferrothorn|0 fnt","|-damage|p2a: Noivern|249/311 par|[from] item: Life Orb","|faint|p1a: Ferrothorn","|","|","|switch|p1a: Steelix|Steelix, F|354/354","|turn|4","|","|switch|p1a: Heatran|Heatran, M|386/386","|switch|p2a: Dragalge|Dragalge, F|333/333","|-damage|p2a: Dragalge|292/333|[from] Stealth Rock","|","|turn|5","|","|move|p1a: Heatran|Protect|p1a: Heatran","|-singleturn|p1a: Heatran|Protect","|move|p2a: Dragalge|Hydro Pump|p1a: Heatran","|-activate|p1a: Heatran|Protect","|","|turn|6","|","|move|p1a: Heatran|Lava Plume|p2a: Dragalge","|-resisted|p2a: Dragalge","|-damage|p2a: Dragalge|241/333","|-status|p2a: Dragalge|brn","|move|p2a: Dragalge|Hydro Pump|p1a: Heatran","|-supereffective|p1a: Heatran","|-damage|p1a: Heatran|136/386","|","|-heal|p1a: Heatran|160/386|[from] item: Leftovers","|-damage|p2a: Dragalge|200/333 brn|[from] brn","|turn|7","|","|move|p1a: Heatran|Protect|p1a: Heatran","|-singleturn|p1a: Heatran|Protect","|move|p2a: Dragalge|Hydro Pump|p1a: Heatran","|-activate|p1a: Heatran|Protect","|","|-heal|p1a: Heatran|184/386|[from] item: Leftovers","|-damage|p2a: Dragalge|159/333 brn|[from] brn","|turn|8","|","|move|p1a: Heatran|Protect|p1a: Heatran","|-fail|p1a: Heatran","|move|p2a: Dragalge|Hydro Pump|p1a: Heatran","|-supereffective|p1a: Heatran","|-damage|p1a: Heatran|0 fnt","|faint|p1a: Heatran","|","|-damage|p2a: Dragalge|118/333 brn|[from] brn","|","|switch|p1a: Jirachi|Jirachi|404/404","|-item|p1a: Jirachi|Air Balloon","|turn|9","|","|switch|p2a: Noivern|Noivern, F|249/311 par","|-damage|p2a: Noivern|172/311 par|[from] Stealth Rock","|move|p1a: Jirachi|Ancient Power|p2a: Noivern","|-supereffective|p2a: Noivern","|-damage|p2a: Noivern|66/311 par","|-boost|p1a: Jirachi|atk|1","|-boost|p1a: Jirachi|def|1","|-boost|p1a: Jirachi|spa|1","|-boost|p1a: Jirachi|spd|1","|-boost|p1a: Jirachi|spe|1","|","|turn|10","|","|move|p1a: Jirachi|Ancient Power|p2a: Noivern","|-supereffective|p2a: Noivern","|-damage|p2a: Noivern|0 fnt","|-boost|p1a: Jirachi|atk|1","|-boost|p1a: Jirachi|def|1","|-boost|p1a: Jirachi|spa|1","|-boost|p1a: Jirachi|spd|1","|-boost|p1a: Jirachi|spe|1","|faint|p2a: Noivern","|","|","|switch|p2a: Goodra|Goodra, F|383/383","|-damage|p2a: Goodra|336/383|[from] Stealth Rock","|turn|11","|","|move|p1a: Jirachi|Ancient Power|p2a: Goodra","|-damage|p2a: Goodra|296/383","|move|p2a: Goodra|Fire Blast|p1a: Jirachi","|-supereffective|p1a: Jirachi","|-damage|p1a: Jirachi|294/404","|-enditem|p1a: Jirachi|Air Balloon","|","|turn|12","|","|move|p1a: Jirachi|Iron Head|p2a: Goodra","|-damage|p2a: Goodra|59/383","|-unboost|p1a: Jirachi|spe|1","|move|p2a: Goodra|Fire Blast|p1a: Jirachi","|-supereffective|p1a: Jirachi","|-damage|p1a: Jirachi|188/404","|","|turn|13","|","|move|p1a: Jirachi|Iron Head|p2a: Goodra","|-crit|p2a: Goodra","|-damage|p2a: Goodra|0 fnt","|-unboost|p1a: Jirachi|spe|1","|faint|p2a: Goodra","|","|","|switch|p2a: Garchomp|Garchomp, F|357/357","|-damage|p2a: Garchomp|335/357|[from] Stealth Rock","|turn|14","|","|move|p2a: Garchomp|Earthquake|p1a: Jirachi","|-supereffective|p1a: Jirachi","|-damage|p1a: Jirachi|50/404","|move|p1a: Jirachi|Body Slam|p2a: Garchomp","|-damage|p2a: Garchomp|192/357","|-damage|p1a: Jirachi|0 fnt|[from] ability: Rough Skin|[of] p2a: Garchomp","|faint|p1a: Jirachi","|-status|p2a: Garchomp|par","|","|","|switch|p1a: Excadrill|Excadrill, M|359/359","|-ability|p1a: Excadrill|Mold Breaker","|-item|p1a: Excadrill|Air Balloon","|turn|15","|","|move|p1a: Excadrill|Earthquake|p2a: Garchomp","|-damage|p2a: Garchomp|0 fnt","|faint|p2a: Garchomp","|","|","|switch|p2a: Altaria|Altaria, F|291/291","|-damage|p2a: Altaria|219/291|[from] Stealth Rock","|-ability|p2a: Altaria|Cloud Nine","|turn|16","|","|move|p1a: Excadrill|Iron Head|p2a: Altaria","|-damage|p2a: Altaria|41/291","|move|p2a: Altaria|Dragon Dance|p2a: Altaria","|-boost|p2a: Altaria|atk|1","|-boost|p2a: Altaria|spe|1","|","|turn|17","|","|detailschange|p2a: Altaria|Altaria-Mega, F","|-mega|p2a: Altaria|Altaria|Altarianite","|move|p2a: Altaria|Dragon Claw|p1a: Excadrill","|-resisted|p1a: Excadrill","|-damage|p1a: Excadrill|215/359","|-enditem|p1a: Excadrill|Air Balloon","|move|p1a: Excadrill|Iron Head|p2a: Altaria","|-supereffective|p2a: Altaria","|-damage|p2a: Altaria|0 fnt","|faint|p2a: Altaria","|","|","|switch|p2a: Hydreigon|Hydreigon, M|325/325","|-damage|p2a: Hydreigon|285/325|[from] Stealth Rock","|turn|18","|","|move|p2a: Hydreigon|Flamethrower|p1a: Excadrill","|-supereffective|p1a: Excadrill","|-damage|p1a: Excadrill|0 fnt","|faint|p1a: Excadrill","|","|","|switch|p1a: Skarmory|Skarmory, M|272/272","|turn|19","|","|move|p2a: Hydreigon|Flamethrower|p1a: Skarmory","|-supereffective|p1a: Skarmory","|-damage|p1a: Skarmory|54/272","|move|p1a: Skarmory|Roost|p1a: Skarmory","|-heal|p1a: Skarmory|190/272","|","|turn|20","|","|move|p2a: Hydreigon|Flamethrower|p1a: Skarmory","|-supereffective|p1a: Skarmory","|-damage|p1a: Skarmory|0 fnt","|faint|p1a: Skarmory","|","|","|switch|p1a: Steelix|Steelix, F|354/354","|turn|21","|","|detailschange|p1a: Steelix|Steelix-Mega, F","|-mega|p1a: Steelix|Steelix|Steelixite","|move|p2a: Hydreigon|Flamethrower|p1a: Steelix","|-supereffective|p1a: Steelix","|-damage|p1a: Steelix|162/354","|move|p1a: Steelix|Roar|p2a: Hydreigon","|drag|p2a: Dragalge|Dragalge, F|118/333 brn","|-damage|p2a: Dragalge|77/333 brn|[from] Stealth Rock","|","|-damage|p2a: Dragalge|36/333 brn|[from] brn","|turn|22","|","|move|p2a: Dragalge|Hydro Pump|p1a: Steelix","|-supereffective|p1a: Steelix","|-damage|p1a: Steelix|0 fnt","|faint|p1a: Steelix","|","|win|InternOlbezerkolo"],"p1rating":{"entryid":"6925118","serverid":"eos","formatid":"monotype","userid":"ltiltahit","username":"LTIL-Tahit","w":"57","l":59,"t":"0","gxe":51.2,"r":"1512.4460243575","rd":"36.321359663069","sigma":"0","rptime":"1439024400","rpr":1508.8532804403,"rprd":36.153116659386,"rpsigma":"0","acre":1100.8248954063,"lacre":1100.8248954063,"oldacre":"1135.0830315502"},"p2rating":{"entryid":7487892,"formatid":"monotype","userid":"internolbezerkolo","username":"InternOlbezerkolo","r":1500,"rd":130,"sigma":0,"rpr":1543.9730744699,"rprd":121.8635036266,"rpsigma":0,"rptime":1439024400,"w":1,"l":0,"t":0,"gxe":55.5,"acre":1054.8130178302,"lacre":1054.8130178302,"oldacre":1000},"endType":"normal"}