{"seed":[35760,56638,11632,34080],"turns":26,"p1":"black gate","p2":"Darkness Photon","p1team":[{"name":"Glalie","species":"Glalie","item":"glalitite","ability":"Inner Focus","moves":["freezedry","frustration","ironhead","earthquake"],"nature":"Naive","evs":{"hp":0,"atk":252,"def":0,"spa":4,"spd":0,"spe":252},"happiness":0,"ivs":{"hp":31,"atk":31,"def":31,"spa":31,"spd":31,"spe":31}},{"name":"Weavile","species":"Weavile","item":"normalgem","ability":"Pickpocket","moves":["fakeout","knockoff","icepunch","taunt"],"nature":"Jolly","evs":{"hp":0,"atk":252,"def":0,"spa":0,"spd":4,"spe":252},"ivs":{"hp":31,"atk":31,"def":31,"spa":31,"spd":31,"spe":31}},{"name":"Mamoswine","species":"Mamoswine","item":"choicescarf","ability":"Thick Fat","moves":["earthquake","iciclecrash","stoneedge","superpower"],"nature":"Jolly","evs":{"hp":4,"atk":252,"def":0,"spa":0,"spd":0,"spe":252},"ivs":{"hp":31,"atk":31,"def":31,"spa":31,"spd":31,"spe":31}},{"name":"Cloyster","species":"Cloyster","item":"whiteherb","ability":"Skill Link","moves":["shellsmash","rockblast","iciclespear","razorshell"],"nature":"Adamant","evs":{"hp":0,"atk":252,"def":0,"spa":0,"spd":4,"spe":252},"ivs":{"hp":31,"atk":31,"def":31,"spa":31,"spd":31,"spe":31}},{"name":"Avalugg","species":"Avalugg","item":"weaknesspolicy","ability":"Sturdy","moves":["recover","rapidspin","curse","gyroball"],"nature":"Sassy","evs":{"hp":0,"atk":252,"def":4,"spa":0,"spd":252,"spe":0},"ivs":{"hp":31,"atk":31,"def":31,"spa":31,"spd":31,"spe":0}},{"name":"Froslass","species":"Froslass","item":"focussash","ability":"Snow Cloak","moves":["spikes","destinybond","blizzard","taunt"],"nature":"Timid","evs":{"hp":4,"atk":0,"def":0,"spa":252,"spd":0,"spe":252},"ivs":{"hp":31,"atk":31,"def":31,"spa":31,"spd":31,"spe":31}}],"p2team":[{"name":"Venusaur","species":"Venusaur","item":"venusaurite","ability":"Overgrow","moves":["earthquake","powerwhip","curse","synthesis"],"nature":"Adamant","evs":{"hp":216,"atk":252,"def":0,"spa":0,"spd":40,"spe":0},"ivs":{"hp":31,"atk":30,"def":30,"spa":31,"spd":31,"spe":31}},{"name":"Rotom-Mow","species":"Rotom-Mow","item":"choicescarf","ability":"Levitate","moves":["darkpulse","voltswitch","leafstorm","trick"],"nature":"Timid","evs":{"hp":4,"atk":0,"def":0,"spa":252,"spd":0,"spe":252},"ivs":{"hp":31,"atk":31,"def":31,"spa":31,"spd":31,"spe":31}},{"name":"Ludicolo","species":"Ludicolo","item":"choicespecs","ability":"Swift Swim","moves":["gigadrain","focusblast","hydropump","icebeam"],"nature":"Modest","evs":{"hp":0,"atk":0,"def":0,"spa":252,"spd":4,"spe":252},"ivs":{"hp":31,"atk":31,"def":31,"spa":31,"spd":31,"spe":31}},{"name":"Ferrothorn","species":"Ferrothorn","item":"rockyhelmet","ability":"Iron Barbs","moves":["leechseed","stealthrock","thunderwave","gyroball"],"nature":"Relaxed","evs":{"hp":248,"atk":8,"def":252,"spa":0,"spd":0,"spe":0},"ivs":{"hp":31,"atk":31,"def":31,"spa":31,"spd":31,"spe":0}},{"name":"Cradily","species":"Cradily","item":"leftovers","ability":"Suction Cups","moves":["stoneedge","recover","toxic","seedbomb"],"nature":"Careful","evs":{"hp":0,"atk":0,"def":0,"spa":252,"spd":0,"spe":252},"ivs":{"hp":31,"atk":31,"def":31,"spa":31,"spd":31,"spe":31}},{"name":"Roserade","species":"Roserade","item":"choicescarf","ability":"Natural Cure","moves":["sludgebomb","energyball","hiddenpowerfire","shadowball"],"nature":"Modest","evs":{"hp":0,"atk":0,"def":0,"spa":252,"spd":0,"spe":252},"ivs":{"hp":31,"atk":30,"def":31,"spa":30,"spd":31,"spe":30}}],"log":["|player|p1|black gate|238","|player|p2|Darkness Photon|66","|gametype|singles","|gen|6","|tier|Monotype","|rated","|rule|Baton Pass Clause: Limit one Baton Passer, can't pass Spe and other stats simultaneously","|rule|Swagger Clause: Swagger is banned","|rule|Same Type Clause: Pokémon in a team must share a type","|clearpoke","|poke|p1|Glalie, M","|poke|p1|Weavile, F","|poke|p1|Mamoswine, M","|poke|p1|Cloyster, M","|poke|p1|Avalugg, F","|poke|p1|Froslass, F","|poke|p2|Venusaur, F","|poke|p2|Rotom-Mow","|poke|p2|Ludicolo, F","|poke|p2|Ferrothorn, M","|poke|p2|Cradily, F","|poke|p2|Roserade, M","|rule|Sleep Clause Mod: Limit one foe put to sleep","|rule|Species Clause: Limit one of each Pokémon","|rule|OHKO Clause: OHKO moves are banned","|rule|Moody Clause: Moody is banned","|rule|Evasion Moves Clause: Evasion moves are banned","|rule|Endless Battle Clause: Forcing endless battles is banned","|rule|HP Percentage Mod: HP is shown in percentages","|teampreview","|","|start","|switch|p1a: Froslass|Froslass, F|282/282","|switch|p2a: Rotom-Mow|Rotom-Mow|242/242","|turn|1","|","|move|p2a: Rotom-Mow|Volt Switch|p1a: Froslass","|-damage|p1a: Froslass|143/282","|","|switch|p2a: Ferrothorn|Ferrothorn, M|351/351","|move|p1a: Froslass|Blizzard|p2a: Ferrothorn","|-damage|p2a: Ferrothorn|231/351","|","|turn|2","|","|move|p1a: Froslass|Destiny Bond|p1a: Froslass","|-singlemove|p1a: Froslass|Destiny Bond","|move|p2a: Ferrothorn|Thunder Wave|p1a: Froslass","|-status|p1a: Froslass|par","|","|turn|3","|","|move|p1a: Froslass|Destiny Bond|p1a: Froslass","|-singlemove|p1a: Froslass|Destiny Bond","|move|p2a: Ferrothorn|Stealth Rock|p1a: Froslass","|-sidestart|p1: black gate|move: Stealth Rock","|","|turn|4","|","|move|p1a: Froslass|Destiny Bond|p1a: Froslass","|-singlemove|p1a: Froslass|Destiny Bond","|move|p2a: Ferrothorn|Leech Seed|p1a: Froslass","|-start|p1a: Froslass|move: Leech Seed","|","|-damage|p1a: Froslass|108/282 par|[from] Leech Seed|[of] p2a: Ferrothorn","|-heal|p2a: Ferrothorn|266/351|[silent]","|turn|5","|","|cant|p1a: Froslass|par","|move|p2a: Ferrothorn|Leech Seed|p1a: Froslass","|-fail|p1a: Froslass","|","|-damage|p1a: Froslass|73/282 par|[from] Leech Seed|[of] p2a: Ferrothorn","|-heal|p2a: Ferrothorn|301/351|[silent]","|turn|6","|","|cant|p1a: Froslass|par","|move|p2a: Ferrothorn|Leech Seed|p1a: Froslass","|-fail|p1a: Froslass","|","|-damage|p1a: Froslass|38/282 par|[from] Leech Seed|[of] p2a: Ferrothorn","|-heal|p2a: Ferrothorn|336/351|[silent]","|turn|7","|","|move|p1a: Froslass|Taunt|p2a: Ferrothorn","|-start|p2a: Ferrothorn|move: Taunt","|cant|p2a: Ferrothorn|move: Taunt|Leech Seed","|","|-damage|p1a: Froslass|3/282 par|[from] Leech Seed|[of] p2a: Ferrothorn","|-heal|p2a: Ferrothorn|351/351|[silent]","|turn|8","|","|switch|p2a: Ludicolo|Ludicolo, F|301/301","|move|p1a: Froslass|Spikes|p2a: Ludicolo","|-sidestart|p2: Darkness Photon|Spikes","|","|-damage|p1a: Froslass|0 fnt|[from] Leech Seed|[of] p2a: Ludicolo","|faint|p1a: Froslass","|","|switch|p1a: Avalugg|Avalugg, F|331/331","|-damage|p1a: Avalugg|249/331|[from] Stealth Rock","|turn|9","|","|move|p2a: Ludicolo|Focus Blast|p1a: Avalugg|[miss]","|-miss|p2a: Ludicolo|p1a: Avalugg","|move|p1a: Avalugg|Rapid Spin|p2a: Ludicolo","|-damage|p2a: Ludicolo|269/301","|-sideend|p1: black gate|Stealth Rock|[from] move: Rapid Spin|[of] p1a: Avalugg","|","|turn|10","|","|move|p2a: Ludicolo|Focus Blast|p1a: Avalugg","|-supereffective|p1a: Avalugg","|-damage|p1a: Avalugg|0 fnt","|faint|p1a: Avalugg","|","|","|switch|p1a: Glalie|Glalie, M|301/301","|turn|11","|","|detailschange|p1a: Glalie|Glalie-Mega, M","|-mega|p1a: Glalie|Glalie|Glalitite","|move|p1a: Glalie|Freeze-Dry|p2a: Ludicolo","|-supereffective|p2a: Ludicolo","|-damage|p2a: Ludicolo|0 fnt","|faint|p2a: Ludicolo","|","|","|switch|p2a: Ferrothorn|Ferrothorn, M|351/351","|-damage|p2a: Ferrothorn|308/351|[from] Spikes","|turn|12","|","|switch|p1a: Mamoswine|Mamoswine, M|362/362","|move|p2a: Ferrothorn|Thunder Wave|p1a: Mamoswine","|-immune|p1a: Mamoswine|[msg]","|","|turn|13","|","|move|p1a: Mamoswine|Superpower|p2a: Ferrothorn","|-supereffective|p2a: Ferrothorn","|-damage|p2a: Ferrothorn|132/351","|-damage|p1a: Mamoswine|317/362|[from] ability: Iron Barbs|[of] p2a: Ferrothorn","|-damage|p1a: Mamoswine|257/362|[from] item: Rocky Helmet|[of] p2a: Ferrothorn","|-unboost|p1a: Mamoswine|atk|1","|-unboost|p1a: Mamoswine|def|1","|move|p2a: Ferrothorn|Stealth Rock|p1a: Mamoswine","|-sidestart|p1: black gate|move: Stealth Rock","|","|turn|14","|","|switch|p2a: Roserade|Roserade, M|261/261","|-damage|p2a: Roserade|229/261|[from] Spikes","|move|p1a: Mamoswine|Superpower|p2a: Roserade","|-resisted|p2a: Roserade","|-damage|p2a: Roserade|160/261","|-unboost|p1a: Mamoswine|atk|1","|-unboost|p1a: Mamoswine|def|1","|","|turn|15","|","|move|p1a: Mamoswine|Superpower|p2a: Roserade","|-crit|p2a: Roserade","|-resisted|p2a: Roserade","|-damage|p2a: Roserade|5/261","|-unboost|p1a: Mamoswine|atk|1","|-unboost|p1a: Mamoswine|def|1","|move|p2a: Roserade|Energy Ball|p1a: Mamoswine","|-supereffective|p1a: Mamoswine","|-damage|p1a: Mamoswine|0 fnt","|faint|p1a: Mamoswine","|","|","|switch|p1a: Weavile|Weavile, F|281/281","|-damage|p1a: Weavile|211/281|[from] Stealth Rock","|turn|16","|","|switch|p2a: Ferrothorn|Ferrothorn, M|132/351","|-damage|p2a: Ferrothorn|89/351|[from] Spikes","|move|p1a: Weavile|Knock Off|p2a: Ferrothorn","|-damage|p2a: Ferrothorn|0 fnt","|-damage|p1a: Weavile|176/281|[from] ability: Iron Barbs|[of] p2a: Ferrothorn","|-damage|p1a: Weavile|130/281|[from] item: Rocky Helmet|[of] p2a: Ferrothorn","|-enditem|p2a: Ferrothorn|Rocky Helmet|[from] move: Knock Off|[of] p1a: Weavile","|faint|p2a: Ferrothorn","|","|","|switch|p2a: Venusaur|Venusaur, F|355/355","|-damage|p2a: Venusaur|311/355|[from] Spikes","|turn|17","|","|detailschange|p2a: Venusaur|Venusaur-Mega, F","|-mega|p2a: Venusaur|Venusaur|Venusaurite","|move|p1a: Weavile|Ice Punch|p2a: Venusaur","|-crit|p2a: Venusaur","|-supereffective|p2a: Venusaur","|-damage|p2a: Venusaur|165/355","|move|p2a: Venusaur|Curse|p2a: Venusaur","|-unboost|p2a: Venusaur|spe|1","|-boost|p2a: Venusaur|atk|1","|-boost|p2a: Venusaur|def|1","|","|turn|18","|","|move|p1a: Weavile|Taunt|p2a: Venusaur","|-start|p2a: Venusaur|move: Taunt","|cant|p2a: Venusaur|move: Taunt|Synthesis","|","|turn|19","|","|move|p1a: Weavile|Ice Punch|p2a: Venusaur","|-supereffective|p2a: Venusaur","|-damage|p2a: Venusaur|93/355","|move|p2a: Venusaur|Earthquake|p1a: Weavile","|-damage|p1a: Weavile|0 fnt","|faint|p1a: Weavile","|","|","|switch|p1a: Glalie|Glalie-Mega, M|301/301","|-damage|p1a: Glalie|226/301|[from] Stealth Rock","|turn|20","|","|move|p1a: Glalie|Freeze-Dry|p2a: Venusaur","|-supereffective|p2a: Venusaur","|-damage|p2a: Venusaur|7/355","|move|p2a: Venusaur|Power Whip|p1a: Glalie|[miss]","|-miss|p2a: Venusaur|p1a: Glalie","|","|-end|p2a: Venusaur|move: Taunt","|turn|21","|","|move|p1a: Glalie|Freeze-Dry|p2a: Venusaur","|-supereffective|p2a: Venusaur","|-damage|p2a: Venusaur|0 fnt","|faint|p2a: Venusaur","|","|","|switch|p2a: Rotom-Mow|Rotom-Mow|242/242","|turn|22","|","|move|p2a: Rotom-Mow|Volt Switch|p1a: Glalie","|-damage|p1a: Glalie|93/301","|","|switch|p2a: Roserade|Roserade, M|5/261","|-damage|p2a: Roserade|0 fnt|[from] Spikes","|faint|p2a: Roserade","|move|p1a: Glalie|Frustration|p2: Roserade|[notarget]","|-notarget","|","|","|switch|p2a: Rotom-Mow|Rotom-Mow|242/242","|turn|23","|","|move|p2a: Rotom-Mow|Volt Switch|p1a: Glalie","|-damage|p1a: Glalie|0 fnt","|faint|p1a: Glalie","|","|switch|p2a: Cradily|Cradily, F|313/313","|-damage|p2a: Cradily|274/313|[from] Spikes","|","|-heal|p2a: Cradily|293/313|[from] item: Leftovers","|","|switch|p1a: Cloyster|Cloyster, M|241/241","|-damage|p1a: Cloyster|181/241|[from] Stealth Rock","|turn|24","|","|move|p1a: Cloyster|Shell Smash|p1a: Cloyster","|-unboost|p1a: Cloyster|def|1","|-unboost|p1a: Cloyster|spd|1","|-boost|p1a: Cloyster|atk|2","|-boost|p1a: Cloyster|spa|2","|-boost|p1a: Cloyster|spe|2","|-enditem|p1a: Cloyster|White Herb","|-restoreboost|p1a: Cloyster|[silent]","|move|p2a: Cradily|Seed Bomb|p1a: Cloyster","|-supereffective|p1a: Cloyster","|-damage|p1a: Cloyster|85/241","|","|-heal|p2a: Cradily|312/313|[from] item: Leftovers","|turn|25","|","|move|p1a: Cloyster|Icicle Spear|p2a: Cradily","|-supereffective|p2a: Cradily","|-damage|p2a: Cradily|148/313","|-supereffective|p2a: Cradily","|-damage|p2a: Cradily|0 fnt","|-hitcount|p2a: Cradily|2","|faint|p2a: Cradily","|","|","|switch|p2a: Rotom-Mow|Rotom-Mow|242/242","|turn|26","|","|move|p1a: Cloyster|Icicle Spear|p2a: Rotom-Mow","|-supereffective|p2a: Rotom-Mow","|-damage|p2a: Rotom-Mow|98/242","|-supereffective|p2a: Rotom-Mow","|-damage|p2a: Rotom-Mow|0 fnt","|-hitcount|p2a: Rotom-Mow|2","|faint|p2a: Rotom-Mow","|","|win|black gate"],"p1rating":{"entryid":7499410,"formatid":"monotype","userid":"blackgate","username":"black gate","r":1500,"rd":130,"sigma":0,"rpr":1531.2647996808,"rprd":122.9059448696,"rpsigma":0,"rptime":1439024400,"w":1,"l":0,"t":0,"gxe":53.9,"acre":1046.7622461575,"lacre":1046.7622461575,"oldacre":1000},"p2rating":{"entryid":"7212353","serverid":"eos","formatid":"monotype","userid":"darknessphoton","username":"Darkness Photon","w":"6","l":12,"t":"0","gxe":37.3,"r":"1409.4173004702","rd":"104.21776836726","sigma":"0","rptime":"1439024400","rpr":1400.3308421382,"rprd":73.727784640998,"rpsigma":"0","acre":1037.2152018755,"lacre":1037.2152018755,"oldacre":"1059.3054786276"},"endType":"normal"}