{"seed":[6453,25783,61790,41650],"turns":27,"p1":"Darkness Photon","p2":"Lucius Hikari","p1team":[{"name":"Rotom-Frost","species":"Rotom-Frost","item":"leftovers","ability":"Levitate","moves":["willowisp","rest","sleeptalk","voltswitch"],"nature":"Bold","evs":{"hp":252,"atk":0,"def":252,"spa":0,"spd":4,"spe":0},"ivs":{"hp":31,"atk":31,"def":31,"spa":31,"spd":31,"spe":31}},{"name":"Kyurem-Black","species":"Kyurem-Black","item":"choiceband","ability":"Teravolt","moves":["fusionbolt","icebeam","rockslide","ironhead"],"nature":"Naughty","evs":{"hp":248,"atk":252,"def":0,"spa":8,"spd":0,"spe":0},"ivs":{"hp":31,"atk":30,"def":31,"spa":30,"spd":31,"spe":30}},{"name":"Avalugg","species":"Avalugg","item":"leftovers","ability":"Sturdy","moves":["recover","gyroball","rapidspin","avalanche"],"nature":"Relaxed","evs":{"hp":252,"atk":4,"def":252,"spa":0,"spd":0,"spe":0},"gender":"M","ivs":{"hp":31,"atk":31,"def":31,"spa":31,"spd":31,"spe":0}},{"name":"Articuno","species":"Articuno","item":"leftovers","ability":"Pressure","moves":["toxic","defog","roost","hurricane"],"nature":"Calm","evs":{"hp":252,"atk":0,"def":0,"spa":4,"spd":252,"spe":0},"ivs":{"hp":31,"atk":31,"def":31,"spa":31,"spd":31,"spe":31}},{"name":"Lapras","species":"Lapras","item":"assaultvest","ability":"Water Absorb","moves":["freezedry","hydropump","hiddenpowerfire","surf"],"nature":"Modest","evs":{"hp":248,"atk":0,"def":0,"spa":252,"spd":8,"spe":0},"ivs":{"hp":31,"atk":30,"def":31,"spa":30,"spd":31,"spe":30}},{"name":"Mamoswine","species":"Mamoswine","item":"choicescarf","ability":"Thick Fat","moves":["earthquake","iciclecrash","knockoff","stoneedge"],"nature":"Jolly","evs":{"hp":4,"atk":252,"def":0,"spa":0,"spd":0,"spe":252},"gender":"M","ivs":{"hp":31,"atk":31,"def":31,"spa":31,"spd":31,"spe":31}}],"p2team":[{"name":"Gen 4 Annoyance","species":"scizor","item":"scizorite","ability":"Technician","moves":["swordsdance","bulletpunch","superpower","bugbite"],"nature":"Adamant","evs":{"hp":0,"atk":252,"def":4,"spa":0,"spd":0,"spe":252},"ivs":{"hp":31,"atk":31,"def":31,"spa":31,"spd":31,"spe":31}},{"name":"Gen 6 Annoyance","species":"klefki","item":"lightclay","ability":"Prankster","moves":["reflect","lightscreen","fairylock","foulplay"],"nature":"Calm","evs":{"hp":252,"atk":0,"def":4,"spa":0,"spd":252,"spe":0},"ivs":{"hp":31,"atk":31,"def":31,"spa":31,"spd":31,"spe":31}},{"name":"YouKnowTheDrill","species":"excadrill","item":"leftovers","ability":"Mold Breaker","moves":["earthquake","ironhead","rapidspin","toxic"],"nature":"Careful","evs":{"hp":252,"atk":4,"def":0,"spa":0,"spd":252,"spe":0},"ivs":{"hp":31,"atk":31,"def":31,"spa":31,"spd":31,"spe":31}},{"name":"Gen 5 Annoyance","species":"jirachi","item":"choicescarf","ability":"Serene Grace","moves":["ironhead","uturn","firepunch","trick"],"nature":"Jolly","evs":{"hp":0,"atk":252,"def":4,"spa":0,"spd":0,"spe":252},"ivs":{"hp":31,"atk":31,"def":31,"spa":31,"spd":31,"spe":31}},{"name":"Lucario","species":"Lucario","item":"lifeorb","ability":"Steadfast","moves":["nastyplot","aurasphere","flashcannon","darkpulse"],"nature":"Timid","evs":{"hp":0,"atk":0,"def":0,"spa":252,"spd":4,"spe":252},"ivs":{"hp":31,"atk":31,"def":31,"spa":31,"spd":31,"spe":31}},{"name":"Bisharp","species":"Bisharp","item":"blackglasses","ability":"Defiant","moves":["knockoff","ironhead","suckerpunch","pursuit"],"nature":"Adamant","evs":{"hp":0,"atk":252,"def":0,"spa":0,"spd":52,"spe":204},"ivs":{"hp":31,"atk":31,"def":31,"spa":31,"spd":31,"spe":31}}],"log":["|player|p1|Darkness Photon|66","|player|p2|Lucius Hikari|2","|gametype|singles","|gen|6","|tier|Monotype","|rated","|rule|Baton Pass Clause: Limit one Baton Passer, can't pass Spe and other stats simultaneously","|rule|Swagger Clause: Swagger is banned","|rule|Same Type Clause: Pokémon in a team must share a type","|clearpoke","|poke|p1|Rotom-Frost","|poke|p1|Kyurem-Black","|poke|p1|Avalugg, M","|poke|p1|Articuno","|poke|p1|Lapras, M","|poke|p1|Mamoswine, M","|poke|p2|Scizor, F","|poke|p2|Klefki, M","|poke|p2|Excadrill, F","|poke|p2|Jirachi","|poke|p2|Lucario, M","|poke|p2|Bisharp, M","|rule|Sleep Clause Mod: Limit one foe put to sleep","|rule|Species Clause: Limit one of each Pokémon","|rule|OHKO Clause: OHKO moves are banned","|rule|Moody Clause: Moody is banned","|rule|Evasion Moves Clause: Evasion moves are banned","|rule|Endless Battle Clause: Forcing endless battles is banned","|rule|HP Percentage Mod: HP is shown in percentages","|teampreview","|","|start","|switch|p1a: Rotom-Frost|Rotom-Frost|304/304","|switch|p2a: Gen 6 Annoyance|Klefki, M|318/318","|turn|1","|","|move|p2a: Gen 6 Annoyance|Light Screen|p2a: Gen 6 Annoyance","|-sidestart|p2: Lucius Hikari|move: Light Screen","|move|p1a: Rotom-Frost|Volt Switch|p2a: Gen 6 Annoyance","|-damage|p2a: Gen 6 Annoyance|284/318","|","|switch|p1a: Mamoswine|Mamoswine, M|362/362","|","|turn|2","|","|move|p2a: Gen 6 Annoyance|Reflect|p2a: Gen 6 Annoyance","|-sidestart|p2: Lucius Hikari|Reflect","|move|p1a: Mamoswine|Earthquake|p2a: Gen 6 Annoyance","|-supereffective|p2a: Gen 6 Annoyance","|-damage|p2a: Gen 6 Annoyance|97/318","|","|turn|3","|","|switch|p1a: Rotom-Frost|Rotom-Frost|304/304","|switch|p2a: Gen 4 Annoyance|Scizor, F|281/281","|","|turn|4","|","|detailschange|p2a: Gen 4 Annoyance|Scizor-Mega, F","|-mega|p2a: Gen 4 Annoyance|Scizor|Scizorite","|move|p2a: Gen 4 Annoyance|Swords Dance|p2a: Gen 4 Annoyance","|-boost|p2a: Gen 4 Annoyance|atk|2","|move|p1a: Rotom-Frost|Will-O-Wisp|p2a: Gen 4 Annoyance","|-status|p2a: Gen 4 Annoyance|brn","|","|-damage|p2a: Gen 4 Annoyance|246/281 brn|[from] brn","|turn|5","|","|move|p2a: Gen 4 Annoyance|Swords Dance|p2a: Gen 4 Annoyance","|-boost|p2a: Gen 4 Annoyance|atk|2","|move|p1a: Rotom-Frost|Volt Switch|p2a: Gen 4 Annoyance","|-damage|p2a: Gen 4 Annoyance|206/281 brn","|","|switch|p1a: Avalugg|Avalugg, M|394/394","|","|-damage|p2a: Gen 4 Annoyance|171/281 brn|[from] brn","|turn|6","|","|move|p2a: Gen 4 Annoyance|Swords Dance|p2a: Gen 4 Annoyance","|-boost|p2a: Gen 4 Annoyance|atk|2","|move|p1a: Avalugg|Avalanche|p2a: Gen 4 Annoyance","|-resisted|p2a: Gen 4 Annoyance","|-damage|p2a: Gen 4 Annoyance|155/281 brn","|","|-damage|p2a: Gen 4 Annoyance|120/281 brn|[from] brn","|turn|7","|","|switch|p1a: Rotom-Frost|Rotom-Frost|304/304","|move|p2a: Gen 4 Annoyance|Bullet Punch|p1a: Rotom-Frost","|-damage|p1a: Rotom-Frost|117/304","|","|-heal|p1a: Rotom-Frost|136/304|[from] item: Leftovers","|-damage|p2a: Gen 4 Annoyance|85/281 brn|[from] brn","|turn|8","|","|move|p2a: Gen 4 Annoyance|Bullet Punch|p1a: Rotom-Frost","|-damage|p1a: Rotom-Frost|0 fnt","|faint|p1a: Rotom-Frost","|","|-damage|p2a: Gen 4 Annoyance|50/281 brn|[from] brn","|-sideend|p2: Lucius Hikari|move: Light Screen","|","|switch|p1a: Lapras|Lapras, M|463/463","|turn|9","|","|move|p2a: Gen 4 Annoyance|Bullet Punch|p1a: Lapras","|-damage|p1a: Lapras|145/463","|move|p1a: Lapras|Hidden Power|p2a: Gen 4 Annoyance","|-supereffective|p2a: Gen 4 Annoyance","|-damage|p2a: Gen 4 Annoyance|0 fnt","|faint|p2a: Gen 4 Annoyance","|","|-sideend|p2: Lucius Hikari|Reflect","|","|switch|p2a: Gen 6 Annoyance|Klefki, M|97/318","|turn|10","|","|move|p2a: Gen 6 Annoyance|Light Screen|p2a: Gen 6 Annoyance","|-sidestart|p2: Lucius Hikari|move: Light Screen","|move|p1a: Lapras|Hydro Pump|p2a: Gen 6 Annoyance","|-damage|p2a: Gen 6 Annoyance|32/318","|","|turn|11","|","|switch|p1a: Articuno|Articuno|384/384","|-ability|p1a: Articuno|Pressure","|move|p2a: Gen 6 Annoyance|Reflect|p2a: Gen 6 Annoyance","|-sidestart|p2: Lucius Hikari|Reflect","|","|turn|12","|","|move|p2a: Gen 6 Annoyance|Fairy Lock|p2a: Gen 6 Annoyance","|-activate|Battle: monotype|move: Fairy Lock","|move|p1a: Articuno|Defog|p2a: Gen 6 Annoyance","|-unboost|p2a: Gen 6 Annoyance|evasion|1","|-sideend|p2: Lucius Hikari|Reflect","|-sideend|p2: Lucius Hikari|move: Light Screen","|","|turn|13","|","|move|p2a: Gen 6 Annoyance|Reflect|p2a: Gen 6 Annoyance","|-sidestart|p2: Lucius Hikari|Reflect","|move|p1a: Articuno|Hurricane|p2a: Gen 6 Annoyance","|-resisted|p2a: Gen 6 Annoyance","|-damage|p2a: Gen 6 Annoyance|0 fnt","|faint|p2a: Gen 6 Annoyance","|","|","|switch|p2a: Gen 5 Annoyance|Jirachi|341/341","|turn|14","|","|switch|p1a: Avalugg|Avalugg, M|394/394","|move|p2a: Gen 5 Annoyance|Iron Head|p1a: Avalugg","|-supereffective|p1a: Avalugg","|-damage|p1a: Avalugg|292/394","|","|-heal|p1a: Avalugg|316/394|[from] item: Leftovers","|turn|15","|","|move|p2a: Gen 5 Annoyance|Iron Head|p1a: Avalugg","|-crit|p1a: Avalugg","|-supereffective|p1a: Avalugg","|-damage|p1a: Avalugg|148/394","|move|p1a: Avalugg|Recover|p1a: Avalugg","|-heal|p1a: Avalugg|345/394","|","|-heal|p1a: Avalugg|369/394|[from] item: Leftovers","|turn|16","|","|move|p2a: Gen 5 Annoyance|Iron Head|p1a: Avalugg","|-supereffective|p1a: Avalugg","|-damage|p1a: Avalugg|255/394","|cant|p1a: Avalugg|flinch","|","|-heal|p1a: Avalugg|279/394|[from] item: Leftovers","|turn|17","|","|switch|p1a: Lapras|Lapras, M|145/463","|move|p2a: Gen 5 Annoyance|Iron Head|p1a: Lapras","|-damage|p1a: Lapras|13/463","|","|turn|18","|","|move|p2a: Gen 5 Annoyance|Iron Head|p1a: Lapras","|-damage|p1a: Lapras|0 fnt","|faint|p1a: Lapras","|","|","|switch|p1a: Kyurem-Black|Kyurem-Black|453/453","|-ability|p1a: Kyurem-Black|Teravolt","|turn|19","|","|move|p2a: Gen 5 Annoyance|Iron Head|p1a: Kyurem-Black","|-supereffective|p1a: Kyurem-Black","|-damage|p1a: Kyurem-Black|207/453","|move|p1a: Kyurem-Black|Fusion Bolt|p2a: Gen 5 Annoyance","|-damage|p2a: Gen 5 Annoyance|226/341","|","|turn|20","|","|switch|p1a: Avalugg|Avalugg, M|279/394","|move|p2a: Gen 5 Annoyance|Iron Head|p1a: Avalugg","|-supereffective|p1a: Avalugg","|-damage|p1a: Avalugg|165/394","|","|-heal|p1a: Avalugg|189/394|[from] item: Leftovers","|-sideend|p2: Lucius Hikari|Reflect","|turn|21","|","|move|p2a: Gen 5 Annoyance|Iron Head|p1a: Avalugg","|-supereffective|p1a: Avalugg","|-damage|p1a: Avalugg|75/394","|cant|p1a: Avalugg|flinch","|","|-heal|p1a: Avalugg|99/394|[from] item: Leftovers","|turn|22","|","|move|p2a: Gen 5 Annoyance|Iron Head|p1a: Avalugg","|-supereffective|p1a: Avalugg","|-damage|p1a: Avalugg|0 fnt","|faint|p1a: Avalugg","|","|","|switch|p1a: Mamoswine|Mamoswine, M|362/362","|turn|23","|","|move|p2a: Gen 5 Annoyance|Iron Head|p1a: Mamoswine","|-supereffective|p1a: Mamoswine","|-damage|p1a: Mamoswine|60/362","|move|p1a: Mamoswine|Earthquake|p2a: Gen 5 Annoyance","|-supereffective|p2a: Gen 5 Annoyance","|-damage|p2a: Gen 5 Annoyance|0 fnt","|faint|p2a: Gen 5 Annoyance","|","|","|switch|p2a: Bisharp|Bisharp, M|271/271","|turn|24","|","|move|p2a: Bisharp|Sucker Punch|p1a: Mamoswine","|-damage|p1a: Mamoswine|0 fnt","|faint|p1a: Mamoswine","|","|","|switch|p1a: Kyurem-Black|Kyurem-Black|207/453","|-ability|p1a: Kyurem-Black|Teravolt","|turn|25","|","|move|p2a: Bisharp|Iron Head|p1a: Kyurem-Black","|-supereffective|p1a: Kyurem-Black","|-damage|p1a: Kyurem-Black|0 fnt","|faint|p1a: Kyurem-Black","|","|","|switch|p1a: Articuno|Articuno|384/384","|-ability|p1a: Articuno|Pressure","|turn|26","|","|move|p2a: Bisharp|Iron Head|p1a: Articuno","|-supereffective|p1a: Articuno","|-damage|p1a: Articuno|76/384","|cant|p1a: Articuno|flinch","|","|-heal|p1a: Articuno|100/384|[from] item: Leftovers","|turn|27","|","|move|p2a: Bisharp|Iron Head|p1a: Articuno","|-supereffective|p1a: Articuno","|-damage|p1a: Articuno|0 fnt","|faint|p1a: Articuno","|","|win|Lucius Hikari"],"p1rating":{"entryid":"7212353","serverid":"eos","formatid":"monotype","userid":"darknessphoton","username":"Darkness Photon","w":"1","l":6,"t":"0","gxe":35.1,"r":"1409.4173004702","rd":"104.21776836726","sigma":"0","rptime":"1439024400","rpr":1379.6940783175,"rprd":98.329229647984,"rpsigma":"0","acre":1000,"lacre":1000,"oldacre":"1000"},"p2rating":{"entryid":"7486316","serverid":"eos","formatid":"monotype","userid":"luciushikari","username":"Lucius Hikari","w":1,"l":"3","t":"0","gxe":43.9,"r":"1500","rd":"130","sigma":"0","rptime":"1439024400","rpr":1451.4644339394,"rprd":107.60157165661,"rpsigma":"0","acre":1040,"lacre":1040,"oldacre":"1000"},"endType":"normal"}