{"seed":[2073,6079,64161,42143],"turns":38,"p1":"Defender of Sinnoh","p2":"Guard Wulf","p1team":[{"name":"Torterra","species":"Torterra","item":"assaultvest","ability":"Overgrow","moves":["earthquake","stoneedge","seedbomb","crunch"],"nature":"Adamant","evs":{"hp":248,"atk":252,"def":0,"spa":0,"spd":8,"spe":0},"ivs":{"hp":31,"atk":31,"def":31,"spa":31,"spd":31,"spe":31}},{"name":"Garchomp","species":"Garchomp","item":"rockyhelmet","ability":"Rough Skin","moves":["earthquake","dragonclaw","firefang","stoneedge"],"nature":"Jolly","evs":{"hp":0,"atk":252,"def":0,"spa":0,"spd":4,"spe":252},"ivs":{"hp":31,"atk":31,"def":31,"spa":31,"spd":31,"spe":31}},{"name":"Camerupt","species":"Camerupt","item":"cameruptite","ability":"Magma Armor","moves":["earthpower","flamethrower","willowisp","ancientpower"],"nature":"Modest","evs":{"hp":248,"atk":0,"def":0,"spa":252,"spd":8,"spe":0},"shiny":true,"ivs":{"hp":31,"atk":31,"def":31,"spa":31,"spd":31,"spe":31}},{"name":"Claydol","species":"Claydol","item":"leftovers","ability":"Levitate","moves":["cosmicpower","chargebeam","rapidspin","stealthrock"],"nature":"Calm","evs":{"hp":252,"atk":0,"def":0,"spa":4,"spd":252,"spe":0},"ivs":{"hp":31,"atk":31,"def":31,"spa":31,"spd":31,"spe":31}},{"name":"Gastrodon","species":"Gastrodon","item":"leftovers","ability":"Storm Drain","moves":["earthpower","scald","recover","toxic"],"nature":"Bold","evs":{"hp":248,"atk":0,"def":252,"spa":8,"spd":0,"spe":0},"ivs":{"hp":31,"atk":31,"def":31,"spa":31,"spd":31,"spe":31}},{"name":"Mamoswine","species":"Mamoswine","item":"focussash","ability":"Thick Fat","moves":["iceshard","iciclecrash","earthquake","knockoff"],"nature":"Adamant","evs":{"hp":248,"atk":252,"def":0,"spa":0,"spd":8,"spe":0},"ivs":{"hp":31,"atk":31,"def":31,"spa":31,"spd":31,"spe":31}}],"p2team":[{"name":"Skarmory","species":"Skarmory","item":"leftovers","ability":"Sturdy","moves":["roost","stealthrock","ironhead","roar"],"nature":"Impish","evs":{"hp":250,"atk":4,"def":232,"spa":0,"spd":0,"spe":24},"ivs":{"hp":31,"atk":31,"def":31,"spa":31,"spd":31,"spe":31}},{"name":"Mandibuzz","species":"Mandibuzz","item":"leftovers","ability":"Overcoat","moves":["defog","bravebird","roost","toxic"],"nature":"Careful","evs":{"hp":248,"atk":8,"def":0,"spa":0,"spd":252,"spe":0},"ivs":{"hp":31,"atk":31,"def":31,"spa":31,"spd":31,"spe":31}},{"name":"Thundurus","species":"Thundurus","item":"leftovers","ability":"Prankster","moves":["thunderwave","thunderbolt","hiddenpowerice","taunt"],"nature":"Timid","evs":{"hp":0,"atk":0,"def":0,"spa":252,"spd":4,"spe":252},"ivs":{"hp":31,"atk":30,"def":30,"spa":31,"spd":31,"spe":31}},{"name":"Gliscor","species":"Gliscor","item":"toxicorb","ability":"Poison Heal","moves":["knockoff","earthquake","roost","aerialace"],"nature":"Impish","evs":{"hp":244,"atk":4,"def":188,"spa":0,"spd":0,"spe":72},"ivs":{"hp":31,"atk":31,"def":31,"spa":31,"spd":31,"spe":31}},{"name":"Charizard","species":"Charizard","item":"charizarditex","ability":"Blaze","moves":["dragondance","roost","dragonclaw","firepunch"],"nature":"Jolly","evs":{"hp":0,"atk":252,"def":0,"spa":0,"spd":4,"spe":252},"ivs":{"hp":31,"atk":31,"def":31,"spa":31,"spd":31,"spe":31}},{"name":"Tornadus-Therian","species":"Tornadus-Therian","item":"assaultvest","ability":"Regenerator","moves":["hurricane","heatwave","focusblast","uturn"],"nature":"Hasty","evs":{"hp":132,"atk":0,"def":0,"spa":160,"spd":0,"spe":216},"ivs":{"hp":31,"atk":31,"def":31,"spa":31,"spd":31,"spe":31}}],"log":["|player|p1|Defender of Sinnoh|25","|player|p2|Guard Wulf|143","|gametype|singles","|gen|6","|tier|Monotype","|rated","|rule|Baton Pass Clause: Limit one Baton Passer, can't pass Spe and other stats simultaneously","|rule|Swagger Clause: Swagger is banned","|rule|Same Type Clause: Pokémon in a team must share a type","|clearpoke","|poke|p1|Torterra, F","|poke|p1|Garchomp, M","|poke|p1|Camerupt, F, shiny","|poke|p1|Claydol","|poke|p1|Gastrodon, F","|poke|p1|Mamoswine, M","|poke|p2|Skarmory, M","|poke|p2|Mandibuzz, F","|poke|p2|Thundurus, M","|poke|p2|Gliscor, F","|poke|p2|Charizard, F","|poke|p2|Tornadus-Therian, M","|rule|Sleep Clause Mod: Limit one foe put to sleep","|rule|Species Clause: Limit one of each Pokémon","|rule|OHKO Clause: OHKO moves are banned","|rule|Moody Clause: Moody is banned","|rule|Evasion Moves Clause: Evasion moves are banned","|rule|Endless Battle Clause: Forcing endless battles is banned","|rule|HP Percentage Mod: HP is shown in percentages","|teampreview","|","|start","|switch|p1a: Gastrodon|Gastrodon, F|425/425","|switch|p2a: Tornadus-Therian|Tornadus-Therian, M|332/332","|turn|1","|","|move|p2a: Tornadus-Therian|Hurricane|p1a: Gastrodon","|-damage|p1a: Gastrodon|248/425","|move|p1a: Gastrodon|Toxic|p2a: Tornadus-Therian","|-status|p2a: Tornadus-Therian|tox","|","|-heal|p1a: Gastrodon|274/425|[from] item: Leftovers","|-damage|p2a: Tornadus-Therian|312/332 tox|[from] psn","|turn|2","|","|move|p2a: Tornadus-Therian|U-turn|p1a: Gastrodon","|-damage|p1a: Gastrodon|221/425","|","|switch|p2a: Mandibuzz|Mandibuzz, F|423/423","|move|p1a: Gastrodon|Recover|p1a: Gastrodon","|-heal|p1a: Gastrodon|425/425","|","|turn|3","|","|move|p2a: Mandibuzz|Toxic|p1a: Gastrodon","|-status|p1a: Gastrodon|tox","|move|p1a: Gastrodon|Toxic|p2a: Mandibuzz","|-status|p2a: Mandibuzz|tox","|","|-damage|p2a: Mandibuzz|397/423 tox|[from] psn","|-damage|p1a: Gastrodon|399/425 tox|[from] psn","|turn|4","|","|move|p2a: Mandibuzz|Brave Bird|p1a: Gastrodon","|-damage|p1a: Gastrodon|312/425 tox","|-damage|p2a: Mandibuzz|368/423 tox|[from] recoil|[of] p1a: Gastrodon","|move|p1a: Gastrodon|Scald|p2a: Mandibuzz","|-damage|p2a: Mandibuzz|304/423 tox","|","|-heal|p2a: Mandibuzz|330/423 tox|[from] item: Leftovers","|-heal|p1a: Gastrodon|338/425 tox|[from] item: Leftovers","|-damage|p2a: Mandibuzz|278/423 tox|[from] psn","|-damage|p1a: Gastrodon|286/425 tox|[from] psn","|turn|5","|","|move|p2a: Mandibuzz|Roost|p2a: Mandibuzz","|-heal|p2a: Mandibuzz|423/423 tox","|move|p1a: Gastrodon|Recover|p1a: Gastrodon","|-heal|p1a: Gastrodon|425/425 tox","|","|-damage|p2a: Mandibuzz|345/423 tox|[from] psn","|-damage|p1a: Gastrodon|347/425 tox|[from] psn","|turn|6","|","|move|p2a: Mandibuzz|Roost|p2a: Mandibuzz","|-heal|p2a: Mandibuzz|423/423 tox","|move|p1a: Gastrodon|Scald|p2a: Mandibuzz","|-damage|p2a: Mandibuzz|350/423 tox","|","|-heal|p2a: Mandibuzz|376/423 tox|[from] item: Leftovers","|-heal|p1a: Gastrodon|373/425 tox|[from] item: Leftovers","|-damage|p2a: Mandibuzz|272/423 tox|[from] psn","|-damage|p1a: Gastrodon|269/425 tox|[from] psn","|turn|7","|","|move|p2a: Mandibuzz|Roost|p2a: Mandibuzz","|-heal|p2a: Mandibuzz|423/423 tox","|move|p1a: Gastrodon|Scald|p2a: Mandibuzz","|-crit|p2a: Mandibuzz","|-damage|p2a: Mandibuzz|318/423 tox","|","|-heal|p2a: Mandibuzz|344/423 tox|[from] item: Leftovers","|-heal|p1a: Gastrodon|295/425 tox|[from] item: Leftovers","|-damage|p2a: Mandibuzz|214/423 tox|[from] psn","|-damage|p1a: Gastrodon|165/425 tox|[from] psn","|turn|8","|","|move|p2a: Mandibuzz|Roost|p2a: Mandibuzz","|-heal|p2a: Mandibuzz|423/423 tox","|move|p1a: Gastrodon|Recover|p1a: Gastrodon","|-heal|p1a: Gastrodon|378/425 tox","|","|-heal|p1a: Gastrodon|404/425 tox|[from] item: Leftovers","|-damage|p2a: Mandibuzz|267/423 tox|[from] psn","|-damage|p1a: Gastrodon|248/425 tox|[from] psn","|turn|9","|","|move|p2a: Mandibuzz|Roost|p2a: Mandibuzz","|-heal|p2a: Mandibuzz|423/423 tox","|move|p1a: Gastrodon|Recover|p1a: Gastrodon","|-heal|p1a: Gastrodon|425/425 tox","|","|-damage|p2a: Mandibuzz|241/423 tox|[from] psn","|-damage|p1a: Gastrodon|243/425 tox|[from] psn","|turn|10","|","|move|p2a: Mandibuzz|Roost|p2a: Mandibuzz","|-heal|p2a: Mandibuzz|423/423 tox","|move|p1a: Gastrodon|Recover|p1a: Gastrodon","|-heal|p1a: Gastrodon|425/425 tox","|","|-damage|p2a: Mandibuzz|215/423 tox|[from] psn","|-damage|p1a: Gastrodon|217/425 tox|[from] psn","|turn|11","|","|move|p2a: Mandibuzz|Roost|p2a: Mandibuzz","|-heal|p2a: Mandibuzz|423/423 tox","|move|p1a: Gastrodon|Recover|p1a: Gastrodon","|-heal|p1a: Gastrodon|425/425 tox","|","|-damage|p2a: Mandibuzz|189/423 tox|[from] psn","|-damage|p1a: Gastrodon|191/425 tox|[from] psn","|turn|12","|","|move|p2a: Mandibuzz|Roost|p2a: Mandibuzz","|-heal|p2a: Mandibuzz|401/423 tox","|move|p1a: Gastrodon|Recover|p1a: Gastrodon","|-heal|p1a: Gastrodon|404/425 tox","|","|-heal|p2a: Mandibuzz|423/423 tox|[from] item: Leftovers","|-heal|p1a: Gastrodon|425/425 tox|[from] item: Leftovers","|-damage|p2a: Mandibuzz|163/423 tox|[from] psn","|-damage|p1a: Gastrodon|165/425 tox|[from] psn","|turn|13","|","|move|p2a: Mandibuzz|Roost|p2a: Mandibuzz","|-heal|p2a: Mandibuzz|375/423 tox","|move|p1a: Gastrodon|Recover|p1a: Gastrodon","|-heal|p1a: Gastrodon|378/425 tox","|","|-heal|p2a: Mandibuzz|401/423 tox|[from] item: Leftovers","|-heal|p1a: Gastrodon|404/425 tox|[from] item: Leftovers","|-damage|p2a: Mandibuzz|115/423 tox|[from] psn","|-damage|p1a: Gastrodon|118/425 tox|[from] psn","|turn|14","|","|move|p2a: Mandibuzz|Roost|p2a: Mandibuzz","|-heal|p2a: Mandibuzz|327/423 tox","|move|p1a: Gastrodon|Scald|p2a: Mandibuzz","|-damage|p2a: Mandibuzz|260/423 tox","|","|-heal|p2a: Mandibuzz|286/423 tox|[from] item: Leftovers","|-heal|p1a: Gastrodon|144/425 tox|[from] item: Leftovers","|-damage|p2a: Mandibuzz|0 fnt|[from] psn","|-damage|p1a: Gastrodon|0 fnt|[from] psn","|faint|p2a: Mandibuzz","|faint|p1a: Gastrodon","|","|switch|p2a: Thundurus|Thundurus, M|299/299","|switch|p1a: Torterra|Torterra, F|393/393","|turn|15","|","|move|p2a: Thundurus|Hidden Power|p1a: Torterra","|-supereffective|p1a: Torterra","|-damage|p1a: Torterra|185/393","|move|p1a: Torterra|Stone Edge|p2a: Thundurus","|-supereffective|p2a: Thundurus","|-damage|p2a: Thundurus|13/299","|","|-heal|p2a: Thundurus|31/299|[from] item: Leftovers","|turn|16","|","|move|p2a: Thundurus|Hidden Power|p1a: Torterra","|-supereffective|p1a: Torterra","|-damage|p1a: Torterra|0 fnt","|faint|p1a: Torterra","|","|-heal|p2a: Thundurus|49/299|[from] item: Leftovers","|","|switch|p1a: Mamoswine|Mamoswine, M|423/423","|turn|17","|","|switch|p2a: Skarmory|Skarmory, M|333/333","|move|p1a: Mamoswine|Ice Shard|p2a: Skarmory","|-damage|p2a: Skarmory|288/333","|","|-heal|p2a: Skarmory|308/333|[from] item: Leftovers","|turn|18","|","|switch|p1a: Camerupt|Camerupt, F, shiny|343/343","|move|p2a: Skarmory|Stealth Rock|p1a: Camerupt","|-sidestart|p1: Defender of Sinnoh|move: Stealth Rock","|","|-heal|p2a: Skarmory|328/333|[from] item: Leftovers","|turn|19","|","|switch|p2a: Thundurus|Thundurus, M|49/299","|detailschange|p1a: Camerupt|Camerupt-Mega, F, shiny","|-mega|p1a: Camerupt|Camerupt|Cameruptite","|move|p1a: Camerupt|Flamethrower|p2a: Thundurus","|-damage|p2a: Thundurus|0 fnt","|faint|p2a: Thundurus","|","|","|switch|p2a: Gliscor|Gliscor, F|352/352","|turn|20","|","|move|p2a: Gliscor|Earthquake|p1a: Camerupt","|-supereffective|p1a: Camerupt","|-damage|p1a: Camerupt|119/343","|move|p1a: Camerupt|Will-O-Wisp|p2a: Gliscor","|-status|p2a: Gliscor|brn","|","|-damage|p2a: Gliscor|308/352 brn|[from] brn","|turn|21","|","|move|p2a: Gliscor|Earthquake|p1a: Camerupt","|-supereffective|p1a: Camerupt","|-damage|p1a: Camerupt|4/343","|move|p1a: Camerupt|Ancient Power|p2a: Gliscor","|-damage|p2a: Gliscor|172/352 brn","|","|-damage|p2a: Gliscor|128/352 brn|[from] brn","|turn|22","|","|move|p2a: Gliscor|Earthquake|p1a: Camerupt","|-supereffective|p1a: Camerupt","|-damage|p1a: Camerupt|0 fnt","|faint|p1a: Camerupt","|","|-damage|p2a: Gliscor|84/352 brn|[from] brn","|","|switch|p1a: Claydol|Claydol|324/324","|-damage|p1a: Claydol|304/324|[from] Stealth Rock","|turn|23","|","|move|p2a: Gliscor|Knock Off|p1a: Claydol","|-supereffective|p1a: Claydol","|-damage|p1a: Claydol|235/324","|-enditem|p1a: Claydol|Leftovers|[from] move: Knock Off|[of] p2a: Gliscor","|move|p1a: Claydol|Rapid Spin|p2a: Gliscor","|-damage|p2a: Gliscor|76/352 brn","|-sideend|p1: Defender of Sinnoh|Stealth Rock|[from] move: Rapid Spin|[of] p1a: Claydol","|","|-damage|p2a: Gliscor|32/352 brn|[from] brn","|turn|24","|","|move|p2a: Gliscor|Knock Off|p1a: Claydol","|-crit|p1a: Claydol","|-supereffective|p1a: Claydol","|-damage|p1a: Claydol|165/324","|move|p1a: Claydol|Stealth Rock|p2a: Gliscor","|-sidestart|p2: Guard Wulf|move: Stealth Rock","|","|-damage|p2a: Gliscor|0 fnt|[from] brn","|faint|p2a: Gliscor","|","|switch|p2a: Tornadus-Therian|Tornadus-Therian, M|332/332 tox","|-damage|p2a: Tornadus-Therian|249/332 tox|[from] Stealth Rock","|turn|25","|","|move|p2a: Tornadus-Therian|Hurricane|p1a: Claydol","|-damage|p1a: Claydol|57/324","|-start|p1a: Claydol|confusion","|-activate|p1a: Claydol|confusion","|-damage|p1a: Claydol|38/324|[from] confusion","|","|-damage|p2a: Tornadus-Therian|229/332 tox|[from] psn","|turn|26","|","|move|p2a: Tornadus-Therian|U-turn|p1a: Claydol","|-supereffective|p1a: Claydol","|-damage|p1a: Claydol|0 fnt","|faint|p1a: Claydol","|","|switch|p2a: Skarmory|Skarmory, M|328/333","|-damage|p2a: Skarmory|287/333|[from] Stealth Rock","|","|-heal|p2a: Skarmory|307/333|[from] item: Leftovers","|","|switch|p1a: Mamoswine|Mamoswine, M|423/423","|turn|27","|","|move|p1a: Mamoswine|Knock Off|p2a: Skarmory","|-damage|p2a: Skarmory|239/333","|-enditem|p2a: Skarmory|Leftovers|[from] move: Knock Off|[of] p1a: Mamoswine","|move|p2a: Skarmory|Stealth Rock|p1a: Mamoswine","|-sidestart|p1: Defender of Sinnoh|move: Stealth Rock","|","|turn|28","|","|move|p1a: Mamoswine|Icicle Crash|p2a: Skarmory","|-damage|p2a: Skarmory|145/333","|move|p2a: Skarmory|Roost|p2a: Skarmory","|-heal|p2a: Skarmory|312/333","|","|turn|29","|","|move|p1a: Mamoswine|Icicle Crash|p2a: Skarmory|[miss]","|-miss|p1a: Mamoswine|p2a: Skarmory","|move|p2a: Skarmory|Iron Head|p1a: Mamoswine","|-crit|p1a: Mamoswine","|-supereffective|p1a: Mamoswine","|-damage|p1a: Mamoswine|153/423","|","|turn|30","|","|move|p1a: Mamoswine|Icicle Crash|p2a: Skarmory","|-damage|p2a: Skarmory|212/333","|move|p2a: Skarmory|Iron Head|p1a: Mamoswine","|-supereffective|p1a: Mamoswine","|-damage|p1a: Mamoswine|0 fnt","|faint|p1a: Mamoswine","|","|","|switch|p1a: Garchomp|Garchomp, M|357/357","|-damage|p1a: Garchomp|335/357|[from] Stealth Rock","|turn|31","|","|move|p1a: Garchomp|Fire Fang|p2a: Skarmory","|-supereffective|p2a: Skarmory","|-damage|p2a: Skarmory|120/333","|move|p2a: Skarmory|Roost|p2a: Skarmory","|-heal|p2a: Skarmory|287/333","|","|turn|32","|","|move|p1a: Garchomp|Fire Fang|p2a: Skarmory","|-supereffective|p2a: Skarmory","|-damage|p2a: Skarmory|193/333","|move|p2a: Skarmory|Roost|p2a: Skarmory","|-heal|p2a: Skarmory|333/333","|","|turn|33","|","|move|p1a: Garchomp|Stone Edge|p2a: Skarmory","|-damage|p2a: Skarmory|263/333","|move|p2a: Skarmory|Iron Head|p1a: Garchomp","|-damage|p1a: Garchomp|250/357","|-damage|p2a: Skarmory|222/333|[from] ability: Rough Skin|[of] p1a: Garchomp","|-damage|p2a: Skarmory|167/333|[from] item: Rocky Helmet|[of] p1a: Garchomp","|","|turn|34","|","|move|p1a: Garchomp|Stone Edge|p2a: Skarmory","|-damage|p2a: Skarmory|98/333","|move|p2a: Skarmory|Roost|p2a: Skarmory","|-heal|p2a: Skarmory|265/333","|","|turn|35","|","|move|p1a: Garchomp|Fire Fang|p2a: Skarmory","|-supereffective|p2a: Skarmory","|-damage|p2a: Skarmory|171/333","|move|p2a: Skarmory|Iron Head|p1a: Garchomp","|-damage|p1a: Garchomp|172/357","|-damage|p2a: Skarmory|130/333|[from] ability: Rough Skin|[of] p1a: Garchomp","|-damage|p2a: Skarmory|75/333|[from] item: Rocky Helmet|[of] p1a: Garchomp","|","|turn|36","|","|move|p1a: Garchomp|Fire Fang|p2a: Skarmory","|-supereffective|p2a: Skarmory","|-damage|p2a: Skarmory|0 fnt","|faint|p2a: Skarmory","|","|","|switch|p2a: Tornadus-Therian|Tornadus-Therian, M|332/332 tox","|-damage|p2a: Tornadus-Therian|249/332 tox|[from] Stealth Rock","|turn|37","|","|move|p2a: Tornadus-Therian|U-turn|p1a: Garchomp","|-damage|p1a: Garchomp|113/357","|-damage|p2a: Tornadus-Therian|208/332 tox|[from] ability: Rough Skin|[of] p1a: Garchomp","|-damage|p2a: Tornadus-Therian|153/332 tox|[from] item: Rocky Helmet|[of] p1a: Garchomp","|","|switch|p2a: Charizard|Charizard, F|297/297","|-damage|p2a: Charizard|149/297|[from] Stealth Rock","|move|p1a: Garchomp|Stone Edge|p2a: Charizard","|-supereffective|p2a: Charizard","|-damage|p2a: Charizard|0 fnt","|faint|p2a: Charizard","|","|","|switch|p2a: Tornadus-Therian|Tornadus-Therian, M|263/332 tox","|-damage|p2a: Tornadus-Therian|180/332 tox|[from] Stealth Rock","|turn|38","|","|move|p2a: Tornadus-Therian|Hurricane|p1a: Garchomp|[miss]","|-miss|p2a: Tornadus-Therian|p1a: Garchomp","|move|p1a: Garchomp|Stone Edge|p2a: Tornadus-Therian","|-supereffective|p2a: Tornadus-Therian","|-damage|p2a: Tornadus-Therian|0 fnt","|faint|p2a: Tornadus-Therian","|","|win|Defender of Sinnoh"],"p1rating":{"entryid":"6083148","serverid":"eos","formatid":"monotype","userid":"defenderofsinnoh","username":"Defender Of Sinnoh","w":45,"l":"55","t":"0","gxe":45.8,"r":"1460.9710750718","rd":"42.633885986167","sigma":"0","rptime":"1439024400","rpr":1468.0241492308,"rprd":41.849267001344,"rpsigma":"0","acre":1168.4989829187,"lacre":1168.4989829187,"oldacre":"1138.6518400647"},"p2rating":{"entryid":"7326062","serverid":"eos","formatid":"monotype","userid":"guardwulf","username":"Guard Wulf","w":"40","l":21,"t":"0","gxe":62.1,"r":"1607.4810361933","rd":"46.059337814947","sigma":"0","rptime":"1439024400","rpr":1593.3346055205,"rprd":45.34049653883,"rpsigma":"0","acre":1177.0311523334,"lacre":1177.0311523334,"oldacre":"1206.8782951874"},"endType":"normal"}