{"seed":[7167,28122,7528,6921],"turns":23,"p1":"Silver - Enzo","p2":"Guard Wanderer","p1team":[{"name":"Ninetales","species":"Ninetales","item":"heatrock","ability":"Drought","moves":["solarbeam","flamethrower","confuseray","willowisp"],"nature":"Calm","evs":{"hp":252,"atk":0,"def":4,"spa":0,"spd":252,"spe":0},"ivs":{"hp":31,"atk":31,"def":31,"spa":31,"spd":31,"spe":31}},{"name":"R-K-9","species":"arcanine","item":"focussash","ability":"Intimidate","moves":["flareblitz","outrage","wildcharge","extremespeed"],"nature":"Adamant","evs":{"hp":0,"atk":252,"def":0,"spa":0,"spd":4,"spe":252},"gender":"M","ivs":{"hp":31,"atk":31,"def":31,"spa":31,"spd":31,"spe":31}},{"name":"Grumpy Cat","species":"entei","item":"assaultvest","ability":"Pressure","moves":["sacredfire","extremespeed","stoneedge","ironhead"],"nature":"Adamant","evs":{"hp":6,"atk":252,"def":0,"spa":0,"spd":0,"spe":252},"shiny":true,"ivs":{"hp":31,"atk":31,"def":31,"spa":31,"spd":31,"spe":31}},{"name":"RKO","species":"victini","item":"whiteherb","ability":"Victory Star","moves":["vcreate","boltstrike","taunt","psychic"],"nature":"Jolly","evs":{"hp":0,"atk":252,"def":0,"spa":0,"spd":4,"spe":252},"ivs":{"hp":31,"atk":31,"def":31,"spa":31,"spd":31,"spe":31}},{"name":"Smaug","species":"charizard","item":"charizarditey","ability":"Blaze","moves":["rockslide","fireblast","dragonpulse","aircutter"],"nature":"Jolly","evs":{"hp":132,"atk":124,"def":0,"spa":0,"spd":0,"spe":252},"gender":"M","shiny":true,"ivs":{"hp":31,"atk":31,"def":31,"spa":31,"spd":31,"spe":31}},{"name":"Monkey Deez Nuts","species":"infernape","item":"focussash","ability":"Blaze","moves":["closecombat","hiddenpowerice","fireblast","earthquake"],"nature":"Jolly","evs":{"hp":0,"atk":252,"def":0,"spa":0,"spd":5,"spe":252},"gender":"M","ivs":{"hp":31,"atk":30,"def":30,"spa":31,"spd":31,"spe":31}}],"p2team":[{"name":"Weezing","species":"Weezing","item":"sitrusberry","ability":"Levitate","moves":["toxicspikes","willowisp","memento","thief"],"nature":"Careful","evs":{"hp":248,"atk":8,"def":0,"spa":0,"spd":252,"spe":0},"ivs":{"hp":31,"atk":31,"def":31,"spa":31,"spd":31,"spe":31}},{"name":"Tentacruel","species":"Tentacruel","item":"assaultvest","ability":"Liquid Ooze","moves":["scald","acidspray","gigadrain","hex"],"nature":"Timid","evs":{"hp":0,"atk":0,"def":4,"spa":252,"spd":0,"spe":252},"ivs":{"hp":31,"atk":31,"def":31,"spa":31,"spd":31,"spe":31}},{"name":"Skuntank","species":"Skuntank","item":"","ability":"Stench","moves":["snatch","thief","suckerpunch","poisonjab"],"nature":"Adamant","evs":{"hp":248,"atk":252,"def":0,"spa":0,"spd":8,"spe":0},"ivs":{"hp":31,"atk":31,"def":31,"spa":31,"spd":31,"spe":31}},{"name":"Crobat","species":"Crobat","item":"whiteherb","ability":"Infiltrator","moves":["curse","acrobatics","roost","hypnosis"],"nature":"Jolly","evs":{"hp":248,"atk":8,"def":0,"spa":0,"spd":0,"spe":252},"ivs":{"hp":31,"atk":31,"def":31,"spa":31,"spd":31,"spe":31}},{"name":"Gengar","species":"Gengar","item":"choicescarf","ability":"Levitate","moves":["trick","destinybond","venoshock","hex"],"nature":"Timid","evs":{"hp":0,"atk":0,"def":0,"spa":252,"spd":4,"spe":252},"ivs":{"hp":31,"atk":31,"def":31,"spa":31,"spd":31,"spe":31}},{"name":"Amoonguss","species":"Amoonguss","item":"blacksludge","ability":"Regenerator","moves":["spore","gigadrain","gastroacid","stunspore"],"nature":"Calm","evs":{"hp":248,"atk":0,"def":0,"spa":8,"spd":252,"spe":0},"shiny":true,"ivs":{"hp":31,"atk":31,"def":31,"spa":31,"spd":31,"spe":31}}],"log":["|player|p1|Silver - Enzo|167","|player|p2|Guard Wanderer|235","|gametype|singles","|gen|6","|tier|Monotype","|rated","|rule|Baton Pass Clause: Limit one Baton Passer, can't pass Spe and other stats simultaneously","|rule|Swagger Clause: Swagger is banned","|rule|Same Type Clause: Pokémon in a team must share a type","|clearpoke","|poke|p1|Ninetales, F","|poke|p1|Arcanine, M","|poke|p1|Entei, shiny","|poke|p1|Victini","|poke|p1|Charizard, M, shiny","|poke|p1|Infernape, M","|poke|p2|Weezing, M","|poke|p2|Tentacruel, F","|poke|p2|Skuntank, F","|poke|p2|Crobat, M","|poke|p2|Gengar, M","|poke|p2|Amoonguss, M, shiny","|rule|Sleep Clause Mod: Limit one foe put to sleep","|rule|Species Clause: Limit one of each Pokémon","|rule|OHKO Clause: OHKO moves are banned","|rule|Moody Clause: Moody is banned","|rule|Evasion Moves Clause: Evasion moves are banned","|rule|Endless Battle Clause: Forcing endless battles is banned","|rule|HP Percentage Mod: HP is shown in percentages","|teampreview","|","|start","|switch|p1a: Ninetales|Ninetales, F|350/350","|switch|p2a: Weezing|Weezing, M|333/333","|-weather|SunnyDay","|turn|1","|","|move|p1a: Ninetales|Confuse Ray|p2a: Weezing","|-start|p2a: Weezing|confusion","|-activate|p2a: Weezing|confusion","|-damage|p2a: Weezing|307/333|[from] confusion","|","|-weather|SunnyDay|[upkeep]","|turn|2","|","|switch|p2a: Tentacruel|Tentacruel, F|301/301","|move|p1a: Ninetales|Will-O-Wisp|p2a: Tentacruel","|-status|p2a: Tentacruel|brn","|","|-weather|SunnyDay|[upkeep]","|-damage|p2a: Tentacruel|264/301 brn|[from] brn","|turn|3","|","|move|p2a: Tentacruel|Acid Spray|p1a: Ninetales","|-damage|p1a: Ninetales|313/350","|-unboost|p1a: Ninetales|spd|2","|move|p1a: Ninetales|Confuse Ray|p2a: Tentacruel","|-start|p2a: Tentacruel|confusion","|","|-weather|SunnyDay|[upkeep]","|-damage|p2a: Tentacruel|227/301 brn|[from] brn","|turn|4","|","|-activate|p2a: Tentacruel|confusion","|move|p2a: Tentacruel|Scald|p1a: Ninetales","|-supereffective|p1a: Ninetales","|-damage|p1a: Ninetales|161/350","|move|p1a: Ninetales|Flamethrower|p2a: Tentacruel","|-resisted|p2a: Tentacruel","|-damage|p2a: Tentacruel|191/301 brn","|","|-weather|SunnyDay|[upkeep]","|-damage|p2a: Tentacruel|154/301 brn|[from] brn","|turn|5","|","|switch|p2a: Weezing|Weezing, M|307/333","|move|p1a: Ninetales|Solar Beam|p2a: Weezing|[still]","|-prepare|p1a: Ninetales|Solar Beam|p2a: Weezing","|-anim|p1a: Ninetales|Solar Beam|p2a: Weezing","|-resisted|p2a: Weezing","|-damage|p2a: Weezing|271/333","|","|-weather|SunnyDay|[upkeep]","|turn|6","|","|move|p1a: Ninetales|Confuse Ray|p2a: Weezing","|-start|p2a: Weezing|confusion","|-activate|p2a: Weezing|confusion","|move|p2a: Weezing|Toxic Spikes|p1a: Ninetales","|-sidestart|p1: Silver - Enzo|move: Toxic Spikes","|","|-weather|SunnyDay|[upkeep]","|turn|7","|","|move|p1a: Ninetales|Will-O-Wisp|p2a: Weezing","|-status|p2a: Weezing|brn","|-activate|p2a: Weezing|confusion","|-damage|p2a: Weezing|259/333 brn|[from] confusion","|","|-weather|SunnyDay|[upkeep]","|-damage|p2a: Weezing|218/333 brn|[from] brn","|turn|8","|","|move|p1a: Ninetales|Flamethrower|p2a: Weezing","|-damage|p2a: Weezing|91/333 brn","|-enditem|p2a: Weezing|Sitrus Berry|[eat]","|-heal|p2a: Weezing|174/333 brn|[from] item: Sitrus Berry","|-activate|p2a: Weezing|confusion","|move|p2a: Weezing|Toxic Spikes|p1a: Ninetales","|-sidestart|p1: Silver - Enzo|move: Toxic Spikes","|","|-weather|none","|-damage|p2a: Weezing|133/333 brn|[from] brn","|turn|9","|","|switch|p1a: Smaug|Charizard, M, shiny|330/330","|switch|p2a: Tentacruel|Tentacruel, F|154/301 brn","|","|-damage|p2a: Tentacruel|117/301 brn|[from] brn","|turn|10","|","|detailschange|p1a: Smaug|Charizard-Mega-Y, M, shiny","|-mega|p1a: Smaug|Charizard|Charizardite Y","|-weather|SunnyDay","|move|p1a: Smaug|Air Cutter|p2a: Tentacruel","|-damage|p2a: Tentacruel|62/301 brn","|move|p2a: Tentacruel|Acid Spray|p1a: Smaug","|-damage|p1a: Smaug|288/330","|-unboost|p1a: Smaug|spd|2","|","|-weather|SunnyDay|[upkeep]","|-damage|p2a: Tentacruel|25/301 brn|[from] brn","|turn|11","|","|move|p1a: Smaug|Rock Slide|p2a: Tentacruel","|-damage|p2a: Tentacruel|0 fnt","|faint|p2a: Tentacruel","|","|-weather|SunnyDay|[upkeep]","|","|switch|p2a: Skuntank|Skuntank, F|409/409","|turn|12","|","|move|p2a: Skuntank|Sucker Punch|p1a: Smaug","|-damage|p1a: Smaug|140/330","|move|p1a: Smaug|Fire Blast|p2a: Skuntank","|-damage|p2a: Skuntank|31/409","|","|-weather|SunnyDay|[upkeep]","|turn|13","|","|move|p2a: Skuntank|Snatch|p2a: Skuntank","|-singleturn|p2a: Skuntank|Snatch","|move|p1a: Smaug|Rock Slide|p2a: Skuntank","|-damage|p2a: Skuntank|0 fnt","|faint|p2a: Skuntank","|","|-weather|SunnyDay|[upkeep]","|","|switch|p2a: Gengar|Gengar, M|261/261","|turn|14","|","|move|p2a: Gengar|Hex|p1a: Smaug","|-crit|p1a: Smaug","|-damage|p1a: Smaug|0 fnt","|faint|p1a: Smaug","|","|-weather|none","|","|switch|p1a: Ninetales|Ninetales, F|161/350","|-status|p1a: Ninetales|tox","|-weather|SunnyDay","|turn|15","|","|move|p2a: Gengar|Hex|p1a: Ninetales","|-damage|p1a: Ninetales|0 fnt","|faint|p1a: Ninetales","|","|-weather|SunnyDay|[upkeep]","|","|switch|p1a: R-K-9|Arcanine, M|321/321","|-status|p1a: R-K-9|tox","|-ability|p1a: R-K-9|Intimidate","|-unboost|p2a: Gengar|atk|1","|turn|16","|","|switch|p2a: Amoonguss|Amoonguss, M, shiny|431/431","|move|p1a: R-K-9|Flare Blitz|p2a: Amoonguss","|-supereffective|p2a: Amoonguss","|-damage|p2a: Amoonguss|0 fnt","|-damage|p1a: R-K-9|179/321 tox|[from] recoil|[of] p2a: Amoonguss","|faint|p2a: Amoonguss","|","|-weather|SunnyDay|[upkeep]","|-damage|p1a: R-K-9|159/321 tox|[from] psn","|","|switch|p2a: Gengar|Gengar, M|261/261","|turn|17","|","|move|p2a: Gengar|Hex|p1a: R-K-9","|-damage|p1a: R-K-9|0 fnt","|faint|p1a: R-K-9","|","|-weather|SunnyDay|[upkeep]","|","|switch|p1a: Grumpy Cat|Entei, shiny|372/372","|-status|p1a: Grumpy Cat|tox","|-ability|p1a: Grumpy Cat|Pressure","|turn|18","|","|switch|p2a: Weezing|Weezing, M|133/333 brn","|move|p1a: Grumpy Cat|Sacred Fire|p2a: Weezing","|-damage|p2a: Weezing|0 fnt","|faint|p2a: Weezing","|","|-weather|SunnyDay|[upkeep]","|-damage|p1a: Grumpy Cat|349/372 tox|[from] psn","|","|switch|p2a: Crobat|Crobat, M|373/373","|turn|19","|","|move|p2a: Crobat|Curse|p2a: Crobat","|-unboost|p2a: Crobat|spe|1","|-boost|p2a: Crobat|atk|1","|-boost|p2a: Crobat|def|1","|-enditem|p2a: Crobat|White Herb","|-restoreboost|p2a: Crobat|[silent]","|move|p1a: Grumpy Cat|Sacred Fire|p2a: Crobat","|-damage|p2a: Crobat|142/373","|-status|p2a: Crobat|brn","|","|-weather|SunnyDay|[upkeep]","|-damage|p2a: Crobat|96/373 brn|[from] brn","|-damage|p1a: Grumpy Cat|303/372 tox|[from] psn","|turn|20","|","|move|p1a: Grumpy Cat|Extreme Speed|p2a: Crobat","|-damage|p2a: Crobat|18/373 brn","|move|p2a: Crobat|Acrobatics|p1a: Grumpy Cat","|-damage|p1a: Grumpy Cat|203/372 tox","|","|-weather|SunnyDay|[upkeep]","|-damage|p2a: Crobat|0 fnt|[from] brn","|-damage|p1a: Grumpy Cat|134/372 tox|[from] psn","|faint|p2a: Crobat","|","|switch|p2a: Gengar|Gengar, M|261/261","|turn|21","|","|move|p2a: Gengar|Hex|p1a: Grumpy Cat","|-damage|p1a: Grumpy Cat|0 fnt","|faint|p1a: Grumpy Cat","|","|-weather|SunnyDay|[upkeep]","|","|switch|p1a: Monkey Deez Nuts|Infernape, M|293/293","|-status|p1a: Monkey Deez Nuts|tox","|turn|22","|","|move|p2a: Gengar|Hex|p1a: Monkey Deez Nuts","|-enditem|p1a: Monkey Deez Nuts|Focus Sash","|-damage|p1a: Monkey Deez Nuts|1/293 tox","|move|p1a: Monkey Deez Nuts|Fire Blast|p2a: Gengar|[miss]","|-miss|p1a: Monkey Deez Nuts|p2a: Gengar","|","|-weather|none","|-damage|p1a: Monkey Deez Nuts|0 fnt|[from] psn","|faint|p1a: Monkey Deez Nuts","|","|switch|p1a: RKO|Victini|341/341","|-status|p1a: RKO|tox","|turn|23","|","|move|p2a: Gengar|Hex|p1a: RKO","|-crit|p1a: RKO","|-supereffective|p1a: RKO","|-damage|p1a: RKO|0 fnt","|faint|p1a: RKO","|","|win|Guard Wanderer"],"p1rating":{"entryid":"5850771","serverid":"eos","formatid":"monotype","userid":"silverenzo","username":"Silver - Enzo","w":"17","l":36,"t":"0","gxe":36.7,"r":"1419.1512770896","rd":"67.220984993169","sigma":"0","rptime":"1439024400","rpr":1395.5696272668,"rprd":64.351535502286,"rpsigma":"0","acre":1055.1599252283,"lacre":1055.1599252283,"oldacre":"1066.300296482"},"p2rating":{"entryid":"6731189","serverid":"eos","formatid":"monotype","userid":"guardwanderer","username":"Guard Wanderer","w":101,"l":"126","t":"0","gxe":44.1,"r":"1449.7921848038","rd":"27.278099146195","sigma":"0","rptime":"1439024400","rpr":1455.1274723449,"rprd":26.835606660285,"rpsigma":"0","acre":1244.9576982396,"lacre":1244.9576982396,"oldacre":"1230.9938646803"},"endType":"normal"}