{"seed":[20911,33760,11942,56235],"turns":23,"p1":"Jake1079","p2":"KGBeast","p1team":[{"name":"Aggron","species":"Aggron","item":"aggronite","ability":"Sturdy","moves":["thunderwave","earthquake","ironhead","endeavor"],"nature":"Adamant","evs":{"hp":252,"atk":68,"def":12,"spa":0,"spd":176,"spe":0},"ivs":{"hp":31,"atk":31,"def":31,"spa":31,"spd":31,"spe":31}},{"name":"Empoleon","species":"Empoleon","item":"choicespecs","ability":"Torrent","moves":["icebeam","scald","flashcannon","signalbeam"],"nature":"Modest","evs":{"hp":252,"atk":0,"def":0,"spa":252,"spd":4,"spe":0},"ivs":{"hp":31,"atk":31,"def":31,"spa":31,"spd":31,"spe":31}},{"name":"Heatran","species":"Heatran","item":"airballoon","ability":"Flash Fire","moves":["darkpulse","earthpower","flamethrower","flashcannon"],"nature":"Modest","evs":{"hp":252,"atk":0,"def":0,"spa":252,"spd":4,"spe":0},"ivs":{"hp":31,"atk":31,"def":31,"spa":31,"spd":31,"spe":31}},{"name":"Excadrill","species":"Excadrill","item":"choicescarf","ability":"Mold Breaker","moves":["earthquake","rockslide","xscissor","ironhead"],"nature":"Jolly","evs":{"hp":0,"atk":252,"def":0,"spa":0,"spd":4,"spe":252},"ivs":{"hp":31,"atk":31,"def":31,"spa":31,"spd":31,"spe":31}},{"name":"Doublade","species":"Doublade","item":"eviolite","ability":"No Guard","moves":["swordsdance","shadowsneak","sacredsword","shadowclaw"],"nature":"Adamant","evs":{"hp":248,"atk":252,"def":0,"spa":0,"spd":8,"spe":0},"ivs":{"hp":31,"atk":31,"def":31,"spa":31,"spd":31,"spe":31}},{"name":"Ferrothorn","species":"Ferrothorn","item":"rockyhelmet","ability":"Iron Barbs","moves":["gyroball","leechseed","thunderwave","protect"],"nature":"Relaxed","evs":{"hp":248,"atk":8,"def":252,"spa":0,"spd":0,"spe":0},"ivs":{"hp":31,"atk":31,"def":31,"spa":31,"spd":31,"spe":0}}],"p2team":[{"name":"Charizard","species":"Charizard","item":"charizarditey","ability":"Blaze","moves":["defog","focusblast","fireblast","solarbeam"],"nature":"Timid","evs":{"hp":0,"atk":0,"def":0,"spa":252,"spd":4,"spe":252},"ivs":{"hp":31,"atk":0,"def":31,"spa":31,"spd":31,"spe":31}},{"name":"Darmanitan","species":"Darmanitan","item":"choicescarf","ability":"Sheer Force","moves":["flareblitz","rockslide","uturn","superpower"],"nature":"Jolly","evs":{"hp":0,"atk":252,"def":4,"spa":0,"spd":0,"spe":252},"ivs":{"hp":31,"atk":31,"def":31,"spa":31,"spd":31,"spe":31}},{"name":"Infernape","species":"Infernape","item":"choiceband","ability":"Iron Fist","moves":["closecombat","machpunch","flareblitz","stoneedge"],"nature":"Adamant","evs":{"hp":0,"atk":252,"def":4,"spa":0,"spd":0,"spe":252},"ivs":{"hp":31,"atk":31,"def":31,"spa":31,"spd":31,"spe":31}},{"name":"Arcanine","species":"Arcanine","item":"leftovers","ability":"Intimidate","moves":["willowisp","flareblitz","extremespeed","morningsun"],"nature":"Impish","evs":{"hp":248,"atk":8,"def":252,"spa":0,"spd":0,"spe":0},"ivs":{"hp":31,"atk":31,"def":31,"spa":31,"spd":31,"spe":31}},{"name":"Chandelure","species":"Chandelure","item":"choicescarf","ability":"Infiltrator","moves":["flamethrower","shadowball","energyball","hiddenpowerice"],"nature":"Timid","evs":{"hp":0,"atk":0,"def":4,"spa":252,"spd":0,"spe":252},"ivs":{"hp":31,"atk":30,"def":30,"spa":31,"spd":31,"spe":31}},{"name":"Heatran","species":"Heatran","item":"airballoon","ability":"Flash Fire","moves":["stealthrock","hiddenpowerice","earthpower","flashcannon"],"nature":"Modest","evs":{"hp":252,"atk":0,"def":0,"spa":252,"spd":0,"spe":4},"ivs":{"hp":31,"atk":0,"def":30,"spa":31,"spd":31,"spe":31}}],"log":["|player|p1|Jake1079|150","|player|p2|KGBeast|kgbeast.png","|gametype|singles","|gen|6","|tier|Monotype","|rated","|rule|Baton Pass Clause: Limit one Baton Passer, can't pass Spe and other stats simultaneously","|rule|Swagger Clause: Swagger is banned","|rule|Same Type Clause: Pokémon in a team must share a type","|clearpoke","|poke|p1|Aggron, F","|poke|p1|Empoleon, F","|poke|p1|Heatran, F","|poke|p1|Excadrill, F","|poke|p1|Doublade, F","|poke|p1|Ferrothorn, M","|poke|p2|Charizard, M","|poke|p2|Darmanitan, M","|poke|p2|Infernape, M","|poke|p2|Arcanine, M","|poke|p2|Chandelure, F","|poke|p2|Heatran, M","|rule|Sleep Clause Mod: Limit one foe put to sleep","|rule|Species Clause: Limit one of each Pokémon","|rule|OHKO Clause: OHKO moves are banned","|rule|Moody Clause: Moody is banned","|rule|Evasion Moves Clause: Evasion moves are banned","|rule|Endless Battle Clause: Forcing endless battles is banned","|rule|HP Percentage Mod: HP is shown in percentages","|teampreview","|","|start","|switch|p1a: Aggron|Aggron, F|344/344","|switch|p2a: Charizard|Charizard, M|297/297","|turn|1","|","|detailschange|p2a: Charizard|Charizard-Mega-Y, M","|-mega|p2a: Charizard|Charizard|Charizardite Y","|-weather|SunnyDay","|detailschange|p1a: Aggron|Aggron-Mega, F","|-mega|p1a: Aggron|Aggron|Aggronite","|move|p2a: Charizard|Fire Blast|p1a: Aggron|[miss]","|-miss|p2a: Charizard|p1a: Aggron","|move|p1a: Aggron|Thunder Wave|p2a: Charizard","|-status|p2a: Charizard|par","|","|-weather|SunnyDay|[upkeep]","|turn|2","|","|move|p1a: Aggron|Iron Head|p2a: Charizard","|-resisted|p2a: Charizard","|-damage|p2a: Charizard|204/297 par","|cant|p2a: Charizard|flinch","|","|-weather|SunnyDay|[upkeep]","|turn|3","|","|move|p1a: Aggron|Iron Head|p2a: Charizard","|-resisted|p2a: Charizard","|-damage|p2a: Charizard|109/297 par","|move|p2a: Charizard|Fire Blast|p1a: Aggron","|-supereffective|p1a: Aggron","|-damage|p1a: Aggron|0 fnt","|faint|p1a: Aggron","|","|-weather|SunnyDay|[upkeep]","|","|switch|p1a: Excadrill|Excadrill, F|361/361","|-ability|p1a: Excadrill|Mold Breaker","|turn|4","|","|switch|p2a: Arcanine|Arcanine, M|383/383","|-ability|p2a: Arcanine|Intimidate","|-unboost|p1a: Excadrill|atk|1","|move|p1a: Excadrill|Rock Slide|p2a: Arcanine","|-supereffective|p2a: Arcanine","|-damage|p2a: Arcanine|289/383","|","|-weather|SunnyDay|[upkeep]","|-heal|p2a: Arcanine|312/383|[from] item: Leftovers","|turn|5","|","|switch|p1a: Heatran|Heatran, F|386/386","|-item|p1a: Heatran|Air Balloon","|switch|p2a: Infernape|Infernape, M|293/293","|","|-weather|none","|turn|6","|","|switch|p1a: Ferrothorn|Ferrothorn, M|351/351","|move|p2a: Infernape|Flare Blitz|p1a: Ferrothorn","|-supereffective|p1a: Ferrothorn","|-damage|p1a: Ferrothorn|0 fnt","|-damage|p2a: Infernape|257/293|[from] ability: Iron Barbs|[of] p1a: Ferrothorn","|-damage|p2a: Infernape|209/293|[from] item: Rocky Helmet|[of] p1a: Ferrothorn","|-damage|p2a: Infernape|93/293|[from] recoil|[of] p1a: Ferrothorn","|faint|p1a: Ferrothorn","|","|","|switch|p1a: Doublade|Doublade, F|321/321","|turn|7","|","|switch|p2a: Arcanine|Arcanine, M|312/383","|-ability|p2a: Arcanine|Intimidate","|-unboost|p1a: Doublade|atk|1","|move|p1a: Doublade|Shadow Sneak|p2a: Arcanine","|-damage|p2a: Arcanine|272/383","|","|-heal|p2a: Arcanine|295/383|[from] item: Leftovers","|turn|8","|","|move|p2a: Arcanine|Extreme Speed|p1a: Doublade","|-immune|p1a: Doublade|[msg]","|move|p1a: Doublade|Swords Dance|p1a: Doublade","|-boost|p1a: Doublade|atk|2","|","|-heal|p2a: Arcanine|318/383|[from] item: Leftovers","|turn|9","|","|move|p2a: Arcanine|Will-O-Wisp|p1a: Doublade","|-status|p1a: Doublade|brn","|move|p1a: Doublade|Shadow Claw|p2a: Arcanine","|-damage|p2a: Arcanine|244/383","|","|-heal|p2a: Arcanine|267/383|[from] item: Leftovers","|-damage|p1a: Doublade|281/321 brn|[from] brn","|turn|10","|","|move|p2a: Arcanine|Flare Blitz|p1a: Doublade","|-supereffective|p1a: Doublade","|-damage|p1a: Doublade|147/321 brn","|-damage|p2a: Arcanine|223/383|[from] recoil|[of] p1a: Doublade","|move|p1a: Doublade|Swords Dance|p1a: Doublade","|-boost|p1a: Doublade|atk|2","|","|-heal|p2a: Arcanine|246/383|[from] item: Leftovers","|-damage|p1a: Doublade|107/321 brn|[from] brn","|turn|11","|","|move|p1a: Doublade|Shadow Sneak|p2a: Arcanine","|-damage|p2a: Arcanine|174/383","|move|p2a: Arcanine|Morning Sun|p2a: Arcanine","|-heal|p2a: Arcanine|365/383","|","|-heal|p2a: Arcanine|383/383|[from] item: Leftovers","|-damage|p1a: Doublade|67/321 brn|[from] brn","|turn|12","|","|move|p1a: Doublade|Shadow Sneak|p2a: Arcanine","|-damage|p2a: Arcanine|314/383","|move|p2a: Arcanine|Flare Blitz|p1a: Doublade","|-supereffective|p1a: Doublade","|-damage|p1a: Doublade|0 fnt","|-damage|p2a: Arcanine|292/383|[from] recoil|[of] p1a: Doublade","|faint|p1a: Doublade","|","|-heal|p2a: Arcanine|315/383|[from] item: Leftovers","|","|switch|p1a: Excadrill|Excadrill, F|361/361","|-ability|p1a: Excadrill|Mold Breaker","|turn|13","|","|switch|p2a: Charizard|Charizard-Mega-Y, M|109/297 par","|-weather|SunnyDay","|move|p1a: Excadrill|Earthquake|p2a: Charizard","|-immune|p2a: Charizard|[msg]","|","|-weather|SunnyDay|[upkeep]","|turn|14","|","|switch|p1a: Heatran|Heatran, F|386/386","|-item|p1a: Heatran|Air Balloon","|move|p2a: Charizard|Focus Blast|p1a: Heatran|[miss]","|-miss|p2a: Charizard|p1a: Heatran","|","|-weather|SunnyDay|[upkeep]","|turn|15","|","|move|p1a: Heatran|Dark Pulse|p2a: Charizard","|-crit|p2a: Charizard","|-damage|p2a: Charizard|0 fnt","|faint|p2a: Charizard","|","|-weather|SunnyDay|[upkeep]","|","|switch|p2a: Infernape|Infernape, M|93/293","|turn|16","|","|move|p2a: Infernape|Close Combat|p1a: Heatran","|-supereffective|p1a: Heatran","|-damage|p1a: Heatran|0 fnt","|-enditem|p1a: Heatran|Air Balloon","|-unboost|p2a: Infernape|def|1","|-unboost|p2a: Infernape|spd|1","|faint|p1a: Heatran","|","|-weather|SunnyDay|[upkeep]","|","|switch|p1a: Excadrill|Excadrill, F|361/361","|-ability|p1a: Excadrill|Mold Breaker","|turn|17","|","|switch|p2a: Arcanine|Arcanine, M|315/383","|-ability|p2a: Arcanine|Intimidate","|-unboost|p1a: Excadrill|atk|1","|move|p1a: Excadrill|Earthquake|p2a: Arcanine","|-supereffective|p2a: Arcanine","|-damage|p2a: Arcanine|115/383","|","|-weather|none","|-heal|p2a: Arcanine|138/383|[from] item: Leftovers","|turn|18","|","|switch|p2a: Heatran|Heatran, M|386/386","|-item|p2a: Heatran|Air Balloon","|move|p1a: Excadrill|Earthquake|p2a: Heatran","|-immune|p2a: Heatran|[msg]","|","|turn|19","|","|switch|p1a: Empoleon|Empoleon, F|372/372","|switch|p2a: Infernape|Infernape, M|93/293","|","|turn|20","|","|move|p2a: Infernape|Close Combat|p1a: Empoleon","|-supereffective|p1a: Empoleon","|-damage|p1a: Empoleon|0 fnt","|-unboost|p2a: Infernape|def|1","|-unboost|p2a: Infernape|spd|1","|faint|p1a: Empoleon","|","|","|switch|p1a: Excadrill|Excadrill, F|361/361","|-ability|p1a: Excadrill|Mold Breaker","|turn|21","|","|switch|p2a: Heatran|Heatran, M|386/386","|-item|p2a: Heatran|Air Balloon","|move|p1a: Excadrill|Rock Slide|p2a: Heatran","|-damage|p2a: Heatran|293/386","|-enditem|p2a: Heatran|Air Balloon","|","|turn|22","|","|move|p1a: Excadrill|Rock Slide|p2a: Heatran","|-damage|p2a: Heatran|211/386","|move|p2a: Heatran|Earth Power|p1a: Excadrill","|-supereffective|p1a: Excadrill","|-damage|p1a: Excadrill|9/361","|","|turn|23","|","|move|p1a: Excadrill|Rock Slide|p2a: Heatran","|-damage|p2a: Heatran|127/386","|move|p2a: Heatran|Earth Power|p1a: Excadrill","|-supereffective|p1a: Excadrill","|-damage|p1a: Excadrill|0 fnt","|faint|p1a: Excadrill","|","|win|KGBeast"],"p1rating":{"entryid":"7429437","serverid":"eos","formatid":"monotype","userid":"jake1079","username":"Jake1079","w":"21","l":32,"t":"0","gxe":42.3,"r":"1429.3355216087","rd":"51.736783120287","sigma":"0","rptime":"1439024400","rpr":1440.9438266522,"rprd":47.89113478211,"rpsigma":"0","acre":1104.9159509192,"lacre":1104.9159509192,"oldacre":"1129.1945050683"},"p2rating":{"entryid":"6349485","serverid":"eos","formatid":"monotype","userid":"kgbeast","username":"KGBeast","w":67,"l":"36","t":"0","gxe":63.5,"r":"1626.0169202879","rd":"40.725674110957","sigma":"0","rptime":"1439024400","rpr":1604.4269770909,"rprd":38.508939781276,"rpsigma":"0","acre":1163.5020822735,"lacre":1163.5020822735,"oldacre":"1139.2235281244"},"endType":"normal"}