{"seed":[48851,57881,53165,60055],"turns":24,"p1":"alliance - ed wins","p2":"Darkness Photon","p1team":[{"name":"Generic Fairy V2.1","species":"diancie","item":"leftovers","ability":"Clear Body","moves":["stealthrock","trickroom","diamondstorm","explosion"],"nature":"Brave","evs":{"hp":248,"atk":252,"def":8,"spa":0,"spd":0,"spe":0},"ivs":{"hp":31,"atk":31,"def":31,"spa":31,"spd":31,"spe":0}},{"name":"Anon Twink","species":"sylveon","item":"choicespecs","ability":"Pixilate","moves":["hypervoice","hiddenpowerfire","psyshock","shadowball"],"nature":"Quiet","evs":{"hp":248,"atk":0,"def":8,"spa":252,"spd":0,"spe":0},"gender":"M","ivs":{"hp":31,"atk":0,"def":31,"spa":30,"spd":31,"spe":0}},{"name":"Urine Trouble","species":"azumarill","item":"lifeorb","ability":"Huge Power","moves":["playrough","waterfall","superpower","aquajet"],"nature":"Brave","evs":{"hp":248,"atk":252,"def":0,"spa":0,"spd":8,"spe":0},"gender":"M","ivs":{"hp":31,"atk":31,"def":31,"spa":31,"spd":31,"spe":0},"shiny":true},{"name":"Gardevoir-Senpai","species":"gardevoir","item":"gardevoirite","ability":"Trace","moves":["hypervoice","focusblast","trickroom","healingwish"],"nature":"Quiet","evs":{"hp":248,"atk":0,"def":8,"spa":252,"spd":0,"spe":0},"gender":"M","ivs":{"hp":31,"atk":0,"def":31,"spa":31,"spd":31,"spe":0},"shiny":true},{"name":"Janitors Fren","species":"klefki","item":"lightclay","ability":"Prankster","moves":["reflect","lightscreen","foulplay","spikes"],"nature":"Bold","evs":{"hp":248,"atk":0,"def":252,"spa":0,"spd":8,"spe":0},"ivs":{"hp":31,"atk":0,"def":31,"spa":31,"spd":31,"spe":31}},{"name":"'Murica","species":"togekiss","item":"choicescarf","ability":"Serene Grace","moves":["airslash","fireblast","dazzlinggleam","trick"],"nature":"Timid","evs":{"hp":0,"atk":0,"def":0,"spa":252,"spd":4,"spe":252},"ivs":{"hp":31,"atk":0,"def":31,"spa":31,"spd":31,"spe":31}}],"p2team":[{"name":"Rotom-Frost","species":"Rotom-Frost","item":"leftovers","ability":"Levitate","moves":["willowisp","rest","sleeptalk","voltswitch"],"nature":"Bold","evs":{"hp":252,"atk":0,"def":252,"spa":0,"spd":4,"spe":0},"ivs":{"hp":31,"atk":31,"def":31,"spa":31,"spd":31,"spe":31}},{"name":"Kyurem-Black","species":"Kyurem-Black","item":"choiceband","ability":"Teravolt","moves":["fusionbolt","icebeam","rockslide","earthpower"],"nature":"Naughty","evs":{"hp":248,"atk":252,"def":0,"spa":8,"spd":0,"spe":0},"ivs":{"hp":31,"atk":30,"def":31,"spa":30,"spd":31,"spe":30}},{"name":"Avalugg","species":"Avalugg","item":"leftovers","ability":"Sturdy","moves":["recover","gyroball","rapidspin","avalanche"],"nature":"Relaxed","evs":{"hp":252,"atk":4,"def":252,"spa":0,"spd":0,"spe":0},"gender":"M","ivs":{"hp":31,"atk":31,"def":31,"spa":31,"spd":31,"spe":0}},{"name":"Articuno","species":"Articuno","item":"leftovers","ability":"Pressure","moves":["toxic","defog","roost","hurricane"],"nature":"Calm","evs":{"hp":252,"atk":0,"def":0,"spa":4,"spd":252,"spe":0},"ivs":{"hp":31,"atk":31,"def":31,"spa":31,"spd":31,"spe":31}},{"name":"Lapras","species":"Lapras","item":"assaultvest","ability":"Water Absorb","moves":["freezedry","hydropump","hiddenpowerfire","surf"],"nature":"Modest","evs":{"hp":248,"atk":0,"def":0,"spa":252,"spd":8,"spe":0},"ivs":{"hp":31,"atk":30,"def":31,"spa":30,"spd":31,"spe":30}},{"name":"Mamoswine","species":"Mamoswine","item":"choicescarf","ability":"Thick Fat","moves":["earthquake","iciclecrash","knockoff","stoneedge"],"nature":"Jolly","evs":{"hp":4,"atk":252,"def":0,"spa":0,"spd":0,"spe":252},"gender":"M","ivs":{"hp":31,"atk":31,"def":31,"spa":31,"spd":31,"spe":31}}],"log":["|player|p1|alliance - ed wins|102","|player|p2|Darkness Photon|66","|gametype|singles","|gen|6","|tier|Monotype","|rated","|rule|Baton Pass Clause: Limit one Baton Passer, can't pass Spe and other stats simultaneously","|rule|Swagger Clause: Swagger is banned","|rule|Same Type Clause: Pokémon in a team must share a type","|clearpoke","|poke|p1|Diancie","|poke|p1|Sylveon, M","|poke|p1|Azumarill, M, shiny","|poke|p1|Gardevoir, M, shiny","|poke|p1|Klefki, F","|poke|p1|Togekiss, F","|poke|p2|Rotom-Frost","|poke|p2|Kyurem-Black","|poke|p2|Avalugg, M","|poke|p2|Articuno","|poke|p2|Lapras, F","|poke|p2|Mamoswine, M","|rule|Sleep Clause Mod: Limit one foe put to sleep","|rule|Species Clause: Limit one of each Pokémon","|rule|OHKO Clause: OHKO moves are banned","|rule|Moody Clause: Moody is banned","|rule|Evasion Moves Clause: Evasion moves are banned","|rule|Endless Battle Clause: Forcing endless battles is banned","|rule|HP Percentage Mod: HP is shown in percentages","|teampreview","|","|start","|switch|p1a: Anon Twink|Sylveon, M|393/393","|switch|p2a: Lapras|Lapras, F|463/463","|turn|1","|","|switch|p2a: Articuno|Articuno|384/384","|-ability|p2a: Articuno|Pressure","|move|p1a: Anon Twink|Hyper Voice|p2a: Articuno","|-damage|p2a: Articuno|183/384","|","|-heal|p2a: Articuno|207/384|[from] item: Leftovers","|turn|2","|","|move|p2a: Articuno|Toxic|p1a: Anon Twink","|-status|p1a: Anon Twink|tox","|move|p1a: Anon Twink|Hyper Voice|p2a: Articuno","|-damage|p2a: Articuno|12/384","|","|-heal|p2a: Articuno|36/384|[from] item: Leftovers","|-damage|p1a: Anon Twink|369/393 tox|[from] psn","|turn|3","|","|switch|p1a: Generic Fairy V2.1|Diancie|303/303","|move|p2a: Articuno|Roost|p2a: Articuno","|-heal|p2a: Articuno|228/384","|","|-heal|p2a: Articuno|252/384|[from] item: Leftovers","|turn|4","|","|switch|p2a: Lapras|Lapras, F|463/463","|move|p1a: Generic Fairy V2.1|Stealth Rock|p2a: Lapras","|-sidestart|p2: Darkness Photon|move: Stealth Rock","|","|turn|5","|","|switch|p1a: Anon Twink|Sylveon, M|369/393 tox","|move|p2a: Lapras|Hydro Pump|p1a: Anon Twink|[miss]","|-miss|p2a: Lapras|p1a: Anon Twink","|","|-damage|p1a: Anon Twink|345/393 tox|[from] psn","|turn|6","|","|move|p2a: Lapras|Hydro Pump|p1a: Anon Twink","|-damage|p1a: Anon Twink|209/393 tox","|move|p1a: Anon Twink|Hyper Voice|p2a: Lapras","|-damage|p2a: Lapras|261/463","|","|-damage|p1a: Anon Twink|161/393 tox|[from] psn","|turn|7","|","|switch|p1a: 'Murica|Togekiss, F|311/311","|move|p2a: Lapras|Hydro Pump|p1a: 'Murica","|-damage|p1a: 'Murica|157/311","|","|turn|8","|","|move|p1a: 'Murica|Air Slash|p2a: Lapras","|-damage|p2a: Lapras|174/463","|cant|p2a: Lapras|flinch","|","|turn|9","|","|move|p1a: 'Murica|Air Slash|p2a: Lapras","|-damage|p2a: Lapras|84/463","|move|p2a: Lapras|Hydro Pump|p1a: 'Murica","|-damage|p1a: 'Murica|3/311","|","|turn|10","|","|move|p1a: 'Murica|Air Slash|p2a: Lapras","|-crit|p2a: Lapras","|-damage|p2a: Lapras|0 fnt","|faint|p2a: Lapras","|","|","|switch|p2a: Mamoswine|Mamoswine, M|362/362","|-damage|p2a: Mamoswine|317/362|[from] Stealth Rock","|turn|11","|","|switch|p1a: Urine Trouble|Azumarill, M, shiny|403/403","|move|p2a: Mamoswine|Knock Off|p1a: Urine Trouble","|-resisted|p1a: Urine Trouble","|-damage|p1a: Urine Trouble|338/403","|-enditem|p1a: Urine Trouble|Life Orb|[from] move: Knock Off|[of] p2a: Mamoswine","|","|turn|12","|","|switch|p2a: Avalugg|Avalugg, M|394/394","|-damage|p2a: Avalugg|296/394|[from] Stealth Rock","|move|p1a: Urine Trouble|Waterfall|p2a: Avalugg","|-damage|p2a: Avalugg|217/394","|","|-heal|p2a: Avalugg|241/394|[from] item: Leftovers","|turn|13","|","|switch|p1a: Generic Fairy V2.1|Diancie|303/303","|move|p2a: Avalugg|Rapid Spin|p1a: Generic Fairy V2.1","|-resisted|p1a: Generic Fairy V2.1","|-damage|p1a: Generic Fairy V2.1|297/303","|-sideend|p2: Darkness Photon|Stealth Rock|[from] move: Rapid Spin|[of] p2a: Avalugg","|","|-heal|p1a: Generic Fairy V2.1|303/303|[from] item: Leftovers","|-heal|p2a: Avalugg|265/394|[from] item: Leftovers","|turn|14","|","|switch|p2a: Articuno|Articuno|252/384","|-ability|p2a: Articuno|Pressure","|move|p1a: Generic Fairy V2.1|Stealth Rock|p2a: Articuno","|-sidestart|p2: Darkness Photon|move: Stealth Rock","|","|-heal|p2a: Articuno|276/384|[from] item: Leftovers","|turn|15","|","|move|p2a: Articuno|Defog|p1a: Generic Fairy V2.1","|-fail|p1a: Generic Fairy V2.1|unboost|[from] ability: Clear Body|[of] p1a: Generic Fairy V2.1","|-sideend|p2: Darkness Photon|Stealth Rock|[from] move: Defog|[of] p2a: Articuno","|move|p1a: Generic Fairy V2.1|Trick Room|p1a: Generic Fairy V2.1","|-fieldstart|move: Trick Room|[of] p1a: Generic Fairy V2.1","|","|-heal|p2a: Articuno|300/384|[from] item: Leftovers","|turn|16","|","|move|p1a: Generic Fairy V2.1|Stealth Rock|p2a: Articuno","|-sidestart|p2: Darkness Photon|move: Stealth Rock","|move|p2a: Articuno|Defog|p1a: Generic Fairy V2.1","|-fail|p1a: Generic Fairy V2.1|unboost|[from] ability: Clear Body|[of] p1a: Generic Fairy V2.1","|-sideend|p2: Darkness Photon|Stealth Rock|[from] move: Defog|[of] p2a: Articuno","|","|-heal|p2a: Articuno|324/384|[from] item: Leftovers","|turn|17","|","|move|p1a: Generic Fairy V2.1|Diamond Storm|p2a: Articuno","|-supereffective|p2a: Articuno","|-damage|p2a: Articuno|0 fnt","|-boost|p1a: Generic Fairy V2.1|def|1","|faint|p2a: Articuno","|","|","|switch|p2a: Kyurem-Black|Kyurem-Black|453/453","|-ability|p2a: Kyurem-Black|Teravolt","|turn|18","|","|move|p1a: Generic Fairy V2.1|Diamond Storm|p2a: Kyurem-Black","|-crit|p2a: Kyurem-Black","|-supereffective|p2a: Kyurem-Black","|-damage|p2a: Kyurem-Black|0 fnt","|-boost|p1a: Generic Fairy V2.1|def|1","|faint|p2a: Kyurem-Black","|","|","|switch|p2a: Rotom-Frost|Rotom-Frost|304/304","|turn|19","|","|move|p1a: Generic Fairy V2.1|Stealth Rock|p2a: Rotom-Frost","|-sidestart|p2: Darkness Photon|move: Stealth Rock","|move|p2a: Rotom-Frost|Volt Switch|p1a: Generic Fairy V2.1","|-damage|p1a: Generic Fairy V2.1|243/303","|","|switch|p2a: Avalugg|Avalugg, M|265/394","|-damage|p2a: Avalugg|167/394|[from] Stealth Rock","|","|-heal|p2a: Avalugg|191/394|[from] item: Leftovers","|-heal|p1a: Generic Fairy V2.1|261/303|[from] item: Leftovers","|-fieldend|move: Trick Room","|turn|20","|","|move|p1a: Generic Fairy V2.1|Diamond Storm|p2a: Avalugg","|-supereffective|p2a: Avalugg","|-damage|p2a: Avalugg|51/394","|-boost|p1a: Generic Fairy V2.1|def|1","|move|p2a: Avalugg|Gyro Ball|p1a: Generic Fairy V2.1","|-supereffective|p1a: Generic Fairy V2.1","|-damage|p1a: Generic Fairy V2.1|217/303","|","|-heal|p1a: Generic Fairy V2.1|235/303|[from] item: Leftovers","|-heal|p2a: Avalugg|75/394|[from] item: Leftovers","|turn|21","|","|move|p1a: Generic Fairy V2.1|Diamond Storm|p2a: Avalugg","|-supereffective|p2a: Avalugg","|-damage|p2a: Avalugg|0 fnt","|faint|p2a: Avalugg","|","|-heal|p1a: Generic Fairy V2.1|253/303|[from] item: Leftovers","|","|switch|p2a: Mamoswine|Mamoswine, M|317/362","|-damage|p2a: Mamoswine|272/362|[from] Stealth Rock","|turn|22","|","|move|p2a: Mamoswine|Earthquake|p1a: Generic Fairy V2.1","|-supereffective|p1a: Generic Fairy V2.1","|-damage|p1a: Generic Fairy V2.1|161/303","|move|p1a: Generic Fairy V2.1|Trick Room|p1a: Generic Fairy V2.1","|-fieldstart|move: Trick Room|[of] p1a: Generic Fairy V2.1","|","|-heal|p1a: Generic Fairy V2.1|179/303|[from] item: Leftovers","|turn|23","|","|move|p1a: Generic Fairy V2.1|Diamond Storm|p2a: Mamoswine","|-damage|p2a: Mamoswine|67/362","|move|p2a: Mamoswine|Earthquake|p1a: Generic Fairy V2.1","|-supereffective|p1a: Generic Fairy V2.1","|-damage|p1a: Generic Fairy V2.1|81/303","|","|-heal|p1a: Generic Fairy V2.1|99/303|[from] item: Leftovers","|turn|24","|","|win|alliance - ed wins"],"p1rating":{"entryid":"7432721","serverid":"eos","formatid":"monotype","userid":"allianceedwins","username":"alliance - ed wins","w":10,"l":"3","t":"0","gxe":68.7,"r":"1673.3762821028","rd":"92.015503405152","sigma":"0","rptime":"1439024400","rpr":1652.2584214685,"rprd":81.946779689242,"rpsigma":"0","acre":1214.6506965232,"lacre":1214.6506965232,"oldacre":"1202.7569170679"},"p2rating":{"entryid":"7212353","serverid":"eos","formatid":"monotype","userid":"darknessphoton","username":"Darkness Photon","w":"1","l":5,"t":"0","gxe":37.4,"r":1409.4173004702,"rd":104.21776836726,"sigma":"0","rptime":1439024400,"rpr":1398.6400288591,"rprd":101.66896905557,"rpsigma":"0","acre":1000,"lacre":1000,"oldacre":"1000.4865188728"},"endType":"forfeit"}