{"seed":[19850,59219,49425,7920],"turns":22,"p1":"alliance - ed wins","p2":"SWL Neßki","p1team":[{"name":"Generic Fairy V2.1","species":"diancie","item":"leftovers","ability":"Clear Body","moves":["stealthrock","trickroom","diamondstorm","explosion"],"nature":"Brave","evs":{"hp":248,"atk":252,"def":8,"spa":0,"spd":0,"spe":0},"ivs":{"hp":31,"atk":31,"def":31,"spa":31,"spd":31,"spe":0}},{"name":"Anon Twink","species":"sylveon","item":"choicespecs","ability":"Pixilate","moves":["hypervoice","hiddenpowerfire","psyshock","shadowball"],"nature":"Quiet","evs":{"hp":248,"atk":0,"def":8,"spa":252,"spd":0,"spe":0},"gender":"M","ivs":{"hp":31,"atk":0,"def":31,"spa":30,"spd":31,"spe":0}},{"name":"Urine Trouble","species":"azumarill","item":"lifeorb","ability":"Huge Power","moves":["playrough","waterfall","superpower","aquajet"],"nature":"Brave","evs":{"hp":248,"atk":252,"def":0,"spa":0,"spd":8,"spe":0},"gender":"M","ivs":{"hp":31,"atk":31,"def":31,"spa":31,"spd":31,"spe":0},"shiny":true},{"name":"Gardevoir-Senpai","species":"gardevoir","item":"gardevoirite","ability":"Trace","moves":["hypervoice","focusblast","trickroom","healingwish"],"nature":"Quiet","evs":{"hp":248,"atk":0,"def":8,"spa":252,"spd":0,"spe":0},"gender":"M","ivs":{"hp":31,"atk":0,"def":31,"spa":31,"spd":31,"spe":0},"shiny":true},{"name":"Janitors Fren","species":"klefki","item":"lightclay","ability":"Prankster","moves":["reflect","lightscreen","foulplay","spikes"],"nature":"Bold","evs":{"hp":248,"atk":0,"def":252,"spa":0,"spd":8,"spe":0},"ivs":{"hp":31,"atk":0,"def":31,"spa":31,"spd":31,"spe":31}},{"name":"'Murica","species":"togekiss","item":"choicescarf","ability":"Serene Grace","moves":["airslash","fireblast","dazzlinggleam","trick"],"nature":"Timid","evs":{"hp":0,"atk":0,"def":0,"spa":252,"spd":4,"spe":252},"ivs":{"hp":31,"atk":0,"def":31,"spa":31,"spd":31,"spe":31}}],"p2team":[{"name":"Volcarona","species":"Volcarona","item":"lumberry","ability":"Flame Body","moves":["quiverdance","bugbuzz","gigadrain","fierydance"],"nature":"Timid","evs":{"hp":248,"atk":0,"def":76,"spa":88,"spd":0,"spe":96},"gender":"F","ivs":{"hp":31,"atk":0,"def":31,"spa":31,"spd":31,"spe":31},"shiny":true},{"name":"Torkoal","species":"Torkoal","item":"leftovers","ability":"Shell Armor","moves":["yawn","stealthrock","rapidspin","lavaplume"],"nature":"Bold","evs":{"hp":252,"atk":0,"def":252,"spa":0,"spd":0,"spe":0},"gender":"M","ivs":{"hp":31,"atk":0,"def":31,"spa":31,"spd":31,"spe":31}},{"name":"FletchinCiel","species":"fletchinder","item":"","ability":"Gale Wings","moves":["tailwind","swordsdance","overheat","acrobatics"],"nature":"Naughty","evs":{"hp":232,"atk":252,"def":0,"spa":0,"spd":0,"spe":24},"ivs":{"hp":31,"atk":31,"def":31,"spa":31,"spd":31,"spe":31}},{"name":"Charizard","species":"Charizard","item":"charizarditey","ability":"Blaze","moves":["solarbeam","defog","earthquake","flamethrower"],"nature":"Modest","evs":{"hp":0,"atk":4,"def":0,"spa":252,"spd":0,"spe":252},"ivs":{"hp":31,"atk":31,"def":31,"spa":31,"spd":31,"spe":31}},{"name":"Infernape","species":"Infernape","item":"lifeorb","ability":"Blaze","moves":["hiddenpowerice","closecombat","flamethrower","vacuumwave"],"nature":"Naive","evs":{"hp":0,"atk":4,"def":0,"spa":252,"spd":0,"spe":252},"ivs":{"hp":31,"atk":30,"def":30,"spa":31,"spd":31,"spe":31}},{"name":"Arcanine","species":"Arcanine","item":"assaultvest","ability":"Intimidate","moves":["extremespeed","wildcharge","flareblitz","bulldoze"],"nature":"Adamant","evs":{"hp":248,"atk":252,"def":0,"spa":0,"spd":0,"spe":8},"ivs":{"hp":31,"atk":31,"def":31,"spa":31,"spd":31,"spe":31}}],"log":["|player|p1|alliance - ed wins|102","|player|p2|SWL Neßki|swlneki.png","|gametype|singles","|gen|6","|tier|Monotype","|rated","|rule|Baton Pass Clause: Limit one Baton Passer, can't pass Spe and other stats simultaneously","|rule|Swagger Clause: Swagger is banned","|rule|Same Type Clause: Pokémon in a team must share a type","|clearpoke","|poke|p1|Diancie","|poke|p1|Sylveon, M","|poke|p1|Azumarill, M, shiny","|poke|p1|Gardevoir, M, shiny","|poke|p1|Klefki, M","|poke|p1|Togekiss, F","|poke|p2|Volcarona, F, shiny","|poke|p2|Torkoal, M","|poke|p2|Fletchinder, F","|poke|p2|Charizard, M","|poke|p2|Infernape, F","|poke|p2|Arcanine, M","|rule|Sleep Clause Mod: Limit one foe put to sleep","|rule|Species Clause: Limit one of each Pokémon","|rule|OHKO Clause: OHKO moves are banned","|rule|Moody Clause: Moody is banned","|rule|Evasion Moves Clause: Evasion moves are banned","|rule|Endless Battle Clause: Forcing endless battles is banned","|rule|HP Percentage Mod: HP is shown in percentages","|teampreview","|","|start","|switch|p1a: Generic Fairy V2.1|Diancie|303/303","|switch|p2a: Volcarona|Volcarona, F, shiny|373/373","|turn|1","|","|move|p2a: Volcarona|Giga Drain|p1a: Generic Fairy V2.1","|-supereffective|p1a: Generic Fairy V2.1","|-damage|p1a: Generic Fairy V2.1|189/303","|move|p1a: Generic Fairy V2.1|Stealth Rock|p2a: Volcarona","|-sidestart|p2: SWL Neßki|move: Stealth Rock","|","|-heal|p1a: Generic Fairy V2.1|207/303|[from] item: Leftovers","|turn|2","|","|move|p2a: Volcarona|Giga Drain|p1a: Generic Fairy V2.1","|-supereffective|p1a: Generic Fairy V2.1","|-damage|p1a: Generic Fairy V2.1|95/303","|move|p1a: Generic Fairy V2.1|Trick Room|p1a: Generic Fairy V2.1","|-fieldstart|move: Trick Room|[of] p1a: Generic Fairy V2.1","|","|-heal|p1a: Generic Fairy V2.1|113/303|[from] item: Leftovers","|turn|3","|","|move|p1a: Generic Fairy V2.1|Diamond Storm|p2a: Volcarona","|-supereffective|p2a: Volcarona","|-damage|p2a: Volcarona|0 fnt","|faint|p2a: Volcarona","|","|-heal|p1a: Generic Fairy V2.1|131/303|[from] item: Leftovers","|","|switch|p2a: Torkoal|Torkoal, M|344/344","|-damage|p2a: Torkoal|258/344|[from] Stealth Rock","|turn|4","|","|move|p2a: Torkoal|Yawn|p1a: Generic Fairy V2.1","|-start|p1a: Generic Fairy V2.1|move: Yawn|[of] p2a: Torkoal","|move|p1a: Generic Fairy V2.1|Diamond Storm|p2a: Torkoal","|-supereffective|p2a: Torkoal","|-damage|p2a: Torkoal|64/344","|","|-heal|p2a: Torkoal|85/344|[from] item: Leftovers","|-heal|p1a: Generic Fairy V2.1|149/303|[from] item: Leftovers","|turn|5","|","|switch|p1a: Urine Trouble|Azumarill, M, shiny|403/403","|move|p2a: Torkoal|Rapid Spin|p1a: Urine Trouble","|-damage|p1a: Urine Trouble|388/403","|-sideend|p2: SWL Neßki|Stealth Rock|[from] move: Rapid Spin|[of] p2a: Torkoal","|","|-heal|p2a: Torkoal|106/344|[from] item: Leftovers","|turn|6","|","|move|p1a: Urine Trouble|Aqua Jet|p2a: Torkoal","|-supereffective|p2a: Torkoal","|-damage|p2a: Torkoal|0 fnt","|-damage|p1a: Urine Trouble|348/403|[from] item: Life Orb","|faint|p2a: Torkoal","|","|-fieldend|move: Trick Room","|","|switch|p2a: Charizard|Charizard, M|297/297","|turn|7","|","|switch|p1a: 'Murica|Togekiss, F|311/311","|detailschange|p2a: Charizard|Charizard-Mega-Y, M","|-mega|p2a: Charizard|Charizard|Charizardite Y","|-weather|SunnyDay","|move|p2a: Charizard|Flamethrower|p1a: 'Murica","|-damage|p1a: 'Murica|62/311","|-status|p1a: 'Murica|brn","|","|-weather|SunnyDay|[upkeep]","|-damage|p1a: 'Murica|24/311 brn|[from] brn","|turn|8","|","|switch|p2a: Arcanine|Arcanine, M|383/383","|-ability|p2a: Arcanine|Intimidate","|-unboost|p1a: 'Murica|atk|1","|move|p1a: 'Murica|Air Slash|p2a: Arcanine","|-damage|p2a: Arcanine|284/383","|","|-weather|SunnyDay|[upkeep]","|-damage|p1a: 'Murica|0 fnt|[from] brn","|faint|p1a: 'Murica","|","|switch|p1a: Generic Fairy V2.1|Diancie|149/303","|turn|9","|","|switch|p2a: Charizard|Charizard-Mega-Y, M|297/297","|move|p1a: Generic Fairy V2.1|Stealth Rock|p2a: Charizard","|-sidestart|p2: SWL Neßki|move: Stealth Rock","|","|-weather|SunnyDay|[upkeep]","|-heal|p1a: Generic Fairy V2.1|167/303|[from] item: Leftovers","|turn|10","|","|switch|p1a: Janitors Fren|Klefki, M|317/317","|move|p2a: Charizard|Solar Beam|p1a: Janitors Fren|[still]","|-prepare|p2a: Charizard|Solar Beam|p1a: Janitors Fren","|-anim|p2a: Charizard|Solar Beam|p1a: Janitors Fren","|-crit|p1a: Janitors Fren","|-resisted|p1a: Janitors Fren","|-damage|p1a: Janitors Fren|168/317","|","|-weather|SunnyDay|[upkeep]","|turn|11","|","|move|p1a: Janitors Fren|Light Screen|p1a: Janitors Fren","|-sidestart|p1: alliance - ed wins|move: Light Screen","|move|p2a: Charizard|Defog|p1a: Janitors Fren","|-unboost|p1a: Janitors Fren|evasion|1","|-sideend|p1: alliance - ed wins|move: Light Screen","|-sideend|p2: SWL Neßki|Stealth Rock|[from] move: Defog|[of] p2a: Charizard","|","|-weather|none","|turn|12","|","|switch|p2a: FletchinCiel|Fletchinder, F|323/323","|move|p1a: Janitors Fren|Light Screen|p1a: Janitors Fren","|-sidestart|p1: alliance - ed wins|move: Light Screen","|","|turn|13","|","|switch|p1a: Generic Fairy V2.1|Diancie|167/303","|move|p2a: FletchinCiel|Overheat|p1a: Generic Fairy V2.1","|-crit|p1a: Generic Fairy V2.1","|-resisted|p1a: Generic Fairy V2.1","|-damage|p1a: Generic Fairy V2.1|116/303","|-unboost|p2a: FletchinCiel|spa|2","|","|-heal|p1a: Generic Fairy V2.1|134/303|[from] item: Leftovers","|turn|14","|","|move|p2a: FletchinCiel|Swords Dance|p2a: FletchinCiel","|-boost|p2a: FletchinCiel|atk|2","|move|p1a: Generic Fairy V2.1|Trick Room|p1a: Generic Fairy V2.1","|-fieldstart|move: Trick Room|[of] p1a: Generic Fairy V2.1","|","|-heal|p1a: Generic Fairy V2.1|152/303|[from] item: Leftovers","|turn|15","|","|move|p2a: FletchinCiel|Acrobatics|p1a: Generic Fairy V2.1","|-resisted|p1a: Generic Fairy V2.1","|-damage|p1a: Generic Fairy V2.1|42/303","|move|p1a: Generic Fairy V2.1|Diamond Storm|p2a: FletchinCiel","|-supereffective|p2a: FletchinCiel","|-damage|p2a: FletchinCiel|0 fnt","|-boost|p1a: Generic Fairy V2.1|def|1","|faint|p2a: FletchinCiel","|","|-heal|p1a: Generic Fairy V2.1|60/303|[from] item: Leftovers","|","|switch|p2a: Infernape|Infernape, F|293/293","|turn|16","|","|move|p2a: Infernape|Vacuum Wave|p1a: Generic Fairy V2.1","|-damage|p1a: Generic Fairy V2.1|31/303","|-damage|p2a: Infernape|264/293|[from] item: Life Orb","|move|p1a: Generic Fairy V2.1|Stealth Rock|p2a: Infernape","|-sidestart|p2: SWL Neßki|move: Stealth Rock","|","|-heal|p1a: Generic Fairy V2.1|49/303|[from] item: Leftovers","|turn|17","|","|move|p1a: Generic Fairy V2.1|Diamond Storm|p2a: Infernape","|-damage|p2a: Infernape|53/293","|-boost|p1a: Generic Fairy V2.1|def|1","|move|p2a: Infernape|Flamethrower|p1a: Generic Fairy V2.1","|-resisted|p1a: Generic Fairy V2.1","|-damage|p1a: Generic Fairy V2.1|5/303","|-damage|p2a: Infernape|24/293|[from] item: Life Orb","|","|-heal|p1a: Generic Fairy V2.1|23/303|[from] item: Leftovers","|turn|18","|","|switch|p1a: Gardevoir-Senpai|Gardevoir, M, shiny|339/339","|-ability|p1a: Gardevoir-Senpai|Blaze|[from] ability: Trace|[of] p2a: Infernape","|move|p2a: Infernape|Vacuum Wave|p1a: Gardevoir-Senpai","|-crit|p1a: Gardevoir-Senpai","|-resisted|p1a: Gardevoir-Senpai","|-damage|p1a: Gardevoir-Senpai|314/339","|-damage|p2a: Infernape|0 fnt|[from] item: Life Orb","|faint|p2a: Infernape","|","|-fieldend|move: Trick Room","|","|switch|p2a: Charizard|Charizard-Mega-Y, M|297/297","|-damage|p2a: Charizard|149/297|[from] Stealth Rock","|-weather|SunnyDay","|turn|19","|","|detailschange|p1a: Gardevoir-Senpai|Gardevoir-Mega, M, shiny","|-mega|p1a: Gardevoir-Senpai|Gardevoir|Gardevoirite","|move|p2a: Charizard|Flamethrower|p1a: Gardevoir-Senpai","|-damage|p1a: Gardevoir-Senpai|193/339","|move|p1a: Gardevoir-Senpai|Trick Room|p1a: Gardevoir-Senpai","|-fieldstart|move: Trick Room|[of] p1a: Gardevoir-Senpai","|","|-weather|SunnyDay|[upkeep]","|-sideend|p1: alliance - ed wins|move: Light Screen","|turn|20","|","|move|p1a: Gardevoir-Senpai|Healing Wish|p1a: Gardevoir-Senpai","|faint|p1a: Gardevoir-Senpai","|move|p2a: Charizard|Flamethrower|p1: Gardevoir-Senpai|[notarget]","|-notarget","|","|-weather|SunnyDay|[upkeep]","|","|switch|p1a: Generic Fairy V2.1|Diancie|23/303","|-heal|p1a: Generic Fairy V2.1|303/303|[from] move: Healing Wish","|turn|21","|","|move|p1a: Generic Fairy V2.1|Diamond Storm|p2a: Charizard","|-supereffective|p2a: Charizard","|-damage|p2a: Charizard|0 fnt","|-boost|p1a: Generic Fairy V2.1|def|1","|faint|p2a: Charizard","|","|-weather|SunnyDay|[upkeep]","|","|switch|p2a: Arcanine|Arcanine, M|284/383","|-damage|p2a: Arcanine|189/383|[from] Stealth Rock","|-ability|p2a: Arcanine|Intimidate","|-fail|p1a: Generic Fairy V2.1|unboost|[from] ability: Clear Body|[of] p1a: Generic Fairy V2.1","|turn|22","|","|move|p1a: Generic Fairy V2.1|Explosion|p2a: Arcanine","|-damage|p2a: Arcanine|0 fnt","|faint|p1a: Generic Fairy V2.1","|faint|p2a: Arcanine","|","|win|alliance - ed wins"],"p1rating":{"entryid":"7432721","serverid":"eos","formatid":"monotype","userid":"allianceedwins","username":"alliance - ed wins","w":7,"l":"1","t":"0","gxe":70.9,"r":"1633.5695746194","rd":"98.144601938843","sigma":"0","rptime":"1438938000","rpr":1673.3762821028,"rprd":92.015503405152,"rpsigma":"0","acre":1211.5502961474,"lacre":1211.5502961474,"oldacre":"1174.3890347828"},"p2rating":{"entryid":"6746789","serverid":"eos","formatid":"monotype","userid":"swlneki","username":"SWL Neßki","w":"32","l":15,"t":"0","gxe":68.5,"r":"1647.4381365796","rd":"53.971461871233","sigma":"0","rptime":"1438938000","rpr":1647.6062361004,"rprd":52.784478108596,"rpsigma":"0","acre":1329.2872613031,"lacre":1329.2872613031,"oldacre":"1359.0162703948"},"endType":"normal"}