{"seed":[2801,8629,64418,20423],"turns":34,"p1":"MrNyanNyanz","p2":"Guard Naruto","p1team":[{"name":"Jirachi","species":"Jirachi","item":"leftovers","ability":"Serene Grace","moves":["thunderwave","ironhead","wish","stealthrock"],"nature":"Careful","evs":{"hp":252,"atk":0,"def":0,"spa":0,"spd":224,"spe":32},"ivs":{"hp":31,"atk":31,"def":31,"spa":31,"spd":31,"spe":31}},{"name":"Gardevoir","species":"Gardevoir","item":"gardevoirite","ability":"Trace","moves":["substitute","hypervoice","shadowball","psyshock"],"nature":"Timid","evs":{"hp":4,"atk":0,"def":0,"spa":252,"spd":0,"spe":252},"ivs":{"hp":31,"atk":30,"def":31,"spa":30,"spd":31,"spe":30}},{"name":"Slowbro","species":"Slowbro","item":"rockyhelmet","ability":"Regenerator","moves":["slackoff","scald","flamethrower","thunderwave"],"nature":"Bold","evs":{"hp":248,"atk":0,"def":252,"spa":8,"spd":0,"spe":0},"ivs":{"hp":31,"atk":31,"def":31,"spa":31,"spd":31,"spe":31}},{"name":"Victini","species":"Victini","item":"choicescarf","ability":"Victory Star","moves":["vcreate","boltstrike","uturn","zenheadbutt"],"nature":"Jolly","evs":{"hp":0,"atk":252,"def":0,"spa":0,"spd":4,"spe":252},"ivs":{"hp":31,"atk":31,"def":31,"spa":31,"spd":31,"spe":31}},{"name":"Hoopa-Unbound","species":"Hoopa-Unbound","item":"lifeorb","ability":"Magician","moves":["hyperspacefury","hyperspacehole","drainpunch","substitute"],"nature":"Lonely","evs":{"hp":252,"atk":252,"def":0,"spa":4,"spd":0,"spe":0},"ivs":{"hp":31,"atk":31,"def":31,"spa":31,"spd":31,"spe":31}},{"name":"Deoxys-Speed","species":"Deoxys-Speed","item":"lifeorb","ability":"Pressure","moves":["superpower","extremespeed","knockoff","psychoboost"],"nature":"Hasty","evs":{"hp":0,"atk":252,"def":0,"spa":4,"spd":0,"spe":252},"ivs":{"hp":31,"atk":31,"def":31,"spa":31,"spd":31,"spe":31}}],"p2team":[{"name":"Ditto","species":"Ditto","item":"choicescarf","ability":"Imposter","moves":["transform"],"nature":"Bold","evs":{"hp":252,"atk":0,"def":252,"spa":0,"spd":6,"spe":0},"ivs":{"hp":31,"atk":31,"def":31,"spa":31,"spd":31,"spe":31}},{"name":"Kecleon","species":"Kecleon","item":"lifeorb","ability":"Protean","moves":["shadowsneak","suckerpunch","drainpunch","firepunch"],"nature":"Adamant","evs":{"hp":248,"atk":252,"def":0,"spa":0,"spd":8,"spe":0},"ivs":{"hp":31,"atk":31,"def":31,"spa":31,"spd":31,"spe":31}},{"name":"Heliolisk","species":"Heliolisk","item":"assaultvest","ability":"Dry Skin","moves":["thunderbolt","focusblast","surf","paraboliccharge"],"nature":"Timid","evs":{"hp":248,"atk":0,"def":0,"spa":8,"spd":0,"spe":252},"ivs":{"hp":31,"atk":31,"def":31,"spa":31,"spd":31,"spe":31}},{"name":"Audino","species":"Audino","item":"audinite","ability":"Regenerator","moves":["wish","protect","healbell","dazzlinggleam"],"nature":"Modest","evs":{"hp":248,"atk":0,"def":200,"spa":0,"spd":60,"spe":0},"ivs":{"hp":31,"atk":31,"def":31,"spa":31,"spd":31,"spe":31}},{"name":"Pyroar","species":"Pyroar","item":"choicespecs","ability":"Unnerve","moves":["flamethrower","darkpulse","hypervoice","overheat"],"nature":"Timid","evs":{"hp":0,"atk":0,"def":0,"spa":252,"spd":4,"spe":252},"ivs":{"hp":31,"atk":31,"def":31,"spa":31,"spd":31,"spe":31}},{"name":"Snorlax","species":"Snorlax","item":"leftovers","ability":"Thick Fat","moves":["bodyslam","earthquake","rest","sleeptalk"],"nature":"Impish","evs":{"hp":248,"atk":0,"def":200,"spa":0,"spd":60,"spe":0},"ivs":{"hp":31,"atk":31,"def":31,"spa":31,"spd":31,"spe":31}}],"log":["|player|p1|MrNyanNyanz|mrnyannyanz.gif","|player|p2|Guard Naruto|284","|gametype|singles","|gen|6","|tier|Monotype","|rated","|rule|Baton Pass Clause: Limit one Baton Passer, can't pass Spe and other stats simultaneously","|rule|Swagger Clause: Swagger is banned","|rule|Same Type Clause: Pokémon in a team must share a type","|clearpoke","|poke|p1|Jirachi","|poke|p1|Gardevoir, F","|poke|p1|Slowbro, M","|poke|p1|Victini","|poke|p1|Hoopa-Unbound","|poke|p1|Deoxys-Speed","|poke|p2|Ditto","|poke|p2|Kecleon, F","|poke|p2|Heliolisk, M","|poke|p2|Audino, M","|poke|p2|Pyroar, M","|poke|p2|Snorlax, F","|rule|Sleep Clause Mod: Limit one foe put to sleep","|rule|Species Clause: Limit one of each Pokémon","|rule|OHKO Clause: OHKO moves are banned","|rule|Moody Clause: Moody is banned","|rule|Evasion Moves Clause: Evasion moves are banned","|rule|Endless Battle Clause: Forcing endless battles is banned","|rule|HP Percentage Mod: HP is shown in percentages","|teampreview","|","|start","|switch|p1a: Victini|Victini|341/341","|switch|p2a: Pyroar|Pyroar, M|313/313","|-ability|p2a: Pyroar|Unnerve|p1: MrNyanNyanz","|turn|1","|","|move|p1a: Victini|U-turn|p2a: Pyroar","|-resisted|p2a: Pyroar","|-damage|p2a: Pyroar|265/313","|","|switch|p1a: Slowbro|Slowbro, M|393/393","|move|p2a: Pyroar|Dark Pulse|p1a: Slowbro","|-supereffective|p1a: Slowbro","|-damage|p1a: Slowbro|73/393","|","|turn|2","|","|switch|p1a: Hoopa-Unbound|Hoopa-Unbound|364/364","|move|p2a: Pyroar|Dark Pulse|p1a: Hoopa-Unbound","|-damage|p1a: Hoopa-Unbound|257/364","|","|turn|3","|","|switch|p2a: Audino|Audino, M|409/409","|move|p1a: Hoopa-Unbound|Drain Punch|p2a: Audino","|-crit|p2a: Audino","|-supereffective|p2a: Audino","|-damage|p2a: Audino|1/409","|-heal|p1a: Hoopa-Unbound|364/364|[from] drain|[of] p2a: Audino","|-damage|p1a: Hoopa-Unbound|328/364|[from] item: Life Orb","|","|turn|4","|","|detailschange|p2a: Audino|Audino-Mega, M","|-mega|p2a: Audino|Audino|Audinite","|move|p2a: Audino|Protect|p2a: Audino","|-singleturn|p2a: Audino|Protect","|move|p1a: Hoopa-Unbound|Drain Punch|p2a: Audino","|-activate|p2a: Audino|Protect","|","|turn|5","|","|move|p1a: Hoopa-Unbound|Drain Punch|p2a: Audino","|-damage|p2a: Audino|0 fnt","|-heal|p1a: Hoopa-Unbound|329/364|[from] drain|[of] p2a: Audino","|-damage|p1a: Hoopa-Unbound|293/364|[from] item: Life Orb","|faint|p2a: Audino","|","|","|switch|p2a: Kecleon|Kecleon, F|323/323","|turn|6","|","|switch|p1a: Slowbro|Slowbro, M|204/393","|move|p2a: Kecleon|Shadow Sneak|p1a: Slowbro","|-start|p2a: Kecleon|typechange|Ghost|[from] Protean","|-supereffective|p1a: Slowbro","|-damage|p1a: Slowbro|103/393","|-damage|p2a: Kecleon|270/323|[from] item: Rocky Helmet|[of] p1a: Slowbro","|-damage|p2a: Kecleon|238/323|[from] item: Life Orb","|","|turn|7","|","|switch|p2a: Heliolisk|Heliolisk, M|327/327","|move|p1a: Slowbro|Slack Off|p1a: Slowbro","|-heal|p1a: Slowbro|300/393","|","|turn|8","|","|switch|p1a: Jirachi|Jirachi|404/404","|move|p2a: Heliolisk|Thunderbolt|p1a: Jirachi","|-damage|p1a: Jirachi|317/404","|","|-heal|p1a: Jirachi|342/404|[from] item: Leftovers","|turn|9","|","|switch|p2a: Snorlax|Snorlax, F|523/523","|move|p1a: Jirachi|Stealth Rock|p2a: Snorlax","|-sidestart|p2: Guard Naruto|move: Stealth Rock","|","|-heal|p1a: Jirachi|367/404|[from] item: Leftovers","|turn|10","|","|move|p1a: Jirachi|Iron Head|p2a: Snorlax","|-damage|p2a: Snorlax|433/523","|cant|p2a: Snorlax|flinch","|","|-heal|p1a: Jirachi|392/404|[from] item: Leftovers","|-heal|p2a: Snorlax|465/523|[from] item: Leftovers","|turn|11","|","|move|p1a: Jirachi|Thunder Wave|p2a: Snorlax","|-status|p2a: Snorlax|par","|move|p2a: Snorlax|Earthquake|p1a: Jirachi","|-supereffective|p1a: Jirachi","|-damage|p1a: Jirachi|214/404","|","|-heal|p1a: Jirachi|239/404|[from] item: Leftovers","|-heal|p2a: Snorlax|497/523 par|[from] item: Leftovers","|turn|12","|","|move|p1a: Jirachi|Iron Head|p2a: Snorlax","|-damage|p2a: Snorlax|406/523 par","|cant|p2a: Snorlax|par","|","|-heal|p1a: Jirachi|264/404|[from] item: Leftovers","|-heal|p2a: Snorlax|438/523 par|[from] item: Leftovers","|turn|13","|","|move|p1a: Jirachi|Iron Head|p2a: Snorlax","|-damage|p2a: Snorlax|348/523 par","|cant|p2a: Snorlax|flinch","|","|-heal|p1a: Jirachi|289/404|[from] item: Leftovers","|-heal|p2a: Snorlax|380/523 par|[from] item: Leftovers","|turn|14","|","|move|p1a: Jirachi|Iron Head|p2a: Snorlax","|-damage|p2a: Snorlax|295/523 par","|cant|p2a: Snorlax|flinch","|","|-heal|p1a: Jirachi|314/404|[from] item: Leftovers","|-heal|p2a: Snorlax|327/523 par|[from] item: Leftovers","|turn|15","|","|move|p1a: Jirachi|Iron Head|p2a: Snorlax","|-damage|p2a: Snorlax|236/523 par","|move|p2a: Snorlax|Rest|p2a: Snorlax","|-status|p2a: Snorlax|slp","|-heal|p2a: Snorlax|523/523 slp|[silent]","|-status|p2a: Snorlax|slp|[from] move: Rest","|","|-heal|p1a: Jirachi|339/404|[from] item: Leftovers","|turn|16","|","|switch|p1a: Hoopa-Unbound|Hoopa-Unbound|293/364","|switch|p2a: Pyroar|Pyroar, M|265/313","|-damage|p2a: Pyroar|187/313|[from] Stealth Rock","|-ability|p2a: Pyroar|Unnerve|p1: MrNyanNyanz","|","|turn|17","|","|move|p2a: Pyroar|Overheat|p1a: Hoopa-Unbound","|-damage|p1a: Hoopa-Unbound|61/364","|-unboost|p2a: Pyroar|spa|2","|move|p1a: Hoopa-Unbound|Drain Punch|p2a: Pyroar","|-supereffective|p2a: Pyroar","|-damage|p2a: Pyroar|0 fnt","|-heal|p1a: Hoopa-Unbound|155/364|[from] drain|[of] p2a: Pyroar","|-damage|p1a: Hoopa-Unbound|119/364|[from] item: Life Orb","|faint|p2a: Pyroar","|","|","|switch|p2a: Ditto|Ditto|300/300","|-damage|p2a: Ditto|263/300|[from] Stealth Rock","|-transform|p2a: Ditto|p1a: Hoopa-Unbound","|turn|18","|","|move|p2a: Ditto|Hyperspace Fury|p1a: Hoopa-Unbound","|-fail|p2a: Ditto|move: Hyperspace Fury","|move|p1a: Hoopa-Unbound|Drain Punch|p2a: Ditto","|-damage|p2a: Ditto|25/300","|-heal|p1a: Hoopa-Unbound|238/364|[from] drain|[of] p2a: Ditto","|-damage|p1a: Hoopa-Unbound|202/364|[from] item: Life Orb","|","|turn|19","|","|move|p2a: Ditto|Hyperspace Fury|p1a: Hoopa-Unbound","|-fail|p2a: Ditto|move: Hyperspace Fury","|move|p1a: Hoopa-Unbound|Drain Punch|p2a: Ditto","|-damage|p2a: Ditto|0 fnt","|-heal|p1a: Hoopa-Unbound|215/364|[from] drain|[of] p2a: Ditto","|-damage|p1a: Hoopa-Unbound|179/364|[from] item: Life Orb","|faint|p2a: Ditto","|","|","|switch|p2a: Kecleon|Kecleon, F|238/323","|-damage|p2a: Kecleon|198/323|[from] Stealth Rock","|turn|20","|","|switch|p1a: Slowbro|Slowbro, M|393/393","|move|p2a: Kecleon|Drain Punch|p1a: Slowbro","|-start|p2a: Kecleon|typechange|Fighting|[from] Protean","|-resisted|p1a: Slowbro","|-damage|p1a: Slowbro|344/393","|-heal|p2a: Kecleon|223/323|[from] drain|[of] p1a: Slowbro","|-damage|p2a: Kecleon|170/323|[from] item: Rocky Helmet|[of] p1a: Slowbro","|-damage|p2a: Kecleon|138/323|[from] item: Life Orb","|","|turn|21","|","|switch|p2a: Heliolisk|Heliolisk, M|327/327","|-damage|p2a: Heliolisk|287/327|[from] Stealth Rock","|move|p1a: Slowbro|Scald|p2a: Heliolisk","|-heal|p2a: Heliolisk|327/327|[from] ability: Dry Skin|[of] p1a: Slowbro","|","|turn|22","|","|switch|p1a: Jirachi|Jirachi|339/404","|move|p2a: Heliolisk|Thunderbolt|p1a: Jirachi","|-damage|p1a: Jirachi|254/404","|","|-heal|p1a: Jirachi|279/404|[from] item: Leftovers","|turn|23","|","|move|p2a: Heliolisk|Thunderbolt|p1a: Jirachi","|-damage|p1a: Jirachi|194/404","|move|p1a: Jirachi|Wish|p1a: Jirachi","|","|-heal|p1a: Jirachi|219/404|[from] item: Leftovers","|turn|24","|","|switch|p2a: Snorlax|Snorlax, F|523/523 slp","|-damage|p2a: Snorlax|458/523 slp|[from] Stealth Rock","|move|p1a: Jirachi|Iron Head|p2a: Snorlax","|-damage|p2a: Snorlax|365/523 slp","|","|-heal|p1a: Jirachi|404/404|[from] move: Wish|[wisher] Jirachi","|-heal|p2a: Snorlax|397/523 slp|[from] item: Leftovers","|turn|25","|","|move|p1a: Jirachi|Wish|p1a: Jirachi","|cant|p2a: Snorlax|slp","|move|p2a: Snorlax|Sleep Talk|p2a: Snorlax","|move|p2a: Snorlax|Rest|p2a: Snorlax|[from]Sleep Talk","|-fail|p2a: Snorlax","|","|-heal|p2a: Snorlax|429/523 slp|[from] item: Leftovers","|turn|26","|","|switch|p1a: Hoopa-Unbound|Hoopa-Unbound|179/364","|cant|p2a: Snorlax|slp","|move|p2a: Snorlax|Sleep Talk|p2a: Snorlax","|move|p2a: Snorlax|Rest|p2a: Snorlax|[from]Sleep Talk","|-fail|p2a: Snorlax","|","|-heal|p1a: Hoopa-Unbound|364/364|[from] move: Wish|[wisher] Jirachi","|-heal|p2a: Snorlax|461/523 slp|[from] item: Leftovers","|turn|27","|","|move|p1a: Hoopa-Unbound|Drain Punch|p2a: Snorlax","|-supereffective|p2a: Snorlax","|-damage|p2a: Snorlax|183/523 slp","|-damage|p1a: Hoopa-Unbound|328/364|[from] item: Life Orb","|-curestatus|p2a: Snorlax|slp","|move|p2a: Snorlax|Body Slam|p1a: Hoopa-Unbound","|-damage|p1a: Hoopa-Unbound|145/364","|","|-heal|p2a: Snorlax|215/523|[from] item: Leftovers","|turn|28","|","|move|p1a: Hoopa-Unbound|Drain Punch|p2a: Snorlax","|-supereffective|p2a: Snorlax","|-damage|p2a: Snorlax|0 fnt","|-heal|p1a: Hoopa-Unbound|253/364|[from] drain|[of] p2a: Snorlax","|-damage|p1a: Hoopa-Unbound|217/364|[from] item: Life Orb","|faint|p2a: Snorlax","|","|","|switch|p2a: Kecleon|Kecleon, F|138/323","|-damage|p2a: Kecleon|98/323|[from] Stealth Rock","|turn|29","|","|switch|p1a: Slowbro|Slowbro, M|393/393","|move|p2a: Kecleon|Shadow Sneak|p1a: Slowbro","|-start|p2a: Kecleon|typechange|Ghost|[from] Protean","|-supereffective|p1a: Slowbro","|-damage|p1a: Slowbro|292/393","|-damage|p2a: Kecleon|45/323|[from] item: Rocky Helmet|[of] p1a: Slowbro","|-damage|p2a: Kecleon|13/323|[from] item: Life Orb","|","|turn|30","|","|move|p2a: Kecleon|Shadow Sneak|p1a: Slowbro","|-supereffective|p1a: Slowbro","|-damage|p1a: Slowbro|191/393","|-damage|p2a: Kecleon|0 fnt|[from] item: Rocky Helmet|[of] p1a: Slowbro","|faint|p2a: Kecleon","|move|p1a: Slowbro|Slack Off|p1a: Slowbro","|-heal|p1a: Slowbro|388/393","|","|","|switch|p2a: Heliolisk|Heliolisk, M|327/327","|-damage|p2a: Heliolisk|287/327|[from] Stealth Rock","|turn|31","|","|switch|p1a: Jirachi|Jirachi|404/404","|move|p2a: Heliolisk|Thunderbolt|p1a: Jirachi","|-damage|p1a: Jirachi|322/404","|","|-heal|p1a: Jirachi|347/404|[from] item: Leftovers","|turn|32","|","|move|p2a: Heliolisk|Thunderbolt|p1a: Jirachi","|-damage|p1a: Jirachi|257/404","|move|p1a: Jirachi|Wish|p1a: Jirachi","|","|-heal|p1a: Jirachi|282/404|[from] item: Leftovers","|turn|33","|","|switch|p1a: Hoopa-Unbound|Hoopa-Unbound|217/364","|move|p2a: Heliolisk|Thunderbolt|p1a: Hoopa-Unbound","|-damage|p1a: Hoopa-Unbound|133/364","|","|-heal|p1a: Hoopa-Unbound|335/364|[from] move: Wish|[wisher] Jirachi","|turn|34","|","|move|p2a: Heliolisk|Thunderbolt|p1a: Hoopa-Unbound","|-damage|p1a: Hoopa-Unbound|247/364","|move|p1a: Hoopa-Unbound|Hyperspace Fury|p2a: Heliolisk","|-damage|p2a: Heliolisk|0 fnt","|-unboost|p1a: Hoopa-Unbound|def|1","|-damage|p1a: Hoopa-Unbound|211/364|[from] item: Life Orb","|faint|p2a: Heliolisk","|","|win|MrNyanNyanz"],"p1rating":{"entryid":"6703862","serverid":"eos","formatid":"monotype","userid":"mrnyannyanz","username":"MrNyanNyanz","w":74,"l":"58","t":"0","gxe":55.6,"r":"1540.3845958676","rd":"31.86221735723","sigma":"0","rptime":"1439024400","rpr":1542.5569536922,"rprd":31.750889212193,"rpsigma":"0","acre":1254.1917234677,"lacre":1254.1917234677,"oldacre":"1242.5359847486"},"p2rating":{"entryid":"7460015","serverid":"eos","formatid":"monotype","userid":"guardnaruto","username":"Guard Naruto","w":"1","l":3,"t":"0","gxe":43.8,"r":"1466.0434440081","rd":"122.3574861412","sigma":"0","rptime":"1439024400","rpr":1450.9558246526,"rprd":105.88486778242,"rpsigma":"0","acre":1028.5147765328,"lacre":1028.5147765328,"oldacre":"1035.6717560279"},"endType":"normal"}