{"seed":[2092,36641,25800,53168],"turns":29,"p1":"KGBeast","p2":"Dusk Hoot","p1team":[{"name":"Charizard","species":"Charizard","item":"charizarditey","ability":"Blaze","moves":["defog","focusblast","fireblast","solarbeam"],"nature":"Timid","evs":{"hp":0,"atk":0,"def":0,"spa":252,"spd":4,"spe":252},"ivs":{"hp":31,"atk":31,"def":31,"spa":31,"spd":31,"spe":31}},{"name":"Torkoal","species":"Torkoal","item":"leftovers","ability":"White Smoke","moves":["stealthrock","lavaplume","rapidspin","yawn"],"nature":"Bold","evs":{"hp":252,"atk":0,"def":252,"spa":0,"spd":0,"spe":4},"ivs":{"hp":31,"atk":31,"def":31,"spa":31,"spd":31,"spe":31}},{"name":"Darmanitan","species":"Darmanitan","item":"choicescarf","ability":"Sheer Force","moves":["flareblitz","uturn","rockslide","superpower"],"nature":"Jolly","evs":{"hp":0,"atk":252,"def":0,"spa":0,"spd":4,"spe":252},"ivs":{"hp":31,"atk":31,"def":31,"spa":31,"spd":31,"spe":31}},{"name":"Heatran","species":"Heatran","item":"leftovers","ability":"Flash Fire","moves":["lavaplume","toxic","earthpower","flashcannon"],"nature":"Calm","evs":{"hp":248,"atk":0,"def":0,"spa":0,"spd":252,"spe":8},"ivs":{"hp":31,"atk":0,"def":31,"spa":31,"spd":31,"spe":31}},{"name":"Chandelure","species":"Chandelure","item":"choicescarf","ability":"Infiltrator","moves":["flamethrower","shadowball","energyball","hiddenpowerice"],"nature":"Timid","evs":{"hp":0,"atk":0,"def":0,"spa":252,"spd":4,"spe":252},"ivs":{"hp":31,"atk":30,"def":30,"spa":31,"spd":31,"spe":31}},{"name":"Arcanine","species":"Arcanine","item":"leftovers","ability":"Intimidate","moves":["willowisp","flareblitz","extremespeed","morningsun"],"nature":"Impish","evs":{"hp":252,"atk":0,"def":252,"spa":0,"spd":0,"spe":4},"ivs":{"hp":31,"atk":31,"def":31,"spa":31,"spd":31,"spe":31}}],"p2team":[{"name":"Aerodactyl","species":"Aerodactyl","item":"lifeorb","ability":"Pressure","moves":["aerialace","stoneedge","earthquake","taunt"],"nature":"Jolly","evs":{"hp":0,"atk":252,"def":0,"spa":0,"spd":4,"spe":252},"ivs":{"hp":31,"atk":31,"def":31,"spa":31,"spd":31,"spe":31}},{"name":"Shuckle","species":"Shuckle","item":"leftovers","ability":"Sturdy","moves":["stickyweb","stealthrock","toxic","encore"],"nature":"Calm","evs":{"hp":252,"atk":0,"def":4,"spa":0,"spd":252,"spe":0},"ivs":{"hp":31,"atk":31,"def":31,"spa":31,"spd":31,"spe":31}},{"name":"Diancie","species":"Diancie","item":"diancite","ability":"Clear Body","moves":["moonblast","diamondstorm","protect","earthpower"],"nature":"Hasty","evs":{"hp":0,"atk":0,"def":0,"spa":252,"spd":0,"spe":252},"ivs":{"hp":31,"atk":31,"def":31,"spa":31,"spd":31,"spe":31}},{"name":"Rhyperior","species":"Rhyperior","item":"expertbelt","ability":"Solid Rock","moves":["smackdown","earthquake","firepunch","megahorn"],"nature":"Adamant","evs":{"hp":248,"atk":252,"def":0,"spa":0,"spd":8,"spe":0},"ivs":{"hp":31,"atk":31,"def":31,"spa":31,"spd":31,"spe":31}},{"name":"Golem","species":"Golem","item":"weaknesspolicy","ability":"Sturdy","moves":["earthquake","rockblast","suckerpunch","rockpolish"],"nature":"Adamant","evs":{"hp":0,"atk":252,"def":0,"spa":0,"spd":4,"spe":252},"ivs":{"hp":31,"atk":31,"def":31,"spa":31,"spd":31,"spe":31}},{"name":"Cradily","species":"Cradily","item":"leftovers","ability":"Storm Drain","moves":["gigadrain","toxic","stockpile","recover"],"nature":"Calm","evs":{"hp":252,"atk":0,"def":0,"spa":4,"spd":252,"spe":0},"ivs":{"hp":31,"atk":31,"def":31,"spa":31,"spd":31,"spe":31}}],"log":["|player|p1|KGBeast|kgbeast.png","|player|p2|Dusk Hoot|169","|gametype|singles","|gen|6","|tier|Monotype","|rated","|rule|Baton Pass Clause: Limit one Baton Passer, can't pass Spe and other stats simultaneously","|rule|Swagger Clause: Swagger is banned","|rule|Same Type Clause: Pokémon in a team must share a type","|clearpoke","|poke|p1|Charizard, F","|poke|p1|Torkoal, F","|poke|p1|Darmanitan, M","|poke|p1|Heatran, F","|poke|p1|Chandelure, M","|poke|p1|Arcanine, F","|poke|p2|Aerodactyl, M","|poke|p2|Shuckle, M","|poke|p2|Diancie","|poke|p2|Rhyperior, F","|poke|p2|Golem, M","|poke|p2|Cradily, F","|rule|Sleep Clause Mod: Limit one foe put to sleep","|rule|Species Clause: Limit one of each Pokémon","|rule|OHKO Clause: OHKO moves are banned","|rule|Moody Clause: Moody is banned","|rule|Evasion Moves Clause: Evasion moves are banned","|rule|Endless Battle Clause: Forcing endless battles is banned","|rule|HP Percentage Mod: HP is shown in percentages","|teampreview","|","|start","|switch|p1a: Torkoal|Torkoal, F|344/344","|switch|p2a: Rhyperior|Rhyperior, F|433/433","|turn|1","|","|switch|p2a: Shuckle|Shuckle, M|244/244","|move|p1a: Torkoal|Yawn|p2a: Shuckle","|-start|p2a: Shuckle|move: Yawn|[of] p1a: Torkoal","|","|turn|2","|","|move|p1a: Torkoal|Stealth Rock|p2a: Shuckle","|-sidestart|p2: Dusk Hoot|move: Stealth Rock","|move|p2a: Shuckle|Toxic|p1a: Torkoal","|-status|p1a: Torkoal|tox","|","|-end|p2a: Shuckle|move: Yawn|[silent]","|-status|p2a: Shuckle|slp","|-damage|p1a: Torkoal|323/344 tox|[from] psn","|turn|3","|","|switch|p1a: Charizard|Charizard, F|297/297","|cant|p2a: Shuckle|slp","|","|turn|4","|","|detailschange|p1a: Charizard|Charizard-Mega-Y, F","|-mega|p1a: Charizard|Charizard|Charizardite Y","|-weather|SunnyDay","|move|p1a: Charizard|Fire Blast|p2a: Shuckle|[miss]","|-miss|p1a: Charizard|p2a: Shuckle","|-curestatus|p2a: Shuckle|slp","|move|p2a: Shuckle|Stealth Rock|p1a: Charizard","|-sidestart|p1: KGBeast|move: Stealth Rock","|","|-weather|SunnyDay|[upkeep]","|turn|5","|","|move|p1a: Charizard|Defog|p2a: Shuckle","|-unboost|p2a: Shuckle|evasion|1","|-sideend|p2: Dusk Hoot|Stealth Rock|[from] move: Defog|[of] p2a: Shuckle","|-sideend|p1: KGBeast|Stealth Rock|[from] move: Defog|[of] p1a: Charizard","|move|p2a: Shuckle|Sticky Web|p1a: Charizard","|-sidestart|p1: KGBeast|move: Sticky Web","|","|-weather|SunnyDay|[upkeep]","|turn|6","|","|move|p1a: Charizard|Fire Blast|p2a: Shuckle","|-damage|p2a: Shuckle|105/244","|move|p2a: Shuckle|Toxic|p1a: Charizard","|-status|p1a: Charizard|tox","|","|-weather|SunnyDay|[upkeep]","|-heal|p2a: Shuckle|120/244|[from] item: Leftovers","|-damage|p1a: Charizard|279/297 tox|[from] psn","|turn|7","|","|switch|p2a: Rhyperior|Rhyperior, F|433/433","|move|p1a: Charizard|Fire Blast|p2a: Rhyperior","|-resisted|p2a: Rhyperior","|-damage|p2a: Rhyperior|175/433","|","|-weather|SunnyDay|[upkeep]","|-damage|p1a: Charizard|243/297 tox|[from] psn","|turn|8","|","|move|p1a: Charizard|Fire Blast|p2a: Rhyperior","|-resisted|p2a: Rhyperior","|-damage|p2a: Rhyperior|0 fnt","|faint|p2a: Rhyperior","|","|-weather|none","|-damage|p1a: Charizard|189/297 tox|[from] psn","|","|switch|p2a: Aerodactyl|Aerodactyl, M|301/301","|-ability|p2a: Aerodactyl|Pressure","|turn|9","|","|switch|p1a: Arcanine|Arcanine, F|384/384","|-activate|p1a: Arcanine|move: Sticky Web","|-unboost|p1a: Arcanine|spe|1","|-ability|p1a: Arcanine|Intimidate","|-unboost|p2a: Aerodactyl|atk|1","|move|p2a: Aerodactyl|Stone Edge|p1a: Arcanine","|-supereffective|p1a: Arcanine","|-damage|p1a: Arcanine|173/384","|-damage|p2a: Aerodactyl|271/301|[from] item: Life Orb","|","|-heal|p1a: Arcanine|197/384|[from] item: Leftovers","|turn|10","|","|switch|p2a: Shuckle|Shuckle, M|120/244","|switch|p1a: Torkoal|Torkoal, F|323/344 tox","|-activate|p1a: Torkoal|move: Sticky Web","|-fail|p1a: Torkoal|unboost|[from] ability: White Smoke|[of] p1a: Torkoal","|","|-heal|p1a: Torkoal|344/344 tox|[from] item: Leftovers","|-heal|p2a: Shuckle|135/244|[from] item: Leftovers","|-damage|p1a: Torkoal|323/344 tox|[from] psn","|turn|11","|","|move|p1a: Torkoal|Yawn|p2a: Shuckle","|-start|p2a: Shuckle|move: Yawn|[of] p1a: Torkoal","|move|p2a: Shuckle|Encore|p1a: Torkoal","|-start|p1a: Torkoal|Encore","|","|-heal|p1a: Torkoal|344/344 tox|[from] item: Leftovers","|-heal|p2a: Shuckle|150/244|[from] item: Leftovers","|-damage|p1a: Torkoal|302/344 tox|[from] psn","|turn|12","|","|switch|p1a: Charizard|Charizard-Mega-Y, F|189/297 tox","|-weather|SunnyDay","|switch|p2a: Cradily|Cradily, F|376/376","|","|-weather|SunnyDay|[upkeep]","|-damage|p1a: Charizard|171/297 tox|[from] psn","|turn|13","|","|switch|p1a: Heatran|Heatran, F|385/385","|-activate|p1a: Heatran|move: Sticky Web","|-unboost|p1a: Heatran|spe|1","|move|p2a: Cradily|Recover|p2a: Cradily","|-fail|p2a: Cradily","|","|-weather|SunnyDay|[upkeep]","|turn|14","|","|move|p1a: Heatran|Toxic|p2a: Cradily","|-status|p2a: Cradily|tox","|move|p2a: Cradily|Giga Drain|p1a: Heatran","|-resisted|p1a: Heatran","|-damage|p1a: Heatran|373/385","|","|-weather|SunnyDay|[upkeep]","|-heal|p1a: Heatran|385/385|[from] item: Leftovers","|-damage|p2a: Cradily|353/376 tox|[from] psn","|turn|15","|","|switch|p2a: Shuckle|Shuckle, M|150/244","|move|p1a: Heatran|Flash Cannon|p2a: Shuckle","|-crit|p2a: Shuckle","|-supereffective|p2a: Shuckle","|-damage|p2a: Shuckle|12/244","|","|-weather|SunnyDay|[upkeep]","|-heal|p2a: Shuckle|27/244|[from] item: Leftovers","|turn|16","|","|switch|p1a: Charizard|Charizard-Mega-Y, F|171/297 tox","|move|p2a: Shuckle|Stealth Rock|p1a: Charizard","|-sidestart|p1: KGBeast|move: Stealth Rock","|","|-weather|none","|-heal|p2a: Shuckle|42/244|[from] item: Leftovers","|-damage|p1a: Charizard|153/297 tox|[from] psn","|turn|17","|","|move|p1a: Charizard|Defog|p2a: Shuckle","|-unboost|p2a: Shuckle|evasion|1","|-sideend|p1: KGBeast|Stealth Rock|[from] move: Defog|[of] p1a: Charizard","|-sideend|p1: KGBeast|Sticky Web|[from] move: Defog|[of] p1a: Charizard","|move|p2a: Shuckle|Encore|p1a: Charizard","|-start|p1a: Charizard|Encore","|","|-heal|p2a: Shuckle|57/244|[from] item: Leftovers","|-damage|p1a: Charizard|117/297 tox|[from] psn","|turn|18","|","|switch|p1a: Heatran|Heatran, F|385/385","|move|p2a: Shuckle|Sticky Web|p1a: Heatran","|-sidestart|p1: KGBeast|move: Sticky Web","|","|-heal|p2a: Shuckle|72/244|[from] item: Leftovers","|turn|19","|","|switch|p1a: Charizard|Charizard-Mega-Y, F|117/297 tox","|-weather|SunnyDay","|move|p2a: Shuckle|Stealth Rock|p1a: Charizard","|-sidestart|p1: KGBeast|move: Stealth Rock","|","|-weather|SunnyDay|[upkeep]","|-heal|p2a: Shuckle|87/244|[from] item: Leftovers","|-damage|p1a: Charizard|99/297 tox|[from] psn","|turn|20","|","|move|p1a: Charizard|Defog|p2a: Shuckle","|-unboost|p2a: Shuckle|evasion|1","|-sideend|p1: KGBeast|Stealth Rock|[from] move: Defog|[of] p1a: Charizard","|-sideend|p1: KGBeast|Sticky Web|[from] move: Defog|[of] p1a: Charizard","|move|p2a: Shuckle|Encore|p1a: Charizard","|-start|p1a: Charizard|Encore","|","|-weather|SunnyDay|[upkeep]","|-heal|p2a: Shuckle|102/244|[from] item: Leftovers","|-damage|p1a: Charizard|63/297 tox|[from] psn","|turn|21","|","|switch|p1a: Torkoal|Torkoal, F|302/344 tox","|move|p2a: Shuckle|Sticky Web|p1a: Torkoal","|-sidestart|p1: KGBeast|move: Sticky Web","|","|-weather|SunnyDay|[upkeep]","|-heal|p1a: Torkoal|323/344 tox|[from] item: Leftovers","|-heal|p2a: Shuckle|117/244|[from] item: Leftovers","|-damage|p1a: Torkoal|302/344 tox|[from] psn","|turn|22","|","|switch|p2a: Cradily|Cradily, F|353/376 tox","|move|p1a: Torkoal|Yawn|p2a: Cradily","|-fail|p2a: Cradily","|","|-weather|SunnyDay|[upkeep]","|-heal|p2a: Cradily|376/376 tox|[from] item: Leftovers","|-heal|p1a: Torkoal|323/344 tox|[from] item: Leftovers","|-damage|p2a: Cradily|353/376 tox|[from] psn","|-damage|p1a: Torkoal|281/344 tox|[from] psn","|turn|23","|","|switch|p2a: Aerodactyl|Aerodactyl, M|271/301","|-ability|p2a: Aerodactyl|Pressure","|move|p1a: Torkoal|Rapid Spin|p2a: Aerodactyl","|-resisted|p2a: Aerodactyl","|-damage|p2a: Aerodactyl|262/301","|-sideend|p1: KGBeast|Sticky Web|[from] move: Rapid Spin|[of] p1a: Torkoal","|","|-weather|none","|-heal|p1a: Torkoal|302/344 tox|[from] item: Leftovers","|-damage|p1a: Torkoal|239/344 tox|[from] psn","|turn|24","|","|move|p2a: Aerodactyl|Taunt|p1a: Torkoal","|-start|p1a: Torkoal|move: Taunt","|cant|p1a: Torkoal|move: Taunt|Yawn","|","|-heal|p1a: Torkoal|260/344 tox|[from] item: Leftovers","|-damage|p1a: Torkoal|176/344 tox|[from] psn","|turn|25","|","|move|p2a: Aerodactyl|Stone Edge|p1a: Torkoal","|-supereffective|p1a: Torkoal","|-damage|p1a: Torkoal|0 fnt","|-damage|p2a: Aerodactyl|232/301|[from] item: Life Orb","|faint|p1a: Torkoal","|","|","|switch|p1a: Darmanitan|Darmanitan, M|351/351","|turn|26","|","|switch|p2a: Cradily|Cradily, F|353/376 tox","|move|p1a: Darmanitan|Rock Slide|p2a: Cradily","|-damage|p2a: Cradily|230/376 tox","|","|-heal|p2a: Cradily|253/376 tox|[from] item: Leftovers","|-damage|p2a: Cradily|230/376 tox|[from] psn","|turn|27","|","|switch|p1a: Heatran|Heatran, F|385/385","|switch|p2a: Shuckle|Shuckle, M|117/244","|","|-heal|p2a: Shuckle|132/244|[from] item: Leftovers","|turn|28","|","|move|p1a: Heatran|Toxic|p2a: Shuckle|[miss]","|-miss|p1a: Heatran|p2a: Shuckle","|move|p2a: Shuckle|Sticky Web|p1a: Heatran","|-sidestart|p1: KGBeast|move: Sticky Web","|","|-heal|p2a: Shuckle|147/244|[from] item: Leftovers","|turn|29","|","|win|Dusk Hoot"],"p1rating":{"entryid":"6349485","serverid":"eos","formatid":"monotype","userid":"kgbeast","username":"KGBeast","w":"66","l":36,"t":"0","gxe":63.2,"r":"1626.0169202879","rd":"40.725674110957","sigma":"0","rptime":"1439024400","rpr":1602.1380846259,"rprd":38.681225709629,"rpsigma":"0","acre":1139.2235281244,"lacre":1139.2235281244,"oldacre":"1165.1203214006"},"p2rating":{"entryid":"6278074","serverid":"eos","formatid":"monotype","userid":"duskhoot","username":"Dusk Hoot","w":47,"l":"35","t":"0","gxe":56,"r":"1534.2655770476","rd":"47.464079051416","sigma":"0","rptime":"1439024400","rpr":1545.6316285575,"rprd":45.966711797474,"rpsigma":"0","acre":1178.5486488974,"lacre":1178.5486488974,"oldacre":"1152.6518556212"},"endType":"forfeit"}