{"seed":[44482,53326,49152,64020],"turns":18,"p1":"Alliance-SeaHutch","p2":"Silver - Enzo","p1team":[{"name":"Jenna Marbles","species":"garchomp","item":"rockyhelmet","ability":"Rough Skin","moves":["dragontail","earthquake","stealthrock","rest"],"nature":"Lax","evs":{"hp":252,"atk":0,"def":236,"spa":0,"spd":0,"spe":20},"ivs":{"hp":31,"atk":31,"def":31,"spa":31,"spd":31,"spe":31}},{"name":"Gooey ( ͡° ͜ʖ ͡°)","species":"goodra","item":"assaultvest","ability":"Gooey","moves":["dragonpulse","fireblast","earthquake","sludgebomb"],"nature":"Quiet","evs":{"hp":248,"atk":8,"def":0,"spa":252,"spd":0,"spe":0},"ivs":{"hp":31,"atk":31,"def":31,"spa":31,"spd":31,"spe":31}},{"name":"The Mailman","species":"dragonite","item":"choiceband","ability":"Multiscale","moves":["firepunch","outrage","extremespeed","earthquake"],"nature":"Adamant","evs":{"hp":0,"atk":252,"def":0,"spa":0,"spd":4,"spe":252},"ivs":{"hp":31,"atk":31,"def":31,"spa":31,"spd":31,"spe":31}},{"name":"Jet Blue","species":"latios","item":"lifeorb","ability":"Levitate","moves":["dragonpulse","psyshock","defog","surf"],"nature":"Timid","evs":{"hp":0,"atk":0,"def":0,"spa":252,"spd":4,"spe":252},"ivs":{"hp":31,"atk":0,"def":31,"spa":31,"spd":31,"spe":31}},{"name":"Plz Don't Ban Me","species":"altaria","item":"altarianite","ability":"Natural Cure","moves":["healbell","hypervoice","roost","fireblast"],"nature":"Calm","evs":{"hp":248,"atk":0,"def":0,"spa":8,"spd":252,"spe":0},"ivs":{"hp":31,"atk":0,"def":31,"spa":31,"spd":31,"spe":31},"happiness":0},{"name":"Kaneki Ken","species":"kyuremblack","item":"choicescarf","ability":"Teravolt","moves":["outrage","fusionbolt","icebeam","ironhead"],"nature":"Hasty","evs":{"hp":0,"atk":252,"def":0,"spa":4,"spd":0,"spe":252},"ivs":{"hp":31,"atk":31,"def":31,"spa":31,"spd":31,"spe":31}}],"p2team":[{"name":"Ninetales","species":"Ninetales","item":"heatrock","ability":"Drought","moves":["solarbeam","flamethrower","confuseray","willowisp"],"nature":"Calm","evs":{"hp":252,"atk":0,"def":4,"spa":0,"spd":252,"spe":0},"ivs":{"hp":31,"atk":31,"def":31,"spa":31,"spd":31,"spe":31}},{"name":"R-K-9","species":"arcanine","item":"focussash","ability":"Intimidate","moves":["flareblitz","outrage","wildcharge","extremespeed"],"nature":"Adamant","evs":{"hp":0,"atk":252,"def":0,"spa":0,"spd":4,"spe":252},"gender":"M","ivs":{"hp":31,"atk":31,"def":31,"spa":31,"spd":31,"spe":31}},{"name":"Grumpy Cat","species":"entei","item":"assaultvest","ability":"Pressure","moves":["sacredfire","extremespeed","stoneedge","ironhead"],"nature":"Adamant","evs":{"hp":6,"atk":252,"def":0,"spa":0,"spd":0,"spe":252},"shiny":true,"ivs":{"hp":31,"atk":31,"def":31,"spa":31,"spd":31,"spe":31}},{"name":"RKO","species":"victini","item":"whiteherb","ability":"Victory Star","moves":["vcreate","boltstrike","taunt","psychic"],"nature":"Jolly","evs":{"hp":0,"atk":252,"def":0,"spa":0,"spd":4,"spe":252},"ivs":{"hp":31,"atk":31,"def":31,"spa":31,"spd":31,"spe":31}},{"name":"Smaug","species":"charizard","item":"charizarditey","ability":"Blaze","moves":["rockslide","fireblast","dragonpulse","aircutter"],"nature":"Jolly","evs":{"hp":132,"atk":124,"def":0,"spa":0,"spd":0,"spe":252},"gender":"M","shiny":true,"ivs":{"hp":31,"atk":31,"def":31,"spa":31,"spd":31,"spe":31}},{"name":"Monkey Deez Nuts","species":"infernape","item":"focussash","ability":"Blaze","moves":["closecombat","hiddenpowerice","fireblast","earthquake"],"nature":"Jolly","evs":{"hp":0,"atk":252,"def":0,"spa":0,"spd":5,"spe":252},"gender":"M","ivs":{"hp":31,"atk":30,"def":30,"spa":31,"spd":31,"spe":31}}],"log":["|player|p1|Alliance-SeaHutch|169","|player|p2|Silver - Enzo|167","|gametype|singles","|gen|6","|tier|Monotype","|rated","|rule|Baton Pass Clause: Limit one Baton Passer, can't pass Spe and other stats simultaneously","|rule|Swagger Clause: Swagger is banned","|rule|Same Type Clause: Pokémon in a team must share a type","|clearpoke","|poke|p1|Garchomp, F","|poke|p1|Goodra, F","|poke|p1|Dragonite, M","|poke|p1|Latios, M","|poke|p1|Altaria, F","|poke|p1|Kyurem-Black","|poke|p2|Ninetales, F","|poke|p2|Arcanine, M","|poke|p2|Entei, shiny","|poke|p2|Victini","|poke|p2|Charizard, M, shiny","|poke|p2|Infernape, M","|rule|Sleep Clause Mod: Limit one foe put to sleep","|rule|Species Clause: Limit one of each Pokémon","|rule|OHKO Clause: OHKO moves are banned","|rule|Moody Clause: Moody is banned","|rule|Evasion Moves Clause: Evasion moves are banned","|rule|Endless Battle Clause: Forcing endless battles is banned","|rule|HP Percentage Mod: HP is shown in percentages","|teampreview","|","|start","|switch|p1a: Jenna Marbles|Garchomp, F|420/420","|switch|p2a: Ninetales|Ninetales, F|350/350","|-weather|SunnyDay","|turn|1","|","|switch|p2a: Smaug|Charizard, M, shiny|330/330","|move|p1a: Jenna Marbles|Stealth Rock|p2a: Smaug","|-sidestart|p2: Silver - Enzo|move: Stealth Rock","|","|-weather|SunnyDay|[upkeep]","|turn|2","|","|detailschange|p2a: Smaug|Charizard-Mega-Y, M, shiny","|-mega|p2a: Smaug|Charizard|Charizardite Y","|move|p2a: Smaug|Dragon Pulse|p1a: Jenna Marbles","|-supereffective|p1a: Jenna Marbles","|-damage|p1a: Jenna Marbles|206/420","|move|p1a: Jenna Marbles|Dragon Tail|p2a: Smaug","|-damage|p2a: Smaug|213/330","|drag|p2a: Monkey Deez Nuts|Infernape, M|293/293","|-damage|p2a: Monkey Deez Nuts|257/293|[from] Stealth Rock","|","|-weather|SunnyDay|[upkeep]","|turn|3","|","|move|p2a: Monkey Deez Nuts|Hidden Power|p1a: Jenna Marbles","|-supereffective|p1a: Jenna Marbles","|-damage|p1a: Jenna Marbles|0 fnt","|faint|p1a: Jenna Marbles","|","|-weather|SunnyDay|[upkeep]","|","|switch|p1a: Jet Blue|Latios, M|301/301","|turn|4","|","|move|p1a: Jet Blue|Psyshock|p2a: Monkey Deez Nuts","|-supereffective|p2a: Monkey Deez Nuts","|-damage|p2a: Monkey Deez Nuts|0 fnt","|-damage|p1a: Jet Blue|271/301|[from] item: Life Orb","|faint|p2a: Monkey Deez Nuts","|","|-weather|SunnyDay|[upkeep]","|","|switch|p2a: R-K-9|Arcanine, M|321/321","|-damage|p2a: R-K-9|241/321|[from] Stealth Rock","|-ability|p2a: R-K-9|Intimidate","|-unboost|p1a: Jet Blue|atk|1","|turn|5","|","|move|p1a: Jet Blue|Surf|p2a: R-K-9","|-supereffective|p2a: R-K-9","|-damage|p2a: R-K-9|69/321","|-damage|p1a: Jet Blue|241/301|[from] item: Life Orb","|move|p2a: R-K-9|Flare Blitz|p1a: Jet Blue","|-resisted|p1a: Jet Blue","|-damage|p1a: Jet Blue|44/301","|-damage|p2a: R-K-9|4/321|[from] recoil|[of] p1a: Jet Blue","|","|-weather|SunnyDay|[upkeep]","|turn|6","|","|move|p2a: R-K-9|Extreme Speed|p1a: Jet Blue","|-damage|p1a: Jet Blue|0 fnt","|faint|p1a: Jet Blue","|","|-weather|SunnyDay|[upkeep]","|","|switch|p1a: Plz Don't Ban Me|Altaria, F|353/353","|turn|7","|","|detailschange|p1a: Plz Don't Ban Me|Altaria-Mega, F","|-mega|p1a: Plz Don't Ban Me|Altaria|Altarianite","|move|p2a: R-K-9|Flare Blitz|p1a: Plz Don't Ban Me","|-resisted|p1a: Plz Don't Ban Me","|-damage|p1a: Plz Don't Ban Me|212/353","|-damage|p2a: R-K-9|0 fnt|[from] recoil|[of] p1a: Plz Don't Ban Me","|faint|p2a: R-K-9","|move|p1a: Plz Don't Ban Me|Hyper Voice|p2: R-K-9|[notarget]","|-notarget","|","|-weather|SunnyDay|[upkeep]","|","|switch|p2a: Grumpy Cat|Entei, shiny|372/372","|-damage|p2a: Grumpy Cat|279/372|[from] Stealth Rock","|-ability|p2a: Grumpy Cat|Pressure","|turn|8","|","|move|p2a: Grumpy Cat|Sacred Fire|p1a: Plz Don't Ban Me","|-resisted|p1a: Plz Don't Ban Me","|-damage|p1a: Plz Don't Ban Me|88/353","|-status|p1a: Plz Don't Ban Me|brn","|move|p1a: Plz Don't Ban Me|Roost|p1a: Plz Don't Ban Me","|-heal|p1a: Plz Don't Ban Me|265/353 brn","|","|-weather|none","|-damage|p1a: Plz Don't Ban Me|221/353 brn|[from] brn","|turn|9","|","|move|p2a: Grumpy Cat|Iron Head|p1a: Plz Don't Ban Me","|-supereffective|p1a: Plz Don't Ban Me","|-damage|p1a: Plz Don't Ban Me|47/353 brn","|move|p1a: Plz Don't Ban Me|Heal Bell|p1a: Plz Don't Ban Me","|-cureteam|p1a: Plz Don't Ban Me|[from] move: HealBell","|","|turn|10","|","|switch|p1a: Gooey ( ͡° ͜ʖ ͡°)|Goodra, F|383/383","|move|p2a: Grumpy Cat|Extreme Speed|p1a: Gooey ( ͡° ͜ʖ ͡°)","|-damage|p1a: Gooey ( ͡° ͜ʖ ͡°)|247/383","|-unboost|p2a: Grumpy Cat|spe|1","|","|turn|11","|","|move|p2a: Grumpy Cat|Sacred Fire|p1a: Gooey ( ͡° ͜ʖ ͡°)","|-resisted|p1a: Gooey ( ͡° ͜ʖ ͡°)","|-damage|p1a: Gooey ( ͡° ͜ʖ ͡°)|134/383","|-status|p1a: Gooey ( ͡° ͜ʖ ͡°)|brn","|move|p1a: Gooey ( ͡° ͜ʖ ͡°)|Earthquake|p2a: Grumpy Cat","|-supereffective|p2a: Grumpy Cat","|-damage|p2a: Grumpy Cat|190/372","|","|-damage|p1a: Gooey ( ͡° ͜ʖ ͡°)|87/383 brn|[from] brn","|turn|12","|","|move|p2a: Grumpy Cat|Extreme Speed|p1a: Gooey ( ͡° ͜ʖ ͡°)","|-damage|p1a: Gooey ( ͡° ͜ʖ ͡°)|0 fnt","|-unboost|p2a: Grumpy Cat|spe|1","|faint|p1a: Gooey ( ͡° ͜ʖ ͡°)","|","|","|switch|p1a: Kaneki Ken|Kyurem-Black|391/391","|-ability|p1a: Kaneki Ken|Teravolt","|turn|13","|","|move|p1a: Kaneki Ken|Outrage|p2a: Grumpy Cat","|-damage|p2a: Grumpy Cat|0 fnt","|faint|p2a: Grumpy Cat","|","|","|switch|p2a: Smaug|Charizard-Mega-Y, M, shiny|213/330","|-damage|p2a: Smaug|48/330|[from] Stealth Rock","|-weather|SunnyDay","|turn|14","|","|move|p1a: Kaneki Ken|Outrage|p2a: Smaug|[from]lockedmove","|-damage|p2a: Smaug|0 fnt","|faint|p2a: Smaug","|","|-weather|SunnyDay|[upkeep]","|","|switch|p2a: Ninetales|Ninetales, F|350/350","|-damage|p2a: Ninetales|263/350|[from] Stealth Rock","|turn|15","|","|move|p1a: Kaneki Ken|Outrage|p2a: Ninetales|[from]lockedmove","|-damage|p2a: Ninetales|0 fnt","|-start|p1a: Kaneki Ken|confusion|[fatigue]","|faint|p2a: Ninetales","|","|-weather|SunnyDay|[upkeep]","|","|switch|p2a: RKO|Victini|341/341","|-damage|p2a: RKO|256/341|[from] Stealth Rock","|turn|16","|","|switch|p1a: Plz Don't Ban Me|Altaria-Mega, F|47/353","|move|p2a: RKO|V-create|p1a: Plz Don't Ban Me","|-resisted|p1a: Plz Don't Ban Me","|-damage|p1a: Plz Don't Ban Me|0 fnt","|-unboost|p2a: RKO|spe|1","|-unboost|p2a: RKO|def|1","|-unboost|p2a: RKO|spd|1","|faint|p1a: Plz Don't Ban Me","|-enditem|p2a: RKO|White Herb","|-restoreboost|p2a: RKO|[silent]","|","|-weather|SunnyDay|[upkeep]","|","|switch|p1a: Kaneki Ken|Kyurem-Black|391/391","|-ability|p1a: Kaneki Ken|Teravolt","|turn|17","|","|move|p1a: Kaneki Ken|Outrage|p2a: RKO","|-damage|p2a: RKO|1/341","|move|p2a: RKO|V-create|p1a: Kaneki Ken","|-damage|p1a: Kaneki Ken|0 fnt","|-unboost|p2a: RKO|spe|1","|-unboost|p2a: RKO|def|1","|-unboost|p2a: RKO|spd|1","|faint|p1a: Kaneki Ken","|","|-weather|SunnyDay|[upkeep]","|","|switch|p1a: The Mailman|Dragonite, M|323/323","|turn|18","|","|move|p1a: The Mailman|Extreme Speed|p2a: RKO","|-damage|p2a: RKO|0 fnt","|faint|p2a: RKO","|","|win|Alliance-SeaHutch"],"p1rating":{"entryid":"6933655","serverid":"eos","formatid":"monotype","userid":"allianceseahutch","username":"Alliance-SeaHutch","w":32,"l":"5","t":"0","gxe":78.6,"r":"1722.2033487907","rd":"66.702334317651","sigma":"0","rptime":"1439024400","rpr":1748.1136581163,"rprd":63.023380632991,"rpsigma":"0","acre":1383.3091065819,"lacre":1383.3091065819,"oldacre":"1377.1642537189"},"p2rating":{"entryid":"5850771","serverid":"eos","formatid":"monotype","userid":"silverenzo","username":"Silver - Enzo","w":"18","l":38,"t":"0","gxe":36.9,"r":"1419.1512770896","rd":"67.220984993169","sigma":"0","rptime":"1439024400","rpr":1397.6063583285,"rprd":62.10339921979,"rpsigma":"0","acre":1073.9264940455,"lacre":1073.9264940455,"oldacre":"1080.7189667831"},"endType":"normal"}