{"seed":[42827,22143,11716,52066],"turns":26,"p1":"uuuuuuuuuuuuuuuuuu","p2":"Jake1079","p1team":[{"name":"bgv hjgu980ijhb","species":"landorus","item":"lifeorb","ability":"Sheer Force","moves":["earthpower","sludgewave","hiddenpowerwater","knockoff"],"nature":"Naive","evs":{"hp":0,"atk":4,"def":0,"spa":252,"spd":0,"spe":252},"ivs":{"hp":31,"atk":30,"def":30,"spa":30,"spd":31,"spe":31},"shiny":true},{"name":"hbhiuojknb jikn b","species":"garchomp","item":"choiceband","ability":"Rough Skin","moves":["earthquake","outrage","firefang","dualchop"],"nature":"Jolly","evs":{"hp":0,"atk":252,"def":0,"spa":0,"spd":4,"spe":252},"ivs":{"hp":31,"atk":31,"def":31,"spa":31,"spd":31,"spe":31}},{"name":"dfijajshbkijdnopka","species":"sandslash","item":"choiceband","ability":"Sand Rush","moves":["earthquake","return","knockoff","poisonjab"],"nature":"Jolly","evs":{"hp":0,"atk":252,"def":0,"spa":0,"spd":4,"spe":252},"ivs":{"hp":31,"atk":31,"def":31,"spa":31,"spd":31,"spe":31}},{"name":"kgkliijhukgjcxfhjk","species":"golem","item":"custapberry","ability":"Sturdy","moves":["firepunch","explosion","stealthrock","earthquake"],"nature":"Adamant","evs":{"hp":248,"atk":252,"def":0,"spa":0,"spd":8,"spe":0},"shiny":true,"ivs":{"hp":31,"atk":31,"def":31,"spa":31,"spd":31,"spe":31}},{"name":"gvhbjohbvghuhu8ijh","species":"hippowdon","item":"leftovers","ability":"Sand Stream","moves":["earthquake","crunch","slackoff","whirlwind"],"nature":"Impish","evs":{"hp":248,"atk":8,"def":252,"spa":0,"spd":0,"spe":0},"ivs":{"hp":31,"atk":31,"def":31,"spa":31,"spd":31,"spe":31}},{"name":"cleansed","species":"excadrill","item":"leftovers","ability":"Mold Breaker","moves":["earthquake","ironhead","rapidspin","stealthrock"],"nature":"Careful","evs":{"hp":252,"atk":4,"def":0,"spa":0,"spd":252,"spe":0},"ivs":{"hp":31,"atk":31,"def":31,"spa":31,"spd":31,"spe":31}}],"p2team":[{"name":"Aggron","species":"Aggron","item":"aggronite","ability":"Sturdy","moves":["thunderwave","earthquake","ironhead","endeavor"],"nature":"Adamant","evs":{"hp":252,"atk":68,"def":12,"spa":0,"spd":176,"spe":0},"ivs":{"hp":31,"atk":31,"def":31,"spa":31,"spd":31,"spe":31}},{"name":"Empoleon","species":"Empoleon","item":"choicespecs","ability":"Torrent","moves":["icebeam","scald","flashcannon","signalbeam"],"nature":"Modest","evs":{"hp":252,"atk":0,"def":0,"spa":252,"spd":4,"spe":0},"ivs":{"hp":31,"atk":31,"def":31,"spa":31,"spd":31,"spe":31}},{"name":"Heatran","species":"Heatran","item":"airballoon","ability":"Flash Fire","moves":["darkpulse","earthpower","flamethrower","flashcannon"],"nature":"Modest","evs":{"hp":252,"atk":0,"def":0,"spa":252,"spd":4,"spe":0},"ivs":{"hp":31,"atk":31,"def":31,"spa":31,"spd":31,"spe":31}},{"name":"Excadrill","species":"Excadrill","item":"choicescarf","ability":"Mold Breaker","moves":["earthquake","rockslide","xscissor","ironhead"],"nature":"Jolly","evs":{"hp":0,"atk":252,"def":0,"spa":0,"spd":4,"spe":252},"ivs":{"hp":31,"atk":31,"def":31,"spa":31,"spd":31,"spe":31}},{"name":"Doublade","species":"Doublade","item":"eviolite","ability":"No Guard","moves":["swordsdance","shadowsneak","sacredsword","shadowclaw"],"nature":"Adamant","evs":{"hp":248,"atk":252,"def":0,"spa":0,"spd":8,"spe":0},"ivs":{"hp":31,"atk":31,"def":31,"spa":31,"spd":31,"spe":31}},{"name":"Ferrothorn","species":"Ferrothorn","item":"rockyhelmet","ability":"Iron Barbs","moves":["gyroball","leechseed","thunderwave","protect"],"nature":"Relaxed","evs":{"hp":248,"atk":8,"def":252,"spa":0,"spd":0,"spe":0},"ivs":{"hp":31,"atk":31,"def":31,"spa":31,"spd":31,"spe":0}}],"log":["|player|p1|uuuuuuuuuuuuuuuuuu|271","|player|p2|Jake1079|150","|gametype|singles","|gen|6","|tier|Monotype","|rated","|rule|Baton Pass Clause: Limit one Baton Passer, can't pass Spe and other stats simultaneously","|rule|Swagger Clause: Swagger is banned","|rule|Same Type Clause: Pokémon in a team must share a type","|clearpoke","|poke|p1|Landorus, M, shiny","|poke|p1|Garchomp, M","|poke|p1|Sandslash, F","|poke|p1|Golem, F, shiny","|poke|p1|Hippowdon, F","|poke|p1|Excadrill, F","|poke|p2|Aggron, F","|poke|p2|Empoleon, M","|poke|p2|Heatran, F","|poke|p2|Excadrill, F","|poke|p2|Doublade, F","|poke|p2|Ferrothorn, M","|rule|Sleep Clause Mod: Limit one foe put to sleep","|rule|Species Clause: Limit one of each Pokémon","|rule|OHKO Clause: OHKO moves are banned","|rule|Moody Clause: Moody is banned","|rule|Evasion Moves Clause: Evasion moves are banned","|rule|Endless Battle Clause: Forcing endless battles is banned","|rule|HP Percentage Mod: HP is shown in percentages","|teampreview","|","|start","|switch|p1a: kgkliijhukgjcxfhjk|Golem, F, shiny|363/363","|switch|p2a: Aggron|Aggron, F|344/344","|turn|1","|","|detailschange|p2a: Aggron|Aggron-Mega, F","|-mega|p2a: Aggron|Aggron|Aggronite","|move|p2a: Aggron|Earthquake|p1a: kgkliijhukgjcxfhjk","|-supereffective|p1a: kgkliijhukgjcxfhjk","|-damage|p1a: kgkliijhukgjcxfhjk|169/363","|move|p1a: kgkliijhukgjcxfhjk|Earthquake|p2a: Aggron","|-supereffective|p2a: Aggron","|-damage|p2a: Aggron|200/344","|","|turn|2","|","|move|p2a: Aggron|Earthquake|p1a: kgkliijhukgjcxfhjk","|-supereffective|p1a: kgkliijhukgjcxfhjk","|-damage|p1a: kgkliijhukgjcxfhjk|0 fnt","|faint|p1a: kgkliijhukgjcxfhjk","|","|","|switch|p1a: gvhbjohbvghuhu8ijh|Hippowdon, F|419/419","|-weather|Sandstorm","|turn|3","|","|move|p2a: Aggron|Iron Head|p1a: gvhbjohbvghuhu8ijh","|-damage|p1a: gvhbjohbvghuhu8ijh|329/419","|move|p1a: gvhbjohbvghuhu8ijh|Earthquake|p2a: Aggron","|-supereffective|p2a: Aggron","|-damage|p2a: Aggron|110/344","|","|-weather|Sandstorm|[upkeep]","|-heal|p1a: gvhbjohbvghuhu8ijh|355/419|[from] item: Leftovers","|turn|4","|","|switch|p1a: cleansed|Excadrill, F|424/424","|-ability|p1a: cleansed|Mold Breaker","|move|p2a: Aggron|Iron Head|p1a: cleansed","|-resisted|p1a: cleansed","|-damage|p1a: cleansed|313/424","|","|-weather|Sandstorm|[upkeep]","|-heal|p1a: cleansed|339/424|[from] item: Leftovers","|turn|5","|","|move|p1a: cleansed|Earthquake|p2a: Aggron","|-supereffective|p2a: Aggron","|-damage|p2a: Aggron|0 fnt","|faint|p2a: Aggron","|","|-weather|Sandstorm|[upkeep]","|-heal|p1a: cleansed|365/424|[from] item: Leftovers","|","|switch|p2a: Empoleon|Empoleon, M|372/372","|turn|6","|","|move|p1a: cleansed|Stealth Rock|p2a: Empoleon","|-sidestart|p2: Jake1079|move: Stealth Rock","|move|p2a: Empoleon|Scald|p1a: cleansed","|-supereffective|p1a: cleansed","|-damage|p1a: cleansed|0 fnt","|faint|p1a: cleansed","|","|-weather|Sandstorm|[upkeep]","|","|switch|p1a: dfijajshbkijdnopka|Sandslash, F|291/291","|turn|7","|","|move|p1a: dfijajshbkijdnopka|Earthquake|p2a: Empoleon","|-supereffective|p2a: Empoleon","|-damage|p2a: Empoleon|0 fnt","|faint|p2a: Empoleon","|","|-weather|none","|","|switch|p2a: Ferrothorn|Ferrothorn, M|351/351","|-damage|p2a: Ferrothorn|330/351|[from] Stealth Rock","|turn|8","|","|switch|p1a: hbhiuojknb jikn b|Garchomp, M|357/357","|move|p2a: Ferrothorn|Leech Seed|p1a: hbhiuojknb jikn b","|-start|p1a: hbhiuojknb jikn b|move: Leech Seed","|","|-damage|p1a: hbhiuojknb jikn b|313/357|[from] Leech Seed|[of] p2a: Ferrothorn","|-heal|p2a: Ferrothorn|351/351|[silent]","|turn|9","|","|move|p2a: Ferrothorn|Protect|p2a: Ferrothorn","|-singleturn|p2a: Ferrothorn|Protect","|move|p1a: hbhiuojknb jikn b|Fire Fang|p2a: Ferrothorn","|-activate|p2a: Ferrothorn|Protect","|","|-damage|p1a: hbhiuojknb jikn b|269/357|[from] Leech Seed|[of] p2a: Ferrothorn","|turn|10","|","|switch|p1a: gvhbjohbvghuhu8ijh|Hippowdon, F|355/419","|-weather|Sandstorm","|move|p2a: Ferrothorn|Gyro Ball|p1a: gvhbjohbvghuhu8ijh","|-crit|p1a: gvhbjohbvghuhu8ijh","|-damage|p1a: gvhbjohbvghuhu8ijh|270/419","|","|-weather|Sandstorm|[upkeep]","|-heal|p1a: gvhbjohbvghuhu8ijh|296/419|[from] item: Leftovers","|turn|11","|","|move|p2a: Ferrothorn|Leech Seed|p1a: gvhbjohbvghuhu8ijh|[miss]","|-miss|p2a: Ferrothorn|p1a: gvhbjohbvghuhu8ijh","|move|p1a: gvhbjohbvghuhu8ijh|Whirlwind|p2a: Ferrothorn","|drag|p2a: Doublade|Doublade, F|321/321","|-damage|p2a: Doublade|301/321|[from] Stealth Rock","|","|-weather|Sandstorm|[upkeep]","|-heal|p1a: gvhbjohbvghuhu8ijh|322/419|[from] item: Leftovers","|turn|12","|","|move|p1a: gvhbjohbvghuhu8ijh|Crunch|p2a: Doublade","|-supereffective|p2a: Doublade","|-damage|p2a: Doublade|237/321","|move|p2a: Doublade|Shadow Claw|p1a: gvhbjohbvghuhu8ijh","|-damage|p1a: gvhbjohbvghuhu8ijh|241/419","|","|-weather|Sandstorm|[upkeep]","|-heal|p1a: gvhbjohbvghuhu8ijh|267/419|[from] item: Leftovers","|turn|13","|","|move|p2a: Doublade|Swords Dance|p2a: Doublade","|-boost|p2a: Doublade|atk|2","|move|p1a: gvhbjohbvghuhu8ijh|Whirlwind|p2a: Doublade","|drag|p2a: Ferrothorn|Ferrothorn, M|351/351","|-damage|p2a: Ferrothorn|330/351|[from] Stealth Rock","|","|-weather|Sandstorm|[upkeep]","|-heal|p1a: gvhbjohbvghuhu8ijh|293/419|[from] item: Leftovers","|turn|14","|","|switch|p1a: dfijajshbkijdnopka|Sandslash, F|291/291","|move|p2a: Ferrothorn|Leech Seed|p1a: dfijajshbkijdnopka","|-start|p1a: dfijajshbkijdnopka|move: Leech Seed","|","|-weather|none","|-damage|p1a: dfijajshbkijdnopka|255/291|[from] Leech Seed|[of] p2a: Ferrothorn","|-heal|p2a: Ferrothorn|351/351|[silent]","|turn|15","|","|move|p1a: dfijajshbkijdnopka|Knock Off|p2a: Ferrothorn","|-damage|p2a: Ferrothorn|261/351","|-damage|p1a: dfijajshbkijdnopka|219/291|[from] ability: Iron Barbs|[of] p2a: Ferrothorn","|-damage|p1a: dfijajshbkijdnopka|171/291|[from] item: Rocky Helmet|[of] p2a: Ferrothorn","|-enditem|p2a: Ferrothorn|Rocky Helmet|[from] move: Knock Off|[of] p1a: dfijajshbkijdnopka","|move|p2a: Ferrothorn|Gyro Ball|p1a: dfijajshbkijdnopka","|-damage|p1a: dfijajshbkijdnopka|6/291","|","|-damage|p1a: dfijajshbkijdnopka|0 fnt|[from] Leech Seed|[of] p2a: Ferrothorn","|-heal|p2a: Ferrothorn|267/351|[silent]","|faint|p1a: dfijajshbkijdnopka","|","|switch|p1a: hbhiuojknb jikn b|Garchomp, M|269/357","|turn|16","|","|move|p1a: hbhiuojknb jikn b|Fire Fang|p2a: Ferrothorn","|-supereffective|p2a: Ferrothorn","|-damage|p2a: Ferrothorn|15/351","|-damage|p1a: hbhiuojknb jikn b|225/357|[from] ability: Iron Barbs|[of] p2a: Ferrothorn","|move|p2a: Ferrothorn|Leech Seed|p1a: hbhiuojknb jikn b","|-start|p1a: hbhiuojknb jikn b|move: Leech Seed","|","|-damage|p1a: hbhiuojknb jikn b|181/357|[from] Leech Seed|[of] p2a: Ferrothorn","|-heal|p2a: Ferrothorn|59/351|[silent]","|turn|17","|","|switch|p1a: bgv hjgu980ijhb|Landorus, M, shiny|319/319","|move|p2a: Ferrothorn|Protect|p2a: Ferrothorn","|-fail|p2a: Ferrothorn","|","|turn|18","|","|move|p2a: Ferrothorn|Protect|p2a: Ferrothorn","|-singleturn|p2a: Ferrothorn|Protect","|move|p1a: bgv hjgu980ijhb|Earth Power|p2a: Ferrothorn","|-activate|p2a: Ferrothorn|Protect","|","|turn|19","|","|switch|p2a: Heatran|Heatran, F|386/386","|-damage|p2a: Heatran|338/386|[from] Stealth Rock","|-item|p2a: Heatran|Air Balloon","|move|p1a: bgv hjgu980ijhb|Earth Power|p2a: Heatran","|-immune|p2a: Heatran|[msg]","|","|turn|20","|","|move|p1a: bgv hjgu980ijhb|Hidden Power|p2a: Heatran","|-supereffective|p2a: Heatran","|-damage|p2a: Heatran|187/386","|-enditem|p2a: Heatran|Air Balloon","|-damage|p1a: bgv hjgu980ijhb|288/319|[from] item: Life Orb","|move|p2a: Heatran|Flamethrower|p1a: bgv hjgu980ijhb","|-crit|p1a: bgv hjgu980ijhb","|-damage|p1a: bgv hjgu980ijhb|0 fnt","|faint|p1a: bgv hjgu980ijhb","|","|","|switch|p1a: hbhiuojknb jikn b|Garchomp, M|181/357","|turn|21","|","|move|p1a: hbhiuojknb jikn b|Earthquake|p2a: Heatran","|-crit|p2a: Heatran","|-supereffective|p2a: Heatran","|-damage|p2a: Heatran|0 fnt","|faint|p2a: Heatran","|","|","|switch|p2a: Ferrothorn|Ferrothorn, M|59/351","|-damage|p2a: Ferrothorn|38/351|[from] Stealth Rock","|turn|22","|","|move|p1a: hbhiuojknb jikn b|Earthquake|p2a: Ferrothorn","|-damage|p2a: Ferrothorn|0 fnt","|faint|p2a: Ferrothorn","|","|","|switch|p2a: Excadrill|Excadrill, F|361/361","|-damage|p2a: Excadrill|350/361|[from] Stealth Rock","|-ability|p2a: Excadrill|Mold Breaker","|turn|23","|","|move|p2a: Excadrill|Earthquake|p1a: hbhiuojknb jikn b","|-damage|p1a: hbhiuojknb jikn b|0 fnt","|faint|p1a: hbhiuojknb jikn b","|","|","|switch|p1a: gvhbjohbvghuhu8ijh|Hippowdon, F|293/419","|-weather|Sandstorm","|turn|24","|","|move|p2a: Excadrill|Earthquake|p1a: gvhbjohbvghuhu8ijh","|-damage|p1a: gvhbjohbvghuhu8ijh|184/419","|move|p1a: gvhbjohbvghuhu8ijh|Earthquake|p2a: Excadrill","|-supereffective|p2a: Excadrill","|-damage|p2a: Excadrill|0 fnt","|faint|p2a: Excadrill","|","|-weather|Sandstorm|[upkeep]","|-heal|p1a: gvhbjohbvghuhu8ijh|210/419|[from] item: Leftovers","|","|switch|p2a: Doublade|Doublade, F|237/321","|-damage|p2a: Doublade|217/321|[from] Stealth Rock","|turn|25","|","|move|p1a: gvhbjohbvghuhu8ijh|Earthquake|p2a: Doublade","|-crit|p2a: Doublade","|-supereffective|p2a: Doublade","|-damage|p2a: Doublade|43/321","|move|p2a: Doublade|Swords Dance|p2a: Doublade","|-boost|p2a: Doublade|atk|2","|","|-weather|Sandstorm|[upkeep]","|-heal|p1a: gvhbjohbvghuhu8ijh|236/419|[from] item: Leftovers","|turn|26","|","|move|p2a: Doublade|Shadow Sneak|p1a: gvhbjohbvghuhu8ijh","|-damage|p1a: gvhbjohbvghuhu8ijh|149/419","|move|p1a: gvhbjohbvghuhu8ijh|Earthquake|p2a: Doublade","|-supereffective|p2a: Doublade","|-damage|p2a: Doublade|0 fnt","|faint|p2a: Doublade","|","|win|uuuuuuuuuuuuuuuuuu"],"p1rating":{"entryid":"7492373","serverid":"eos","formatid":"monotype","userid":"uuuuuuuuuuuuuuuuuu","username":"uuuuuuuuuuuuuuuuuu","w":3,"l":"1","t":"0","gxe":57,"r":"1500","rd":"130","sigma":"0","rptime":"1439024400","rpr":1555.59721302,"rprd":106.62260020653,"rpsigma":"0","acre":1099.2880572849,"lacre":1099.2880572849,"oldacre":"1070.634321236"},"p2rating":{"entryid":"7429437","serverid":"eos","formatid":"monotype","userid":"jake1079","username":"Jake1079","w":"18","l":30,"t":"0","gxe":40.2,"r":"1429.3355216087","rd":"51.736783120287","sigma":"0","rptime":"1439024400","rpr":1424.4500025646,"rprd":49.809539837631,"rpsigma":"0","acre":1042.9859579847,"lacre":1042.9859579847,"oldacre":"1061.7575165215"},"endType":"normal"}