{"seed":[26728,34720,57532,28940],"turns":37,"p1":"Jumeaux쌍둥이","p2":"Leade® Jk","p1team":[{"name":"ラティオス","species":"latios","item":"choicescarf","ability":"Levitate","moves":["shadowball","dragonpulse","psyshock","icebeam"],"nature":"Timid","evs":{"hp":0,"atk":0,"def":4,"spa":252,"spd":0,"spe":252},"ivs":{"hp":31,"atk":0,"def":31,"spa":31,"spd":31,"spe":31}},{"name":"キュレム","species":"kyuremblack","item":"lifeorb","ability":"Teravolt","moves":["icebeam","outrage","fusionbolt","ironhead"],"nature":"Naive","evs":{"hp":0,"atk":100,"def":0,"spa":180,"spd":0,"spe":228},"shiny":true,"ivs":{"hp":31,"atk":31,"def":31,"spa":31,"spd":31,"spe":31}},{"name":"ボーマンダ","species":"salamence","item":"choicescarf","ability":"Moxie","moves":["outrage","aerialace","steelwing","earthquake"],"nature":"Jolly","evs":{"hp":0,"atk":252,"def":4,"spa":0,"spd":0,"spe":252},"ivs":{"hp":31,"atk":31,"def":31,"spa":31,"spd":31,"spe":31}},{"name":"サザンドラ","species":"hydreigon","item":"choicespecs","ability":"Levitate","moves":["darkpulse","flamethrower","dracometeor","flashcannon"],"nature":"Modest","evs":{"hp":0,"atk":0,"def":4,"spa":252,"spd":0,"spe":252},"shiny":true,"ivs":{"hp":31,"atk":31,"def":31,"spa":31,"spd":31,"spe":31}},{"name":"ガブリアス","species":"garchomp","item":"rockyhelmet","ability":"Rough Skin","moves":["stealthrock","earthquake","dragontail","endure"],"nature":"Impish","evs":{"hp":252,"atk":0,"def":232,"spa":0,"spd":24,"spe":0},"ivs":{"hp":31,"atk":31,"def":31,"spa":31,"spd":31,"spe":31}},{"name":"ラティアス","species":"latias","item":"latiasite","ability":"Levitate","moves":["calmmind","recover","psyshock","dragonbreath"],"nature":"Bold","evs":{"hp":252,"atk":0,"def":224,"spa":0,"spd":0,"spe":32},"ivs":{"hp":31,"atk":0,"def":31,"spa":31,"spd":31,"spe":31}}],"p2team":[{"name":"toges.copy","species":"cobalion","item":"leftovers","ability":"Justified","moves":["stealthrock","taunt","ironhead","thunderwave"],"nature":"Impish","evs":{"hp":252,"atk":0,"def":212,"spa":0,"spd":0,"spe":44},"ivs":{"hp":31,"atk":31,"def":31,"spa":31,"spd":31,"spe":31}},{"name":"beyblade","species":"hitmontop","item":"assaultvest","ability":"Intimidate","moves":["endeavor","highjumpkick","suckerpunch","rapidspin"],"nature":"Careful","evs":{"hp":252,"atk":0,"def":16,"spa":0,"spd":240,"spe":0},"ivs":{"hp":31,"atk":31,"def":31,"spa":31,"spd":31,"spe":31}},{"name":"the.punk","species":"scrafty","item":"leftovers","ability":"Shed Skin","moves":["crunch","drainpunch","bulkup","icepunch"],"nature":"Careful","evs":{"hp":252,"atk":4,"def":0,"spa":0,"spd":252,"spe":0},"ivs":{"hp":31,"atk":31,"def":31,"spa":31,"spd":31,"spe":31}},{"name":"diddy.kong","species":"infernape","item":"focussash","ability":"Blaze","moves":["flamethrower","vacuumwave","encore","nastyplot"],"nature":"Timid","evs":{"hp":0,"atk":0,"def":0,"spa":252,"spd":0,"spe":252},"ivs":{"hp":31,"atk":31,"def":31,"spa":31,"spd":31,"spe":31}},{"name":"beetle.juice","species":"heracross","item":"heracronite","ability":"Moxie","moves":["bulletseed","rockblast","closecombat","pinmissile"],"nature":"Adamant","evs":{"hp":252,"atk":232,"def":24,"spa":0,"spd":0,"spe":0},"ivs":{"hp":31,"atk":31,"def":31,"spa":31,"spd":31,"spe":31}},{"name":"doggy","species":"terrakion","item":"choicescarf","ability":"Justified","moves":["earthquake","ironhead","stoneedge","closecombat"],"nature":"Adamant","evs":{"hp":0,"atk":252,"def":0,"spa":0,"spd":0,"spe":252},"ivs":{"hp":31,"atk":31,"def":31,"spa":31,"spd":31,"spe":31}}],"log":["|player|p1|Jumeaux쌍둥이|alliancewutang.png","|player|p2|Leade® Jk|196","|gametype|singles","|gen|6","|tier|Monotype","|rated","|rule|Baton Pass Clause: Limit one Baton Passer, can't pass Spe and other stats simultaneously","|rule|Swagger Clause: Swagger is banned","|rule|Same Type Clause: Pokémon in a team must share a type","|clearpoke","|poke|p1|Latios, M","|poke|p1|Kyurem-Black, shiny","|poke|p1|Salamence, M","|poke|p1|Hydreigon, M, shiny","|poke|p1|Garchomp, F","|poke|p1|Latias, F","|poke|p2|Cobalion","|poke|p2|Hitmontop, M","|poke|p2|Scrafty, F","|poke|p2|Infernape, F","|poke|p2|Heracross, F","|poke|p2|Terrakion","|rule|Sleep Clause Mod: Limit one foe put to sleep","|rule|Species Clause: Limit one of each Pokémon","|rule|OHKO Clause: OHKO moves are banned","|rule|Moody Clause: Moody is banned","|rule|Evasion Moves Clause: Evasion moves are banned","|rule|Endless Battle Clause: Forcing endless battles is banned","|rule|HP Percentage Mod: HP is shown in percentages","|teampreview","|","|start","|switch|p1a: ガブリアス|Garchomp, F|420/420","|switch|p2a: beetle.juice|Heracross, F|364/364","|turn|1","|","|detailschange|p2a: beetle.juice|Heracross-Mega, F","|-mega|p2a: beetle.juice|Heracross|Heracronite","|move|p1a: ガブリアス|Stealth Rock|p2a: beetle.juice","|-sidestart|p2: Leade® Jk|move: Stealth Rock","|move|p2a: beetle.juice|Bullet Seed|p1a: ガブリアス","|-damage|p1a: ガブリアス|389/420","|-damage|p1a: ガブリアス|355/420","|-damage|p1a: ガブリアス|324/420","|-damage|p1a: ガブリアス|292/420","|-damage|p1a: ガブリアス|260/420","|-hitcount|p1a: ガブリアス|5","|","|turn|2","|","|switch|p1a: ボーマンダ|Salamence, M|331/331","|move|p2a: beetle.juice|Rock Blast|p1a: ボーマンダ","|-supereffective|p1a: ボーマンダ","|-damage|p1a: ボーマンダ|227/331","|-supereffective|p1a: ボーマンダ","|-damage|p1a: ボーマンダ|127/331","|-supereffective|p1a: ボーマンダ","|-damage|p1a: ボーマンダ|17/331","|-crit|p1a: ボーマンダ","|-supereffective|p1a: ボーマンダ","|-damage|p1a: ボーマンダ|0 fnt","|-hitcount|p1a: ボーマンダ|4","|faint|p1a: ボーマンダ","|","|","|switch|p1a: ラティオス|Latios, M|301/301","|turn|3","|","|switch|p2a: the.punk|Scrafty, F|334/334","|-damage|p2a: the.punk|314/334|[from] Stealth Rock","|move|p1a: ラティオス|Psyshock|p2a: the.punk","|-immune|p2a: the.punk|[msg]","|","|-heal|p2a: the.punk|334/334|[from] item: Leftovers","|turn|4","|","|switch|p1a: ガブリアス|Garchomp, F|260/420","|move|p2a: the.punk|Bulk Up|p2a: the.punk","|-boost|p2a: the.punk|atk|1","|-boost|p2a: the.punk|def|1","|","|turn|5","|","|move|p2a: the.punk|Ice Punch|p1a: ガブリアス","|-supereffective|p1a: ガブリアス","|-damage|p1a: ガブリアス|20/420","|-damage|p2a: the.punk|293/334|[from] ability: Rough Skin|[of] p1a: ガブリアス","|-damage|p2a: the.punk|238/334|[from] item: Rocky Helmet|[of] p1a: ガブリアス","|move|p1a: ガブリアス|Dragon Tail|p2a: the.punk","|-damage|p2a: the.punk|189/334","|drag|p2a: beetle.juice|Heracross-Mega, F|364/364","|-damage|p2a: beetle.juice|319/364|[from] Stealth Rock","|","|turn|6","|","|move|p1a: ガブリアス|Earthquake|p2a: beetle.juice","|-resisted|p2a: beetle.juice","|-damage|p2a: beetle.juice|260/364","|move|p2a: beetle.juice|Rock Blast|p1a: ガブリアス","|-resisted|p1a: ガブリアス","|-damage|p1a: ガブリアス|5/420","|-resisted|p1a: ガブリアス","|-damage|p1a: ガブリアス|0 fnt","|-hitcount|p1a: ガブリアス|2","|faint|p1a: ガブリアス","|","|","|switch|p1a: サザンドラ|Hydreigon, M, shiny|325/325","|turn|7","|","|switch|p2a: beyblade|Hitmontop, M|304/304","|-damage|p2a: beyblade|285/304|[from] Stealth Rock","|-ability|p2a: beyblade|Intimidate","|-unboost|p1a: サザンドラ|atk|1","|move|p1a: サザンドラ|Flamethrower|p2a: beyblade","|-damage|p2a: beyblade|206/304","|","|turn|8","|","|switch|p1a: ラティアス|Latias, F|364/364","|move|p2a: beyblade|Rapid Spin|p1a: ラティアス","|-crit|p1a: ラティアス","|-damage|p1a: ラティアス|344/364","|-sideend|p2: Leade® Jk|Stealth Rock|[from] move: Rapid Spin|[of] p2a: beyblade","|","|turn|9","|","|switch|p2a: the.punk|Scrafty, F|189/334","|detailschange|p1a: ラティアス|Latias-Mega, F","|-mega|p1a: ラティアス|Latias|Latiasite","|move|p1a: ラティアス|Calm Mind|p1a: ラティアス","|-boost|p1a: ラティアス|spa|1","|-boost|p1a: ラティアス|spd|1","|","|-heal|p2a: the.punk|209/334|[from] item: Leftovers","|turn|10","|","|move|p1a: ラティアス|Calm Mind|p1a: ラティアス","|-boost|p1a: ラティアス|spa|1","|-boost|p1a: ラティアス|spd|1","|move|p2a: the.punk|Bulk Up|p2a: the.punk","|-boost|p2a: the.punk|atk|1","|-boost|p2a: the.punk|def|1","|","|-heal|p2a: the.punk|229/334|[from] item: Leftovers","|turn|11","|","|move|p1a: ラティアス|Dragon Breath|p2a: the.punk","|-damage|p2a: the.punk|108/334","|move|p2a: the.punk|Crunch|p1a: ラティアス","|-supereffective|p1a: ラティアス","|-damage|p1a: ラティアス|180/364","|","|-heal|p2a: the.punk|128/334|[from] item: Leftovers","|turn|12","|","|move|p1a: ラティアス|Dragon Breath|p2a: the.punk","|-damage|p2a: the.punk|4/334","|-status|p2a: the.punk|par","|move|p2a: the.punk|Crunch|p1a: ラティアス","|-supereffective|p1a: ラティアス","|-damage|p1a: ラティアス|10/364","|","|-heal|p2a: the.punk|24/334 par|[from] item: Leftovers","|turn|13","|","|switch|p2a: diddy.kong|Infernape, F|293/293","|move|p1a: ラティアス|Recover|p1a: ラティアス","|-heal|p1a: ラティアス|192/364","|","|turn|14","|","|move|p2a: diddy.kong|Encore|p1a: ラティアス","|-start|p1a: ラティアス|Encore","|move|p1a: ラティアス|Recover|p1a: ラティアス","|-heal|p1a: ラティアス|364/364","|","|turn|15","|","|switch|p1a: ラティオス|Latios, M|301/301","|move|p2a: diddy.kong|Nasty Plot|p2a: diddy.kong","|-boost|p2a: diddy.kong|spa|2","|","|turn|16","|","|switch|p2a: the.punk|Scrafty, F|24/334 par","|move|p1a: ラティオス|Psyshock|p2a: the.punk","|-immune|p2a: the.punk|[msg]","|","|-heal|p2a: the.punk|44/334 par|[from] item: Leftovers","|turn|17","|","|switch|p1a: キュレム|Kyurem-Black, shiny|391/391","|-ability|p1a: キュレム|Teravolt","|move|p2a: the.punk|Crunch|p1a: キュレム","|-damage|p1a: キュレム|297/391","|","|-heal|p2a: the.punk|64/334 par|[from] item: Leftovers","|turn|18","|","|move|p1a: キュレム|Fusion Bolt|p2a: the.punk","|-damage|p2a: the.punk|0 fnt","|-damage|p1a: キュレム|258/391|[from] item: Life Orb","|faint|p2a: the.punk","|","|","|switch|p2a: toges.copy|Cobalion|386/386","|turn|19","|","|switch|p1a: サザンドラ|Hydreigon, M, shiny|325/325","|move|p2a: toges.copy|Thunder Wave|p1a: サザンドラ","|-status|p1a: サザンドラ|par","|","|turn|20","|","|switch|p2a: beyblade|Hitmontop, M|206/304","|-ability|p2a: beyblade|Intimidate","|-unboost|p1a: サザンドラ|atk|1","|move|p1a: サザンドラ|Flamethrower|p2a: beyblade","|-damage|p2a: beyblade|129/304","|","|turn|21","|","|switch|p1a: ラティアス|Latias-Mega, F|364/364","|move|p2a: beyblade|Endeavor|p1a: ラティアス","|-damage|p1a: ラティアス|129/364","|","|turn|22","|","|switch|p2a: beetle.juice|Heracross-Mega, F|260/364","|move|p1a: ラティアス|Recover|p1a: ラティアス","|-heal|p1a: ラティアス|311/364","|","|turn|23","|","|move|p1a: ラティアス|Psyshock|p2a: beetle.juice","|-supereffective|p2a: beetle.juice","|-damage|p2a: beetle.juice|36/364","|move|p2a: beetle.juice|Pin Missile|p1a: ラティアス","|-supereffective|p1a: ラティアス","|-damage|p1a: ラティアス|225/364","|-supereffective|p1a: ラティアス","|-damage|p1a: ラティアス|141/364","|-supereffective|p1a: ラティアス","|-damage|p1a: ラティアス|61/364","|-supereffective|p1a: ラティアス","|-damage|p1a: ラティアス|0 fnt","|-hitcount|p1a: ラティアス|4","|faint|p1a: ラティアス","|","|","|switch|p1a: ラティオス|Latios, M|301/301","|turn|24","|","|move|p1a: ラティオス|Psyshock|p2a: beetle.juice","|-supereffective|p2a: beetle.juice","|-damage|p2a: beetle.juice|0 fnt","|faint|p2a: beetle.juice","|","|","|switch|p2a: toges.copy|Cobalion|386/386","|turn|25","|","|switch|p1a: サザンドラ|Hydreigon, M, shiny|325/325 par","|move|p2a: toges.copy|Stealth Rock|p1a: サザンドラ","|-sidestart|p1: Jumeaux쌍둥이|move: Stealth Rock","|","|turn|26","|","|switch|p2a: beyblade|Hitmontop, M|129/304","|-ability|p2a: beyblade|Intimidate","|-unboost|p1a: サザンドラ|atk|1","|cant|p1a: サザンドラ|par","|","|turn|27","|","|move|p2a: beyblade|Endeavor|p1a: サザンドラ","|-damage|p1a: サザンドラ|129/325 par","|move|p1a: サザンドラ|Draco Meteor|p2a: beyblade","|-damage|p2a: beyblade|0 fnt","|-unboost|p1a: サザンドラ|spa|2","|faint|p2a: beyblade","|","|","|switch|p2a: diddy.kong|Infernape, F|293/293","|turn|28","|","|move|p2a: diddy.kong|Nasty Plot|p2a: diddy.kong","|-boost|p2a: diddy.kong|spa|2","|move|p1a: サザンドラ|Draco Meteor|p2a: diddy.kong","|-damage|p2a: diddy.kong|52/293","|-unboost|p1a: サザンドラ|spa|2","|","|turn|29","|","|move|p2a: diddy.kong|Vacuum Wave|p1a: サザンドラ","|-supereffective|p1a: サザンドラ","|-damage|p1a: サザンドラ|0 fnt","|faint|p1a: サザンドラ","|","|","|switch|p1a: ラティオス|Latios, M|301/301","|-damage|p1a: ラティオス|264/301|[from] Stealth Rock","|turn|30","|","|move|p2a: diddy.kong|Vacuum Wave|p1a: ラティオス","|-resisted|p1a: ラティオス","|-damage|p1a: ラティオス|210/301","|move|p1a: ラティオス|Psyshock|p2a: diddy.kong","|-supereffective|p2a: diddy.kong","|-damage|p2a: diddy.kong|0 fnt","|faint|p2a: diddy.kong","|","|","|switch|p2a: toges.copy|Cobalion|386/386","|turn|31","|","|switch|p1a: キュレム|Kyurem-Black, shiny|258/391","|-damage|p1a: キュレム|161/391|[from] Stealth Rock","|-ability|p1a: キュレム|Teravolt","|move|p2a: toges.copy|Thunder Wave|p1a: キュレム","|-status|p1a: キュレム|par","|","|turn|32","|","|switch|p2a: doggy|Terrakion|323/323","|move|p1a: キュレム|Fusion Bolt|p2a: doggy","|-damage|p2a: doggy|148/323","|-damage|p1a: キュレム|122/391 par|[from] item: Life Orb","|","|turn|33","|","|move|p2a: doggy|Iron Head|p1a: キュレム","|-supereffective|p1a: キュレム","|-damage|p1a: キュレム|0 fnt","|faint|p1a: キュレム","|","|","|switch|p1a: ラティオス|Latios, M|210/301","|-damage|p1a: ラティオス|173/301|[from] Stealth Rock","|turn|34","|","|move|p1a: ラティオス|Psyshock|p2a: doggy","|-supereffective|p2a: doggy","|-damage|p2a: doggy|0 fnt","|faint|p2a: doggy","|","|","|switch|p2a: toges.copy|Cobalion|386/386","|turn|35","|","|move|p1a: ラティオス|Psyshock|p2a: toges.copy","|-damage|p2a: toges.copy|292/386","|move|p2a: toges.copy|Thunder Wave|p1a: ラティオス","|-status|p1a: ラティオス|par","|","|-heal|p2a: toges.copy|316/386|[from] item: Leftovers","|turn|36","|","|move|p2a: toges.copy|Iron Head|p1a: ラティオス","|-damage|p1a: ラティオス|73/301 par","|cant|p1a: ラティオス|flinch","|","|-heal|p2a: toges.copy|340/386|[from] item: Leftovers","|turn|37","|","|win|Leade® Jk"],"p1rating":{"entryid":"7501166","serverid":"eos","formatid":"monotype","userid":"jumeaux","username":"Jumeaux쌍둥이","w":"7","l":3,"t":"0","gxe":63,"r":"1500","rd":"130","sigma":"0","rptime":"1439024400","rpr":1603.3551983189,"rprd":86.293775858978,"rpsigma":"0","acre":1169.0337786132,"lacre":1169.0337786132,"oldacre":"1186.6263664618"},"p2rating":{"entryid":"6802202","serverid":"eos","formatid":"monotype","userid":"leadejk","username":"Leade✘ Jk","w":42,"l":"22","t":"0","gxe":64.6,"r":"1609.1668123395","rd":"51.331046077953","sigma":"0","rptime":"1439024400","rpr":1614.4177900488,"rprd":48.724705644972,"rpsigma":"0","acre":1310.3448039443,"lacre":1310.3448039443,"oldacre":"1292.7522160957"},"endType":"forfeit"}