{"seed":[48741,19288,10606,18864],"turns":26,"p1":"BL4cK Dolphin검은돌고래","p2":"alliance - ed wins","p1team":[{"name":"ラティオス","species":"latios","item":"choicescarf","ability":"Levitate","moves":["hiddenpowerfire","dragonpulse","psyshock","icebeam"],"nature":"Timid","evs":{"hp":0,"atk":0,"def":4,"spa":252,"spd":0,"spe":252},"ivs":{"hp":31,"atk":30,"def":31,"spa":30,"spd":31,"spe":30}},{"name":"キュレム","species":"kyuremblack","item":"lifeorb","ability":"Teravolt","moves":["icebeam","outrage","fusionbolt","ironhead"],"nature":"Naive","evs":{"hp":0,"atk":100,"def":0,"spa":180,"spd":0,"spe":228},"shiny":true,"ivs":{"hp":31,"atk":31,"def":31,"spa":31,"spd":31,"spe":31}},{"name":"ボーマンダ","species":"salamence","item":"choicescarf","ability":"Moxie","moves":["outrage","aerialace","steelwing","earthquake"],"nature":"Jolly","evs":{"hp":0,"atk":252,"def":4,"spa":0,"spd":0,"spe":252},"ivs":{"hp":31,"atk":31,"def":31,"spa":31,"spd":31,"spe":31}},{"name":"サザンドラ","species":"hydreigon","item":"lifeorb","ability":"Levitate","moves":["darkpulse","flamethrower","dracometeor","flashcannon"],"nature":"Timid","evs":{"hp":4,"atk":0,"def":0,"spa":252,"spd":0,"spe":252},"shiny":true,"ivs":{"hp":31,"atk":31,"def":31,"spa":31,"spd":31,"spe":31}},{"name":"ガブリアス","species":"garchomp","item":"rockyhelmet","ability":"Rough Skin","moves":["stealthrock","earthquake","dragontail","endure"],"nature":"Impish","evs":{"hp":252,"atk":0,"def":232,"spa":0,"spd":24,"spe":0},"ivs":{"hp":31,"atk":31,"def":31,"spa":31,"spd":31,"spe":31}},{"name":"ラティアス","species":"latias","item":"latiasite","ability":"Levitate","moves":["calmmind","recover","psyshock","dragonbreath"],"nature":"Bold","evs":{"hp":252,"atk":0,"def":224,"spa":0,"spd":0,"spe":32},"ivs":{"hp":31,"atk":0,"def":31,"spa":31,"spd":31,"spe":31}}],"p2team":[{"name":"Generic Fairy V2.1","species":"diancie","item":"leftovers","ability":"Clear Body","moves":["stealthrock","trickroom","diamondstorm","explosion"],"nature":"Brave","evs":{"hp":248,"atk":252,"def":8,"spa":0,"spd":0,"spe":0},"ivs":{"hp":31,"atk":31,"def":31,"spa":31,"spd":31,"spe":0}},{"name":"Anon Twink","species":"sylveon","item":"choicespecs","ability":"Pixilate","moves":["hypervoice","hiddenpowerfire","psyshock","shadowball"],"nature":"Quiet","evs":{"hp":248,"atk":0,"def":8,"spa":252,"spd":0,"spe":0},"gender":"M","ivs":{"hp":31,"atk":0,"def":31,"spa":30,"spd":31,"spe":0}},{"name":"Urine Trouble","species":"azumarill","item":"lifeorb","ability":"Huge Power","moves":["playrough","waterfall","superpower","aquajet"],"nature":"Brave","evs":{"hp":248,"atk":252,"def":0,"spa":0,"spd":8,"spe":0},"gender":"M","ivs":{"hp":31,"atk":31,"def":31,"spa":31,"spd":31,"spe":0},"shiny":true},{"name":"Gardevoir-Senpai","species":"gardevoir","item":"gardevoirite","ability":"Trace","moves":["hypervoice","focusblast","trickroom","healingwish"],"nature":"Quiet","evs":{"hp":248,"atk":0,"def":8,"spa":252,"spd":0,"spe":0},"gender":"M","ivs":{"hp":31,"atk":0,"def":31,"spa":31,"spd":31,"spe":0},"shiny":true},{"name":"Janitors Fren","species":"klefki","item":"lightclay","ability":"Prankster","moves":["reflect","lightscreen","foulplay","spikes"],"nature":"Bold","evs":{"hp":248,"atk":0,"def":252,"spa":0,"spd":8,"spe":0},"ivs":{"hp":31,"atk":0,"def":31,"spa":31,"spd":31,"spe":31}},{"name":"'Murica","species":"togekiss","item":"choicescarf","ability":"Serene Grace","moves":["airslash","fireblast","dazzlinggleam","trick"],"nature":"Timid","evs":{"hp":0,"atk":0,"def":0,"spa":252,"spd":4,"spe":252},"ivs":{"hp":31,"atk":0,"def":31,"spa":31,"spd":31,"spe":31}}],"log":["|player|p1|BL4cK Dolphin검은돌고래|alliancewutang.png","|player|p2|alliance - ed wins|102","|gametype|singles","|gen|6","|tier|Monotype","|rated","|rule|Baton Pass Clause: Limit one Baton Passer, can't pass Spe and other stats simultaneously","|rule|Swagger Clause: Swagger is banned","|rule|Same Type Clause: Pokémon in a team must share a type","|clearpoke","|poke|p1|Latios, M","|poke|p1|Kyurem-Black, shiny","|poke|p1|Salamence, F","|poke|p1|Hydreigon, M, shiny","|poke|p1|Garchomp, M","|poke|p1|Latias, F","|poke|p2|Diancie","|poke|p2|Sylveon, M","|poke|p2|Azumarill, M, shiny","|poke|p2|Gardevoir, M, shiny","|poke|p2|Klefki, F","|poke|p2|Togekiss, F","|rule|Sleep Clause Mod: Limit one foe put to sleep","|rule|Species Clause: Limit one of each Pokémon","|rule|OHKO Clause: OHKO moves are banned","|rule|Moody Clause: Moody is banned","|rule|Evasion Moves Clause: Evasion moves are banned","|rule|Endless Battle Clause: Forcing endless battles is banned","|rule|HP Percentage Mod: HP is shown in percentages","|teampreview","|","|start","|switch|p1a: サザンドラ|Hydreigon, M, shiny|326/326","|switch|p2a: Anon Twink|Sylveon, M|393/393","|turn|1","|","|move|p1a: サザンドラ|Flash Cannon|p2a: Anon Twink","|-supereffective|p2a: Anon Twink","|-damage|p2a: Anon Twink|182/393","|-unboost|p2a: Anon Twink|spd|1","|-damage|p1a: サザンドラ|294/326|[from] item: Life Orb","|move|p2a: Anon Twink|Hyper Voice|p1a: サザンドラ","|-supereffective|p1a: サザンドラ","|-damage|p1a: サザンドラ|0 fnt","|faint|p1a: サザンドラ","|","|","|switch|p1a: キュレム|Kyurem-Black, shiny|391/391","|-ability|p1a: キュレム|Teravolt","|turn|2","|","|switch|p2a: Janitors Fren|Klefki, F|317/317","|move|p1a: キュレム|Iron Head|p2a: Janitors Fren","|-damage|p2a: Janitors Fren|201/317","|-damage|p1a: キュレム|352/391|[from] item: Life Orb","|","|turn|3","|","|switch|p1a: ガブリアス|Garchomp, M|420/420","|switch|p2a: 'Murica|Togekiss, F|311/311","|","|turn|4","|","|move|p2a: 'Murica|Air Slash|p1a: ガブリアス","|-damage|p1a: ガブリアス|278/420","|cant|p1a: ガブリアス|flinch","|","|turn|5","|","|move|p2a: 'Murica|Air Slash|p1a: ガブリアス","|-damage|p1a: ガブリアス|146/420","|move|p1a: ガブリアス|Stealth Rock|p2a: 'Murica","|-sidestart|p2: alliance - ed wins|move: Stealth Rock","|","|turn|6","|","|switch|p1a: ラティオス|Latios, M|301/301","|move|p2a: 'Murica|Air Slash|p1a: ラティオス","|-damage|p1a: ラティオス|184/301","|","|turn|7","|","|switch|p2a: Janitors Fren|Klefki, F|201/317","|-damage|p2a: Janitors Fren|182/317|[from] Stealth Rock","|move|p1a: ラティオス|Ice Beam|p2a: Janitors Fren","|-resisted|p2a: Janitors Fren","|-damage|p2a: Janitors Fren|126/317","|","|turn|8","|","|switch|p1a: ガブリアス|Garchomp, M|146/420","|switch|p2a: 'Murica|Togekiss, F|311/311","|-damage|p2a: 'Murica|234/311|[from] Stealth Rock","|","|turn|9","|","|move|p2a: 'Murica|Air Slash|p1a: ガブリアス","|-damage|p1a: ガブリアス|14/420","|cant|p1a: ガブリアス|flinch","|","|turn|10","|","|move|p2a: 'Murica|Air Slash|p1a: ガブリアス|[miss]","|-miss|p2a: 'Murica|p1a: ガブリアス","|move|p1a: ガブリアス|Earthquake|p2a: 'Murica","|-immune|p2a: 'Murica|[msg]","|","|turn|11","|","|move|p2a: 'Murica|Air Slash|p1a: ガブリアス","|-damage|p1a: ガブリアス|0 fnt","|faint|p1a: ガブリアス","|","|","|switch|p1a: ラティオス|Latios, M|184/301","|turn|12","|","|move|p1a: ラティオス|Hidden Power|p2a: 'Murica","|-damage|p2a: 'Murica|168/311","|move|p2a: 'Murica|Air Slash|p1a: ラティオス|[miss]","|-miss|p2a: 'Murica|p1a: ラティオス","|","|turn|13","|","|switch|p1a: ボーマンダ|Salamence, F|331/331","|switch|p2a: Generic Fairy V2.1|Diancie|303/303","|-damage|p2a: Generic Fairy V2.1|266/303|[from] Stealth Rock","|","|-heal|p2a: Generic Fairy V2.1|284/303|[from] item: Leftovers","|turn|14","|","|switch|p2a: Urine Trouble|Azumarill, M, shiny|403/403","|-damage|p2a: Urine Trouble|353/403|[from] Stealth Rock","|move|p1a: ボーマンダ|Steel Wing|p2a: Urine Trouble","|-damage|p2a: Urine Trouble|247/403","|","|turn|15","|","|move|p1a: ボーマンダ|Steel Wing|p2a: Urine Trouble","|-damage|p2a: Urine Trouble|150/403","|move|p2a: Urine Trouble|Play Rough|p1a: ボーマンダ","|-crit|p1a: ボーマンダ","|-supereffective|p1a: ボーマンダ","|-damage|p1a: ボーマンダ|0 fnt","|-damage|p2a: Urine Trouble|110/403|[from] item: Life Orb","|faint|p1a: ボーマンダ","|","|","|switch|p1a: ラティアス|Latias, F|364/364","|turn|16","|","|detailschange|p1a: ラティアス|Latias-Mega, F","|-mega|p1a: ラティアス|Latias|Latiasite","|move|p1a: ラティアス|Psyshock|p2a: Urine Trouble","|-damage|p2a: Urine Trouble|0 fnt","|faint|p2a: Urine Trouble","|","|","|switch|p2a: Gardevoir-Senpai|Gardevoir, M, shiny|339/339","|-damage|p2a: Gardevoir-Senpai|297/339|[from] Stealth Rock","|-ability|p2a: Gardevoir-Senpai|Levitate|[from] ability: Trace|[of] p1a: ラティアス","|turn|17","|","|move|p1a: ラティアス|Calm Mind|p1a: ラティアス","|-boost|p1a: ラティアス|spa|1","|-boost|p1a: ラティアス|spd|1","|move|p2a: Gardevoir-Senpai|Trick Room|p2a: Gardevoir-Senpai","|-fieldstart|move: Trick Room|[of] p2a: Gardevoir-Senpai","|","|turn|18","|","|detailschange|p2a: Gardevoir-Senpai|Gardevoir-Mega, M, shiny","|-mega|p2a: Gardevoir-Senpai|Gardevoir|Gardevoirite","|move|p2a: Gardevoir-Senpai|Hyper Voice|p1a: ラティアス","|-supereffective|p1a: ラティアス","|-damage|p1a: ラティアス|106/364","|move|p1a: ラティアス|Recover|p1a: ラティアス","|-heal|p1a: ラティアス|288/364","|","|turn|19","|","|move|p2a: Gardevoir-Senpai|Hyper Voice|p1a: ラティアス","|-supereffective|p1a: ラティアス","|-damage|p1a: ラティアス|16/364","|move|p1a: ラティアス|Psyshock|p2a: Gardevoir-Senpai","|-resisted|p2a: Gardevoir-Senpai","|-damage|p2a: Gardevoir-Senpai|154/339","|","|turn|20","|","|move|p2a: Gardevoir-Senpai|Hyper Voice|p1a: ラティアス","|-supereffective|p1a: ラティアス","|-damage|p1a: ラティアス|0 fnt","|faint|p1a: ラティアス","|","|","|switch|p1a: ラティオス|Latios, M|184/301","|turn|21","|","|move|p2a: Gardevoir-Senpai|Hyper Voice|p1a: ラティオス","|-supereffective|p1a: ラティオス","|-damage|p1a: ラティオス|0 fnt","|faint|p1a: ラティオス","|","|-fieldend|move: Trick Room","|","|switch|p1a: キュレム|Kyurem-Black, shiny|352/391","|-ability|p1a: キュレム|Teravolt","|turn|22","|","|move|p1a: キュレム|Iron Head|p2a: Gardevoir-Senpai","|-supereffective|p2a: Gardevoir-Senpai","|-damage|p2a: Gardevoir-Senpai|0 fnt","|-damage|p1a: キュレム|313/391|[from] item: Life Orb","|faint|p2a: Gardevoir-Senpai","|","|","|switch|p2a: Janitors Fren|Klefki, F|126/317","|-damage|p2a: Janitors Fren|107/317|[from] Stealth Rock","|turn|23","|","|move|p2a: Janitors Fren|Reflect|p2a: Janitors Fren","|-sidestart|p2: alliance - ed wins|Reflect","|move|p1a: キュレム|Fusion Bolt|p2a: Janitors Fren","|-damage|p2a: Janitors Fren|39/317","|-damage|p1a: キュレム|274/391|[from] item: Life Orb","|","|turn|24","|","|move|p2a: Janitors Fren|Light Screen|p2a: Janitors Fren","|-sidestart|p2: alliance - ed wins|move: Light Screen","|move|p1a: キュレム|Fusion Bolt|p2a: Janitors Fren","|-damage|p2a: Janitors Fren|0 fnt","|-damage|p1a: キュレム|235/391|[from] item: Life Orb","|faint|p2a: Janitors Fren","|","|","|switch|p2a: Anon Twink|Sylveon, M|182/393","|-damage|p2a: Anon Twink|133/393|[from] Stealth Rock","|turn|25","|","|move|p1a: キュレム|Iron Head|p2a: Anon Twink","|-supereffective|p2a: Anon Twink","|-damage|p2a: Anon Twink|0 fnt","|-damage|p1a: キュレム|196/391|[from] item: Life Orb","|faint|p2a: Anon Twink","|","|","|switch|p2a: 'Murica|Togekiss, F|168/311","|-damage|p2a: 'Murica|91/311|[from] Stealth Rock","|turn|26","|","|move|p2a: 'Murica|Dazzling Gleam|p1a: キュレム","|-supereffective|p1a: キュレム","|-damage|p1a: キュレム|0 fnt","|faint|p1a: キュレム","|","|win|alliance - ed wins"],"p1rating":{"entryid":"7481072","serverid":"eos","formatid":"monotype","userid":"bl4ckdolphin","username":"BL4cK Dolphin검은돌고래","w":"0","l":2,"t":"0","gxe":42.5,"r":"1500","rd":"130","sigma":"0","rptime":"1438938000","rpr":1439.6099411924,"rprd":116.28621194652,"rpsigma":"0","acre":1000,"lacre":1000,"oldacre":"1000"},"p2rating":{"entryid":"7432721","serverid":"eos","formatid":"monotype","userid":"allianceedwins","username":"alliance - ed wins","w":6,"l":"1","t":"0","gxe":68.3,"r":"1633.5695746194","rd":"98.144601938843","sigma":"0","rptime":"1438938000","rpr":1649.4955489725,"rprd":95.315070196648,"rpsigma":"0","acre":1174.3890347828,"lacre":1174.3890347828,"oldacre":"1160.1611149875"},"endType":"normal"}