{"seed":[5440,55793,28989,4065],"turns":21,"p1":"V Psychic","p2":"Leade Jk","p1team":[{"name":"Zapdos","species":"Zapdos","item":"leftovers","ability":"Pressure","moves":["roost","defog","heatwave","discharge"],"nature":"Bold","evs":{"hp":248,"atk":0,"def":176,"spa":68,"spd":0,"spe":16},"ivs":{"hp":31,"atk":0,"def":31,"spa":31,"spd":31,"spe":31}},{"name":"Thundurus","species":"Thundurus","item":"lifeorb","ability":"Prankster","moves":["superpower","discharge","knockoff","psychic"],"nature":"Naive","evs":{"hp":0,"atk":72,"def":0,"spa":184,"spd":0,"spe":252},"ivs":{"hp":31,"atk":31,"def":31,"spa":31,"spd":31,"spe":31}},{"name":"Rotom-Wash","species":"Rotom-Wash","item":"leftovers","ability":"Levitate","moves":["willowisp","hydropump","voltswitch","painsplit"],"nature":"Calm","evs":{"hp":248,"atk":0,"def":0,"spa":0,"spd":216,"spe":44},"ivs":{"hp":31,"atk":0,"def":31,"spa":31,"spd":31,"spe":31}},{"name":"Magnezone","species":"Magnezone","item":"choicescarf","ability":"Sturdy","moves":["voltswitch","discharge","hiddenpowerice","flashcannon"],"nature":"Timid","evs":{"hp":0,"atk":0,"def":0,"spa":252,"spd":4,"spe":252},"ivs":{"hp":31,"atk":30,"def":30,"spa":31,"spd":31,"spe":31}},{"name":"Manectric","species":"Manectric","item":"manectite","ability":"Static","moves":["voltswitch","discharge","overheat","hiddenpowergrass"],"nature":"Timid","evs":{"hp":0,"atk":0,"def":0,"spa":252,"spd":4,"spe":252},"ivs":{"hp":31,"atk":30,"def":31,"spa":30,"spd":31,"spe":31}},{"name":"Luxray","species":"Luxray","item":"choiceband","ability":"Guts","moves":["wildcharge","crunch","superpower","icefang"],"nature":"Jolly","evs":{"hp":0,"atk":252,"def":0,"spa":0,"spd":4,"spe":252},"shiny":true,"ivs":{"hp":31,"atk":31,"def":31,"spa":31,"spd":31,"spe":31}}],"p2team":[{"name":"toges.copy","species":"cobalion","item":"leftovers","ability":"Justified","moves":["stealthrock","taunt","ironhead","thunderwave"],"nature":"Impish","evs":{"hp":252,"atk":0,"def":212,"spa":0,"spd":0,"spe":44},"ivs":{"hp":31,"atk":31,"def":31,"spa":31,"spd":31,"spe":31}},{"name":"beyblade","species":"hitmontop","item":"assaultvest","ability":"Intimidate","moves":["endeavor","highjumpkick","suckerpunch","rapidspin"],"nature":"Careful","evs":{"hp":252,"atk":0,"def":16,"spa":0,"spd":240,"spe":0},"ivs":{"hp":31,"atk":31,"def":31,"spa":31,"spd":31,"spe":31}},{"name":"the.punk","species":"scrafty","item":"leftovers","ability":"Shed Skin","moves":["crunch","drainpunch","bulkup","icepunch"],"nature":"Careful","evs":{"hp":252,"atk":4,"def":0,"spa":0,"spd":252,"spe":0},"ivs":{"hp":31,"atk":31,"def":31,"spa":31,"spd":31,"spe":31}},{"name":"diddy.kong","species":"infernape","item":"focussash","ability":"Blaze","moves":["flamethrower","vacuumwave","encore","nastyplot"],"nature":"Timid","evs":{"hp":0,"atk":0,"def":0,"spa":252,"spd":0,"spe":252},"ivs":{"hp":31,"atk":31,"def":31,"spa":31,"spd":31,"spe":31}},{"name":"beetle.juice","species":"heracross","item":"heracronite","ability":"Moxie","moves":["bulletseed","rockblast","closecombat","pinmissile"],"nature":"Adamant","evs":{"hp":252,"atk":232,"def":24,"spa":0,"spd":0,"spe":0},"ivs":{"hp":31,"atk":31,"def":31,"spa":31,"spd":31,"spe":31}},{"name":"doggy","species":"terrakion","item":"choicescarf","ability":"Justified","moves":["earthquake","ironhead","stoneedge","closecombat"],"nature":"Adamant","evs":{"hp":0,"atk":252,"def":0,"spa":0,"spd":0,"spe":252},"ivs":{"hp":31,"atk":31,"def":31,"spa":31,"spd":31,"spe":31}}],"log":["|player|p1|V Psychic|167","|player|p2|Leade Jk|196","|gametype|singles","|gen|6","|tier|Monotype","|rated","|rule|Baton Pass Clause: Limit one Baton Passer, can't pass Spe and other stats simultaneously","|rule|Swagger Clause: Swagger is banned","|rule|Same Type Clause: Pokémon in a team must share a type","|clearpoke","|poke|p1|Zapdos","|poke|p1|Thundurus, M","|poke|p1|Rotom-Wash","|poke|p1|Magnezone","|poke|p1|Manectric, F","|poke|p1|Luxray, M, shiny","|poke|p2|Cobalion","|poke|p2|Hitmontop, M","|poke|p2|Scrafty, M","|poke|p2|Infernape, F","|poke|p2|Heracross, F","|poke|p2|Terrakion","|rule|Sleep Clause Mod: Limit one foe put to sleep","|rule|Species Clause: Limit one of each Pokémon","|rule|OHKO Clause: OHKO moves are banned","|rule|Moody Clause: Moody is banned","|rule|Evasion Moves Clause: Evasion moves are banned","|rule|Endless Battle Clause: Forcing endless battles is banned","|rule|HP Percentage Mod: HP is shown in percentages","|teampreview","|","|start","|switch|p1a: Zapdos|Zapdos|383/383","|switch|p2a: beetle.juice|Heracross, F|364/364","|-ability|p1a: Zapdos|Pressure","|turn|1","|","|detailschange|p2a: beetle.juice|Heracross-Mega, F","|-mega|p2a: beetle.juice|Heracross|Heracronite","|move|p1a: Zapdos|Heat Wave|p2a: beetle.juice","|-miss|p1a: Zapdos|p2a: beetle.juice","|move|p2a: beetle.juice|Rock Blast|p1a: Zapdos","|-supereffective|p1a: Zapdos","|-damage|p1a: Zapdos|307/383","|-supereffective|p1a: Zapdos","|-damage|p1a: Zapdos|231/383","|-supereffective|p1a: Zapdos","|-damage|p1a: Zapdos|157/383","|-supereffective|p1a: Zapdos","|-damage|p1a: Zapdos|81/383","|-supereffective|p1a: Zapdos","|-damage|p1a: Zapdos|9/383","|-hitcount|p1a: Zapdos|5","|","|-heal|p1a: Zapdos|32/383|[from] item: Leftovers","|turn|2","|","|switch|p2a: the.punk|Scrafty, M|334/334","|move|p1a: Zapdos|Heat Wave|p2a: the.punk","|-damage|p2a: the.punk|271/334","|-status|p2a: the.punk|brn","|","|-heal|p1a: Zapdos|55/383|[from] item: Leftovers","|-heal|p2a: the.punk|291/334 brn|[from] item: Leftovers","|-damage|p2a: the.punk|250/334 brn|[from] brn","|turn|3","|","|switch|p1a: Luxray|Luxray, M, shiny|301/301","|move|p2a: the.punk|Bulk Up|p2a: the.punk","|-boost|p2a: the.punk|atk|1","|-boost|p2a: the.punk|def|1","|","|-activate|p2a: the.punk|ability: Shed Skin","|-curestatus|p2a: the.punk|brn","|-heal|p2a: the.punk|270/334|[from] item: Leftovers","|turn|4","|","|move|p1a: Luxray|Superpower|p2a: the.punk","|-supereffective|p2a: the.punk","|-damage|p2a: the.punk|42/334","|-unboost|p1a: Luxray|atk|1","|-unboost|p1a: Luxray|def|1","|move|p2a: the.punk|Drain Punch|p1a: Luxray","|-damage|p1a: Luxray|76/301","|-heal|p2a: the.punk|155/334|[from] drain|[of] p1a: Luxray","|","|-heal|p2a: the.punk|175/334|[from] item: Leftovers","|turn|5","|","|switch|p2a: beyblade|Hitmontop, M|304/304","|-ability|p2a: beyblade|Intimidate","|-unboost|p1a: Luxray|atk|1","|move|p1a: Luxray|Superpower|p2a: beyblade","|-damage|p2a: beyblade|207/304","|-unboost|p1a: Luxray|atk|1","|-unboost|p1a: Luxray|def|1","|","|turn|6","|","|switch|p1a: Zapdos|Zapdos|55/383","|-ability|p1a: Zapdos|Pressure","|move|p2a: beyblade|High Jump Kick|p1a: Zapdos","|-crit|p1a: Zapdos","|-resisted|p1a: Zapdos","|-damage|p1a: Zapdos|0 fnt","|faint|p1a: Zapdos","|","|","|switch|p1a: Thundurus|Thundurus, M|299/299","|turn|7","|","|move|p2a: beyblade|Sucker Punch|p1a: Thundurus","|-damage|p1a: Thundurus|223/299","|move|p1a: Thundurus|Psychic|p2a: beyblade","|-supereffective|p2a: beyblade","|-damage|p2a: beyblade|80/304","|-damage|p1a: Thundurus|194/299|[from] item: Life Orb","|","|turn|8","|","|move|p2a: beyblade|Sucker Punch|p1a: Thundurus","|-crit|p1a: Thundurus","|-damage|p1a: Thundurus|69/299","|move|p1a: Thundurus|Discharge|p2a: beyblade","|-damage|p2a: beyblade|0 fnt","|-damage|p1a: Thundurus|40/299|[from] item: Life Orb","|faint|p2a: beyblade","|","|","|switch|p2a: diddy.kong|Infernape, F|293/293","|turn|9","|","|switch|p1a: Rotom-Wash|Rotom-Wash|303/303","|move|p2a: diddy.kong|Vacuum Wave|p1a: Rotom-Wash","|-damage|p1a: Rotom-Wash|258/303","|","|-heal|p1a: Rotom-Wash|276/303|[from] item: Leftovers","|turn|10","|","|switch|p2a: the.punk|Scrafty, M|175/334","|move|p1a: Rotom-Wash|Hydro Pump|p2a: the.punk","|-damage|p2a: the.punk|82/334","|","|-heal|p1a: Rotom-Wash|294/303|[from] item: Leftovers","|-heal|p2a: the.punk|102/334|[from] item: Leftovers","|turn|11","|","|move|p1a: Rotom-Wash|Volt Switch|p2a: the.punk","|-damage|p2a: the.punk|48/334","|","|switch|p1a: Luxray|Luxray, M, shiny|76/301","|move|p2a: the.punk|Drain Punch|p1a: Luxray","|-damage|p1a: Luxray|0 fnt","|-heal|p2a: the.punk|86/334|[from] drain|[of] p1a: Luxray","|faint|p1a: Luxray","|","|-heal|p2a: the.punk|106/334|[from] item: Leftovers","|","|switch|p1a: Manectric|Manectric, F|281/281","|turn|12","|","|detailschange|p1a: Manectric|Manectric-Mega, F","|-mega|p1a: Manectric|Manectric|Manectite","|-ability|p1a: Manectric|Intimidate","|-unboost|p2a: the.punk|atk|1","|move|p1a: Manectric|Discharge|p2a: the.punk","|-crit|p2a: the.punk","|-damage|p2a: the.punk|0 fnt","|faint|p2a: the.punk","|","|","|switch|p2a: beetle.juice|Heracross-Mega, F|364/364","|turn|13","|","|move|p1a: Manectric|Discharge|p2a: beetle.juice","|-damage|p2a: beetle.juice|216/364","|-status|p2a: beetle.juice|par","|move|p2a: beetle.juice|Close Combat|p1a: Manectric","|-damage|p1a: Manectric|0 fnt","|-unboost|p2a: beetle.juice|def|1","|-unboost|p2a: beetle.juice|spd|1","|faint|p1a: Manectric","|","|","|switch|p1a: Magnezone|Magnezone|281/281","|turn|14","|","|switch|p2a: toges.copy|Cobalion|386/386","|move|p1a: Magnezone|Discharge|p2a: toges.copy","|-damage|p2a: toges.copy|185/386","|","|-heal|p2a: toges.copy|209/386|[from] item: Leftovers","|turn|15","|","|move|p1a: Magnezone|Discharge|p2a: toges.copy","|-damage|p2a: toges.copy|37/386","|move|p2a: toges.copy|Stealth Rock|p1a: Magnezone","|-sidestart|p1: V Psychic|move: Stealth Rock","|","|-heal|p2a: toges.copy|61/386|[from] item: Leftovers","|turn|16","|","|move|p1a: Magnezone|Discharge|p2a: toges.copy","|-damage|p2a: toges.copy|0 fnt","|faint|p2a: toges.copy","|","|","|switch|p2a: diddy.kong|Infernape, F|293/293","|turn|17","|","|switch|p1a: Thundurus|Thundurus, M|40/299","|-damage|p1a: Thundurus|0 fnt|[from] Stealth Rock","|faint|p1a: Thundurus","|move|p2a: diddy.kong|Flamethrower|p1: Thundurus|[notarget]","|-notarget","|","|","|switch|p1a: Rotom-Wash|Rotom-Wash|294/303","|-damage|p1a: Rotom-Wash|257/303|[from] Stealth Rock","|turn|18","|","|move|p2a: diddy.kong|Nasty Plot|p2a: diddy.kong","|-boost|p2a: diddy.kong|spa|2","|move|p1a: Rotom-Wash|Hydro Pump|p2a: diddy.kong","|-supereffective|p2a: diddy.kong","|-enditem|p2a: diddy.kong|Focus Sash","|-damage|p2a: diddy.kong|1/293","|","|-heal|p1a: Rotom-Wash|275/303|[from] item: Leftovers","|turn|19","|","|move|p2a: diddy.kong|Flamethrower|p1a: Rotom-Wash","|-resisted|p1a: Rotom-Wash","|-damage|p1a: Rotom-Wash|126/303","|move|p1a: Rotom-Wash|Volt Switch|p2a: diddy.kong","|-damage|p2a: diddy.kong|0 fnt","|faint|p2a: diddy.kong","|","|switch|p1a: Magnezone|Magnezone|281/281","|-damage|p1a: Magnezone|264/281|[from] Stealth Rock","|","|","|switch|p2a: doggy|Terrakion|323/323","|turn|20","|","|move|p2a: doggy|Close Combat|p1a: Magnezone","|-supereffective|p1a: Magnezone","|-damage|p1a: Magnezone|0 fnt","|-unboost|p2a: doggy|def|1","|-unboost|p2a: doggy|spd|1","|faint|p1a: Magnezone","|","|","|switch|p1a: Rotom-Wash|Rotom-Wash|126/303","|-damage|p1a: Rotom-Wash|89/303|[from] Stealth Rock","|turn|21","|","|move|p2a: doggy|Close Combat|p1a: Rotom-Wash","|-damage|p1a: Rotom-Wash|0 fnt","|-unboost|p2a: doggy|def|1","|-unboost|p2a: doggy|spd|1","|faint|p1a: Rotom-Wash","|","|win|Leade Jk"],"p1rating":{"entryid":"7467690","serverid":"eos","formatid":"monotype","userid":"vpsychic","username":"V Psychic","w":"7","l":4,"t":"0","gxe":57,"r":"1590.5768731025","rd":"107.81252429981","sigma":"0","rptime":"1439024400","rpr":1554.4386981028,"rprd":85.292418364814,"rpsigma":"0","acre":1121.7828635053,"lacre":1121.7828635053,"oldacre":"1137.2145458345"},"p2rating":{"entryid":"6802202","serverid":"eos","formatid":"monotype","userid":"leadejk","username":"Leade✘ Jk","w":41,"l":"22","t":"0","gxe":64.1,"r":"1609.1668123395","rd":"51.331046077953","sigma":"0","rptime":"1439024400","rpr":1609.897208743,"rprd":49.105892601071,"rpsigma":"0","acre":1292.7522160957,"lacre":1292.7522160957,"oldacre":"1277.3205337665"},"endType":"normal"}