{"seed":[6669,39866,40637,48136],"turns":64,"p1":"Infinitereasons","p2":"Doctor Vergi","p1team":[{"name":"Moist Mofo","species":"gastrodon","item":"assaultvest","ability":"Storm Drain","moves":["earthpower","scald","icebeam","hiddenpowerfire"],"nature":"Calm","evs":{"hp":252,"atk":0,"def":0,"spa":4,"spd":252,"spe":0},"ivs":{"hp":31,"atk":30,"def":31,"spa":30,"spd":31,"spe":30}},{"name":"Dead Mofo","species":"mamoswine","item":"lifeorb","ability":"Thick Fat","moves":["iciclecrash","earthquake","iceshard","knockoff"],"nature":"Jolly","evs":{"hp":4,"atk":252,"def":0,"spa":0,"spd":0,"spe":252},"ivs":{"hp":31,"atk":31,"def":31,"spa":31,"spd":31,"spe":31}},{"name":"Drill Mofo","species":"excadrill","item":"lifeorb","ability":"Sand Rush","moves":["earthquake","rockslide","ironhead","swordsdance"],"nature":"Adamant","evs":{"hp":0,"atk":252,"def":0,"spa":0,"spd":4,"spe":252},"shiny":true,"ivs":{"hp":31,"atk":31,"def":31,"spa":31,"spd":31,"spe":31}},{"name":"God Mofo","species":"landorus","item":"lifeorb","ability":"Sheer Force","moves":["earthpower","focusblast","psychic","sludgewave"],"nature":"Timid","evs":{"hp":0,"atk":0,"def":0,"spa":252,"spd":4,"spe":252},"ivs":{"hp":31,"atk":31,"def":31,"spa":31,"spd":31,"spe":31}},{"name":"Phat Mofo","species":"hippowdon","item":"leftovers","ability":"Sand Stream","moves":["earthquake","stealthrock","whirlwind","slackoff"],"nature":"Impish","evs":{"hp":252,"atk":4,"def":252,"spa":0,"spd":0,"spe":0},"ivs":{"hp":31,"atk":31,"def":31,"spa":31,"spd":31,"spe":31}},{"name":"Claws Mofo","species":"gliscor","item":"toxicorb","ability":"Poison Heal","moves":["earthquake","protect","toxic","substitute"],"nature":"Impish","evs":{"hp":248,"atk":0,"def":188,"spa":0,"spd":0,"spe":72},"shiny":true,"ivs":{"hp":31,"atk":31,"def":31,"spa":31,"spd":31,"spe":31}}],"p2team":[{"name":"Murkrow","species":"Murkrow","item":"eviolite","ability":"Prankster","moves":["roost","taunt","thunderwave","featherdance"],"nature":"Calm","evs":{"hp":248,"atk":0,"def":8,"spa":0,"spd":252,"spe":0},"ivs":{"hp":31,"atk":31,"def":31,"spa":31,"spd":31,"spe":31}},{"name":"Gligar","species":"Gligar","item":"eviolite","ability":"Immunity","moves":["roost","toxic","earthquake","tailwind"],"nature":"Impish","evs":{"hp":248,"atk":8,"def":252,"spa":0,"spd":0,"spe":0},"ivs":{"hp":31,"atk":31,"def":31,"spa":31,"spd":31,"spe":31}},{"name":"Ledyba","species":"Ledyba","item":"eviolite","ability":"Rattled","moves":["roost","uturn","reflect","toxic"],"nature":"Careful","evs":{"hp":248,"atk":0,"def":8,"spa":0,"spd":252,"spe":0},"ivs":{"hp":31,"atk":31,"def":31,"spa":31,"spd":31,"spe":31}},{"name":"Mantyke","species":"Mantyke","item":"eviolite","ability":"Water Absorb","moves":["rest","sleeptalk","scald","airslash"],"nature":"Bold","evs":{"hp":248,"atk":0,"def":252,"spa":0,"spd":8,"spe":0},"ivs":{"hp":31,"atk":31,"def":31,"spa":31,"spd":31,"spe":31}},{"name":"Vullaby","species":"Vullaby","item":"eviolite","ability":"Overcoat","moves":["roost","knockoff","toxic","whirlwind"],"nature":"Impish","evs":{"hp":248,"atk":8,"def":252,"spa":0,"spd":0,"spe":0},"ivs":{"hp":31,"atk":31,"def":31,"spa":31,"spd":31,"spe":31}},{"name":"Golbat","species":"Golbat","item":"eviolite","ability":"Inner Focus","moves":["roost","superfang","confuseray","bravebird"],"nature":"Careful","evs":{"hp":248,"atk":8,"def":0,"spa":0,"spd":252,"spe":0},"ivs":{"hp":31,"atk":31,"def":31,"spa":31,"spd":31,"spe":31}}],"log":["|player|p1|Infinitereasons|blankinfinite.png","|player|p2|Doctor Vergi|doctorvergi.png","|gametype|singles","|gen|6","|tier|Monotype","|rated","|rule|Baton Pass Clause: Limit one Baton Passer, can't pass Spe and other stats simultaneously","|rule|Swagger Clause: Swagger is banned","|rule|Same Type Clause: Pokémon in a team must share a type","|clearpoke","|poke|p1|Gastrodon, F","|poke|p1|Mamoswine, F","|poke|p1|Excadrill, M, shiny","|poke|p1|Landorus, M","|poke|p1|Hippowdon, M","|poke|p1|Gliscor, M, shiny","|poke|p2|Murkrow, M","|poke|p2|Gligar, M","|poke|p2|Ledyba, F","|poke|p2|Mantyke, M","|poke|p2|Vullaby, F","|poke|p2|Golbat, F","|rule|Sleep Clause Mod: Limit one foe put to sleep","|rule|Species Clause: Limit one of each Pokémon","|rule|OHKO Clause: OHKO moves are banned","|rule|Moody Clause: Moody is banned","|rule|Evasion Moves Clause: Evasion moves are banned","|rule|Endless Battle Clause: Forcing endless battles is banned","|rule|HP Percentage Mod: HP is shown in percentages","|teampreview","|","|start","|switch|p1a: Claws Mofo|Gliscor, M, shiny|353/353","|switch|p2a: Murkrow|Murkrow, M|323/323","|turn|1","|","|move|p2a: Murkrow|Taunt|p1a: Claws Mofo","|-start|p1a: Claws Mofo|move: Taunt","|cant|p1a: Claws Mofo|move: Taunt|Toxic","|","|-status|p1a: Claws Mofo|tox|[from] item: Toxic Orb","|turn|2","|","|switch|p1a: Moist Mofo|Gastrodon, F|426/426","|switch|p2a: Mantyke|Mantyke, M|293/293","|","|turn|3","|","|switch|p2a: Golbat|Golbat, F|353/353","|move|p1a: Moist Mofo|Ice Beam|p2a: Golbat","|-supereffective|p2a: Golbat","|-damage|p2a: Golbat|281/353","|-status|p2a: Golbat|frz","|","|turn|4","|","|cant|p2a: Golbat|frz","|move|p1a: Moist Mofo|Ice Beam|p2a: Golbat","|-supereffective|p2a: Golbat","|-damage|p2a: Golbat|209/353 frz","|","|turn|5","|","|cant|p2a: Golbat|frz","|move|p1a: Moist Mofo|Ice Beam|p2a: Golbat","|-supereffective|p2a: Golbat","|-damage|p2a: Golbat|129/353 frz","|","|turn|6","|","|-curestatus|p2a: Golbat|frz","|move|p2a: Golbat|Roost|p2a: Golbat","|-heal|p2a: Golbat|306/353","|move|p1a: Moist Mofo|Ice Beam|p2a: Golbat","|-damage|p2a: Golbat|265/353","|","|turn|7","|","|move|p2a: Golbat|Super Fang|p1a: Moist Mofo","|-damage|p1a: Moist Mofo|213/426","|move|p1a: Moist Mofo|Scald|p2a: Golbat","|-damage|p2a: Golbat|216/353","|-status|p2a: Golbat|brn","|","|-damage|p2a: Golbat|172/353 brn|[from] brn","|turn|8","|","|move|p2a: Golbat|Roost|p2a: Golbat","|-heal|p2a: Golbat|349/353 brn","|move|p1a: Moist Mofo|Ice Beam|p2a: Golbat","|-damage|p2a: Golbat|310/353 brn","|","|-damage|p2a: Golbat|266/353 brn|[from] brn","|turn|9","|","|move|p2a: Golbat|Super Fang|p1a: Moist Mofo","|-damage|p1a: Moist Mofo|107/426","|move|p1a: Moist Mofo|Ice Beam|p2a: Golbat","|-supereffective|p2a: Golbat","|-damage|p2a: Golbat|186/353 brn","|","|-damage|p2a: Golbat|142/353 brn|[from] brn","|turn|10","|","|move|p2a: Golbat|Roost|p2a: Golbat","|-heal|p2a: Golbat|319/353 brn","|move|p1a: Moist Mofo|Earth Power|p2a: Golbat","|-supereffective|p2a: Golbat","|-damage|p2a: Golbat|203/353 brn","|","|-damage|p2a: Golbat|159/353 brn|[from] brn","|turn|11","|","|move|p2a: Golbat|Roost|p2a: Golbat","|-heal|p2a: Golbat|336/353 brn","|move|p1a: Moist Mofo|Ice Beam|p2a: Golbat","|-damage|p2a: Golbat|294/353 brn","|","|-damage|p2a: Golbat|250/353 brn|[from] brn","|turn|12","|","|move|p2a: Golbat|Brave Bird|p1a: Moist Mofo","|-damage|p1a: Moist Mofo|23/426","|-damage|p2a: Golbat|222/353 brn|[from] recoil|[of] p1a: Moist Mofo","|move|p1a: Moist Mofo|Ice Beam|p2a: Golbat","|-supereffective|p2a: Golbat","|-damage|p2a: Golbat|150/353 brn","|","|-damage|p2a: Golbat|106/353 brn|[from] brn","|turn|13","|","|switch|p2a: Gligar|Gligar, M|333/333","|move|p1a: Moist Mofo|Earth Power|p2a: Gligar","|-immune|p2a: Gligar|[msg]","|","|turn|14","|","|move|p2a: Gligar|Earthquake|p1a: Moist Mofo","|-damage|p1a: Moist Mofo|0 fnt","|faint|p1a: Moist Mofo","|","|","|switch|p1a: Dead Mofo|Mamoswine, F|362/362","|turn|15","|","|switch|p2a: Mantyke|Mantyke, M|293/293","|move|p1a: Dead Mofo|Icicle Crash|p2a: Mantyke","|-damage|p2a: Mantyke|147/293","|-damage|p1a: Dead Mofo|326/362|[from] item: Life Orb","|","|turn|16","|","|switch|p1a: Phat Mofo|Hippowdon, M|420/420","|-weather|Sandstorm","|move|p2a: Mantyke|Rest|p2a: Mantyke","|-status|p2a: Mantyke|slp","|-heal|p2a: Mantyke|293/293 slp|[silent]","|-status|p2a: Mantyke|slp|[from] move: Rest","|","|-weather|Sandstorm|[upkeep]","|-damage|p2a: Mantyke|275/293 slp|[from] sandstorm","|turn|17","|","|cant|p2a: Mantyke|slp","|move|p2a: Mantyke|Sleep Talk|p2a: Mantyke","|move|p2a: Mantyke|Air Slash|p1a: Phat Mofo|[from]Sleep Talk","|-damage|p1a: Phat Mofo|347/420","|move|p1a: Phat Mofo|Stealth Rock|p2a: Mantyke","|-sidestart|p2: Doctor Vergi|move: Stealth Rock","|","|-weather|Sandstorm|[upkeep]","|-damage|p2a: Mantyke|257/293 slp|[from] sandstorm","|-heal|p1a: Phat Mofo|373/420|[from] item: Leftovers","|turn|18","|","|switch|p1a: Claws Mofo|Gliscor, M, shiny|353/353 tox","|cant|p2a: Mantyke|slp","|move|p2a: Mantyke|Sleep Talk|p2a: Mantyke","|move|p2a: Mantyke|Scald|p1a: Claws Mofo|[from]Sleep Talk","|-supereffective|p1a: Claws Mofo","|-damage|p1a: Claws Mofo|197/353 tox","|","|-weather|Sandstorm|[upkeep]","|-damage|p2a: Mantyke|239/293 slp|[from] sandstorm","|-heal|p1a: Claws Mofo|241/353 tox|[from] ability: Poison Heal","|turn|19","|","|move|p1a: Claws Mofo|Substitute|p1a: Claws Mofo","|-start|p1a: Claws Mofo|Substitute","|-damage|p1a: Claws Mofo|153/353 tox","|-curestatus|p2a: Mantyke|slp","|move|p2a: Mantyke|Scald|p1a: Claws Mofo","|-supereffective|p1a: Claws Mofo","|-end|p1a: Claws Mofo|Substitute","|","|-weather|Sandstorm|[upkeep]","|-damage|p2a: Mantyke|221/293|[from] sandstorm","|-heal|p1a: Claws Mofo|197/353 tox|[from] ability: Poison Heal","|turn|20","|","|move|p1a: Claws Mofo|Protect|p1a: Claws Mofo","|-singleturn|p1a: Claws Mofo|Protect","|move|p2a: Mantyke|Scald|p1a: Claws Mofo","|-activate|p1a: Claws Mofo|Protect","|","|-weather|none","|-heal|p1a: Claws Mofo|241/353 tox|[from] ability: Poison Heal","|turn|21","|","|switch|p1a: Phat Mofo|Hippowdon, M|373/420","|-weather|Sandstorm","|move|p2a: Mantyke|Scald|p1a: Phat Mofo","|-supereffective|p1a: Phat Mofo","|-damage|p1a: Phat Mofo|193/420","|","|-weather|Sandstorm|[upkeep]","|-damage|p2a: Mantyke|203/293|[from] sandstorm","|-heal|p1a: Phat Mofo|219/420|[from] item: Leftovers","|turn|22","|","|move|p2a: Mantyke|Scald|p1a: Phat Mofo","|-supereffective|p1a: Phat Mofo","|-damage|p1a: Phat Mofo|63/420","|-status|p1a: Phat Mofo|brn","|move|p1a: Phat Mofo|Whirlwind|p2a: Mantyke","|drag|p2a: Golbat|Golbat, F|106/353 brn","|-damage|p2a: Golbat|18/353 brn|[from] Stealth Rock","|","|-weather|Sandstorm|[upkeep]","|-damage|p2a: Golbat|0 fnt|[from] sandstorm","|-heal|p1a: Phat Mofo|89/420 brn|[from] item: Leftovers","|-damage|p1a: Phat Mofo|37/420 brn|[from] brn","|faint|p2a: Golbat","|","|switch|p2a: Mantyke|Mantyke, M|203/293","|-damage|p2a: Mantyke|130/293|[from] Stealth Rock","|turn|23","|","|switch|p1a: Claws Mofo|Gliscor, M, shiny|241/353 tox","|move|p2a: Mantyke|Scald|p1a: Claws Mofo","|-supereffective|p1a: Claws Mofo","|-damage|p1a: Claws Mofo|71/353 tox","|","|-weather|Sandstorm|[upkeep]","|-damage|p2a: Mantyke|112/293|[from] sandstorm","|-heal|p1a: Claws Mofo|115/353 tox|[from] ability: Poison Heal","|turn|24","|","|move|p1a: Claws Mofo|Substitute|p1a: Claws Mofo","|-start|p1a: Claws Mofo|Substitute","|-damage|p1a: Claws Mofo|27/353 tox","|move|p2a: Mantyke|Scald|p1a: Claws Mofo","|-supereffective|p1a: Claws Mofo","|-end|p1a: Claws Mofo|Substitute","|","|-weather|Sandstorm|[upkeep]","|-damage|p2a: Mantyke|94/293|[from] sandstorm","|-heal|p1a: Claws Mofo|71/353 tox|[from] ability: Poison Heal","|turn|25","|","|switch|p2a: Murkrow|Murkrow, M|323/323","|-damage|p2a: Murkrow|243/323|[from] Stealth Rock","|move|p1a: Claws Mofo|Toxic|p2a: Murkrow","|-status|p2a: Murkrow|tox","|","|-weather|none","|-heal|p1a: Claws Mofo|115/353 tox|[from] ability: Poison Heal","|-damage|p2a: Murkrow|223/323 tox|[from] psn","|turn|26","|","|move|p1a: Claws Mofo|Protect|p1a: Claws Mofo","|-singleturn|p1a: Claws Mofo|Protect","|move|p2a: Murkrow|Taunt|p1a: Claws Mofo","|-activate|p1a: Claws Mofo|Protect","|","|-heal|p1a: Claws Mofo|159/353 tox|[from] ability: Poison Heal","|-damage|p2a: Murkrow|183/323 tox|[from] psn","|turn|27","|","|switch|p1a: Dead Mofo|Mamoswine, F|326/362","|move|p2a: Murkrow|Feather Dance|p1a: Dead Mofo","|-unboost|p1a: Dead Mofo|atk|2","|","|-damage|p2a: Murkrow|123/323 tox|[from] psn","|turn|28","|","|move|p2a: Murkrow|Feather Dance|p1a: Dead Mofo","|-unboost|p1a: Dead Mofo|atk|2","|move|p1a: Dead Mofo|Icicle Crash|p2a: Murkrow","|-supereffective|p2a: Murkrow","|-damage|p2a: Murkrow|0 fnt","|-damage|p1a: Dead Mofo|290/362|[from] item: Life Orb","|faint|p2a: Murkrow","|","|","|switch|p2a: Vullaby|Vullaby, F|343/343","|-damage|p2a: Vullaby|258/343|[from] Stealth Rock","|turn|29","|","|move|p1a: Dead Mofo|Knock Off|p2a: Vullaby","|-resisted|p2a: Vullaby","|-damage|p2a: Vullaby|244/343","|-enditem|p2a: Vullaby|Eviolite|[from] move: Knock Off|[of] p1a: Dead Mofo","|-damage|p1a: Dead Mofo|254/362|[from] item: Life Orb","|move|p2a: Vullaby|Knock Off|p1a: Dead Mofo","|-damage|p1a: Dead Mofo|161/362","|-enditem|p1a: Dead Mofo|Life Orb|[from] move: Knock Off|[of] p2a: Vullaby","|","|turn|30","|","|switch|p1a: God Mofo|Landorus, M|319/319","|move|p2a: Vullaby|Knock Off|p1a: God Mofo","|-damage|p1a: God Mofo|238/319","|-enditem|p1a: God Mofo|Life Orb|[from] move: Knock Off|[of] p2a: Vullaby","|","|turn|31","|","|move|p1a: God Mofo|Focus Blast|p2a: Vullaby","|-damage|p2a: Vullaby|0 fnt","|faint|p2a: Vullaby","|","|","|switch|p2a: Ledyba|Ledyba, F|283/283","|-damage|p2a: Ledyba|142/283|[from] Stealth Rock","|turn|32","|","|move|p1a: God Mofo|Sludge Wave|p2a: Ledyba","|-damage|p2a: Ledyba|62/283","|move|p2a: Ledyba|Roost|p2a: Ledyba","|-heal|p2a: Ledyba|204/283","|","|turn|33","|","|move|p1a: God Mofo|Sludge Wave|p2a: Ledyba","|-damage|p2a: Ledyba|124/283","|move|p2a: Ledyba|Toxic|p1a: God Mofo","|-status|p1a: God Mofo|tox","|","|-damage|p1a: God Mofo|219/319 tox|[from] psn","|turn|34","|","|move|p1a: God Mofo|Sludge Wave|p2a: Ledyba","|-damage|p2a: Ledyba|53/283","|move|p2a: Ledyba|Roost|p2a: Ledyba","|-heal|p2a: Ledyba|195/283","|","|-damage|p1a: God Mofo|181/319 tox|[from] psn","|turn|35","|","|switch|p1a: Claws Mofo|Gliscor, M, shiny|159/353 tox","|move|p2a: Ledyba|Roost|p2a: Ledyba","|-heal|p2a: Ledyba|283/283","|","|-heal|p1a: Claws Mofo|203/353 tox|[from] ability: Poison Heal","|turn|36","|","|move|p1a: Claws Mofo|Toxic|p2a: Ledyba","|-status|p2a: Ledyba|tox","|move|p2a: Ledyba|U-turn|p1a: Claws Mofo","|-crit|p1a: Claws Mofo","|-resisted|p1a: Claws Mofo","|-damage|p1a: Claws Mofo|188/353 tox","|","|switch|p2a: Mantyke|Mantyke, M|94/293","|-damage|p2a: Mantyke|21/293|[from] Stealth Rock","|","|-heal|p1a: Claws Mofo|232/353 tox|[from] ability: Poison Heal","|turn|37","|","|move|p1a: Claws Mofo|Substitute|p1a: Claws Mofo","|-start|p1a: Claws Mofo|Substitute","|-damage|p1a: Claws Mofo|144/353 tox","|move|p2a: Mantyke|Scald|p1a: Claws Mofo","|-supereffective|p1a: Claws Mofo","|-end|p1a: Claws Mofo|Substitute","|","|-heal|p1a: Claws Mofo|188/353 tox|[from] ability: Poison Heal","|turn|38","|","|move|p1a: Claws Mofo|Toxic|p2a: Mantyke","|-status|p2a: Mantyke|tox","|move|p2a: Mantyke|Scald|p1a: Claws Mofo","|-supereffective|p1a: Claws Mofo","|-damage|p1a: Claws Mofo|38/353 tox","|","|-heal|p1a: Claws Mofo|82/353 tox|[from] ability: Poison Heal","|-damage|p2a: Mantyke|3/293 tox|[from] psn","|turn|39","|","|move|p1a: Claws Mofo|Protect|p1a: Claws Mofo","|-singleturn|p1a: Claws Mofo|Protect","|move|p2a: Mantyke|Rest|p2a: Mantyke","|-status|p2a: Mantyke|slp","|-heal|p2a: Mantyke|293/293 slp|[silent]","|-status|p2a: Mantyke|slp|[from] move: Rest","|","|-heal|p1a: Claws Mofo|126/353 tox|[from] ability: Poison Heal","|turn|40","|","|move|p1a: Claws Mofo|Substitute|p1a: Claws Mofo","|-start|p1a: Claws Mofo|Substitute","|-damage|p1a: Claws Mofo|38/353 tox","|cant|p2a: Mantyke|slp","|move|p2a: Mantyke|Sleep Talk|p2a: Mantyke","|move|p2a: Mantyke|Rest|p2a: Mantyke|[from]Sleep Talk","|-fail|p2a: Mantyke","|","|-heal|p1a: Claws Mofo|82/353 tox|[from] ability: Poison Heal","|turn|41","|","|move|p1a: Claws Mofo|Protect|p1a: Claws Mofo","|-singleturn|p1a: Claws Mofo|Protect","|cant|p2a: Mantyke|slp","|move|p2a: Mantyke|Sleep Talk|p2a: Mantyke","|move|p2a: Mantyke|Rest|p2a: Mantyke|[from]Sleep Talk","|-fail|p2a: Mantyke","|","|-heal|p1a: Claws Mofo|126/353 tox|[from] ability: Poison Heal","|turn|42","|","|switch|p1a: God Mofo|Landorus, M|181/319 tox","|-curestatus|p2a: Mantyke|slp","|move|p2a: Mantyke|Scald|p1a: God Mofo","|-supereffective|p1a: God Mofo","|-damage|p1a: God Mofo|23/319 tox","|","|-damage|p1a: God Mofo|4/319 tox|[from] psn","|turn|43","|","|move|p1a: God Mofo|Psychic|p2a: Mantyke","|-damage|p2a: Mantyke|214/293","|move|p2a: Mantyke|Scald|p1a: God Mofo","|-supereffective|p1a: God Mofo","|-damage|p1a: God Mofo|0 fnt","|faint|p1a: God Mofo","|","|","|switch|p1a: Phat Mofo|Hippowdon, M|37/420 brn","|-weather|Sandstorm","|turn|44","|","|move|p2a: Mantyke|Scald|p1a: Phat Mofo","|-supereffective|p1a: Phat Mofo","|-damage|p1a: Phat Mofo|0 fnt","|faint|p1a: Phat Mofo","|","|-weather|Sandstorm|[upkeep]","|-damage|p2a: Mantyke|196/293|[from] sandstorm","|","|switch|p1a: Drill Mofo|Excadrill, M, shiny|361/361","|turn|45","|","|switch|p2a: Gligar|Gligar, M|333/333","|-damage|p2a: Gligar|292/333|[from] Stealth Rock","|move|p1a: Drill Mofo|Rock Slide|p2a: Gligar","|-damage|p2a: Gligar|232/333","|-damage|p1a: Drill Mofo|325/361|[from] item: Life Orb","|","|-weather|Sandstorm|[upkeep]","|turn|46","|","|switch|p1a: Claws Mofo|Gliscor, M, shiny|126/353 tox","|move|p2a: Gligar|Earthquake|p1a: Claws Mofo","|-immune|p1a: Claws Mofo|[msg]","|","|-weather|Sandstorm|[upkeep]","|-heal|p1a: Claws Mofo|170/353 tox|[from] ability: Poison Heal","|turn|47","|","|move|p1a: Claws Mofo|Toxic|p2a: Gligar","|-immune|p2a: Gligar|[msg]","|move|p2a: Gligar|Tailwind|p2a: Gligar","|-sidestart|p2: Doctor Vergi|move: Tailwind","|","|-weather|Sandstorm|[upkeep]","|-heal|p1a: Claws Mofo|214/353 tox|[from] ability: Poison Heal","|turn|48","|","|switch|p2a: Mantyke|Mantyke, M|196/293","|-damage|p2a: Mantyke|123/293|[from] Stealth Rock","|move|p1a: Claws Mofo|Substitute|p1a: Claws Mofo","|-start|p1a: Claws Mofo|Substitute","|-damage|p1a: Claws Mofo|126/353 tox","|","|-weather|none","|-heal|p1a: Claws Mofo|170/353 tox|[from] ability: Poison Heal","|turn|49","|","|move|p2a: Mantyke|Scald|p1a: Claws Mofo","|-supereffective|p1a: Claws Mofo","|-end|p1a: Claws Mofo|Substitute","|move|p1a: Claws Mofo|Toxic|p2a: Mantyke","|-status|p2a: Mantyke|tox","|","|-damage|p2a: Mantyke|105/293 tox|[from] psn","|-heal|p1a: Claws Mofo|214/353 tox|[from] ability: Poison Heal","|turn|50","|","|move|p1a: Claws Mofo|Protect|p1a: Claws Mofo","|-singleturn|p1a: Claws Mofo|Protect","|move|p2a: Mantyke|Rest|p2a: Mantyke","|-status|p2a: Mantyke|slp","|-heal|p2a: Mantyke|293/293 slp|[silent]","|-status|p2a: Mantyke|slp|[from] move: Rest","|","|-heal|p1a: Claws Mofo|258/353 tox|[from] ability: Poison Heal","|-sideend|p2: Doctor Vergi|move: Tailwind","|turn|51","|","|move|p1a: Claws Mofo|Substitute|p1a: Claws Mofo","|-start|p1a: Claws Mofo|Substitute","|-damage|p1a: Claws Mofo|170/353 tox","|cant|p2a: Mantyke|slp","|move|p2a: Mantyke|Sleep Talk|p2a: Mantyke","|move|p2a: Mantyke|Scald|p1a: Claws Mofo|[from]Sleep Talk","|-supereffective|p1a: Claws Mofo","|-end|p1a: Claws Mofo|Substitute","|","|-heal|p1a: Claws Mofo|214/353 tox|[from] ability: Poison Heal","|turn|52","|","|move|p1a: Claws Mofo|Toxic|p2a: Mantyke","|-fail|p2a: Mantyke","|cant|p2a: Mantyke|slp","|move|p2a: Mantyke|Sleep Talk|p2a: Mantyke","|move|p2a: Mantyke|Rest|p2a: Mantyke|[from]Sleep Talk","|-fail|p2a: Mantyke","|","|-heal|p1a: Claws Mofo|258/353 tox|[from] ability: Poison Heal","|turn|53","|","|move|p1a: Claws Mofo|Protect|p1a: Claws Mofo","|-singleturn|p1a: Claws Mofo|Protect","|-curestatus|p2a: Mantyke|slp","|move|p2a: Mantyke|Scald|p1a: Claws Mofo","|-activate|p1a: Claws Mofo|Protect","|","|-heal|p1a: Claws Mofo|302/353 tox|[from] ability: Poison Heal","|turn|54","|","|move|p1a: Claws Mofo|Earthquake|p2a: Mantyke","|-immune|p2a: Mantyke|[msg]","|move|p2a: Mantyke|Scald|p1a: Claws Mofo","|-supereffective|p1a: Claws Mofo","|-damage|p1a: Claws Mofo|156/353 tox","|","|-heal|p1a: Claws Mofo|200/353 tox|[from] ability: Poison Heal","|turn|55","|","|move|p1a: Claws Mofo|Toxic|p2a: Mantyke","|-status|p2a: Mantyke|tox","|move|p2a: Mantyke|Scald|p1a: Claws Mofo","|-supereffective|p1a: Claws Mofo","|-damage|p1a: Claws Mofo|36/353 tox","|","|-heal|p1a: Claws Mofo|80/353 tox|[from] ability: Poison Heal","|-damage|p2a: Mantyke|275/293 tox|[from] psn","|turn|56","|","|move|p1a: Claws Mofo|Earthquake|p2a: Mantyke","|-immune|p2a: Mantyke|[msg]","|move|p2a: Mantyke|Scald|p1a: Claws Mofo","|-supereffective|p1a: Claws Mofo","|-damage|p1a: Claws Mofo|0 fnt","|faint|p1a: Claws Mofo","|","|-damage|p2a: Mantyke|239/293 tox|[from] psn","|","|switch|p1a: Drill Mofo|Excadrill, M, shiny|325/361","|turn|57","|","|switch|p2a: Gligar|Gligar, M|232/333","|-damage|p2a: Gligar|191/333|[from] Stealth Rock","|move|p1a: Drill Mofo|Swords Dance|p1a: Drill Mofo","|-boost|p1a: Drill Mofo|atk|2","|","|turn|58","|","|move|p1a: Drill Mofo|Iron Head|p2a: Gligar","|-damage|p2a: Gligar|8/333","|-damage|p1a: Drill Mofo|289/361|[from] item: Life Orb","|move|p2a: Gligar|Earthquake|p1a: Drill Mofo","|-supereffective|p1a: Drill Mofo","|-damage|p1a: Drill Mofo|0 fnt","|faint|p1a: Drill Mofo","|","|","|switch|p1a: Dead Mofo|Mamoswine, F|161/362","|turn|59","|","|move|p1a: Dead Mofo|Ice Shard|p2a: Gligar","|-supereffective|p2a: Gligar","|-damage|p2a: Gligar|0 fnt","|faint|p2a: Gligar","|","|","|switch|p2a: Ledyba|Ledyba, F|283/283 tox","|-damage|p2a: Ledyba|142/283 tox|[from] Stealth Rock","|turn|60","|","|move|p1a: Dead Mofo|Icicle Crash|p2a: Ledyba","|-supereffective|p2a: Ledyba","|-damage|p2a: Ledyba|0 fnt","|faint|p2a: Ledyba","|","|","|switch|p2a: Mantyke|Mantyke, M|239/293 tox","|-damage|p2a: Mantyke|166/293 tox|[from] Stealth Rock","|turn|61","|","|move|p1a: Dead Mofo|Icicle Crash|p2a: Mantyke","|-damage|p2a: Mantyke|63/293 tox","|move|p2a: Mantyke|Rest|p2a: Mantyke","|-status|p2a: Mantyke|slp","|-heal|p2a: Mantyke|293/293 slp|[silent]","|-status|p2a: Mantyke|slp|[from] move: Rest","|","|turn|62","|","|move|p1a: Dead Mofo|Knock Off|p2a: Mantyke","|-damage|p2a: Mantyke|203/293 slp","|-enditem|p2a: Mantyke|Eviolite|[from] move: Knock Off|[of] p1a: Dead Mofo","|cant|p2a: Mantyke|slp","|move|p2a: Mantyke|Sleep Talk|p2a: Mantyke","|move|p2a: Mantyke|Air Slash|p1a: Dead Mofo|[from]Sleep Talk|[miss]","|-miss|p2a: Mantyke|p1a: Dead Mofo","|","|turn|63","|","|move|p1a: Dead Mofo|Icicle Crash|p2a: Mantyke","|-damage|p2a: Mantyke|28/293 slp","|cant|p2a: Mantyke|slp","|move|p2a: Mantyke|Sleep Talk|p2a: Mantyke","|move|p2a: Mantyke|Air Slash|p1a: Dead Mofo|[from]Sleep Talk","|-damage|p1a: Dead Mofo|67/362","|","|turn|64","|","|move|p1a: Dead Mofo|Ice Shard|p2a: Mantyke","|-damage|p2a: Mantyke|0 fnt","|faint|p2a: Mantyke","|","|win|Infinitereasons"],"p1rating":{"entryid":"7206103","serverid":"eos","formatid":"monotype","userid":"infinitereasons","username":"Infinitereasons ☾","w":13,"l":"3","t":"0","gxe":73.8,"r":"1589.7107679471","rd":"109.18537775491","sigma":"0","rptime":"1439024400","rpr":1700.0415849335,"rprd":77.253096128035,"rpsigma":"0","acre":1267.006916865,"lacre":1267.006916865,"oldacre":"1243.7357611408"},"p2rating":{"entryid":"6517225","serverid":"eos","formatid":"monotype","userid":"doctorvergi","username":"Doctor Vergi","w":"28","l":12,"t":"0","gxe":63.4,"r":"1633.6660124109","rd":"64.449114072143","sigma":"0","rptime":"1439024400","rpr":1604.6449670799,"rprd":62.757651739271,"rpsigma":"0","acre":1196.399714048,"lacre":1196.399714048,"oldacre":"1219.6708697722"},"endType":"normal"}