{"seed":[29098,17603,17044,22848],"turns":20,"p1":"Jake1079","p2":"ShayminFrost","p1team":[{"name":"Aggron","species":"Aggron","item":"aggronite","ability":"Sturdy","moves":["thunderwave","earthquake","ironhead","endeavor"],"nature":"Adamant","evs":{"hp":252,"atk":68,"def":12,"spa":0,"spd":176,"spe":0},"ivs":{"hp":31,"atk":31,"def":31,"spa":31,"spd":31,"spe":31}},{"name":"Empoleon","species":"Empoleon","item":"choicespecs","ability":"Torrent","moves":["icebeam","scald","flashcannon","signalbeam"],"nature":"Modest","evs":{"hp":252,"atk":0,"def":0,"spa":252,"spd":4,"spe":0},"ivs":{"hp":31,"atk":31,"def":31,"spa":31,"spd":31,"spe":31}},{"name":"Heatran","species":"Heatran","item":"airballoon","ability":"Flash Fire","moves":["darkpulse","earthpower","flamethrower","flashcannon"],"nature":"Modest","evs":{"hp":252,"atk":0,"def":0,"spa":252,"spd":4,"spe":0},"ivs":{"hp":31,"atk":31,"def":31,"spa":31,"spd":31,"spe":31}},{"name":"Excadrill","species":"Excadrill","item":"choicescarf","ability":"Mold Breaker","moves":["earthquake","rockslide","xscissor","ironhead"],"nature":"Jolly","evs":{"hp":0,"atk":252,"def":0,"spa":0,"spd":4,"spe":252},"ivs":{"hp":31,"atk":31,"def":31,"spa":31,"spd":31,"spe":31}},{"name":"Doublade","species":"Doublade","item":"eviolite","ability":"No Guard","moves":["swordsdance","shadowsneak","sacredsword","shadowclaw"],"nature":"Adamant","evs":{"hp":248,"atk":252,"def":0,"spa":0,"spd":8,"spe":0},"ivs":{"hp":31,"atk":31,"def":31,"spa":31,"spd":31,"spe":31}},{"name":"Ferrothorn","species":"Ferrothorn","item":"rockyhelmet","ability":"Iron Barbs","moves":["gyroball","leechseed","thunderwave","protect"],"nature":"Relaxed","evs":{"hp":248,"atk":8,"def":252,"spa":0,"spd":0,"spe":0},"ivs":{"hp":31,"atk":31,"def":31,"spa":31,"spd":31,"spe":0}}],"p2team":[{"name":"Rotom-Heat","species":"Rotom-Heat","item":"expertbelt","ability":"Levitate","moves":["discharge","suckerpunch","confuseray","darkpulse"],"nature":"Mild","evs":{"hp":248,"atk":8,"def":0,"spa":252,"spd":0,"spe":0},"ivs":{"hp":31,"atk":31,"def":31,"spa":31,"spd":31,"spe":31}},{"name":"Raikou","species":"Raikou","item":"quickclaw","ability":"Pressure","moves":["voltswitch","crunch","irontail","quickattack"],"nature":"Jolly","evs":{"hp":0,"atk":252,"def":0,"spa":0,"spd":4,"spe":252},"ivs":{"hp":31,"atk":31,"def":31,"spa":31,"spd":31,"spe":31}},{"name":"Thundurus-Therian","species":"Thundurus-Therian","item":"weaknesspolicy","ability":"Volt Absorb","moves":["crunch","grassknot","sludgewave","voltswitch"],"nature":"Hasty","evs":{"hp":0,"atk":4,"def":0,"spa":252,"spd":0,"spe":252},"ivs":{"hp":31,"atk":31,"def":31,"spa":31,"spd":31,"spe":31}},{"name":"Zebstrika","species":"Zebstrika","item":"razorclaw","ability":"Lightning Rod","moves":["discharge","flamecharge","thunder","iondeluge"],"nature":"Hasty","evs":{"hp":0,"atk":4,"def":0,"spa":252,"spd":0,"spe":252},"ivs":{"hp":31,"atk":31,"def":31,"spa":31,"spd":31,"spe":31}},{"name":"Manectric","species":"Manectric","item":"manectite","ability":"Static","moves":["crunch","discharge","roar","chargebeam"],"nature":"Hasty","evs":{"hp":0,"atk":4,"def":0,"spa":252,"spd":0,"spe":252},"ivs":{"hp":31,"atk":31,"def":31,"spa":31,"spd":31,"spe":31}},{"name":"Zapdos","species":"Zapdos","item":"powerherb","ability":"Pressure","moves":["ancientpower","drillpeck","fly","uturn"],"nature":"Hasty","evs":{"hp":0,"atk":252,"def":0,"spa":4,"spd":0,"spe":252},"ivs":{"hp":31,"atk":31,"def":31,"spa":31,"spd":31,"spe":31}}],"log":["|player|p1|Jake1079|150","|player|p2|ShayminFrost|265","|gametype|singles","|gen|6","|tier|Monotype","|rated","|rule|Baton Pass Clause: Limit one Baton Passer, can't pass Spe and other stats simultaneously","|rule|Swagger Clause: Swagger is banned","|rule|Same Type Clause: Pokémon in a team must share a type","|clearpoke","|poke|p1|Aggron, F","|poke|p1|Empoleon, F","|poke|p1|Heatran, M","|poke|p1|Excadrill, M","|poke|p1|Doublade, M","|poke|p1|Ferrothorn, M","|poke|p2|Rotom-Heat","|poke|p2|Raikou","|poke|p2|Thundurus-Therian, M","|poke|p2|Zebstrika, M","|poke|p2|Manectric, M","|poke|p2|Zapdos","|rule|Sleep Clause Mod: Limit one foe put to sleep","|rule|Species Clause: Limit one of each Pokémon","|rule|OHKO Clause: OHKO moves are banned","|rule|Moody Clause: Moody is banned","|rule|Evasion Moves Clause: Evasion moves are banned","|rule|Endless Battle Clause: Forcing endless battles is banned","|rule|HP Percentage Mod: HP is shown in percentages","|teampreview","|","|start","|switch|p1a: Aggron|Aggron, F|344/344","|switch|p2a: Raikou|Raikou|321/321","|-ability|p2a: Raikou|Pressure","|turn|1","|","|detailschange|p1a: Aggron|Aggron-Mega, F","|-mega|p1a: Aggron|Aggron|Aggronite","|move|p2a: Raikou|Crunch|p1a: Aggron","|-damage|p1a: Aggron|310/344","|move|p1a: Aggron|Earthquake|p2a: Raikou","|-crit|p2a: Raikou","|-supereffective|p2a: Raikou","|-damage|p2a: Raikou|0 fnt","|faint|p2a: Raikou","|","|","|switch|p2a: Zebstrika|Zebstrika, M|291/291","|turn|2","|","|move|p2a: Zebstrika|Flame Charge|p1a: Aggron","|-supereffective|p1a: Aggron","|-damage|p1a: Aggron|279/344","|-boost|p2a: Zebstrika|spe|1","|move|p1a: Aggron|Earthquake|p2a: Zebstrika","|-supereffective|p2a: Zebstrika","|-damage|p2a: Zebstrika|0 fnt","|faint|p2a: Zebstrika","|","|","|switch|p2a: Zapdos|Zapdos|321/321","|-ability|p2a: Zapdos|Pressure","|turn|3","|","|move|p2a: Zapdos|Ancient Power|p1a: Aggron","|-resisted|p1a: Aggron","|-damage|p1a: Aggron|250/344","|-boost|p2a: Zapdos|atk|1","|-boost|p2a: Zapdos|def|1","|-boost|p2a: Zapdos|spa|1","|-boost|p2a: Zapdos|spd|1","|-boost|p2a: Zapdos|spe|1","|move|p1a: Aggron|Iron Head|p2a: Zapdos","|-resisted|p2a: Zapdos","|-damage|p2a: Zapdos|254/321","|","|turn|4","|","|move|p2a: Zapdos|Ancient Power|p1a: Aggron","|-resisted|p1a: Aggron","|-damage|p1a: Aggron|206/344","|move|p1a: Aggron|Iron Head|p2a: Zapdos","|-resisted|p2a: Zapdos","|-damage|p2a: Zapdos|196/321","|","|turn|5","|","|move|p2a: Zapdos|Fly|p1a: Aggron|[still]","|-prepare|p2a: Zapdos|Fly|p1a: Aggron","|-enditem|p2a: Zapdos|Power Herb","|-anim|p2a: Zapdos|Fly|p1a: Aggron","|-resisted|p1a: Aggron","|-damage|p1a: Aggron|158/344","|move|p1a: Aggron|Iron Head|p2a: Zapdos","|-resisted|p2a: Zapdos","|-damage|p2a: Zapdos|130/321","|","|turn|6","|","|move|p2a: Zapdos|Ancient Power|p1a: Aggron","|-resisted|p1a: Aggron","|-damage|p1a: Aggron|113/344","|move|p1a: Aggron|Iron Head|p2a: Zapdos","|-resisted|p2a: Zapdos","|-damage|p2a: Zapdos|67/321","|","|turn|7","|","|move|p2a: Zapdos|Ancient Power|p1a: Aggron","|-resisted|p1a: Aggron","|-damage|p1a: Aggron|69/344","|-boost|p2a: Zapdos|atk|1","|-boost|p2a: Zapdos|def|1","|-boost|p2a: Zapdos|spa|1","|-boost|p2a: Zapdos|spd|1","|-boost|p2a: Zapdos|spe|1","|move|p1a: Aggron|Iron Head|p2a: Zapdos","|-resisted|p2a: Zapdos","|-damage|p2a: Zapdos|20/321","|","|turn|8","|","|move|p2a: Zapdos|Fly|p1a: Aggron|[still]","|-prepare|p2a: Zapdos|Fly|p1a: Aggron","|move|p1a: Aggron|Iron Head|p2a: Zapdos|[miss]","|-miss|p1a: Aggron|p2a: Zapdos","|","|turn|9","|","|move|p2a: Zapdos|Fly|p1a: Aggron|[from]lockedmove","|-resisted|p1a: Aggron","|-damage|p1a: Aggron|12/344","|move|p1a: Aggron|Iron Head|p2a: Zapdos","|-resisted|p2a: Zapdos","|-damage|p2a: Zapdos|0 fnt","|faint|p2a: Zapdos","|","|","|switch|p2a: Rotom-Heat|Rotom-Heat|303/303","|turn|10","|","|switch|p1a: Empoleon|Empoleon, F|372/372","|move|p2a: Rotom-Heat|Sucker Punch|p1a: Empoleon","|-fail|p2a: Rotom-Heat","|","|turn|11","|","|move|p2a: Rotom-Heat|Discharge|p1a: Empoleon","|-supereffective|p1a: Empoleon","|-damage|p1a: Empoleon|41/372","|-status|p1a: Empoleon|par","|move|p1a: Empoleon|Scald|p2a: Rotom-Heat","|-supereffective|p2a: Rotom-Heat","|-damage|p2a: Rotom-Heat|0 fnt","|faint|p2a: Rotom-Heat","|","|","|switch|p2a: Thundurus-Therian|Thundurus-Therian, M|299/299","|turn|12","|","|switch|p1a: Ferrothorn|Ferrothorn, M|351/351","|move|p2a: Thundurus-Therian|Crunch|p1a: Ferrothorn","|-damage|p1a: Ferrothorn|308/351","|-damage|p2a: Thundurus-Therian|262/299|[from] ability: Iron Barbs|[of] p1a: Ferrothorn","|-damage|p2a: Thundurus-Therian|213/299|[from] item: Rocky Helmet|[of] p1a: Ferrothorn","|","|turn|13","|","|move|p2a: Thundurus-Therian|Grass Knot|p1a: Ferrothorn","|-crit|p1a: Ferrothorn","|-resisted|p1a: Ferrothorn","|-damage|p1a: Ferrothorn|264/351","|-damage|p2a: Thundurus-Therian|176/299|[from] ability: Iron Barbs|[of] p1a: Ferrothorn","|-damage|p2a: Thundurus-Therian|127/299|[from] item: Rocky Helmet|[of] p1a: Ferrothorn","|move|p1a: Ferrothorn|Leech Seed|p2a: Thundurus-Therian|[miss]","|-miss|p1a: Ferrothorn|p2a: Thundurus-Therian","|","|turn|14","|","|move|p2a: Thundurus-Therian|Volt Switch|p1a: Ferrothorn","|-resisted|p1a: Ferrothorn","|-damage|p1a: Ferrothorn|207/351","|","|switch|p2a: Manectric|Manectric, M|281/281","|move|p1a: Ferrothorn|Leech Seed|p2a: Manectric","|-start|p2a: Manectric|move: Leech Seed","|","|-damage|p2a: Manectric|246/281|[from] Leech Seed|[of] p1a: Ferrothorn","|-heal|p1a: Ferrothorn|242/351|[silent]","|turn|15","|","|detailschange|p2a: Manectric|Manectric-Mega, M","|-mega|p2a: Manectric|Manectric|Manectite","|-ability|p2a: Manectric|Intimidate","|-unboost|p1a: Ferrothorn|atk|1","|move|p1a: Ferrothorn|Protect|p1a: Ferrothorn","|-singleturn|p1a: Ferrothorn|Protect","|move|p2a: Manectric|Charge Beam|p1a: Ferrothorn","|-activate|p1a: Ferrothorn|Protect","|","|-damage|p2a: Manectric|211/281|[from] Leech Seed|[of] p1a: Ferrothorn","|-heal|p1a: Ferrothorn|277/351|[silent]","|turn|16","|","|move|p2a: Manectric|Charge Beam|p1a: Ferrothorn","|-resisted|p1a: Ferrothorn","|-damage|p1a: Ferrothorn|235/351","|-boost|p2a: Manectric|spa|1","|move|p1a: Ferrothorn|Gyro Ball|p2a: Manectric","|-resisted|p2a: Manectric","|-damage|p2a: Manectric|141/281","|","|-damage|p2a: Manectric|106/281|[from] Leech Seed|[of] p1a: Ferrothorn","|-heal|p1a: Ferrothorn|270/351|[silent]","|turn|17","|","|move|p2a: Manectric|Discharge|p1a: Ferrothorn","|-resisted|p1a: Ferrothorn","|-damage|p1a: Ferrothorn|180/351","|move|p1a: Ferrothorn|Gyro Ball|p2a: Manectric","|-crit|p2a: Manectric","|-resisted|p2a: Manectric","|-damage|p2a: Manectric|0 fnt","|faint|p2a: Manectric","|","|","|switch|p2a: Thundurus-Therian|Thundurus-Therian, M|127/299","|turn|18","|","|move|p2a: Thundurus-Therian|Volt Switch|p1a: Ferrothorn","|-resisted|p1a: Ferrothorn","|-damage|p1a: Ferrothorn|120/351","|move|p1a: Ferrothorn|Leech Seed|p2a: Thundurus-Therian","|-start|p2a: Thundurus-Therian|move: Leech Seed","|","|-damage|p2a: Thundurus-Therian|90/299|[from] Leech Seed|[of] p1a: Ferrothorn","|-heal|p1a: Ferrothorn|157/351|[silent]","|turn|19","|","|move|p1a: Ferrothorn|Protect|p1a: Ferrothorn","|-singleturn|p1a: Ferrothorn|Protect","|move|p2a: Thundurus-Therian|Crunch|p1a: Ferrothorn","|-activate|p1a: Ferrothorn|Protect","|","|-damage|p2a: Thundurus-Therian|53/299|[from] Leech Seed|[of] p1a: Ferrothorn","|-heal|p1a: Ferrothorn|194/351|[silent]","|turn|20","|","|move|p2a: Thundurus-Therian|Volt Switch|p1a: Ferrothorn","|-resisted|p1a: Ferrothorn","|-damage|p1a: Ferrothorn|134/351","|move|p1a: Ferrothorn|Gyro Ball|p2a: Thundurus-Therian","|-resisted|p2a: Thundurus-Therian","|-damage|p2a: Thundurus-Therian|0 fnt","|faint|p2a: Thundurus-Therian","|","|win|Jake1079"],"p1rating":{"entryid":"7429437","serverid":"eos","formatid":"monotype","userid":"jake1079","username":"Jake1079","w":23,"l":"38","t":"0","gxe":41.4,"r":"1429.3355216087","rd":"51.736783120287","sigma":"0","rptime":"1439024400","rpr":1433.9887152399,"rprd":45.300092160376,"rpsigma":"0","acre":1068.849216953,"lacre":1068.849216953,"oldacre":"1038.3716921113"},"p2rating":{"entryid":7501181,"formatid":"monotype","userid":"shayminfrost","username":"ShayminFrost","r":1500,"rd":130,"sigma":0,"rpr":1449.1542119161,"rprd":122.24068997681,"rpsigma":0,"rptime":1439024400,"w":0,"l":1,"t":0,"gxe":43.7,"acre":1000,"lacre":1000,"oldacre":1000},"endType":"normal"}