{"seed":[43041,2041,17210,37171],"turns":21,"p1":"VI God","p2":"Guard Naruto","p1team":[{"name":"Volcarona","species":"Volcarona","item":"lumberry","ability":"Flame Body","moves":["quiverdance","bugbuzz","gigadrain","fierydance"],"nature":"Timid","evs":{"hp":248,"atk":0,"def":0,"spa":164,"spd":0,"spe":96},"gender":"F","ivs":{"hp":31,"atk":0,"def":31,"spa":31,"spd":31,"spe":31},"shiny":true},{"name":"Torkoal","species":"Torkoal","item":"leftovers","ability":"Shell Armor","moves":["yawn","stealthrock","rapidspin","lavaplume"],"nature":"Bold","evs":{"hp":252,"atk":0,"def":252,"spa":0,"spd":0,"spe":0},"gender":"M","ivs":{"hp":31,"atk":0,"def":31,"spa":31,"spd":31,"spe":31}},{"name":"FletchinCiel","species":"fletchinder","item":"","ability":"Gale Wings","moves":["tailwind","swordsdance","overheat","acrobatics"],"nature":"Naughty","evs":{"hp":232,"atk":252,"def":0,"spa":0,"spd":0,"spe":24},"ivs":{"hp":31,"atk":31,"def":31,"spa":31,"spd":31,"spe":31}},{"name":"Charizard","species":"Charizard","item":"charizarditey","ability":"Blaze","moves":["solarbeam","defog","earthquake","flamethrower"],"nature":"Modest","evs":{"hp":0,"atk":4,"def":0,"spa":252,"spd":0,"spe":252},"ivs":{"hp":31,"atk":31,"def":31,"spa":31,"spd":31,"spe":31}},{"name":"Infernape","species":"Infernape","item":"lifeorb","ability":"Blaze","moves":["hiddenpowerice","closecombat","flamethrower","vacuumwave"],"nature":"Naive","evs":{"hp":0,"atk":4,"def":0,"spa":252,"spd":0,"spe":252},"ivs":{"hp":31,"atk":30,"def":30,"spa":31,"spd":31,"spe":31}},{"name":"Arcanine","species":"Arcanine","item":"assaultvest","ability":"Intimidate","moves":["extremespeed","wildcharge","flareblitz","bulldoze"],"nature":"Adamant","evs":{"hp":248,"atk":252,"def":0,"spa":0,"spd":0,"spe":8},"ivs":{"hp":31,"atk":31,"def":31,"spa":31,"spd":31,"spe":31}}],"p2team":[{"name":"Ditto","species":"Ditto","item":"choicescarf","ability":"Imposter","moves":["transform"],"nature":"Bold","evs":{"hp":252,"atk":0,"def":252,"spa":0,"spd":6,"spe":0},"ivs":{"hp":31,"atk":31,"def":31,"spa":31,"spd":31,"spe":31}},{"name":"Kecleon","species":"Kecleon","item":"lifeorb","ability":"Protean","moves":["shadowsneak","suckerpunch","drainpunch","firepunch"],"nature":"Adamant","evs":{"hp":248,"atk":252,"def":0,"spa":0,"spd":8,"spe":0},"ivs":{"hp":31,"atk":31,"def":31,"spa":31,"spd":31,"spe":31}},{"name":"Heliolisk","species":"Heliolisk","item":"assaultvest","ability":"Dry Skin","moves":["thunderbolt","focusblast","surf","paraboliccharge"],"nature":"Timid","evs":{"hp":248,"atk":0,"def":0,"spa":8,"spd":0,"spe":252},"ivs":{"hp":31,"atk":31,"def":31,"spa":31,"spd":31,"spe":31}},{"name":"Audino","species":"Audino","item":"audinite","ability":"Regenerator","moves":["wish","protect","healbell","dazzlinggleam"],"nature":"Modest","evs":{"hp":248,"atk":0,"def":200,"spa":0,"spd":60,"spe":0},"ivs":{"hp":31,"atk":31,"def":31,"spa":31,"spd":31,"spe":31}},{"name":"Pyroar","species":"Pyroar","item":"choicespecs","ability":"Unnerve","moves":["flamethrower","darkpulse","hypervoice","overheat"],"nature":"Timid","evs":{"hp":0,"atk":0,"def":0,"spa":252,"spd":4,"spe":252},"ivs":{"hp":31,"atk":31,"def":31,"spa":31,"spd":31,"spe":31}},{"name":"Snorlax","species":"Snorlax","item":"leftovers","ability":"Thick Fat","moves":["bodyslam","earthquake","rest","sleeptalk"],"nature":"Impish","evs":{"hp":248,"atk":0,"def":200,"spa":0,"spd":60,"spe":0},"ivs":{"hp":31,"atk":31,"def":31,"spa":31,"spd":31,"spe":31}}],"log":["|player|p1|VI God|33","|player|p2|Guard Naruto|284","|gametype|singles","|gen|6","|tier|Monotype","|rated","|rule|Baton Pass Clause: Limit one Baton Passer, can't pass Spe and other stats simultaneously","|rule|Swagger Clause: Swagger is banned","|rule|Same Type Clause: Pokémon in a team must share a type","|clearpoke","|poke|p1|Volcarona, F, shiny","|poke|p1|Torkoal, M","|poke|p1|Fletchinder, M","|poke|p1|Charizard, F","|poke|p1|Infernape, M","|poke|p1|Arcanine, F","|poke|p2|Ditto","|poke|p2|Kecleon, M","|poke|p2|Heliolisk, M","|poke|p2|Audino, F","|poke|p2|Pyroar, F","|poke|p2|Snorlax, F","|rule|Sleep Clause Mod: Limit one foe put to sleep","|rule|Species Clause: Limit one of each Pokémon","|rule|OHKO Clause: OHKO moves are banned","|rule|Moody Clause: Moody is banned","|rule|Evasion Moves Clause: Evasion moves are banned","|rule|Endless Battle Clause: Forcing endless battles is banned","|rule|HP Percentage Mod: HP is shown in percentages","|teampreview","|","|start","|switch|p1a: Arcanine|Arcanine, F|383/383","|switch|p2a: Kecleon|Kecleon, M|323/323","|-ability|p1a: Arcanine|Intimidate","|-unboost|p2a: Kecleon|atk|1","|turn|1","|","|switch|p1a: Torkoal|Torkoal, M|344/344","|move|p2a: Kecleon|Shadow Sneak|p1a: Torkoal","|-start|p2a: Kecleon|typechange|Ghost|[from] Protean","|-damage|p1a: Torkoal|315/344","|-damage|p2a: Kecleon|291/323|[from] item: Life Orb","|","|-heal|p1a: Torkoal|336/344|[from] item: Leftovers","|turn|2","|","|switch|p2a: Heliolisk|Heliolisk, M|327/327","|move|p1a: Torkoal|Stealth Rock|p2a: Heliolisk","|-sidestart|p2: Guard Naruto|move: Stealth Rock","|","|-heal|p1a: Torkoal|344/344|[from] item: Leftovers","|turn|3","|","|move|p2a: Heliolisk|Surf|p1a: Torkoal","|-supereffective|p1a: Torkoal","|-damage|p1a: Torkoal|130/344","|move|p1a: Torkoal|Yawn|p2a: Heliolisk","|-start|p2a: Heliolisk|move: Yawn|[of] p1a: Torkoal","|","|-heal|p1a: Torkoal|151/344|[from] item: Leftovers","|turn|4","|","|switch|p2a: Pyroar|Pyroar, F|313/313","|-damage|p2a: Pyroar|235/313|[from] Stealth Rock","|-ability|p2a: Pyroar|Unnerve|p1: VI God","|move|p1a: Torkoal|Yawn|p2a: Pyroar","|-start|p2a: Pyroar|move: Yawn|[of] p1a: Torkoal","|","|-heal|p1a: Torkoal|172/344|[from] item: Leftovers","|turn|5","|","|move|p2a: Pyroar|Hyper Voice|p1a: Torkoal","|-damage|p1a: Torkoal|0 fnt","|faint|p1a: Torkoal","|","|-end|p2a: Pyroar|move: Yawn|[silent]","|-status|p2a: Pyroar|slp","|","|switch|p1a: Volcarona|Volcarona, F, shiny|373/373","|turn|6","|","|cant|p2a: Pyroar|slp","|move|p1a: Volcarona|Quiver Dance|p1a: Volcarona","|-boost|p1a: Volcarona|spa|1","|-boost|p1a: Volcarona|spd|1","|-boost|p1a: Volcarona|spe|1","|","|turn|7","|","|move|p1a: Volcarona|Quiver Dance|p1a: Volcarona","|-boost|p1a: Volcarona|spa|1","|-boost|p1a: Volcarona|spd|1","|-boost|p1a: Volcarona|spe|1","|cant|p2a: Pyroar|slp","|","|turn|8","|","|move|p1a: Volcarona|Bug Buzz|p2a: Pyroar","|-resisted|p2a: Pyroar","|-damage|p2a: Pyroar|16/313 slp","|cant|p2a: Pyroar|slp","|","|turn|9","|","|move|p1a: Volcarona|Bug Buzz|p2a: Pyroar","|-resisted|p2a: Pyroar","|-damage|p2a: Pyroar|0 fnt","|faint|p2a: Pyroar","|","|","|switch|p2a: Audino|Audino, F|409/409","|-damage|p2a: Audino|358/409|[from] Stealth Rock","|turn|10","|","|detailschange|p2a: Audino|Audino-Mega, F","|-mega|p2a: Audino|Audino|Audinite","|move|p1a: Volcarona|Fiery Dance|p2a: Audino","|-damage|p2a: Audino|132/409","|-boost|p1a: Volcarona|spa|1","|move|p2a: Audino|Dazzling Gleam|p1a: Volcarona","|-resisted|p1a: Volcarona","|-damage|p1a: Volcarona|352/373","|","|turn|11","|","|move|p1a: Volcarona|Bug Buzz|p2a: Audino","|-resisted|p2a: Audino","|-damage|p2a: Audino|0 fnt","|faint|p2a: Audino","|","|","|switch|p2a: Ditto|Ditto|300/300","|-damage|p2a: Ditto|263/300|[from] Stealth Rock","|-transform|p2a: Ditto|p1a: Volcarona","|turn|12","|","|move|p2a: Ditto|Fiery Dance|p1a: Volcarona","|-damage|p1a: Volcarona|181/373","|-boost|p2a: Ditto|spa|1","|move|p1a: Volcarona|Fiery Dance|p2a: Ditto","|-damage|p2a: Ditto|89/300","|","|turn|13","|","|move|p2a: Ditto|Fiery Dance|p1a: Volcarona","|-damage|p1a: Volcarona|0 fnt","|faint|p1a: Volcarona","|","|","|switch|p1a: FletchinCiel|Fletchinder, M|323/323","|turn|14","|","|move|p1a: FletchinCiel|Acrobatics|p2a: Ditto","|-supereffective|p2a: Ditto","|-damage|p2a: Ditto|0 fnt","|faint|p2a: Ditto","|","|","|switch|p2a: Heliolisk|Heliolisk, M|327/327","|-damage|p2a: Heliolisk|287/327|[from] Stealth Rock","|turn|15","|","|move|p1a: FletchinCiel|Tailwind|p1a: FletchinCiel","|-sidestart|p1: VI God|move: Tailwind","|move|p2a: Heliolisk|Thunderbolt|p1a: FletchinCiel","|-supereffective|p1a: FletchinCiel","|-damage|p1a: FletchinCiel|0 fnt","|faint|p1a: FletchinCiel","|","|","|switch|p1a: Charizard|Charizard, F|297/297","|turn|16","|","|detailschange|p1a: Charizard|Charizard-Mega-Y, F","|-mega|p1a: Charizard|Charizard|Charizardite Y","|-weather|SunnyDay","|move|p1a: Charizard|Flamethrower|p2a: Heliolisk","|-damage|p2a: Heliolisk|40/327","|move|p2a: Heliolisk|Thunderbolt|p1a: Charizard","|-supereffective|p1a: Charizard","|-damage|p1a: Charizard|75/297","|","|-weather|SunnyDay|[upkeep]","|-damage|p2a: Heliolisk|0 fnt|[from] ability: Dry Skin","|faint|p2a: Heliolisk","|","|switch|p2a: Snorlax|Snorlax, F|523/523","|-damage|p2a: Snorlax|458/523|[from] Stealth Rock","|turn|17","|","|move|p1a: Charizard|Flamethrower|p2a: Snorlax","|-damage|p2a: Snorlax|319/523","|move|p2a: Snorlax|Body Slam|p1a: Charizard","|-damage|p1a: Charizard|0 fnt","|faint|p1a: Charizard","|","|-weather|SunnyDay|[upkeep]","|-heal|p2a: Snorlax|351/523|[from] item: Leftovers","|","|switch|p1a: Infernape|Infernape, M|293/293","|turn|18","|","|move|p1a: Infernape|Close Combat|p2a: Snorlax","|-supereffective|p2a: Snorlax","|-damage|p2a: Snorlax|0 fnt","|-unboost|p1a: Infernape|def|1","|-unboost|p1a: Infernape|spd|1","|-damage|p1a: Infernape|264/293|[from] item: Life Orb","|faint|p2a: Snorlax","|","|-weather|SunnyDay|[upkeep]","|-sideend|p1: VI God|move: Tailwind","|","|switch|p2a: Kecleon|Kecleon, M|291/323","|-damage|p2a: Kecleon|251/323|[from] Stealth Rock","|turn|19","|","|move|p1a: Infernape|Vacuum Wave|p2a: Kecleon","|-supereffective|p2a: Kecleon","|-damage|p2a: Kecleon|108/323","|-damage|p1a: Infernape|235/293|[from] item: Life Orb","|move|p2a: Kecleon|Shadow Sneak|p1a: Infernape","|-start|p2a: Kecleon|typechange|Ghost|[from] Protean","|-damage|p1a: Infernape|79/293","|-damage|p2a: Kecleon|76/323|[from] item: Life Orb","|","|-weather|SunnyDay|[upkeep]","|turn|20","|","|move|p2a: Kecleon|Sucker Punch|p1a: Infernape","|-start|p2a: Kecleon|typechange|Dark|[from] Protean","|-resisted|p1a: Infernape","|-damage|p1a: Infernape|0 fnt","|-damage|p2a: Kecleon|44/323|[from] item: Life Orb","|faint|p1a: Infernape","|","|-weather|none","|","|switch|p1a: Arcanine|Arcanine, F|383/383","|-ability|p1a: Arcanine|Intimidate","|-unboost|p2a: Kecleon|atk|1","|turn|21","|","|move|p1a: Arcanine|Extreme Speed|p2a: Kecleon","|-damage|p2a: Kecleon|0 fnt","|faint|p2a: Kecleon","|","|win|VI God"],"p1rating":{"entryid":7483011,"formatid":"monotype","userid":"vigod","username":"VI God","r":1500,"rd":130,"sigma":0,"rpr":1536.7853291359,"rprd":122.80264084416,"rpsigma":0,"rptime":1439024400,"w":1,"l":0,"t":0,"gxe":54.6,"acre":1046.5386066267,"lacre":1046.5386066267,"oldacre":1000},"p2rating":{"entryid":"7460015","serverid":"eos","formatid":"monotype","userid":"guardnaruto","username":"Guard Naruto","w":"1","l":2,"t":"0","gxe":47.1,"r":"1466.0434440081","rd":"122.3574861412","sigma":"0","rptime":"1439024400","rpr":1477.3193295404,"rprd":110.86936051867,"rpsigma":"0","acre":1035.6717560279,"lacre":1035.6717560279,"oldacre":"1057.3077418977"},"endType":"normal"}