{"seed":[7050,56595,4320,49796],"turns":26,"p1":"InternOlbezerkolo","p2":"doomsquach","p1team":[{"name":"Altaria","species":"Altaria","item":"altarianite","ability":"Cloud Nine","moves":["dragondance","earthquake","frustration","dragonclaw"],"nature":"Adamant","evs":{"hp":0,"atk":252,"def":0,"spa":0,"spd":4,"spe":252},"happiness":0,"ivs":{"hp":31,"atk":31,"def":31,"spa":31,"spd":31,"spe":31}},{"name":"Garchomp","species":"Garchomp","item":"kingsrock","ability":"Rough Skin","moves":["rockslide","earthquake","dragonclaw","stealthrock"],"nature":"Jolly","evs":{"hp":0,"atk":252,"def":0,"spa":0,"spd":4,"spe":252},"ivs":{"hp":31,"atk":31,"def":31,"spa":31,"spd":31,"spe":31}},{"name":"Dragalge","species":"Dragalge","item":"choicespecs","ability":"Adaptability","moves":["sludgewave","dracometeor","hydropump","focusblast"],"nature":"Modest","evs":{"hp":248,"atk":0,"def":0,"spa":252,"spd":8,"spe":0},"ivs":{"hp":31,"atk":31,"def":31,"spa":31,"spd":31,"spe":31}},{"name":"Hydreigon","species":"Hydreigon","item":"expertbelt","ability":"Levitate","moves":["flashcannon","dracometeor","darkpulse","flamethrower"],"nature":"Timid","evs":{"hp":0,"atk":0,"def":0,"spa":252,"spd":4,"spe":252},"ivs":{"hp":31,"atk":31,"def":31,"spa":31,"spd":31,"spe":31}},{"name":"Noivern","species":"Noivern","item":"lifeorb","ability":"Infiltrator","moves":["boomburst","flamethrower","dracometeor","airslash"],"nature":"Timid","evs":{"hp":0,"atk":0,"def":0,"spa":252,"spd":4,"spe":252},"ivs":{"hp":31,"atk":31,"def":31,"spa":31,"spd":31,"spe":31}},{"name":"Goodra","species":"Goodra","item":"assaultvest","ability":"Gooey","moves":["fireblast","sludgewave","icebeam","dragonpulse"],"nature":"Modest","evs":{"hp":248,"atk":0,"def":0,"spa":252,"spd":8,"spe":0},"ivs":{"hp":31,"atk":31,"def":31,"spa":31,"spd":31,"spe":31}}],"p2team":[{"name":"Aggron","species":"Aggron","item":"aggronite","ability":"Sturdy","moves":["heavyslam","earthquake","poweruppunch","icepunch"],"nature":"Sassy","evs":{"hp":252,"atk":4,"def":0,"spa":0,"spd":252,"spe":0},"gender":"M","shiny":true,"ivs":{"hp":31,"atk":31,"def":31,"spa":31,"spd":31,"spe":31}},{"name":"Rhyperior","species":"Rhyperior","item":"weaknesspolicy","ability":"Solid Rock","moves":["icepunch","firepunch","earthquake","thunderpunch"],"nature":"Adamant","evs":{"hp":4,"atk":252,"def":252,"spa":0,"spd":0,"spe":0},"gender":"M","shiny":true,"ivs":{"hp":31,"atk":31,"def":31,"spa":31,"spd":31,"spe":31}},{"name":"Cradily","species":"Cradily","item":"leftovers","ability":"Storm Drain","moves":["earthpower","gigadrain","recover","toxic"],"nature":"Bold","evs":{"hp":148,"atk":0,"def":156,"spa":40,"spd":164,"spe":0},"gender":"M","shiny":true,"ivs":{"hp":31,"atk":31,"def":31,"spa":31,"spd":31,"spe":31}},{"name":"Shuckle","species":"Shuckle","item":"leftovers","ability":"Contrary","moves":["shellsmash","stickyweb","infestation","toxic"],"nature":"Sassy","evs":{"hp":252,"atk":0,"def":240,"spa":0,"spd":16,"spe":0},"gender":"M","ivs":{"hp":31,"atk":31,"def":31,"spa":31,"spd":31,"spe":31}},{"name":"Tyranitar","species":"Tyranitar","item":"assaultvest","ability":"Sand Stream","moves":["stoneedge","crunch","fireblast","icebeam"],"nature":"Careful","evs":{"hp":0,"atk":220,"def":0,"spa":0,"spd":252,"spe":36},"ivs":{"hp":31,"atk":31,"def":31,"spa":31,"spd":31,"spe":31}},{"name":"Armaldo","species":"Armaldo","item":"assaultvest","ability":"Battle Armor","moves":["rapidspin","aquajet","knockoff","rockslide"],"nature":"Adamant","evs":{"hp":0,"atk":252,"def":180,"spa":0,"spd":76,"spe":0},"gender":"M","shiny":true,"ivs":{"hp":31,"atk":31,"def":31,"spa":31,"spd":31,"spe":31}}],"log":["|player|p1|InternOlbezerkolo|136","|player|p2|doomsquach|154","|gametype|singles","|gen|6","|tier|Monotype","|rated","|rule|Baton Pass Clause: Limit one Baton Passer, can't pass Spe and other stats simultaneously","|rule|Swagger Clause: Swagger is banned","|rule|Same Type Clause: Pokémon in a team must share a type","|clearpoke","|poke|p1|Altaria, M","|poke|p1|Garchomp, M","|poke|p1|Dragalge, M","|poke|p1|Hydreigon, M","|poke|p1|Noivern, F","|poke|p1|Goodra, M","|poke|p2|Aggron, M, shiny","|poke|p2|Rhyperior, M, shiny","|poke|p2|Cradily, M, shiny","|poke|p2|Shuckle, M","|poke|p2|Tyranitar, M","|poke|p2|Armaldo, M, shiny","|rule|Sleep Clause Mod: Limit one foe put to sleep","|rule|Species Clause: Limit one of each Pokémon","|rule|OHKO Clause: OHKO moves are banned","|rule|Moody Clause: Moody is banned","|rule|Evasion Moves Clause: Evasion moves are banned","|rule|Endless Battle Clause: Forcing endless battles is banned","|rule|HP Percentage Mod: HP is shown in percentages","|teampreview","|","|start","|switch|p1a: Garchomp|Garchomp, M|357/357","|switch|p2a: Shuckle|Shuckle, M|244/244","|turn|1","|","|move|p1a: Garchomp|Stealth Rock|p2a: Shuckle","|-sidestart|p2: doomsquach|move: Stealth Rock","|move|p2a: Shuckle|Infestation|p1a: Garchomp","|-damage|p1a: Garchomp|350/357","|-damage|p2a: Shuckle|214/244|[from] ability: Rough Skin|[of] p1a: Garchomp","|-activate|p1a: Garchomp|move: Infestation|[of] p2a: Shuckle","|","|-heal|p2a: Shuckle|229/244|[from] item: Leftovers","|-damage|p1a: Garchomp|306/357|[from] move: Infestation|[partiallytrapped]","|turn|2","|","|move|p1a: Garchomp|Earthquake|p2a: Shuckle","|-damage|p2a: Shuckle|150/244","|move|p2a: Shuckle|Toxic|p1a: Garchomp","|-status|p1a: Garchomp|tox","|","|-heal|p2a: Shuckle|165/244|[from] item: Leftovers","|-damage|p1a: Garchomp|284/357 tox|[from] psn","|-damage|p1a: Garchomp|240/357 tox|[from] move: Infestation|[partiallytrapped]","|turn|3","|","|move|p1a: Garchomp|Earthquake|p2a: Shuckle","|-damage|p2a: Shuckle|92/244","|move|p2a: Shuckle|Shell Smash|p2a: Shuckle","|-boost|p2a: Shuckle|def|1","|-boost|p2a: Shuckle|spd|1","|-unboost|p2a: Shuckle|atk|2","|-unboost|p2a: Shuckle|spa|2","|-unboost|p2a: Shuckle|spe|2","|","|-heal|p2a: Shuckle|107/244|[from] item: Leftovers","|-damage|p1a: Garchomp|196/357 tox|[from] psn","|-damage|p1a: Garchomp|152/357 tox|[from] move: Infestation|[partiallytrapped]","|turn|4","|","|move|p1a: Garchomp|Earthquake|p2a: Shuckle","|-damage|p2a: Shuckle|53/244","|move|p2a: Shuckle|Shell Smash|p2a: Shuckle","|-boost|p2a: Shuckle|def|1","|-boost|p2a: Shuckle|spd|1","|-unboost|p2a: Shuckle|atk|2","|-unboost|p2a: Shuckle|spa|2","|-unboost|p2a: Shuckle|spe|2","|","|-heal|p2a: Shuckle|68/244|[from] item: Leftovers","|-damage|p1a: Garchomp|86/357 tox|[from] psn","|-damage|p1a: Garchomp|42/357 tox|[from] move: Infestation|[partiallytrapped]","|turn|5","|","|move|p1a: Garchomp|Rock Slide|p2a: Shuckle","|-supereffective|p2a: Shuckle","|-damage|p2a: Shuckle|24/244","|move|p2a: Shuckle|Shell Smash|p2a: Shuckle","|-boost|p2a: Shuckle|def|1","|-boost|p2a: Shuckle|spd|1","|-unboost|p2a: Shuckle|atk|2","|-unboost|p2a: Shuckle|spa|2","|-unboost|p2a: Shuckle|spe|2","|","|-heal|p2a: Shuckle|39/244|[from] item: Leftovers","|-damage|p1a: Garchomp|0 fnt|[from] psn","|faint|p1a: Garchomp","|","|switch|p1a: Noivern|Noivern, F|311/311","|turn|6","|","|move|p1a: Noivern|Flamethrower|p2a: Shuckle","|-damage|p2a: Shuckle|18/244","|-damage|p1a: Noivern|280/311|[from] item: Life Orb","|move|p2a: Shuckle|Infestation|p1a: Noivern","|-resisted|p1a: Noivern","|-damage|p1a: Noivern|279/311","|-activate|p1a: Noivern|move: Infestation|[of] p2a: Shuckle","|","|-heal|p2a: Shuckle|33/244|[from] item: Leftovers","|-damage|p1a: Noivern|241/311|[from] move: Infestation|[partiallytrapped]","|turn|7","|","|move|p1a: Noivern|Draco Meteor|p2a: Shuckle","|-damage|p2a: Shuckle|0 fnt","|-unboost|p1a: Noivern|spa|2","|-damage|p1a: Noivern|210/311|[from] item: Life Orb","|faint|p2a: Shuckle","|","|","|switch|p2a: Aggron|Aggron, M, shiny|344/344","|-damage|p2a: Aggron|323/344|[from] Stealth Rock","|turn|8","|","|switch|p1a: Goodra|Goodra, M|383/383","|detailschange|p2a: Aggron|Aggron-Mega, M, shiny","|-mega|p2a: Aggron|Aggron|Aggronite","|move|p2a: Aggron|Ice Punch|p1a: Goodra","|-supereffective|p1a: Goodra","|-damage|p1a: Goodra|173/383","|-unboost|p2a: Aggron|spe|1","|","|turn|9","|","|move|p1a: Goodra|Fire Blast|p2a: Aggron","|-supereffective|p2a: Aggron","|-damage|p2a: Aggron|167/344","|move|p2a: Aggron|Ice Punch|p1a: Goodra","|-crit|p1a: Goodra","|-supereffective|p1a: Goodra","|-damage|p1a: Goodra|0 fnt","|-unboost|p2a: Aggron|spe|1","|faint|p1a: Goodra","|","|","|switch|p1a: Dragalge|Dragalge, M|333/333","|turn|10","|","|move|p1a: Dragalge|Focus Blast|p2a: Aggron","|-supereffective|p2a: Aggron","|-damage|p2a: Aggron|0 fnt","|faint|p2a: Aggron","|","|","|switch|p2a: Rhyperior|Rhyperior, M, shiny|372/372","|-damage|p2a: Rhyperior|349/372|[from] Stealth Rock","|turn|11","|","|move|p1a: Dragalge|Focus Blast|p2a: Rhyperior","|-supereffective|p2a: Rhyperior","|-damage|p2a: Rhyperior|0 fnt","|faint|p2a: Rhyperior","|","|","|switch|p2a: Tyranitar|Tyranitar, M|341/341","|-damage|p2a: Tyranitar|299/341|[from] Stealth Rock","|-weather|Sandstorm","|turn|12","|","|move|p2a: Tyranitar|Stone Edge|p1a: Dragalge","|-damage|p1a: Dragalge|144/333","|move|p1a: Dragalge|Focus Blast|p2a: Tyranitar|[miss]","|-miss|p1a: Dragalge|p2a: Tyranitar","|","|-weather|Sandstorm|[upkeep]","|-damage|p1a: Dragalge|124/333|[from] sandstorm","|turn|13","|","|switch|p1a: Hydreigon|Hydreigon, M|325/325","|move|p2a: Tyranitar|Stone Edge|p1a: Hydreigon","|-damage|p1a: Hydreigon|114/325","|","|-weather|Sandstorm|[upkeep]","|-damage|p1a: Hydreigon|94/325|[from] sandstorm","|turn|14","|","|move|p1a: Hydreigon|Flash Cannon|p2a: Tyranitar","|-supereffective|p2a: Tyranitar","|-damage|p2a: Tyranitar|229/341","|move|p2a: Tyranitar|Ice Beam|p1a: Hydreigon","|-supereffective|p1a: Hydreigon","|-damage|p1a: Hydreigon|0 fnt","|faint|p1a: Hydreigon","|","|-weather|Sandstorm|[upkeep]","|","|switch|p1a: Altaria|Altaria, M|291/291","|-ability|p1a: Altaria|Cloud Nine","|turn|15","|","|detailschange|p1a: Altaria|Altaria-Mega, M","|-mega|p1a: Altaria|Altaria|Altarianite","|move|p1a: Altaria|Dragon Dance|p1a: Altaria","|-boost|p1a: Altaria|atk|1","|-boost|p1a: Altaria|spe|1","|move|p2a: Tyranitar|Ice Beam|p1a: Altaria","|-supereffective|p1a: Altaria","|-damage|p1a: Altaria|179/291","|","|-weather|Sandstorm|[upkeep]","|-damage|p1a: Altaria|161/291|[from] sandstorm","|turn|16","|","|move|p1a: Altaria|Frustration|p2a: Tyranitar","|-supereffective|p2a: Tyranitar","|-damage|p2a: Tyranitar|0 fnt","|faint|p2a: Tyranitar","|","|-weather|none","|","|switch|p2a: Cradily|Cradily, M, shiny|350/350","|-damage|p2a: Cradily|307/350|[from] Stealth Rock","|turn|17","|","|move|p1a: Altaria|Earthquake|p2a: Cradily","|-damage|p2a: Cradily|158/350","|move|p2a: Cradily|Toxic|p1a: Altaria","|-status|p1a: Altaria|tox","|","|-heal|p2a: Cradily|179/350|[from] item: Leftovers","|-damage|p1a: Altaria|143/291 tox|[from] psn","|turn|18","|","|move|p1a: Altaria|Dragon Dance|p1a: Altaria","|-boost|p1a: Altaria|atk|1","|-boost|p1a: Altaria|spe|1","|move|p2a: Cradily|Recover|p2a: Cradily","|-heal|p2a: Cradily|350/350","|","|-damage|p1a: Altaria|107/291 tox|[from] psn","|turn|19","|","|move|p1a: Altaria|Earthquake|p2a: Cradily","|-damage|p2a: Cradily|152/350","|move|p2a: Cradily|Recover|p2a: Cradily","|-heal|p2a: Cradily|327/350","|","|-heal|p2a: Cradily|348/350|[from] item: Leftovers","|-damage|p1a: Altaria|53/291 tox|[from] psn","|turn|20","|","|move|p1a: Altaria|Earthquake|p2a: Cradily","|-damage|p2a: Cradily|166/350","|move|p2a: Cradily|Recover|p2a: Cradily","|-heal|p2a: Cradily|341/350","|","|-heal|p2a: Cradily|350/350|[from] item: Leftovers","|-damage|p1a: Altaria|0 fnt|[from] psn","|faint|p1a: Altaria","|","|switch|p1a: Dragalge|Dragalge, M|124/333","|turn|21","|","|move|p1a: Dragalge|Focus Blast|p2a: Cradily","|-supereffective|p2a: Cradily","|-damage|p2a: Cradily|64/350","|move|p2a: Cradily|Earth Power|p1a: Dragalge","|-supereffective|p1a: Dragalge","|-damage|p1a: Dragalge|18/333","|","|-heal|p2a: Cradily|85/350|[from] item: Leftovers","|turn|22","|","|move|p1a: Dragalge|Focus Blast|p2a: Cradily","|-supereffective|p2a: Cradily","|-damage|p2a: Cradily|0 fnt","|faint|p2a: Cradily","|","|","|switch|p2a: Armaldo|Armaldo, M, shiny|291/291","|-damage|p2a: Armaldo|219/291|[from] Stealth Rock","|turn|23","|","|move|p2a: Armaldo|Aqua Jet|p1a: Dragalge","|-resisted|p1a: Dragalge","|-damage|p1a: Dragalge|0 fnt","|faint|p1a: Dragalge","|","|","|switch|p1a: Noivern|Noivern, F|210/311","|turn|24","|","|move|p1a: Noivern|Flamethrower|p2a: Armaldo","|-damage|p2a: Armaldo|135/291","|-damage|p1a: Noivern|179/311|[from] item: Life Orb","|move|p2a: Armaldo|Rock Slide|p1a: Noivern","|-miss|p2a: Armaldo|p1a: Noivern","|","|turn|25","|","|move|p1a: Noivern|Air Slash|p2a: Armaldo","|-damage|p2a: Armaldo|36/291","|-damage|p1a: Noivern|148/311|[from] item: Life Orb","|move|p2a: Armaldo|Rock Slide|p1a: Noivern","|-miss|p2a: Armaldo|p1a: Noivern","|","|turn|26","|","|move|p2a: Armaldo|Aqua Jet|p1a: Noivern","|-resisted|p1a: Noivern","|-damage|p1a: Noivern|117/311","|move|p1a: Noivern|Air Slash|p2a: Armaldo","|-damage|p2a: Armaldo|0 fnt","|-damage|p1a: Noivern|86/311|[from] item: Life Orb","|faint|p2a: Armaldo","|","|win|InternOlbezerkolo"],"p1rating":{"entryid":"7487892","serverid":"eos","formatid":"monotype","userid":"internolbezerkolo","username":"InternOlbezerkolo","w":3,"l":"1","t":"0","gxe":58.2,"r":"1500","rd":"130","sigma":"0","rptime":"1439024400","rpr":1565.3427428253,"rprd":105.80757008244,"rpsigma":"0","acre":1093.6845930106,"lacre":1093.6845930106,"oldacre":"1065.3352188145"},"p2rating":{"entryid":"6925117","serverid":"eos","formatid":"monotype","userid":"doomsquach","username":"doomsquach","w":"7","l":14,"t":"0","gxe":37.4,"r":1411.1796879501,"rd":72.303749436841,"sigma":"0","rptime":1439024400,"rpr":1400.85881422,"rprd":71.070143305605,"rpsigma":"0","acre":1028.4351884076,"lacre":1028.4351884076,"oldacre":"1044.0210697608"},"endType":"normal"}