{"seed":[38704,53728,53255,65067],"turns":30,"p1":"BL4cK Dolphin검은돌고래","p2":"Guard Wanderer","p1team":[{"name":"ラティオス","species":"latios","item":"choicescarf","ability":"Levitate","moves":["shadowball","dragonpulse","psyshock","icebeam"],"nature":"Timid","evs":{"hp":0,"atk":0,"def":4,"spa":252,"spd":0,"spe":252},"ivs":{"hp":31,"atk":0,"def":31,"spa":31,"spd":31,"spe":31}},{"name":"キュレム","species":"kyuremblack","item":"lifeorb","ability":"Teravolt","moves":["icebeam","outrage","fusionbolt","ironhead"],"nature":"Naive","evs":{"hp":0,"atk":100,"def":0,"spa":180,"spd":0,"spe":228},"shiny":true,"ivs":{"hp":31,"atk":31,"def":31,"spa":31,"spd":31,"spe":31}},{"name":"ボーマンダ","species":"salamence","item":"choicescarf","ability":"Moxie","moves":["outrage","aerialace","steelwing","earthquake"],"nature":"Jolly","evs":{"hp":0,"atk":252,"def":4,"spa":0,"spd":0,"spe":252},"ivs":{"hp":31,"atk":31,"def":31,"spa":31,"spd":31,"spe":31}},{"name":"サザンドラ","species":"hydreigon","item":"lifeorb","ability":"Levitate","moves":["darkpulse","flamethrower","dracometeor","flashcannon"],"nature":"Timid","evs":{"hp":0,"atk":0,"def":4,"spa":252,"spd":0,"spe":252},"shiny":true,"ivs":{"hp":31,"atk":31,"def":31,"spa":31,"spd":31,"spe":31}},{"name":"ガブリアス","species":"garchomp","item":"rockyhelmet","ability":"Rough Skin","moves":["stealthrock","earthquake","dragontail","endure"],"nature":"Impish","evs":{"hp":252,"atk":0,"def":232,"spa":0,"spd":24,"spe":0},"ivs":{"hp":31,"atk":31,"def":31,"spa":31,"spd":31,"spe":31}},{"name":"ラティアス","species":"latias","item":"latiasite","ability":"Levitate","moves":["calmmind","recover","psyshock","dragonbreath"],"nature":"Bold","evs":{"hp":252,"atk":0,"def":224,"spa":0,"spd":0,"spe":32},"ivs":{"hp":31,"atk":0,"def":31,"spa":31,"spd":31,"spe":31}}],"p2team":[{"name":"Weezing","species":"Weezing","item":"sitrusberry","ability":"Levitate","moves":["toxicspikes","willowisp","memento","thief"],"nature":"Careful","evs":{"hp":248,"atk":8,"def":0,"spa":0,"spd":252,"spe":0},"ivs":{"hp":31,"atk":31,"def":31,"spa":31,"spd":31,"spe":31}},{"name":"Tentacruel","species":"Tentacruel","item":"assaultvest","ability":"Liquid Ooze","moves":["scald","acidspray","gigadrain","hex"],"nature":"Timid","evs":{"hp":0,"atk":0,"def":4,"spa":252,"spd":0,"spe":252},"ivs":{"hp":31,"atk":31,"def":31,"spa":31,"spd":31,"spe":31}},{"name":"Skuntank","species":"Skuntank","item":"","ability":"Stench","moves":["snatch","thief","suckerpunch","poisonjab"],"nature":"Adamant","evs":{"hp":248,"atk":252,"def":0,"spa":0,"spd":8,"spe":0},"ivs":{"hp":31,"atk":31,"def":31,"spa":31,"spd":31,"spe":31}},{"name":"Crobat","species":"Crobat","item":"whiteherb","ability":"Infiltrator","moves":["curse","acrobatics","roost","hypnosis"],"nature":"Jolly","evs":{"hp":248,"atk":8,"def":0,"spa":0,"spd":0,"spe":252},"ivs":{"hp":31,"atk":31,"def":31,"spa":31,"spd":31,"spe":31}},{"name":"Gengar","species":"Gengar","item":"choicescarf","ability":"Levitate","moves":["trick","destinybond","venoshock","hex"],"nature":"Timid","evs":{"hp":0,"atk":0,"def":0,"spa":252,"spd":4,"spe":252},"ivs":{"hp":31,"atk":31,"def":31,"spa":31,"spd":31,"spe":31}},{"name":"Amoonguss","species":"Amoonguss","item":"blacksludge","ability":"Regenerator","moves":["spore","gigadrain","gastroacid","stunspore"],"nature":"Calm","evs":{"hp":248,"atk":0,"def":0,"spa":8,"spd":252,"spe":0},"shiny":true,"ivs":{"hp":31,"atk":31,"def":31,"spa":31,"spd":31,"spe":31}}],"log":["|player|p1|BL4cK Dolphin검은돌고래|alliancewutang.png","|player|p2|Guard Wanderer|235","|gametype|singles","|gen|6","|tier|Monotype","|rated","|rule|Baton Pass Clause: Limit one Baton Passer, can't pass Spe and other stats simultaneously","|rule|Swagger Clause: Swagger is banned","|rule|Same Type Clause: Pokémon in a team must share a type","|clearpoke","|poke|p1|Latios, M","|poke|p1|Kyurem-Black, shiny","|poke|p1|Salamence, M","|poke|p1|Hydreigon, F, shiny","|poke|p1|Garchomp, F","|poke|p1|Latias, F","|poke|p2|Weezing, F","|poke|p2|Tentacruel, F","|poke|p2|Skuntank, M","|poke|p2|Crobat, F","|poke|p2|Gengar, F","|poke|p2|Amoonguss, F, shiny","|rule|Sleep Clause Mod: Limit one foe put to sleep","|rule|Species Clause: Limit one of each Pokémon","|rule|OHKO Clause: OHKO moves are banned","|rule|Moody Clause: Moody is banned","|rule|Evasion Moves Clause: Evasion moves are banned","|rule|Endless Battle Clause: Forcing endless battles is banned","|rule|HP Percentage Mod: HP is shown in percentages","|teampreview","|","|start","|switch|p1a: ラティオス|Latios, M|301/301","|switch|p2a: Weezing|Weezing, F|333/333","|turn|1","|","|switch|p2a: Skuntank|Skuntank, M|409/409","|move|p1a: ラティオス|Psyshock|p2a: Skuntank","|-immune|p2a: Skuntank|[msg]","|","|turn|2","|","|switch|p1a: ガブリアス|Garchomp, F|420/420","|move|p2a: Skuntank|Thief|p1a: ガブリアス","|-damage|p1a: ガブリアス|351/420","|-damage|p2a: Skuntank|358/409|[from] ability: Rough Skin|[of] p1a: ガブリアス","|-damage|p2a: Skuntank|290/409|[from] item: Rocky Helmet|[of] p1a: ガブリアス","|-item|p2a: Skuntank|Rocky Helmet|[from] move: Thief|[of] p1a: ガブリアス","|","|turn|3","|","|switch|p2a: Weezing|Weezing, F|333/333","|move|p1a: ガブリアス|Stealth Rock|p2a: Weezing","|-sidestart|p2: Guard Wanderer|move: Stealth Rock","|","|turn|4","|","|switch|p1a: サザンドラ|Hydreigon, F, shiny|325/325","|move|p2a: Weezing|Will-O-Wisp|p1a: サザンドラ|[miss]","|-miss|p2a: Weezing|p1a: サザンドラ","|","|turn|5","|","|switch|p2a: Tentacruel|Tentacruel, F|301/301","|-damage|p2a: Tentacruel|264/301|[from] Stealth Rock","|move|p1a: サザンドラ|Dark Pulse|p2a: Tentacruel","|-damage|p2a: Tentacruel|155/301","|-damage|p1a: サザンドラ|293/325|[from] item: Life Orb","|","|turn|6","|","|move|p2a: Tentacruel|Acid Spray|p1a: サザンドラ","|-damage|p1a: サザンドラ|236/325","|-unboost|p1a: サザンドラ|spd|2","|move|p1a: サザンドラ|Draco Meteor|p2a: Tentacruel","|-damage|p2a: Tentacruel|0 fnt","|-unboost|p1a: サザンドラ|spa|2","|-damage|p1a: サザンドラ|204/325|[from] item: Life Orb","|faint|p2a: Tentacruel","|","|","|switch|p2a: Weezing|Weezing, F|333/333","|-damage|p2a: Weezing|292/333|[from] Stealth Rock","|turn|7","|","|move|p1a: サザンドラ|Draco Meteor|p2a: Weezing","|-damage|p2a: Weezing|159/333","|-unboost|p1a: サザンドラ|spa|2","|-damage|p1a: サザンドラ|172/325|[from] item: Life Orb","|-enditem|p2a: Weezing|Sitrus Berry|[eat]","|-heal|p2a: Weezing|242/333|[from] item: Sitrus Berry","|move|p2a: Weezing|Will-O-Wisp|p1a: サザンドラ","|-status|p1a: サザンドラ|brn","|","|-damage|p1a: サザンドラ|132/325 brn|[from] brn","|turn|8","|","|switch|p1a: ラティオス|Latios, M|301/301","|move|p2a: Weezing|Will-O-Wisp|p1a: ラティオス","|-status|p1a: ラティオス|brn","|","|-damage|p1a: ラティオス|264/301 brn|[from] brn","|turn|9","|","|move|p1a: ラティオス|Dragon Pulse|p2a: Weezing","|-crit|p2a: Weezing","|-damage|p2a: Weezing|50/333","|move|p2a: Weezing|Thief|p1a: ラティオス","|-supereffective|p1a: ラティオス","|-damage|p1a: ラティオス|158/301 brn","|-item|p2a: Weezing|Choice Scarf|[from] move: Thief|[of] p1a: ラティオス","|","|-damage|p1a: ラティオス|121/301 brn|[from] brn","|turn|10","|","|move|p1a: ラティオス|Dragon Pulse|p2a: Weezing","|-damage|p2a: Weezing|0 fnt","|faint|p2a: Weezing","|","|-damage|p1a: ラティオス|84/301 brn|[from] brn","|","|switch|p2a: Skuntank|Skuntank, M|290/409","|-damage|p2a: Skuntank|239/409|[from] Stealth Rock","|turn|11","|","|move|p2a: Skuntank|Sucker Punch|p1a: ラティオス","|-supereffective|p1a: ラティオス","|-damage|p1a: ラティオス|0 fnt","|faint|p1a: ラティオス","|","|","|switch|p1a: サザンドラ|Hydreigon, F, shiny|132/325 brn","|turn|12","|","|move|p2a: Skuntank|Sucker Punch|p1a: サザンドラ","|-resisted|p1a: サザンドラ","|-damage|p1a: サザンドラ|66/325 brn","|cant|p1a: サザンドラ|flinch","|","|-damage|p1a: サザンドラ|26/325 brn|[from] brn","|turn|13","|","|switch|p1a: ガブリアス|Garchomp, F|351/420","|move|p2a: Skuntank|Sucker Punch|p1a: ガブリアス","|-fail|p2a: Skuntank","|","|turn|14","|","|switch|p2a: Amoonguss|Amoonguss, F, shiny|431/431","|-damage|p2a: Amoonguss|378/431|[from] Stealth Rock","|move|p1a: ガブリアス|Dragon Tail|p2a: Amoonguss","|-damage|p2a: Amoonguss|255/431","|drag|p2a: Crobat|Crobat, F|373/373","|-damage|p2a: Crobat|280/373|[from] Stealth Rock","|","|turn|15","|","|move|p2a: Crobat|Roost|p2a: Crobat","|-heal|p2a: Crobat|373/373","|move|p1a: ガブリアス|Dragon Tail|p2a: Crobat","|-damage|p2a: Crobat|262/373","|drag|p2a: Amoonguss|Amoonguss, F, shiny|398/431","|-damage|p2a: Amoonguss|345/431|[from] Stealth Rock","|","|-heal|p2a: Amoonguss|371/431|[from] item: Black Sludge","|turn|16","|","|switch|p1a: サザンドラ|Hydreigon, F, shiny|26/325 brn","|move|p2a: Amoonguss|Stun Spore|p1a: サザンドラ|[miss]","|-miss|p2a: Amoonguss|p1a: サザンドラ","|","|-heal|p2a: Amoonguss|397/431|[from] item: Black Sludge","|-damage|p1a: サザンドラ|0 fnt|[from] brn","|faint|p1a: サザンドラ","|","|switch|p1a: キュレム|Kyurem-Black, shiny|391/391","|-ability|p1a: キュレム|Teravolt","|turn|17","|","|move|p1a: キュレム|Ice Beam|p2a: Amoonguss","|-supereffective|p2a: Amoonguss","|-damage|p2a: Amoonguss|82/431","|-damage|p1a: キュレム|352/391|[from] item: Life Orb","|move|p2a: Amoonguss|Spore|p1a: キュレム","|-status|p1a: キュレム|slp","|","|-heal|p2a: Amoonguss|108/431|[from] item: Black Sludge","|turn|18","|","|cant|p1a: キュレム|slp","|move|p2a: Amoonguss|Stun Spore|p1a: キュレム","|-fail|p1a: キュレム","|","|-heal|p2a: Amoonguss|134/431|[from] item: Black Sludge","|turn|19","|","|switch|p2a: Gengar|Gengar, F|261/261","|-damage|p2a: Gengar|229/261|[from] Stealth Rock","|cant|p1a: キュレム|slp","|","|turn|20","|","|move|p2a: Gengar|Hex|p1a: キュレム","|-damage|p1a: キュレム|57/391 slp","|cant|p1a: キュレム|slp","|","|turn|21","|","|switch|p1a: ボーマンダ|Salamence, M|331/331","|move|p2a: Gengar|Hex|p1a: ボーマンダ","|-damage|p1a: ボーマンダ|193/331","|","|turn|22","|","|switch|p2a: Skuntank|Skuntank, M|239/409","|-damage|p2a: Skuntank|188/409|[from] Stealth Rock","|move|p1a: ボーマンダ|Outrage|p2a: Skuntank","|-damage|p2a: Skuntank|0 fnt","|-damage|p1a: ボーマンダ|138/331|[from] item: Rocky Helmet|[of] p2a: Skuntank","|faint|p2a: Skuntank","|-boost|p1a: ボーマンダ|atk|1|[from] ability: Moxie","|","|","|switch|p2a: Gengar|Gengar, F|229/261","|-damage|p2a: Gengar|197/261|[from] Stealth Rock","|turn|23","|","|move|p2a: Gengar|Destiny Bond|p2a: Gengar","|-singlemove|p2a: Gengar|Destiny Bond","|move|p1a: ボーマンダ|Outrage|p2a: Gengar|[from]lockedmove","|-damage|p2a: Gengar|0 fnt","|-start|p1a: ボーマンダ|confusion|[fatigue]","|faint|p2a: Gengar","|-activate|p2a: Gengar|Destiny Bond","|faint|p1a: ボーマンダ","|","|","|switch|p2a: Crobat|Crobat, F|262/373","|switch|p1a: ガブリアス|Garchomp, F|351/420","|-damage|p2a: Crobat|169/373|[from] Stealth Rock","|turn|24","|","|move|p2a: Crobat|Hypnosis|p1a: ガブリアス","|-message|Sleep Clause Mod activated.","|-immune|p1a: ガブリアス|[msg]","|move|p1a: ガブリアス|Earthquake|p2a: Crobat","|-immune|p2a: Crobat|[msg]","|","|turn|25","|","|move|p2a: Crobat|Curse|p2a: Crobat","|-unboost|p2a: Crobat|spe|1","|-boost|p2a: Crobat|atk|1","|-boost|p2a: Crobat|def|1","|-enditem|p2a: Crobat|White Herb","|-restoreboost|p2a: Crobat|[silent]","|move|p1a: ガブリアス|Earthquake|p2a: Crobat","|-immune|p2a: Crobat|[msg]","|","|turn|26","|","|move|p2a: Crobat|Roost|p2a: Crobat","|-heal|p2a: Crobat|356/373","|move|p1a: ガブリアス|Dragon Tail|p2a: Crobat","|-damage|p2a: Crobat|280/373","|drag|p2a: Amoonguss|Amoonguss, F, shiny|277/431","|-damage|p2a: Amoonguss|224/431|[from] Stealth Rock","|","|-heal|p2a: Amoonguss|250/431|[from] item: Black Sludge","|turn|27","|","|switch|p1a: キュレム|Kyurem-Black, shiny|57/391 slp","|-ability|p1a: キュレム|Teravolt","|move|p2a: Amoonguss|Stun Spore|p1a: キュレム","|-fail|p1a: キュレム","|","|-heal|p2a: Amoonguss|276/431|[from] item: Black Sludge","|turn|28","|","|-curestatus|p1a: キュレム|slp","|move|p1a: キュレム|Ice Beam|p2a: Amoonguss","|-supereffective|p2a: Amoonguss","|-damage|p2a: Amoonguss|0 fnt","|-damage|p1a: キュレム|18/391|[from] item: Life Orb","|faint|p2a: Amoonguss","|","|","|switch|p2a: Crobat|Crobat, F|280/373","|-damage|p2a: Crobat|187/373|[from] Stealth Rock","|turn|29","|","|move|p2a: Crobat|Acrobatics|p1a: キュレム","|-damage|p1a: キュレム|0 fnt","|faint|p1a: キュレム","|","|","|switch|p1a: ラティアス|Latias, F|364/364","|turn|30","|","|detailschange|p1a: ラティアス|Latias-Mega, F","|-mega|p1a: ラティアス|Latias|Latiasite","|move|p2a: Crobat|Hypnosis|p1a: ラティアス|[miss]","|-miss|p2a: Crobat|p1a: ラティアス","|move|p1a: ラティアス|Psyshock|p2a: Crobat","|-supereffective|p2a: Crobat","|-damage|p2a: Crobat|0 fnt","|faint|p2a: Crobat","|","|win|BL4cK Dolphin검은돌고래"],"p1rating":{"entryid":"7481072","serverid":"eos","formatid":"monotype","userid":"bl4ckdolphin","username":"BL4cK Dolphin검은돌고래","w":3,"l":"2","t":"0","gxe":55.7,"r":"1500","rd":"130","sigma":"0","rptime":"1438938000","rpr":1545.0515833959,"rprd":101.65112419437,"rpsigma":"0","acre":1134.7222898218,"lacre":1134.7222898218,"oldacre":"1097.1842157372"},"p2rating":{"entryid":"6731189","serverid":"eos","formatid":"monotype","userid":"guardwanderer","username":"Guard Wanderer","w":"96","l":123,"t":"0","gxe":43,"r":"1447.7629723725","rd":"27.576508800426","sigma":"0","rptime":"1438938000","rpr":1446.5936973777,"rprd":27.338502495798,"rpsigma":"0","acre":1240.4309549621,"lacre":1240.4309549621,"oldacre":"1277.3453708586"},"endType":"normal"}