{"seed":[36545,47210,28151,24322],"turns":32,"p1":"Zukushiku","p2":"Alliance- WU용의TANG","p1team":[{"name":"Cofagrigus","species":"Cofagrigus","item":"leftovers","ability":"Mummy","moves":["toxicspikes","painsplit","hex","willowisp"],"nature":"Bold","evs":{"hp":252,"atk":0,"def":252,"spa":0,"spd":4,"spe":0},"shiny":true,"ivs":{"hp":31,"atk":31,"def":31,"spa":31,"spd":31,"spe":31}},{"name":"Gengar","species":"Gengar","item":"lifeorb","ability":"Levitate","moves":["substitute","shadowball","focusblast","painsplit"],"nature":"Timid","evs":{"hp":0,"atk":0,"def":0,"spa":252,"spd":4,"spe":252},"ivs":{"hp":31,"atk":31,"def":31,"spa":31,"spd":31,"spe":31}},{"name":"Golurk","species":"Golurk","item":"focussash","ability":"No Guard","moves":["dynamicpunch","stealthrock","earthquake","stoneedge"],"nature":"Adamant","evs":{"hp":0,"atk":252,"def":0,"spa":0,"spd":4,"spe":252},"ivs":{"hp":31,"atk":31,"def":31,"spa":31,"spd":31,"spe":31}},{"name":"Jellicent","species":"Jellicent","item":"leftovers","ability":"Water Absorb","moves":["taunt","toxic","scald","recover"],"nature":"Calm","evs":{"hp":248,"atk":0,"def":0,"spa":0,"spd":216,"spe":44},"ivs":{"hp":31,"atk":0,"def":31,"spa":31,"spd":31,"spe":31}},{"name":"Sableye","species":"Sableye","item":"sablenite","ability":"Prankster","moves":["knockoff","willowisp","recover","foulplay"],"nature":"Careful","evs":{"hp":252,"atk":0,"def":112,"spa":0,"spd":144,"spe":0},"shiny":true,"ivs":{"hp":31,"atk":31,"def":31,"spa":31,"spd":31,"spe":31}},{"name":"Chandelure","species":"Chandelure","item":"leftovers","ability":"Flash Fire","moves":["substitute","calmmind","flamethrower","shadowball"],"nature":"Timid","evs":{"hp":160,"atk":0,"def":0,"spa":96,"spd":0,"spe":252},"shiny":true,"ivs":{"hp":31,"atk":31,"def":31,"spa":31,"spd":31,"spe":31}}],"p2team":[{"name":"ラティオス","species":"latios","item":"choicescarf","ability":"Levitate","moves":["hiddenpowerfire","dragonpulse","psyshock","icebeam"],"nature":"Timid","evs":{"hp":0,"atk":0,"def":4,"spa":252,"spd":0,"spe":252},"ivs":{"hp":31,"atk":30,"def":31,"spa":30,"spd":31,"spe":30}},{"name":"キュレム","species":"kyuremblack","item":"lifeorb","ability":"Teravolt","moves":["icebeam","outrage","fusionbolt","ironhead"],"nature":"Naive","evs":{"hp":0,"atk":100,"def":0,"spa":180,"spd":0,"spe":228},"shiny":true,"ivs":{"hp":31,"atk":31,"def":31,"spa":31,"spd":31,"spe":31}},{"name":"ボーマンダ","species":"salamence","item":"choicescarf","ability":"Moxie","moves":["outrage","aerialace","steelwing","earthquake"],"nature":"Jolly","evs":{"hp":0,"atk":252,"def":4,"spa":0,"spd":0,"spe":252},"ivs":{"hp":31,"atk":31,"def":31,"spa":31,"spd":31,"spe":31}},{"name":"サザンドラ","species":"hydreigon","item":"lifeorb","ability":"Levitate","moves":["darkpulse","flamethrower","dracometeor","flashcannon"],"nature":"Timid","evs":{"hp":4,"atk":0,"def":0,"spa":252,"spd":0,"spe":252},"shiny":true,"ivs":{"hp":31,"atk":31,"def":31,"spa":31,"spd":31,"spe":31}},{"name":"ガブリアス","species":"garchomp","item":"rockyhelmet","ability":"Rough Skin","moves":["stealthrock","earthquake","dragontail","endure"],"nature":"Impish","evs":{"hp":252,"atk":0,"def":232,"spa":0,"spd":24,"spe":0},"ivs":{"hp":31,"atk":31,"def":31,"spa":31,"spd":31,"spe":31}},{"name":"ラティアス","species":"latias","item":"latiasite","ability":"Levitate","moves":["calmmind","recover","psyshock","dragonbreath"],"nature":"Bold","evs":{"hp":252,"atk":0,"def":224,"spa":0,"spd":0,"spe":32},"ivs":{"hp":31,"atk":0,"def":31,"spa":31,"spd":31,"spe":31}}],"log":["|player|p1|Zukushiku|zukushiku.png","|player|p2|Alliance- WU용의TANG|alliancewutang.png","|gametype|singles","|gen|6","|tier|Monotype","|rated","|rule|Baton Pass Clause: Limit one Baton Passer, can't pass Spe and other stats simultaneously","|rule|Swagger Clause: Swagger is banned","|rule|Same Type Clause: Pokémon in a team must share a type","|clearpoke","|poke|p1|Cofagrigus, F, shiny","|poke|p1|Gengar, M","|poke|p1|Golurk","|poke|p1|Jellicent, M","|poke|p1|Sableye, M, shiny","|poke|p1|Chandelure, F, shiny","|poke|p2|Latios, M","|poke|p2|Kyurem-Black, shiny","|poke|p2|Salamence, F","|poke|p2|Hydreigon, M, shiny","|poke|p2|Garchomp, M","|poke|p2|Latias, F","|rule|Sleep Clause Mod: Limit one foe put to sleep","|rule|Species Clause: Limit one of each Pokémon","|rule|OHKO Clause: OHKO moves are banned","|rule|Moody Clause: Moody is banned","|rule|Evasion Moves Clause: Evasion moves are banned","|rule|Endless Battle Clause: Forcing endless battles is banned","|rule|HP Percentage Mod: HP is shown in percentages","|teampreview","|","|start","|switch|p1a: Sableye|Sableye, M, shiny|304/304","|switch|p2a: ガブリアス|Garchomp, M|420/420","|turn|1","|","|detailschange|p1a: Sableye|Sableye-Mega, M, shiny","|-mega|p1a: Sableye|Sableye|Sablenite","|move|p1a: Sableye|Will-O-Wisp|p2a: ガブリアス","|-status|p2a: ガブリアス|brn","|move|p2a: ガブリアス|Stealth Rock|p1a: Sableye","|move|p1a: Sableye|Stealth Rock|p2a: ガブリアス|[from]Magic Bounce","|-sidestart|p2: Alliance- WU용의TANG|move: Stealth Rock","|","|-damage|p2a: ガブリアス|368/420 brn|[from] brn","|turn|2","|","|move|p1a: Sableye|Will-O-Wisp|p2a: ガブリアス","|-fail|p2a: ガブリアス|brn","|move|p2a: ガブリアス|Dragon Tail|p1a: Sableye","|-damage|p1a: Sableye|269/304","|drag|p1a: Jellicent|Jellicent, M|403/403","|","|-damage|p2a: ガブリアス|316/420 brn|[from] brn","|turn|3","|","|switch|p1a: Sableye|Sableye-Mega, M, shiny|269/304","|move|p2a: ガブリアス|Stealth Rock|p1a: Sableye","|move|p1a: Sableye|Stealth Rock|p2a: ガブリアス|[from]Magic Bounce","|-fail|p2a: ガブリアス","|","|-damage|p2a: ガブリアス|264/420 brn|[from] brn","|turn|4","|","|switch|p2a: サザンドラ|Hydreigon, M, shiny|326/326","|-damage|p2a: サザンドラ|286/326|[from] Stealth Rock","|switch|p1a: Cofagrigus|Cofagrigus, F, shiny|320/320","|","|turn|5","|","|switch|p1a: Golurk|Golurk|319/319","|move|p2a: サザンドラ|Dark Pulse|p1a: Golurk","|-supereffective|p1a: Golurk","|-enditem|p1a: Golurk|Focus Sash","|-damage|p1a: Golurk|1/319","|-damage|p2a: サザンドラ|254/326|[from] item: Life Orb","|","|turn|6","|","|move|p2a: サザンドラ|Dark Pulse|p1a: Golurk","|-supereffective|p1a: Golurk","|-damage|p1a: Golurk|0 fnt","|-damage|p2a: サザンドラ|222/326|[from] item: Life Orb","|faint|p1a: Golurk","|","|","|switch|p1a: Gengar|Gengar, M|261/261","|turn|7","|","|switch|p2a: ボーマンダ|Salamence, F|331/331","|-damage|p2a: ボーマンダ|249/331|[from] Stealth Rock","|move|p1a: Gengar|Substitute|p1a: Gengar","|-start|p1a: Gengar|Substitute","|-damage|p1a: Gengar|196/261","|","|turn|8","|","|move|p2a: ボーマンダ|Aerial Ace|p1a: Gengar","|-end|p1a: Gengar|Substitute","|move|p1a: Gengar|Shadow Ball|p2a: ボーマンダ","|-damage|p2a: ボーマンダ|19/331","|-unboost|p2a: ボーマンダ|spd|1","|-damage|p1a: Gengar|170/261|[from] item: Life Orb","|","|turn|9","|","|switch|p1a: Cofagrigus|Cofagrigus, F, shiny|320/320","|move|p2a: ボーマンダ|Aerial Ace|p1a: Cofagrigus","|-damage|p1a: Cofagrigus|260/320","|-endability|p2a: ボーマンダ|moxie|[from] Mummy","|-ability|p2a: ボーマンダ|Mummy|[from] Mummy","|","|-heal|p1a: Cofagrigus|280/320|[from] item: Leftovers","|turn|10","|","|switch|p1a: Sableye|Sableye-Mega, M, shiny|269/304","|move|p2a: ボーマンダ|Aerial Ace|p1a: Sableye","|-damage|p1a: Sableye|179/304","|","|turn|11","|","|switch|p2a: サザンドラ|Hydreigon, M, shiny|222/326","|-damage|p2a: サザンドラ|182/326|[from] Stealth Rock","|move|p1a: Sableye|Recover|p1a: Sableye","|-heal|p1a: Sableye|304/304","|","|turn|12","|","|move|p2a: サザンドラ|Draco Meteor|p1a: Sableye","|-damage|p1a: Sableye|109/304","|-unboost|p2a: サザンドラ|spa|2","|-damage|p2a: サザンドラ|150/326|[from] item: Life Orb","|move|p1a: Sableye|Recover|p1a: Sableye","|-heal|p1a: Sableye|261/304","|","|turn|13","|","|switch|p2a: ボーマンダ|Salamence, F|19/331","|-damage|p2a: ボーマンダ|0 fnt|[from] Stealth Rock","|faint|p2a: ボーマンダ","|move|p1a: Sableye|Knock Off|p2: ボーマンダ|[notarget]","|-notarget","|","|","|switch|p2a: サザンドラ|Hydreigon, M, shiny|150/326","|-damage|p2a: サザンドラ|110/326|[from] Stealth Rock","|turn|14","|","|move|p2a: サザンドラ|Dark Pulse|p1a: Sableye","|-damage|p1a: Sableye|135/304","|-damage|p2a: サザンドラ|78/326|[from] item: Life Orb","|move|p1a: Sableye|Recover|p1a: Sableye","|-heal|p1a: Sableye|287/304","|","|turn|15","|","|move|p2a: サザンドラ|Dark Pulse|p1a: Sableye","|-damage|p1a: Sableye|162/304","|-damage|p2a: サザンドラ|46/326|[from] item: Life Orb","|move|p1a: Sableye|Recover|p1a: Sableye","|-heal|p1a: Sableye|304/304","|","|turn|16","|","|move|p2a: サザンドラ|Dark Pulse|p1a: Sableye","|-damage|p1a: Sableye|171/304","|-damage|p2a: サザンドラ|14/326|[from] item: Life Orb","|move|p1a: Sableye|Foul Play|p2a: サザンドラ","|-resisted|p2a: サザンドラ","|-damage|p2a: サザンドラ|0 fnt","|faint|p2a: サザンドラ","|","|","|switch|p2a: キュレム|Kyurem-Black, shiny|391/391","|-damage|p2a: キュレム|294/391|[from] Stealth Rock","|-ability|p2a: キュレム|Teravolt","|turn|17","|","|switch|p1a: Jellicent|Jellicent, M|403/403","|move|p2a: キュレム|Fusion Bolt|p1a: Jellicent","|-supereffective|p1a: Jellicent","|-damage|p1a: Jellicent|0 fnt","|-damage|p2a: キュレム|255/391|[from] item: Life Orb","|faint|p1a: Jellicent","|","|","|switch|p1a: Gengar|Gengar, M|170/261","|turn|18","|","|move|p1a: Gengar|Substitute|p1a: Gengar","|-start|p1a: Gengar|Substitute","|-damage|p1a: Gengar|105/261","|move|p2a: キュレム|Fusion Bolt|p1a: Gengar","|-end|p1a: Gengar|Substitute","|-damage|p2a: キュレム|216/391|[from] item: Life Orb","|","|turn|19","|","|move|p1a: Gengar|Substitute|p1a: Gengar","|-start|p1a: Gengar|Substitute","|-damage|p1a: Gengar|40/261","|move|p2a: キュレム|Ice Beam|p1a: Gengar","|-end|p1a: Gengar|Substitute","|-damage|p2a: キュレム|177/391|[from] item: Life Orb","|","|turn|20","|","|move|p1a: Gengar|Shadow Ball|p2a: キュレム","|-damage|p2a: キュレム|0 fnt","|-damage|p1a: Gengar|14/261|[from] item: Life Orb","|faint|p2a: キュレム","|","|","|switch|p2a: ラティオス|Latios, M|301/301","|-damage|p2a: ラティオス|264/301|[from] Stealth Rock","|turn|21","|","|move|p2a: ラティオス|Dragon Pulse|p1a: Gengar","|-damage|p1a: Gengar|0 fnt","|faint|p1a: Gengar","|","|","|switch|p1a: Sableye|Sableye-Mega, M, shiny|171/304","|turn|22","|","|move|p2a: ラティオス|Dragon Pulse|p1a: Sableye","|-damage|p1a: Sableye|63/304","|move|p1a: Sableye|Recover|p1a: Sableye","|-heal|p1a: Sableye|215/304","|","|turn|23","|","|move|p2a: ラティオス|Dragon Pulse|p1a: Sableye","|-damage|p1a: Sableye|115/304","|move|p1a: Sableye|Recover|p1a: Sableye","|-heal|p1a: Sableye|267/304","|","|turn|24","|","|switch|p2a: ラティアス|Latias, F|364/364","|-damage|p2a: ラティアス|319/364|[from] Stealth Rock","|move|p1a: Sableye|Recover|p1a: Sableye","|-heal|p1a: Sableye|304/304","|","|turn|25","|","|detailschange|p2a: ラティアス|Latias-Mega, F","|-mega|p2a: ラティアス|Latias|Latiasite","|move|p2a: ラティアス|Calm Mind|p2a: ラティアス","|-boost|p2a: ラティアス|spa|1","|-boost|p2a: ラティアス|spd|1","|move|p1a: Sableye|Recover|p1a: Sableye","|-fail|p1a: Sableye","|","|turn|26","|","|move|p2a: ラティアス|Calm Mind|p2a: ラティアス","|-boost|p2a: ラティアス|spa|1","|-boost|p2a: ラティアス|spd|1","|move|p1a: Sableye|Will-O-Wisp|p2a: ラティアス","|-status|p2a: ラティアス|brn","|","|-damage|p2a: ラティアス|274/364 brn|[from] brn","|turn|27","|","|move|p2a: ラティアス|Calm Mind|p2a: ラティアス","|-boost|p2a: ラティアス|spa|1","|-boost|p2a: ラティアス|spd|1","|move|p1a: Sableye|Foul Play|p2a: ラティアス","|-supereffective|p2a: ラティアス","|-damage|p2a: ラティアス|170/364 brn","|","|-damage|p2a: ラティアス|125/364 brn|[from] brn","|turn|28","|","|move|p2a: ラティアス|Recover|p2a: ラティアス","|-heal|p2a: ラティアス|307/364 brn","|move|p1a: Sableye|Foul Play|p2a: ラティアス","|-supereffective|p2a: ラティアス","|-damage|p2a: ラティアス|185/364 brn","|","|-damage|p2a: ラティアス|140/364 brn|[from] brn","|turn|29","|","|move|p2a: ラティアス|Dragon Breath|p1a: Sableye","|-damage|p1a: Sableye|139/304","|move|p1a: Sableye|Foul Play|p2a: ラティアス","|-supereffective|p2a: ラティアス","|-damage|p2a: ラティアス|18/364 brn","|","|-damage|p2a: ラティアス|0 fnt|[from] brn","|faint|p2a: ラティアス","|","|switch|p2a: ラティオス|Latios, M|264/301","|-damage|p2a: ラティオス|227/301|[from] Stealth Rock","|turn|30","|","|move|p2a: ラティオス|Dragon Pulse|p1a: Sableye","|-damage|p1a: Sableye|34/304","|move|p1a: Sableye|Foul Play|p2a: ラティオス","|-supereffective|p2a: ラティオス","|-damage|p2a: ラティオス|0 fnt","|faint|p2a: ラティオス","|","|","|switch|p2a: ガブリアス|Garchomp, M|264/420 brn","|-damage|p2a: ガブリアス|238/420 brn|[from] Stealth Rock","|turn|31","|","|move|p2a: ガブリアス|Earthquake|p1a: Sableye","|-damage|p1a: Sableye|0 fnt","|faint|p1a: Sableye","|","|-damage|p2a: ガブリアス|186/420 brn|[from] brn","|","|switch|p1a: Cofagrigus|Cofagrigus, F, shiny|280/320","|turn|32","|","|move|p2a: ガブリアス|Earthquake|p1a: Cofagrigus","|-crit|p1a: Cofagrigus","|-damage|p1a: Cofagrigus|222/320","|move|p1a: Cofagrigus|Hex|p2a: ガブリアス","|-damage|p2a: ガブリアス|17/420 brn","|","|-heal|p1a: Cofagrigus|242/320|[from] item: Leftovers","|-damage|p2a: ガブリアス|0 fnt|[from] brn","|faint|p2a: ガブリアス","|","|win|Zukushiku"],"p1rating":{"entryid":"7076911","serverid":"eos","formatid":"monotype","userid":"zukushiku","username":"Zukushiku","w":34,"l":"14","t":"0","gxe":68.9,"r":"1634.9406093833","rd":"52.160682231716","sigma":"0","rptime":"1438938000","rpr":1651.1109340521,"rprd":51.075866429985,"rpsigma":"0","acre":1359.9908987793,"lacre":1359.9908987793,"oldacre":"1342.4695989964"},"p2rating":{"entryid":"7022950","serverid":"eos","formatid":"monotype","userid":"alliancewutang","username":"Alliance - Wu Tang","w":"47","l":21,"t":"0","gxe":67.9,"r":"1656.2145089817","rd":"50.371973774151","sigma":"0","rptime":"1438938000","rpr":1642.0114368788,"rprd":44.467147927978,"rpsigma":"0","acre":1277.2860242002,"lacre":1277.2860242002,"oldacre":"1299.1876489288"},"endType":"normal"}