{"seed":[60486,63473,2865,6579],"turns":25,"p1":"Kinn Kyougoku","p2":"Intern Twizz","p1team":[{"name":"Nike","species":"victini","item":"choicespecs","ability":"Victory Star","moves":["searingshot","dazzlinggleam","thunderbolt","uturn"],"nature":"Timid","evs":{"hp":252,"atk":0,"def":56,"spa":144,"spd":56,"spe":0},"ivs":{"hp":31,"atk":31,"def":31,"spa":31,"spd":31,"spe":31}},{"name":"Latios","species":"Latios","item":"choicescarf","ability":"Levitate","moves":["dragonpulse","psychic","shadowball","icebeam"],"nature":"Timid","evs":{"hp":4,"atk":0,"def":252,"spa":0,"spd":0,"spe":252},"ivs":{"hp":31,"atk":31,"def":31,"spa":31,"spd":31,"spe":31}},{"name":"Slowbro","species":"Slowbro","item":"leftovers","ability":"Regenerator","moves":["scald","calmmind","slackoff","flamethrower"],"nature":"Sassy","evs":{"hp":0,"atk":0,"def":252,"spa":4,"spd":252,"spe":0},"gender":"M","ivs":{"hp":31,"atk":31,"def":31,"spa":31,"spd":31,"spe":31}},{"name":"Metagross","species":"Metagross","item":"assaultvest","ability":"Clear Body","moves":["rockslide","poweruppunch","bulletpunch","zenheadbutt"],"nature":"Adamant","evs":{"hp":248,"atk":252,"def":0,"spa":0,"spd":8,"spe":0},"shiny":true,"ivs":{"hp":31,"atk":31,"def":31,"spa":31,"spd":31,"spe":31}},{"name":"Meloetta","species":"Meloetta","item":"assaultvest","ability":"Serene Grace","moves":["shadowball","dazzlinggleam","focusblast","psyshock"],"nature":"Modest","evs":{"hp":248,"atk":0,"def":0,"spa":252,"spd":8,"spe":0},"ivs":{"hp":31,"atk":31,"def":31,"spa":31,"spd":31,"spe":31}},{"name":"Screaming Widow","species":"gardevoir","item":"gardevoirite","ability":"Synchronize","moves":["hypervoice","energyball","psyshock","shadowball"],"nature":"Modest","evs":{"hp":0,"atk":0,"def":0,"spa":252,"spd":4,"spe":252},"gender":"F","shiny":true,"ivs":{"hp":31,"atk":31,"def":31,"spa":31,"spd":31,"spe":31}}],"p2team":[{"name":"Rotom-Wash","species":"Rotom-Wash","item":"choicescarf","ability":"Levitate","moves":["hydropump","voltswitch","trick","willowisp"],"nature":"Timid","evs":{"hp":0,"atk":0,"def":0,"spa":252,"spd":4,"spe":252},"ivs":{"hp":31,"atk":31,"def":31,"spa":31,"spd":31,"spe":31}},{"name":"Zapdos","species":"Zapdos","item":"leftovers","ability":"Pressure","moves":["toxic","roost","discharge","heatwave"],"nature":"Bold","evs":{"hp":0,"atk":0,"def":252,"spa":56,"spd":200,"spe":0},"ivs":{"hp":31,"atk":31,"def":31,"spa":31,"spd":31,"spe":31}},{"name":"Ampharos","species":"Ampharos","item":"ampharosite","ability":"Static","moves":["cottonguard","rest","sleeptalk","dragonpulse"],"nature":"Bold","evs":{"hp":0,"atk":0,"def":252,"spa":136,"spd":120,"spe":0},"ivs":{"hp":31,"atk":31,"def":31,"spa":31,"spd":31,"spe":31}},{"name":"Raikou","species":"Raikou","item":"leftovers","ability":"Pressure","moves":["substitute","calmmind","extrasensory","thunderbolt"],"nature":"Timid","evs":{"hp":0,"atk":0,"def":0,"spa":252,"spd":4,"spe":252},"ivs":{"hp":31,"atk":31,"def":31,"spa":31,"spd":31,"spe":31}},{"name":"Eelektross","species":"Eelektross","item":"assaultvest","ability":"Levitate","moves":["knockoff","drainpunch","gigadrain","thunderbolt"],"nature":"Brave","evs":{"hp":0,"atk":36,"def":0,"spa":220,"spd":252,"spe":0},"ivs":{"hp":31,"atk":31,"def":31,"spa":31,"spd":31,"spe":31}},{"name":"Magnezone","species":"Magnezone","item":"leftovers","ability":"Sturdy","moves":["flashcannon","thunderbolt","protect","hiddenpowerice"],"nature":"Modest","evs":{"hp":76,"atk":0,"def":180,"spa":252,"spd":0,"spe":0},"ivs":{"hp":31,"atk":30,"def":30,"spa":31,"spd":31,"spe":31}}],"log":["|player|p1|Kinn Kyougoku|266","|player|p2|Intern Twizz|161","|gametype|singles","|gen|6","|tier|Monotype","|rated","|rule|Baton Pass Clause: Limit one Baton Passer, can't pass Spe and other stats simultaneously","|rule|Swagger Clause: Swagger is banned","|rule|Same Type Clause: Pokémon in a team must share a type","|clearpoke","|poke|p1|Victini","|poke|p1|Latios, M","|poke|p1|Slowbro, M","|poke|p1|Metagross, shiny","|poke|p1|Meloetta","|poke|p1|Gardevoir, F, shiny","|poke|p2|Rotom-Wash","|poke|p2|Zapdos","|poke|p2|Ampharos, M","|poke|p2|Raikou","|poke|p2|Eelektross, M","|poke|p2|Magnezone","|rule|Sleep Clause Mod: Limit one foe put to sleep","|rule|Species Clause: Limit one of each Pokémon","|rule|OHKO Clause: OHKO moves are banned","|rule|Moody Clause: Moody is banned","|rule|Evasion Moves Clause: Evasion moves are banned","|rule|Endless Battle Clause: Forcing endless battles is banned","|rule|HP Percentage Mod: HP is shown in percentages","|teampreview","|","|start","|switch|p1a: Metagross|Metagross, shiny|363/363","|switch|p2a: Rotom-Wash|Rotom-Wash|241/241","|turn|1","|","|move|p2a: Rotom-Wash|Will-O-Wisp|p1a: Metagross","|-status|p1a: Metagross|brn","|move|p1a: Metagross|Zen Headbutt|p2a: Rotom-Wash|[miss]","|-miss|p1a: Metagross|p2a: Rotom-Wash","|","|-damage|p1a: Metagross|318/363 brn|[from] brn","|turn|2","|","|switch|p2a: Zapdos|Zapdos|321/321","|-ability|p2a: Zapdos|Pressure","|move|p1a: Metagross|Power-Up Punch|p2a: Zapdos","|-resisted|p2a: Zapdos","|-damage|p2a: Zapdos|311/321","|-boost|p1a: Metagross|atk|1","|","|-heal|p2a: Zapdos|321/321|[from] item: Leftovers","|-damage|p1a: Metagross|273/363 brn|[from] brn","|turn|3","|","|move|p2a: Zapdos|Heat Wave|p1a: Metagross","|-supereffective|p1a: Metagross","|-damage|p1a: Metagross|143/363 brn","|move|p1a: Metagross|Zen Headbutt|p2a: Zapdos","|-damage|p2a: Zapdos|231/321","|","|-heal|p2a: Zapdos|251/321|[from] item: Leftovers","|-damage|p1a: Metagross|98/363 brn|[from] brn","|turn|4","|","|switch|p1a: Screaming Widow|Gardevoir, F, shiny|277/277","|move|p2a: Zapdos|Discharge|p1a: Screaming Widow","|-damage|p1a: Screaming Widow|177/277","|","|-heal|p2a: Zapdos|271/321|[from] item: Leftovers","|turn|5","|","|switch|p2a: Eelektross|Eelektross, M|311/311","|detailschange|p1a: Screaming Widow|Gardevoir-Mega, F, shiny","|-mega|p1a: Screaming Widow|Gardevoir|Gardevoirite","|move|p1a: Screaming Widow|Hyper Voice|p2a: Eelektross","|-damage|p2a: Eelektross|143/311","|","|turn|6","|","|move|p1a: Screaming Widow|Hyper Voice|p2a: Eelektross","|-damage|p2a: Eelektross|0 fnt","|faint|p2a: Eelektross","|","|","|switch|p2a: Magnezone|Magnezone|300/300","|turn|7","|","|move|p1a: Screaming Widow|Energy Ball|p2a: Magnezone","|-resisted|p2a: Magnezone","|-damage|p2a: Magnezone|218/300","|move|p2a: Magnezone|Flash Cannon|p1a: Screaming Widow","|-supereffective|p1a: Screaming Widow","|-damage|p1a: Screaming Widow|0 fnt","|faint|p1a: Screaming Widow","|","|-heal|p2a: Magnezone|236/300|[from] item: Leftovers","|","|switch|p1a: Slowbro|Slowbro, M|331/331","|turn|8","|","|move|p2a: Magnezone|Thunderbolt|p1a: Slowbro","|-supereffective|p1a: Slowbro","|-damage|p1a: Slowbro|43/331","|move|p1a: Slowbro|Flamethrower|p2a: Magnezone","|-supereffective|p2a: Magnezone","|-damage|p2a: Magnezone|78/300","|","|-heal|p2a: Magnezone|96/300|[from] item: Leftovers","|-heal|p1a: Slowbro|63/331|[from] item: Leftovers","|turn|9","|","|move|p2a: Magnezone|Flash Cannon|p1a: Slowbro","|-resisted|p1a: Slowbro","|-damage|p1a: Slowbro|0 fnt","|faint|p1a: Slowbro","|","|-heal|p2a: Magnezone|114/300|[from] item: Leftovers","|","|switch|p1a: Nike|Victini|404/404","|turn|10","|","|move|p2a: Magnezone|Protect|p2a: Magnezone","|-singleturn|p2a: Magnezone|Protect","|move|p1a: Nike|Searing Shot|p2a: Magnezone","|-activate|p2a: Magnezone|Protect","|","|-heal|p2a: Magnezone|132/300|[from] item: Leftovers","|turn|11","|","|switch|p2a: Rotom-Wash|Rotom-Wash|241/241","|move|p1a: Nike|Searing Shot|p2a: Rotom-Wash","|-resisted|p2a: Rotom-Wash","|-damage|p2a: Rotom-Wash|151/241","|","|turn|12","|","|move|p2a: Rotom-Wash|Hydro Pump|p1a: Nike","|-supereffective|p1a: Nike","|-damage|p1a: Nike|86/404","|move|p1a: Nike|Searing Shot|p2a: Rotom-Wash","|-resisted|p2a: Rotom-Wash","|-damage|p2a: Rotom-Wash|64/241","|","|turn|13","|","|move|p2a: Rotom-Wash|Hydro Pump|p1a: Nike","|-supereffective|p1a: Nike","|-damage|p1a: Nike|0 fnt","|faint|p1a: Nike","|","|","|switch|p1a: Meloetta|Meloetta|403/403","|turn|14","|","|move|p2a: Rotom-Wash|Hydro Pump|p1a: Meloetta","|-damage|p1a: Meloetta|315/403","|move|p1a: Meloetta|Dazzling Gleam|p2a: Rotom-Wash","|-damage|p2a: Rotom-Wash|0 fnt","|faint|p2a: Rotom-Wash","|","|","|switch|p2a: Magnezone|Magnezone|132/300","|turn|15","|","|move|p2a: Magnezone|Protect|p2a: Magnezone","|-singleturn|p2a: Magnezone|Protect","|move|p1a: Meloetta|Focus Blast|p2a: Magnezone","|-activate|p2a: Magnezone|Protect","|","|-heal|p2a: Magnezone|150/300|[from] item: Leftovers","|turn|16","|","|switch|p2a: Zapdos|Zapdos|271/321","|-ability|p2a: Zapdos|Pressure","|move|p1a: Meloetta|Focus Blast|p2a: Zapdos|[miss]","|-miss|p1a: Meloetta|p2a: Zapdos","|","|-heal|p2a: Zapdos|291/321|[from] item: Leftovers","|turn|17","|","|move|p2a: Zapdos|Toxic|p1a: Meloetta","|-status|p1a: Meloetta|tox","|move|p1a: Meloetta|Psyshock|p2a: Zapdos","|-damage|p2a: Zapdos|173/321","|","|-heal|p2a: Zapdos|193/321|[from] item: Leftovers","|-damage|p1a: Meloetta|290/403 tox|[from] psn","|turn|18","|","|move|p2a: Zapdos|Roost|p2a: Zapdos","|-heal|p2a: Zapdos|321/321","|move|p1a: Meloetta|Psyshock|p2a: Zapdos","|-damage|p2a: Zapdos|204/321","|","|-heal|p2a: Zapdos|224/321|[from] item: Leftovers","|-damage|p1a: Meloetta|240/403 tox|[from] psn","|turn|19","|","|move|p2a: Zapdos|Discharge|p1a: Meloetta","|-damage|p1a: Meloetta|179/403 tox","|move|p1a: Meloetta|Psyshock|p2a: Zapdos","|-damage|p2a: Zapdos|94/321","|","|-heal|p2a: Zapdos|114/321|[from] item: Leftovers","|-damage|p1a: Meloetta|104/403 tox|[from] psn","|turn|20","|","|move|p2a: Zapdos|Roost|p2a: Zapdos","|-heal|p2a: Zapdos|275/321","|move|p1a: Meloetta|Focus Blast|p2a: Zapdos","|-damage|p2a: Zapdos|126/321","|","|-heal|p2a: Zapdos|146/321|[from] item: Leftovers","|-damage|p1a: Meloetta|4/403 tox|[from] psn","|turn|21","|","|switch|p1a: Metagross|Metagross, shiny|98/363 brn","|move|p2a: Zapdos|Roost|p2a: Zapdos","|-heal|p2a: Zapdos|307/321","|","|-heal|p2a: Zapdos|321/321|[from] item: Leftovers","|-damage|p1a: Metagross|53/363 brn|[from] brn","|turn|22","|","|move|p2a: Zapdos|Discharge|p1a: Metagross","|-damage|p1a: Metagross|0 fnt","|faint|p1a: Metagross","|","|","|switch|p1a: Latios|Latios, M|302/302","|turn|23","|","|move|p1a: Latios|Ice Beam|p2a: Zapdos","|-supereffective|p2a: Zapdos","|-damage|p2a: Zapdos|169/321","|move|p2a: Zapdos|Toxic|p1a: Latios","|-status|p1a: Latios|tox","|","|-heal|p2a: Zapdos|189/321|[from] item: Leftovers","|-damage|p1a: Latios|284/302 tox|[from] psn","|turn|24","|","|move|p1a: Latios|Ice Beam|p2a: Zapdos","|-supereffective|p2a: Zapdos","|-damage|p2a: Zapdos|39/321","|move|p2a: Zapdos|Roost|p2a: Zapdos","|-heal|p2a: Zapdos|200/321","|","|-heal|p2a: Zapdos|220/321|[from] item: Leftovers","|-damage|p1a: Latios|248/302 tox|[from] psn","|turn|25","|","|win|Intern Twizz"],"p1rating":{"entryid":"7493085","serverid":"eos","formatid":"monotype","userid":"kinnkyougoku","username":"Kinn Kyougoku","w":"3","l":3,"t":"0","gxe":49,"r":"1500","rd":"130","sigma":"0","rptime":"1439024400","rpr":1491.9654878474,"rprd":99.057473382011,"rpsigma":"0","acre":1061.8691411796,"lacre":1061.8691411796,"oldacre":"1079.1352804111"},"p2rating":{"entryid":"7448162","serverid":"eos","formatid":"monotype","userid":"interntwizz","username":"Intern Twizz","w":9,"l":"8","t":"0","gxe":52.1,"r":"1464.8595243929","rd":"82.910812222231","sigma":"0","rptime":"1439024400","rpr":1515.8274602552,"rprd":73.614116977555,"rpsigma":"0","acre":1173.1249083732,"lacre":1173.1249083732,"oldacre":"1153.3879300297"},"endType":"forfeit"}