{"seed":[9978,20066,60416,33242],"turns":37,"p1":"Intern Twizz","p2":"Knight Miku","p1team":[{"name":"Rotom-Wash","species":"Rotom-Wash","item":"choicescarf","ability":"Levitate","moves":["hydropump","voltswitch","trick","willowisp"],"nature":"Timid","evs":{"hp":0,"atk":0,"def":0,"spa":252,"spd":4,"spe":252},"ivs":{"hp":31,"atk":31,"def":31,"spa":31,"spd":31,"spe":31}},{"name":"Zapdos","species":"Zapdos","item":"leftovers","ability":"Pressure","moves":["toxic","roost","discharge","heatwave"],"nature":"Bold","evs":{"hp":0,"atk":0,"def":252,"spa":56,"spd":200,"spe":0},"ivs":{"hp":31,"atk":31,"def":31,"spa":31,"spd":31,"spe":31}},{"name":"Ampharos","species":"Ampharos","item":"ampharosite","ability":"Static","moves":["cottonguard","rest","sleeptalk","dragonpulse"],"nature":"Bold","evs":{"hp":0,"atk":0,"def":252,"spa":136,"spd":120,"spe":0},"ivs":{"hp":31,"atk":31,"def":31,"spa":31,"spd":31,"spe":31}},{"name":"Raikou","species":"Raikou","item":"leftovers","ability":"Pressure","moves":["substitute","calmmind","extrasensory","thunderbolt"],"nature":"Timid","evs":{"hp":0,"atk":0,"def":0,"spa":252,"spd":4,"spe":252},"ivs":{"hp":31,"atk":31,"def":31,"spa":31,"spd":31,"spe":31}},{"name":"Eelektross","species":"Eelektross","item":"assaultvest","ability":"Levitate","moves":["knockoff","drainpunch","gigadrain","thunderbolt"],"nature":"Brave","evs":{"hp":0,"atk":36,"def":0,"spa":220,"spd":252,"spe":0},"ivs":{"hp":31,"atk":31,"def":31,"spa":31,"spd":31,"spe":31}},{"name":"Magnezone","species":"Magnezone","item":"leftovers","ability":"Sturdy","moves":["flashcannon","thunderbolt","protect","hiddenpowerice"],"nature":"Modest","evs":{"hp":76,"atk":0,"def":180,"spa":252,"spd":0,"spe":0},"ivs":{"hp":31,"atk":30,"def":30,"spa":31,"spd":31,"spe":31}}],"p2team":[{"name":"Ampharos","species":"Ampharos","item":"ampharosite","ability":"Static","moves":["toxic","healbell","powergem","dragonpulse"],"nature":"Calm","evs":{"hp":248,"atk":0,"def":0,"spa":8,"spd":252,"spe":0},"gender":"M","shiny":true,"ivs":{"hp":31,"atk":31,"def":31,"spa":31,"spd":31,"spe":31}},{"name":"Rotom-Wash","species":"Rotom-Wash","item":"leftovers","ability":"Levitate","moves":["willowisp","voltswitch","hydropump","painsplit"],"nature":"Bold","evs":{"hp":252,"atk":0,"def":252,"spa":4,"spd":0,"spe":0},"ivs":{"hp":31,"atk":31,"def":31,"spa":31,"spd":31,"spe":31}},{"name":"Chappi","species":"magnezone","item":"choicespecs","ability":"Sturdy","moves":["hiddenpowergrass","flashcannon","triattack","discharge"],"nature":"Modest","evs":{"hp":252,"atk":0,"def":0,"spa":252,"spd":4,"spe":0},"ivs":{"hp":31,"atk":30,"def":31,"spa":30,"spd":31,"spe":31}},{"name":"Thundurus","species":"Thundurus","item":"lifeorb","ability":"Prankster","moves":["thunderwave","uturn","grassknot","taunt"],"nature":"Hasty","evs":{"hp":0,"atk":20,"def":0,"spa":252,"spd":4,"spe":232},"ivs":{"hp":31,"atk":31,"def":31,"spa":31,"spd":31,"spe":31}},{"name":"Raikou","species":"Raikou","item":"leftovers","ability":"Pressure","moves":["calmmind","extrasensory","thunderbolt","hiddenpowerground"],"nature":"Timid","evs":{"hp":0,"atk":0,"def":0,"spa":252,"spd":4,"spe":252},"ivs":{"hp":31,"atk":31,"def":31,"spa":30,"spd":30,"spe":31}},{"name":"Zapdos","species":"Zapdos","item":"leftovers","ability":"Pressure","moves":["heatwave","roost","defog","discharge"],"nature":"Modest","evs":{"hp":252,"atk":0,"def":0,"spa":252,"spd":4,"spe":0},"ivs":{"hp":31,"atk":31,"def":31,"spa":31,"spd":31,"spe":31}}],"log":["|player|p1|Intern Twizz|161","|player|p2|Knight Miku|23","|gametype|singles","|gen|6","|tier|Monotype","|rated","|rule|Baton Pass Clause: Limit one Baton Passer, can't pass Spe and other stats simultaneously","|rule|Swagger Clause: Swagger is banned","|rule|Same Type Clause: Pokémon in a team must share a type","|clearpoke","|poke|p1|Rotom-Wash","|poke|p1|Zapdos","|poke|p1|Ampharos, F","|poke|p1|Raikou","|poke|p1|Eelektross, F","|poke|p1|Magnezone","|poke|p2|Ampharos, M, shiny","|poke|p2|Rotom-Wash","|poke|p2|Magnezone","|poke|p2|Thundurus, M","|poke|p2|Raikou","|poke|p2|Zapdos","|rule|Sleep Clause Mod: Limit one foe put to sleep","|rule|Species Clause: Limit one of each Pokémon","|rule|OHKO Clause: OHKO moves are banned","|rule|Moody Clause: Moody is banned","|rule|Evasion Moves Clause: Evasion moves are banned","|rule|Endless Battle Clause: Forcing endless battles is banned","|rule|HP Percentage Mod: HP is shown in percentages","|teampreview","|","|start","|switch|p1a: Rotom-Wash|Rotom-Wash|241/241","|switch|p2a: Thundurus|Thundurus, M|299/299","|turn|1","|","|move|p2a: Thundurus|Taunt|p1a: Rotom-Wash","|-start|p1a: Rotom-Wash|move: Taunt","|move|p1a: Rotom-Wash|Volt Switch|p2a: Thundurus","|-damage|p2a: Thundurus|161/299","|","|switch|p1a: Eelektross|Eelektross, F|311/311","|","|turn|2","|","|move|p2a: Thundurus|U-turn|p1a: Eelektross","|-damage|p1a: Eelektross|210/311","|-damage|p2a: Thundurus|132/299|[from] item: Life Orb","|","|switch|p2a: Ampharos|Ampharos, M, shiny|383/383","|move|p1a: Eelektross|Knock Off|p2a: Ampharos","|-damage|p2a: Ampharos|301/383","|","|turn|3","|","|switch|p1a: Rotom-Wash|Rotom-Wash|241/241","|detailschange|p2a: Ampharos|Ampharos-Mega, M, shiny","|-mega|p2a: Ampharos|Ampharos|Ampharosite","|-ability|p2a: Ampharos|Mold Breaker","|move|p2a: Ampharos|Dragon Pulse|p1a: Rotom-Wash","|-damage|p1a: Rotom-Wash|93/241","|","|turn|4","|","|switch|p1a: Magnezone|Magnezone|300/300","|move|p2a: Ampharos|Dragon Pulse|p1a: Magnezone","|-resisted|p1a: Magnezone","|-damage|p1a: Magnezone|222/300","|","|-heal|p1a: Magnezone|240/300|[from] item: Leftovers","|turn|5","|","|switch|p2a: Chappi|Magnezone|344/344","|move|p1a: Magnezone|Protect|p1a: Magnezone","|-fail|p1a: Magnezone","|","|-heal|p1a: Magnezone|258/300|[from] item: Leftovers","|turn|6","|","|move|p1a: Magnezone|Protect|p1a: Magnezone","|-singleturn|p1a: Magnezone|Protect","|move|p2a: Chappi|Tri Attack|p1a: Magnezone","|-activate|p1a: Magnezone|Protect","|","|-heal|p1a: Magnezone|276/300|[from] item: Leftovers","|turn|7","|","|switch|p1a: Eelektross|Eelektross, F|210/311","|move|p2a: Chappi|Tri Attack|p1a: Eelektross","|-damage|p1a: Eelektross|116/311","|","|turn|8","|","|move|p2a: Chappi|Tri Attack|p1a: Eelektross","|-damage|p1a: Eelektross|22/311","|move|p1a: Eelektross|Drain Punch|p2a: Chappi","|-supereffective|p2a: Chappi","|-damage|p2a: Chappi|220/344","|-heal|p1a: Eelektross|84/311|[from] drain|[of] p2a: Chappi","|","|turn|9","|","|move|p2a: Chappi|Tri Attack|p1a: Eelektross","|-damage|p1a: Eelektross|0 fnt","|faint|p1a: Eelektross","|","|","|switch|p1a: Zapdos|Zapdos|321/321","|-ability|p1a: Zapdos|Pressure","|turn|10","|","|switch|p2a: Rotom-Wash|Rotom-Wash|304/304","|move|p1a: Zapdos|Heat Wave|p2a: Rotom-Wash","|-resisted|p2a: Rotom-Wash","|-damage|p2a: Rotom-Wash|256/304","|","|-heal|p2a: Rotom-Wash|275/304|[from] item: Leftovers","|turn|11","|","|move|p1a: Zapdos|Toxic|p2a: Rotom-Wash","|-status|p2a: Rotom-Wash|tox","|move|p2a: Rotom-Wash|Volt Switch|p1a: Zapdos","|-damage|p1a: Zapdos|239/321","|","|switch|p2a: Ampharos|Ampharos-Mega, M, shiny|301/383","|-ability|p2a: Ampharos|Mold Breaker","|","|-heal|p1a: Zapdos|259/321|[from] item: Leftovers","|turn|12","|","|move|p1a: Zapdos|Roost|p1a: Zapdos","|-heal|p1a: Zapdos|321/321","|move|p2a: Ampharos|Toxic|p1a: Zapdos","|-status|p1a: Zapdos|tox","|","|-damage|p1a: Zapdos|301/321 tox|[from] psn","|turn|13","|","|move|p1a: Zapdos|Toxic|p2a: Ampharos","|-status|p2a: Ampharos|tox","|move|p2a: Ampharos|Power Gem|p1a: Zapdos","|-supereffective|p1a: Zapdos","|-damage|p1a: Zapdos|125/321 tox","|","|-heal|p1a: Zapdos|145/321 tox|[from] item: Leftovers","|-damage|p1a: Zapdos|105/321 tox|[from] psn","|-damage|p2a: Ampharos|278/383 tox|[from] psn","|turn|14","|","|switch|p1a: Ampharos|Ampharos, F|321/321","|move|p2a: Ampharos|Heal Bell|p2a: Ampharos","|-cureteam|p2a: Ampharos|[from] move: HealBell","|","|turn|15","|","|switch|p2a: Chappi|Magnezone|220/344","|move|p1a: Ampharos|Dragon Pulse|p2a: Chappi","|-resisted|p2a: Chappi","|-damage|p2a: Chappi|173/344","|","|turn|16","|","|switch|p1a: Magnezone|Magnezone|276/300","|move|p2a: Chappi|Tri Attack|p1a: Magnezone","|-resisted|p1a: Magnezone","|-damage|p1a: Magnezone|192/300","|","|-heal|p1a: Magnezone|210/300|[from] item: Leftovers","|turn|17","|","|move|p2a: Chappi|Tri Attack|p1a: Magnezone","|-resisted|p1a: Magnezone","|-damage|p1a: Magnezone|125/300","|move|p1a: Magnezone|Thunderbolt|p2a: Chappi","|-resisted|p2a: Chappi","|-damage|p2a: Chappi|85/344","|","|-heal|p1a: Magnezone|143/300|[from] item: Leftovers","|turn|18","|","|move|p2a: Chappi|Tri Attack|p1a: Magnezone","|-resisted|p1a: Magnezone","|-damage|p1a: Magnezone|55/300","|move|p1a: Magnezone|Thunderbolt|p2a: Chappi","|-resisted|p2a: Chappi","|-damage|p2a: Chappi|0 fnt","|faint|p2a: Chappi","|","|-heal|p1a: Magnezone|73/300|[from] item: Leftovers","|","|switch|p2a: Raikou|Raikou|321/321","|-ability|p2a: Raikou|Pressure","|turn|19","|","|move|p2a: Raikou|Calm Mind|p2a: Raikou","|-boost|p2a: Raikou|spa|1","|-boost|p2a: Raikou|spd|1","|move|p1a: Magnezone|Hidden Power|p2a: Raikou","|-damage|p2a: Raikou|265/321","|","|-heal|p2a: Raikou|285/321|[from] item: Leftovers","|-heal|p1a: Magnezone|91/300|[from] item: Leftovers","|turn|20","|","|switch|p1a: Raikou|Raikou|321/321","|-ability|p1a: Raikou|Pressure","|move|p2a: Raikou|Calm Mind|p2a: Raikou","|-boost|p2a: Raikou|spa|1","|-boost|p2a: Raikou|spd|1","|","|-heal|p2a: Raikou|305/321|[from] item: Leftovers","|turn|21","|","|move|p2a: Raikou|Hidden Power|p1a: Raikou","|-supereffective|p1a: Raikou","|-damage|p1a: Raikou|63/321","|move|p1a: Raikou|Substitute|p1a: Raikou","|-fail|p1a: Raikou|move: Substitute|[weak]","|","|-heal|p1a: Raikou|83/321|[from] item: Leftovers","|-heal|p2a: Raikou|321/321|[from] item: Leftovers","|turn|22","|","|move|p2a: Raikou|Hidden Power|p1a: Raikou","|-crit|p1a: Raikou","|-supereffective|p1a: Raikou","|-damage|p1a: Raikou|0 fnt","|faint|p1a: Raikou","|","|","|switch|p1a: Rotom-Wash|Rotom-Wash|93/241","|turn|23","|","|move|p1a: Rotom-Wash|Trick|p2a: Raikou","|-activate|p1a: Rotom-Wash|move: Trick|[of] p2a: Raikou","|-item|p2a: Raikou|Choice Scarf|[from] move: Trick","|-item|p1a: Rotom-Wash|Leftovers|[from] move: Trick","|move|p2a: Raikou|Thunderbolt|p1a: Rotom-Wash","|-damage|p1a: Rotom-Wash|0 fnt","|faint|p1a: Rotom-Wash","|","|","|switch|p1a: Ampharos|Ampharos, F|321/321","|turn|24","|","|switch|p2a: Thundurus|Thundurus, M|132/299","|detailschange|p1a: Ampharos|Ampharos-Mega, F","|-mega|p1a: Ampharos|Ampharos|Ampharosite","|-ability|p1a: Ampharos|Mold Breaker","|move|p1a: Ampharos|Dragon Pulse|p2a: Thundurus","|-damage|p2a: Thundurus|0 fnt","|faint|p2a: Thundurus","|","|","|switch|p2a: Ampharos|Ampharos-Mega, M, shiny|278/383","|-ability|p2a: Ampharos|Mold Breaker","|turn|25","|","|move|p2a: Ampharos|Dragon Pulse|p1a: Ampharos","|-supereffective|p1a: Ampharos","|-damage|p1a: Ampharos|85/321","|move|p1a: Ampharos|Dragon Pulse|p2a: Ampharos","|-supereffective|p2a: Ampharos","|-damage|p2a: Ampharos|54/383","|","|turn|26","|","|switch|p1a: Magnezone|Magnezone|91/300","|move|p2a: Ampharos|Dragon Pulse|p1a: Magnezone","|-resisted|p1a: Magnezone","|-damage|p1a: Magnezone|5/300","|","|-heal|p1a: Magnezone|23/300|[from] item: Leftovers","|turn|27","|","|switch|p2a: Zapdos|Zapdos|384/384","|-ability|p2a: Zapdos|Pressure","|move|p1a: Magnezone|Hidden Power|p2a: Zapdos","|-supereffective|p2a: Zapdos","|-damage|p2a: Zapdos|200/384","|","|-heal|p2a: Zapdos|224/384|[from] item: Leftovers","|-heal|p1a: Magnezone|41/300|[from] item: Leftovers","|turn|28","|","|move|p1a: Magnezone|Protect|p1a: Magnezone","|-singleturn|p1a: Magnezone|Protect","|move|p2a: Zapdos|Heat Wave|p1a: Magnezone","|-activate|p1a: Magnezone|Protect","|","|-heal|p2a: Zapdos|248/384|[from] item: Leftovers","|-heal|p1a: Magnezone|59/300|[from] item: Leftovers","|turn|29","|","|move|p2a: Zapdos|Heat Wave|p1a: Magnezone","|-supereffective|p1a: Magnezone","|-damage|p1a: Magnezone|0 fnt","|faint|p1a: Magnezone","|","|-heal|p2a: Zapdos|272/384|[from] item: Leftovers","|","|switch|p1a: Ampharos|Ampharos-Mega, F|85/321","|-ability|p1a: Ampharos|Mold Breaker","|turn|30","|","|move|p2a: Zapdos|Heat Wave|p1a: Ampharos","|-resisted|p1a: Ampharos","|-damage|p1a: Ampharos|35/321","|move|p1a: Ampharos|Rest|p1a: Ampharos","|-status|p1a: Ampharos|slp","|-heal|p1a: Ampharos|321/321 slp|[silent]","|-status|p1a: Ampharos|slp|[from] move: Rest","|","|-heal|p2a: Zapdos|296/384|[from] item: Leftovers","|turn|31","|","|switch|p2a: Ampharos|Ampharos-Mega, M, shiny|54/383","|-ability|p2a: Ampharos|Mold Breaker","|cant|p1a: Ampharos|slp","|move|p1a: Ampharos|Sleep Talk|p1a: Ampharos","|move|p1a: Ampharos|Rest|p1a: Ampharos|[from]Sleep Talk","|-fail|p1a: Ampharos","|","|turn|32","|","|move|p2a: Ampharos|Dragon Pulse|p1a: Ampharos","|-supereffective|p1a: Ampharos","|-damage|p1a: Ampharos|73/321 slp","|cant|p1a: Ampharos|slp","|move|p1a: Ampharos|Sleep Talk|p1a: Ampharos","|move|p1a: Ampharos|Dragon Pulse|p2a: Ampharos|[from]Sleep Talk","|-supereffective|p2a: Ampharos","|-damage|p2a: Ampharos|0 fnt","|faint|p2a: Ampharos","|","|","|switch|p2a: Raikou|Raikou|321/321","|-ability|p2a: Raikou|Pressure","|turn|33","|","|move|p2a: Raikou|Hidden Power|p1a: Ampharos","|-supereffective|p1a: Ampharos","|-damage|p1a: Ampharos|0 fnt","|faint|p1a: Ampharos","|","|","|switch|p1a: Zapdos|Zapdos|105/321 tox","|-ability|p1a: Zapdos|Pressure","|turn|34","|","|switch|p2a: Rotom-Wash|Rotom-Wash|275/304","|move|p1a: Zapdos|Roost|p1a: Zapdos","|-heal|p1a: Zapdos|266/321 tox","|","|-heal|p1a: Zapdos|286/321 tox|[from] item: Leftovers","|-heal|p2a: Rotom-Wash|294/304|[from] item: Leftovers","|-damage|p1a: Zapdos|266/321 tox|[from] psn","|turn|35","|","|move|p1a: Zapdos|Toxic|p2a: Rotom-Wash","|-status|p2a: Rotom-Wash|tox","|move|p2a: Rotom-Wash|Hydro Pump|p1a: Zapdos","|-damage|p1a: Zapdos|146/321 tox","|","|-heal|p1a: Zapdos|166/321 tox|[from] item: Leftovers","|-heal|p2a: Rotom-Wash|304/304 tox|[from] item: Leftovers","|-damage|p1a: Zapdos|126/321 tox|[from] psn","|-damage|p2a: Rotom-Wash|285/304 tox|[from] psn","|turn|36","|","|move|p1a: Zapdos|Roost|p1a: Zapdos","|-heal|p1a: Zapdos|287/321 tox","|move|p2a: Rotom-Wash|Hydro Pump|p1a: Zapdos","|-damage|p1a: Zapdos|170/321 tox","|","|-heal|p1a: Zapdos|190/321 tox|[from] item: Leftovers","|-heal|p2a: Rotom-Wash|304/304 tox|[from] item: Leftovers","|-damage|p1a: Zapdos|130/321 tox|[from] psn","|-damage|p2a: Rotom-Wash|266/304 tox|[from] psn","|turn|37","|","|move|p1a: Zapdos|Discharge|p2a: Rotom-Wash","|-damage|p2a: Rotom-Wash|143/304 tox","|move|p2a: Rotom-Wash|Volt Switch|p1a: Zapdos","|-damage|p1a: Zapdos|52/321 tox","|","|switch|p2a: Zapdos|Zapdos|296/384","|-ability|p2a: Zapdos|Pressure","|","|-heal|p2a: Zapdos|320/384|[from] item: Leftovers","|-heal|p1a: Zapdos|72/321 tox|[from] item: Leftovers","|-damage|p1a: Zapdos|0 fnt|[from] psn","|faint|p1a: Zapdos","|","|win|Knight Miku"],"p1rating":{"entryid":"7448162","serverid":"eos","formatid":"monotype","userid":"interntwizz","username":"Intern Twizz","w":"13","l":15,"t":"0","gxe":48.8,"r":"1464.8595243929","rd":"82.910812222231","sigma":"0","rptime":"1439024400","rpr":1490.7646835901,"rprd":61.47944121691,"rpsigma":"0","acre":1104.2353934901,"lacre":1104.2353934901,"oldacre":"1125.7771480189"},"p2rating":{"entryid":"7210042","serverid":"eos","formatid":"monotype","userid":"knightmiku","username":"Knight♕Miku","w":14,"l":"7","t":"0","gxe":59.4,"r":"1539.5572481533","rd":"74.174281847184","sigma":"0","rptime":"1439024400","rpr":1572.6670140866,"rprd":70.016191983236,"rpsigma":"0","acre":1195.6897219035,"lacre":1195.6897219035,"oldacre":"1174.1479673747"},"endType":"normal"}