{"seed":[6104,63849,42606,55096],"turns":34,"p1":"Emg Temsone","p2":"Guard Naruto","p1team":[{"name":"Heatran","species":"Heatran","item":"airballoon","ability":"Flash Fire","moves":["flamethrower","earthpower","darkpulse","ancientpower"],"nature":"Modest","evs":{"hp":0,"atk":0,"def":0,"spa":252,"spd":8,"spe":248},"ivs":{"hp":31,"atk":0,"def":31,"spa":31,"spd":31,"spe":31}},{"name":"Ferrothorn","species":"Ferrothorn","item":"choiceband","ability":"Iron Barbs","moves":["gyroball","powerwhip","explosion","knockoff"],"nature":"Brave","evs":{"hp":248,"atk":252,"def":0,"spa":0,"spd":8,"spe":0},"ivs":{"hp":31,"atk":31,"def":31,"spa":31,"spd":31,"spe":0}},{"name":"Doublade","species":"Doublade","item":"eviolite","ability":"No Guard","moves":["shadowsneak","toxic","protect","rockslide"],"nature":"Careful","evs":{"hp":252,"atk":0,"def":4,"spa":0,"spd":252,"spe":0},"ivs":{"hp":31,"atk":31,"def":31,"spa":31,"spd":31,"spe":31}},{"name":"Metagross","species":"Metagross","item":"choicescarf","ability":"Clear Body","moves":["brickbreak","bulletpunch","zenheadbutt","icepunch"],"nature":"Jolly","evs":{"hp":0,"atk":252,"def":0,"spa":0,"spd":4,"spe":252},"ivs":{"hp":31,"atk":31,"def":31,"spa":31,"spd":31,"spe":31}},{"name":"Cobalion","species":"Cobalion","item":"lumberry","ability":"Justified","moves":["closecombat","ironhead","swordsdance","stealthrock"],"nature":"Jolly","evs":{"hp":8,"atk":248,"def":0,"spa":0,"spd":0,"spe":252},"shiny":true,"ivs":{"hp":31,"atk":31,"def":31,"spa":31,"spd":31,"spe":31}},{"name":"Scizor","species":"Scizor","item":"scizorite","ability":"Technician","moves":["bulletpunch","roost","swordsdance","xscissor"],"nature":"Impish","evs":{"hp":248,"atk":44,"def":16,"spa":0,"spd":200,"spe":0},"ivs":{"hp":31,"atk":31,"def":31,"spa":31,"spd":31,"spe":31}}],"p2team":[{"name":"Ditto","species":"Ditto","item":"choicescarf","ability":"Imposter","moves":["transform"],"nature":"Bold","evs":{"hp":252,"atk":0,"def":252,"spa":0,"spd":6,"spe":0},"ivs":{"hp":31,"atk":31,"def":31,"spa":31,"spd":31,"spe":31}},{"name":"Miltank","species":"Miltank","item":"leftovers","ability":"Thick Fat","moves":["bodyslam","toxic","stealthrock","milkdrink"],"nature":"Careful","evs":{"hp":248,"atk":0,"def":60,"spa":0,"spd":200,"spe":0},"ivs":{"hp":31,"atk":31,"def":31,"spa":31,"spd":31,"spe":31}},{"name":"Kecleon","species":"Kecleon","item":"lifeorb","ability":"Protean","moves":["drainpunch","suckerpunch","shadowsneak","firepunch"],"nature":"Adamant","evs":{"hp":248,"atk":252,"def":0,"spa":0,"spd":8,"spe":0},"ivs":{"hp":31,"atk":31,"def":31,"spa":31,"spd":31,"spe":31}},{"name":"Audino","species":"Audino","item":"audinite","ability":"Regenerator","moves":["calmmind","flamethrower","healbell","drainingkiss"],"nature":"Bold","evs":{"hp":164,"atk":0,"def":252,"spa":40,"spd":52,"spe":0},"ivs":{"hp":31,"atk":31,"def":31,"spa":31,"spd":31,"spe":31}},{"name":"Pyroar","species":"Pyroar","item":"choicespecs","ability":"Unnerve","moves":["flamethrower","darkpulse","hypervoice","overheat"],"nature":"Timid","evs":{"hp":0,"atk":0,"def":0,"spa":252,"spd":4,"spe":252},"ivs":{"hp":31,"atk":31,"def":31,"spa":31,"spd":31,"spe":31}},{"name":"Snorlax","species":"Snorlax","item":"leftovers","ability":"Thick Fat","moves":["bodyslam","earthquake","rest","sleeptalk"],"nature":"Impish","evs":{"hp":248,"atk":0,"def":200,"spa":0,"spd":60,"spe":0},"ivs":{"hp":31,"atk":31,"def":31,"spa":31,"spd":31,"spe":31}}],"log":["|player|p1|Emg Temsone|220","|player|p2|Guard Naruto|284","|gametype|singles","|gen|6","|tier|Monotype","|rated","|rule|Baton Pass Clause: Limit one Baton Passer, can't pass Spe and other stats simultaneously","|rule|Swagger Clause: Swagger is banned","|rule|Same Type Clause: Pokémon in a team must share a type","|clearpoke","|poke|p1|Heatran, M","|poke|p1|Ferrothorn, F","|poke|p1|Doublade, F","|poke|p1|Metagross","|poke|p1|Cobalion, shiny","|poke|p1|Scizor, M","|poke|p2|Ditto","|poke|p2|Miltank, F","|poke|p2|Kecleon, F","|poke|p2|Audino, F","|poke|p2|Pyroar, F","|poke|p2|Snorlax, F","|rule|Sleep Clause Mod: Limit one foe put to sleep","|rule|Species Clause: Limit one of each Pokémon","|rule|OHKO Clause: OHKO moves are banned","|rule|Moody Clause: Moody is banned","|rule|Evasion Moves Clause: Evasion moves are banned","|rule|Endless Battle Clause: Forcing endless battles is banned","|rule|HP Percentage Mod: HP is shown in percentages","|teampreview","|","|start","|switch|p1a: Cobalion|Cobalion, shiny|325/325","|switch|p2a: Kecleon|Kecleon, F|323/323","|turn|1","|","|move|p1a: Cobalion|Stealth Rock|p2a: Kecleon","|-sidestart|p2: Guard Naruto|move: Stealth Rock","|move|p2a: Kecleon|Drain Punch|p1a: Cobalion","|-start|p2a: Kecleon|typechange|Fighting|[from] Protean","|-supereffective|p1a: Cobalion","|-damage|p1a: Cobalion|99/325","|-damage|p2a: Kecleon|291/323|[from] item: Life Orb","|","|turn|2","|","|switch|p1a: Doublade|Doublade, F|322/322","|move|p2a: Kecleon|Fire Punch|p1a: Doublade","|-start|p2a: Kecleon|typechange|Fire|[from] Protean","|-supereffective|p1a: Doublade","|-damage|p1a: Doublade|171/322","|-status|p1a: Doublade|brn","|-damage|p2a: Kecleon|259/323|[from] item: Life Orb","|","|-damage|p1a: Doublade|131/322 brn|[from] brn","|turn|3","|","|move|p2a: Kecleon|Sucker Punch|p1a: Doublade","|-start|p2a: Kecleon|typechange|Dark|[from] Protean","|-fail|p2a: Kecleon","|move|p1a: Doublade|Toxic|p2a: Kecleon","|-status|p2a: Kecleon|tox","|","|-damage|p2a: Kecleon|239/323 tox|[from] psn","|-damage|p1a: Doublade|91/322 brn|[from] brn","|turn|4","|","|move|p1a: Doublade|Protect|p1a: Doublade","|-singleturn|p1a: Doublade|Protect","|move|p2a: Kecleon|Shadow Sneak|p1a: Doublade","|-start|p2a: Kecleon|typechange|Ghost|[from] Protean","|-activate|p1a: Doublade|Protect","|","|-damage|p2a: Kecleon|199/323 tox|[from] psn","|-damage|p1a: Doublade|51/322 brn|[from] brn","|turn|5","|","|switch|p2a: Audino|Audino, F|388/388","|-damage|p2a: Audino|340/388|[from] Stealth Rock","|move|p1a: Doublade|Shadow Sneak|p2a: Audino","|-immune|p2a: Audino|[msg]","|","|-damage|p1a: Doublade|11/322 brn|[from] brn","|turn|6","|","|move|p2a: Audino|Heal Bell|p2a: Audino","|-cureteam|p2a: Audino|[from] move: HealBell","|move|p1a: Doublade|Rock Slide|p2a: Audino","|-damage|p2a: Audino|314/388","|","|-damage|p1a: Doublade|0 fnt|[from] brn","|faint|p1a: Doublade","|","|switch|p1a: Cobalion|Cobalion, shiny|99/325","|turn|7","|","|detailschange|p2a: Audino|Audino-Mega, F","|-mega|p2a: Audino|Audino|Audinite","|move|p1a: Cobalion|Close Combat|p2a: Audino","|-damage|p2a: Audino|208/388","|-unboost|p1a: Cobalion|def|1","|-unboost|p1a: Cobalion|spd|1","|move|p2a: Audino|Flamethrower|p1a: Cobalion","|-supereffective|p1a: Cobalion","|-damage|p1a: Cobalion|0 fnt","|faint|p1a: Cobalion","|","|","|switch|p1a: Heatran|Heatran, M|323/323","|-item|p1a: Heatran|Air Balloon","|turn|8","|","|switch|p2a: Ditto|Ditto|300/300","|-damage|p2a: Ditto|263/300|[from] Stealth Rock","|-transform|p2a: Ditto|p1a: Heatran","|move|p1a: Heatran|Flamethrower|p2a: Ditto","|-start|p2a: Ditto|ability: Flash Fire","|","|turn|9","|","|move|p2a: Ditto|Dark Pulse|p1a: Heatran","|-damage|p1a: Heatran|230/323","|-enditem|p1a: Heatran|Air Balloon","|move|p1a: Heatran|Earth Power|p2a: Ditto","|-crit|p2a: Ditto","|-supereffective|p2a: Ditto","|-damage|p2a: Ditto|0 fnt","|faint|p2a: Ditto","|","|","|switch|p2a: Miltank|Miltank, F|393/393","|-damage|p2a: Miltank|344/393|[from] Stealth Rock","|turn|10","|","|switch|p2a: Snorlax|Snorlax, F|523/523","|-damage|p2a: Snorlax|458/523|[from] Stealth Rock","|move|p1a: Heatran|Flamethrower|p2a: Snorlax","|-crit|p2a: Snorlax","|-damage|p2a: Snorlax|334/523","|","|-heal|p2a: Snorlax|366/523|[from] item: Leftovers","|turn|11","|","|switch|p1a: Metagross|Metagross|301/301","|move|p2a: Snorlax|Earthquake|p1a: Metagross","|-supereffective|p1a: Metagross","|-damage|p1a: Metagross|169/301","|","|-heal|p2a: Snorlax|398/523|[from] item: Leftovers","|turn|12","|","|switch|p2a: Audino|Audino-Mega, F|208/388","|-damage|p2a: Audino|160/388|[from] Stealth Rock","|move|p1a: Metagross|Brick Break|p2a: Audino","|-damage|p2a: Audino|99/388","|","|turn|13","|","|switch|p1a: Heatran|Heatran, M|230/323","|move|p2a: Audino|Flamethrower|p1a: Heatran","|-start|p1a: Heatran|ability: Flash Fire","|","|turn|14","|","|move|p1a: Heatran|Flamethrower|p2a: Audino","|-damage|p2a: Audino|0 fnt","|faint|p2a: Audino","|","|","|switch|p2a: Snorlax|Snorlax, F|398/523","|-damage|p2a: Snorlax|333/523|[from] Stealth Rock","|turn|15","|","|-end|p1a: Heatran|ability: Flash Fire|[silent]","|switch|p1a: Scizor|Scizor, M|343/343","|move|p2a: Snorlax|Earthquake|p1a: Scizor","|-damage|p1a: Scizor|265/343","|","|-heal|p2a: Snorlax|365/523|[from] item: Leftovers","|turn|16","|","|switch|p2a: Miltank|Miltank, F|344/393","|-damage|p2a: Miltank|295/393|[from] Stealth Rock","|detailschange|p1a: Scizor|Scizor-Mega, M","|-mega|p1a: Scizor|Scizor|Scizorite","|move|p1a: Scizor|X-Scissor|p2a: Miltank","|-damage|p2a: Miltank|169/393","|","|-heal|p2a: Miltank|193/393|[from] item: Leftovers","|turn|17","|","|move|p2a: Miltank|Milk Drink|p2a: Miltank","|-heal|p2a: Miltank|390/393","|move|p1a: Scizor|Roost|p1a: Scizor","|-heal|p1a: Scizor|343/343","|","|-heal|p2a: Miltank|393/393|[from] item: Leftovers","|turn|18","|","|switch|p1a: Metagross|Metagross|169/301","|move|p2a: Miltank|Body Slam|p1a: Metagross","|-resisted|p1a: Metagross","|-damage|p1a: Metagross|135/301","|","|turn|19","|","|move|p1a: Metagross|Brick Break|p2a: Miltank","|-supereffective|p2a: Miltank","|-damage|p2a: Miltank|217/393","|move|p2a: Miltank|Body Slam|p1a: Metagross","|-resisted|p1a: Metagross","|-damage|p1a: Metagross|102/301","|","|-heal|p2a: Miltank|241/393|[from] item: Leftovers","|turn|20","|","|switch|p1a: Ferrothorn|Ferrothorn, F|351/351","|move|p2a: Miltank|Stealth Rock|p1a: Ferrothorn","|-sidestart|p1: Emg Temsone|move: Stealth Rock","|","|-heal|p2a: Miltank|265/393|[from] item: Leftovers","|turn|21","|","|switch|p2a: Kecleon|Kecleon, F|199/323","|-damage|p2a: Kecleon|159/323|[from] Stealth Rock","|move|p1a: Ferrothorn|Knock Off|p2a: Kecleon","|-damage|p2a: Kecleon|0 fnt","|-enditem|p2a: Kecleon|Life Orb|[from] move: Knock Off|[of] p1a: Ferrothorn","|faint|p2a: Kecleon","|","|","|switch|p2a: Pyroar|Pyroar, F|313/313","|-damage|p2a: Pyroar|235/313|[from] Stealth Rock","|-ability|p2a: Pyroar|Unnerve|p1: Emg Temsone","|turn|22","|","|switch|p1a: Heatran|Heatran, M|230/323","|-damage|p1a: Heatran|190/323|[from] Stealth Rock","|move|p2a: Pyroar|Dark Pulse|p1a: Heatran","|-damage|p1a: Heatran|74/323","|","|turn|23","|","|move|p2a: Pyroar|Dark Pulse|p1a: Heatran","|-damage|p1a: Heatran|0 fnt","|faint|p1a: Heatran","|","|","|switch|p1a: Metagross|Metagross|102/301","|-damage|p1a: Metagross|84/301|[from] Stealth Rock","|turn|24","|","|move|p1a: Metagross|Brick Break|p2a: Pyroar","|-crit|p2a: Pyroar","|-supereffective|p2a: Pyroar","|-damage|p2a: Pyroar|0 fnt","|faint|p2a: Pyroar","|","|","|switch|p2a: Miltank|Miltank, F|265/393","|-damage|p2a: Miltank|216/393|[from] Stealth Rock","|turn|25","|","|move|p1a: Metagross|Brick Break|p2a: Miltank","|-supereffective|p2a: Miltank","|-damage|p2a: Miltank|34/393","|move|p2a: Miltank|Milk Drink|p2a: Miltank","|-heal|p2a: Miltank|231/393","|","|-heal|p2a: Miltank|255/393|[from] item: Leftovers","|turn|26","|","|switch|p1a: Ferrothorn|Ferrothorn, F|351/351","|-damage|p1a: Ferrothorn|330/351|[from] Stealth Rock","|move|p2a: Miltank|Body Slam|p1a: Ferrothorn","|-resisted|p1a: Ferrothorn","|-damage|p1a: Ferrothorn|297/351","|-damage|p2a: Miltank|206/393|[from] ability: Iron Barbs|[of] p1a: Ferrothorn","|","|-heal|p2a: Miltank|230/393|[from] item: Leftovers","|turn|27","|","|switch|p2a: Snorlax|Snorlax, F|365/523","|-damage|p2a: Snorlax|300/523|[from] Stealth Rock","|move|p1a: Ferrothorn|Gyro Ball|p2a: Snorlax","|-damage|p2a: Snorlax|168/523","|","|-heal|p2a: Snorlax|200/523|[from] item: Leftovers","|turn|28","|","|switch|p1a: Metagross|Metagross|84/301","|-damage|p1a: Metagross|66/301|[from] Stealth Rock","|move|p2a: Snorlax|Earthquake|p1a: Metagross","|-crit|p1a: Metagross","|-supereffective|p1a: Metagross","|-damage|p1a: Metagross|0 fnt","|faint|p1a: Metagross","|","|-heal|p2a: Snorlax|232/523|[from] item: Leftovers","|","|switch|p1a: Scizor|Scizor-Mega, M|343/343","|-damage|p1a: Scizor|301/343|[from] Stealth Rock","|turn|29","|","|move|p1a: Scizor|Swords Dance|p1a: Scizor","|-boost|p1a: Scizor|atk|2","|move|p2a: Snorlax|Rest|p2a: Snorlax","|-status|p2a: Snorlax|slp","|-heal|p2a: Snorlax|523/523 slp|[silent]","|-status|p2a: Snorlax|slp|[from] move: Rest","|","|turn|30","|","|move|p1a: Scizor|Swords Dance|p1a: Scizor","|-boost|p1a: Scizor|atk|2","|cant|p2a: Snorlax|slp","|","|turn|31","|","|move|p1a: Scizor|Swords Dance|p1a: Scizor","|-boost|p1a: Scizor|atk|2","|cant|p2a: Snorlax|slp","|move|p2a: Snorlax|Sleep Talk|p2a: Snorlax","|move|p2a: Snorlax|Rest|p2a: Snorlax|[from]Sleep Talk","|-fail|p2a: Snorlax","|","|turn|32","|","|move|p1a: Scizor|X-Scissor|p2a: Snorlax","|-damage|p2a: Snorlax|3/523 slp","|-curestatus|p2a: Snorlax|slp","|move|p2a: Snorlax|Sleep Talk|p2a: Snorlax","|-fail|p2a: Snorlax","|","|-heal|p2a: Snorlax|35/523|[from] item: Leftovers","|turn|33","|","|move|p1a: Scizor|X-Scissor|p2a: Snorlax","|-damage|p2a: Snorlax|0 fnt","|faint|p2a: Snorlax","|","|","|switch|p2a: Miltank|Miltank, F|230/393","|-damage|p2a: Miltank|181/393|[from] Stealth Rock","|turn|34","|","|move|p1a: Scizor|Bullet Punch|p2a: Miltank","|-damage|p2a: Miltank|0 fnt","|faint|p2a: Miltank","|","|win|Emg Temsone"],"p1rating":{"entryid":7496129,"formatid":"monotype","userid":"emgtemsone","username":"Emg Temsone","r":1500,"rd":130,"sigma":0,"rpr":1536.7853291359,"rprd":122.80264084416,"rpsigma":0,"rptime":1439024400,"w":1,"l":0,"t":0,"gxe":54.6,"acre":1045.130133915,"lacre":1045.130133915,"oldacre":1000},"p2rating":{"entryid":"7460015","serverid":"eos","formatid":"monotype","userid":"guardnaruto","username":"Guard Naruto","w":"2","l":6,"t":"0","gxe":39.8,"r":"1466.0434440081","rd":"122.3574861412","sigma":"0","rptime":"1439024400","rpr":1419.0465915423,"rprd":92.01923175589,"rpsigma":"0","acre":1025.9410347818,"lacre":1025.9410347818,"oldacre":"1044.8065370808"},"endType":"normal"}