{"seed":[31982,38238,52595,59192],"turns":22,"p1":"V Psychic","p2":"GTX♅Quabbs","p1team":[{"name":"Zapdos","species":"Zapdos","item":"leftovers","ability":"Pressure","moves":["roost","defog","heatwave","discharge"],"nature":"Bold","evs":{"hp":248,"atk":0,"def":176,"spa":68,"spd":0,"spe":16},"ivs":{"hp":31,"atk":0,"def":31,"spa":31,"spd":31,"spe":31}},{"name":"Thundurus","species":"Thundurus","item":"lifeorb","ability":"Prankster","moves":["superpower","discharge","knockoff","thunderwave"],"nature":"Naive","evs":{"hp":0,"atk":72,"def":0,"spa":184,"spd":0,"spe":252},"ivs":{"hp":31,"atk":31,"def":31,"spa":31,"spd":31,"spe":31}},{"name":"Rotom-Wash","species":"Rotom-Wash","item":"leftovers","ability":"Levitate","moves":["willowisp","hydropump","voltswitch","painsplit"],"nature":"Calm","evs":{"hp":248,"atk":0,"def":0,"spa":0,"spd":216,"spe":44},"ivs":{"hp":31,"atk":0,"def":31,"spa":31,"spd":31,"spe":31}},{"name":"Magnezone","species":"Magnezone","item":"choicescarf","ability":"Sturdy","moves":["voltswitch","discharge","hiddenpowerice","flashcannon"],"nature":"Timid","evs":{"hp":0,"atk":0,"def":0,"spa":252,"spd":4,"spe":252},"ivs":{"hp":31,"atk":30,"def":30,"spa":31,"spd":31,"spe":31}},{"name":"Manectric","species":"Manectric","item":"manectite","ability":"Static","moves":["voltswitch","discharge","overheat","hiddenpowergrass"],"nature":"Timid","evs":{"hp":0,"atk":0,"def":0,"spa":252,"spd":4,"spe":252},"ivs":{"hp":31,"atk":30,"def":31,"spa":30,"spd":31,"spe":31}},{"name":"Luxray","species":"Luxray","item":"choiceband","ability":"Guts","moves":["wildcharge","crunch","superpower","icefang"],"nature":"Jolly","evs":{"hp":0,"atk":252,"def":0,"spa":0,"spd":4,"spe":252},"shiny":true,"ivs":{"hp":31,"atk":31,"def":31,"spa":31,"spd":31,"spe":31}}],"p2team":[{"name":"Heracross","species":"Heracross","item":"flameorb","ability":"Guts","moves":["closecombat","megahorn","facade","knockoff"],"nature":"Jolly","evs":{"hp":4,"atk":252,"def":0,"spa":0,"spd":0,"spe":252},"shiny":true,"ivs":{"hp":31,"atk":31,"def":31,"spa":31,"spd":31,"spe":31}},{"name":"Genesect","species":"Genesect","item":"choiceband","ability":"Download","moves":["ironhead","uturn","blazekick","extremespeed"],"nature":"Hasty","evs":{"hp":4,"atk":252,"def":0,"spa":0,"spd":0,"spe":252},"shiny":true,"ivs":{"hp":31,"atk":31,"def":31,"spa":31,"spd":31,"spe":31}},{"name":"Scizor","species":"Scizor","item":"lifeorb","ability":"Technician","moves":["bugbite","bulletpunch","roost","swordsdance"],"nature":"Adamant","evs":{"hp":248,"atk":252,"def":0,"spa":0,"spd":8,"spe":0},"shiny":true,"ivs":{"hp":31,"atk":31,"def":31,"spa":31,"spd":31,"spe":31}},{"name":"Scolipede","species":"Scolipede","item":"lifeorb","ability":"Speed Boost","moves":["poisonjab","megahorn","protect","batonpass"],"nature":"Jolly","evs":{"hp":0,"atk":252,"def":0,"spa":0,"spd":4,"spe":252},"shiny":true,"ivs":{"hp":31,"atk":31,"def":31,"spa":31,"spd":31,"spe":31}},{"name":"Shuckle","species":"Shuckle","item":"leftovers","ability":"Sturdy","moves":["stealthrock","stickyweb","toxic","encore"],"nature":"Bold","evs":{"hp":252,"atk":0,"def":128,"spa":0,"spd":128,"spe":0},"shiny":true,"ivs":{"hp":31,"atk":31,"def":31,"spa":31,"spd":31,"spe":31}},{"name":"Pinsir","species":"Pinsir","item":"pinsirite","ability":"Moxie","moves":["return","xscissor","swordsdance","quickattack"],"nature":"Adamant","evs":{"hp":248,"atk":252,"def":0,"spa":0,"spd":8,"spe":0},"shiny":true,"ivs":{"hp":31,"atk":31,"def":31,"spa":31,"spd":31,"spe":31}}],"log":["|player|p1|V Psychic|167","|player|p2|GTX♅Quabbs|164","|gametype|singles","|gen|6","|tier|Monotype","|rated","|rule|Baton Pass Clause: Limit one Baton Passer, can't pass Spe and other stats simultaneously","|rule|Swagger Clause: Swagger is banned","|rule|Same Type Clause: Pokémon in a team must share a type","|clearpoke","|poke|p1|Zapdos","|poke|p1|Thundurus, M","|poke|p1|Rotom-Wash","|poke|p1|Magnezone","|poke|p1|Manectric, M","|poke|p1|Luxray, M, shiny","|poke|p2|Heracross, M, shiny","|poke|p2|Genesect-*, shiny","|poke|p2|Scizor, M, shiny","|poke|p2|Scolipede, M, shiny","|poke|p2|Shuckle, M, shiny","|poke|p2|Pinsir, M, shiny","|rule|Sleep Clause Mod: Limit one foe put to sleep","|rule|Species Clause: Limit one of each Pokémon","|rule|OHKO Clause: OHKO moves are banned","|rule|Moody Clause: Moody is banned","|rule|Evasion Moves Clause: Evasion moves are banned","|rule|Endless Battle Clause: Forcing endless battles is banned","|rule|HP Percentage Mod: HP is shown in percentages","|teampreview","|","|start","|switch|p1a: Zapdos|Zapdos|383/383","|switch|p2a: Scolipede|Scolipede, M, shiny|261/261","|-ability|p1a: Zapdos|Pressure","|turn|1","|","|switch|p1a: Rotom-Wash|Rotom-Wash|303/303","|move|p2a: Scolipede|Protect|p2a: Scolipede","|-fail|p2a: Scolipede","|","|-boost|p2a: Scolipede|spe|1|[from] ability: Speed Boost","|turn|2","|","|move|p2a: Scolipede|Baton Pass|p2a: Scolipede","|","|switch|p2a: Shuckle|Shuckle, M, shiny|244/244","|move|p1a: Rotom-Wash|Will-O-Wisp|p2a: Shuckle|[miss]","|-miss|p1a: Rotom-Wash|p2a: Shuckle","|","|turn|3","|","|move|p1a: Rotom-Wash|Will-O-Wisp|p2a: Shuckle|[miss]","|-miss|p1a: Rotom-Wash|p2a: Shuckle","|move|p2a: Shuckle|Stealth Rock|p1a: Rotom-Wash","|-sidestart|p1: V Psychic|move: Stealth Rock","|","|turn|4","|","|move|p1a: Rotom-Wash|Will-O-Wisp|p2a: Shuckle","|-status|p2a: Shuckle|brn","|move|p2a: Shuckle|Sticky Web|p1a: Rotom-Wash","|-sidestart|p1: V Psychic|move: Sticky Web","|","|-damage|p2a: Shuckle|214/244 brn|[from] brn","|turn|5","|","|move|p1a: Rotom-Wash|Volt Switch|p2a: Shuckle","|-crit|p2a: Shuckle","|-damage|p2a: Shuckle|151/244 brn","|","|switch|p1a: Zapdos|Zapdos|383/383","|-damage|p1a: Zapdos|288/383|[from] Stealth Rock","|-ability|p1a: Zapdos|Pressure","|move|p2a: Shuckle|Toxic|p1a: Zapdos","|-status|p1a: Zapdos|tox","|","|-heal|p1a: Zapdos|311/383 tox|[from] item: Leftovers","|-heal|p2a: Shuckle|166/244 brn|[from] item: Leftovers","|-damage|p1a: Zapdos|288/383 tox|[from] psn","|-damage|p2a: Shuckle|136/244 brn|[from] brn","|turn|6","|","|move|p1a: Zapdos|Defog|p2a: Shuckle","|-unboost|p2a: Shuckle|evasion|1","|-sideend|p1: V Psychic|Stealth Rock|[from] move: Defog|[of] p1a: Zapdos","|-sideend|p1: V Psychic|Sticky Web|[from] move: Defog|[of] p1a: Zapdos","|move|p2a: Shuckle|Encore|p1a: Zapdos","|-start|p1a: Zapdos|Encore","|","|-heal|p1a: Zapdos|311/383 tox|[from] item: Leftovers","|-heal|p2a: Shuckle|151/244 brn|[from] item: Leftovers","|-damage|p1a: Zapdos|265/383 tox|[from] psn","|-damage|p2a: Shuckle|121/244 brn|[from] brn","|turn|7","|","|switch|p1a: Magnezone|Magnezone|281/281","|move|p2a: Shuckle|Toxic|p1a: Magnezone","|-immune|p1a: Magnezone|[msg]","|","|-heal|p2a: Shuckle|136/244 brn|[from] item: Leftovers","|-damage|p2a: Shuckle|106/244 brn|[from] brn","|turn|8","|","|move|p1a: Magnezone|Flash Cannon|p2a: Shuckle","|-supereffective|p2a: Shuckle","|-damage|p2a: Shuckle|0 fnt","|faint|p2a: Shuckle","|","|","|switch|p2a: Heracross|Heracross, M, shiny|302/302","|turn|9","|","|move|p1a: Magnezone|Flash Cannon|p2a: Heracross","|-damage|p2a: Heracross|154/302","|move|p2a: Heracross|Close Combat|p1a: Magnezone","|-supereffective|p1a: Magnezone","|-ability|p1a: Magnezone|Sturdy","|-damage|p1a: Magnezone|1/281","|-unboost|p2a: Heracross|def|1","|-unboost|p2a: Heracross|spd|1","|","|-status|p2a: Heracross|brn|[from] item: Flame Orb","|turn|10","|","|move|p1a: Magnezone|Flash Cannon|p2a: Heracross","|-damage|p2a: Heracross|0 fnt","|faint|p2a: Heracross","|","|","|switch|p2a: Genesect|Genesect, shiny|284/284","|-boost|p2a: Genesect|spa|1|[from] ability: Download","|turn|11","|","|move|p2a: Genesect|Extreme Speed|p1a: Magnezone","|-resisted|p1a: Magnezone","|-damage|p1a: Magnezone|0 fnt","|faint|p1a: Magnezone","|","|","|switch|p1a: Rotom-Wash|Rotom-Wash|303/303","|turn|12","|","|move|p2a: Genesect|Extreme Speed|p1a: Rotom-Wash","|-damage|p1a: Rotom-Wash|186/303","|move|p1a: Rotom-Wash|Will-O-Wisp|p2a: Genesect","|-status|p2a: Genesect|brn","|","|-heal|p1a: Rotom-Wash|204/303|[from] item: Leftovers","|-damage|p2a: Genesect|249/284 brn|[from] brn","|turn|13","|","|move|p2a: Genesect|Extreme Speed|p1a: Rotom-Wash","|-damage|p1a: Rotom-Wash|145/303","|move|p1a: Rotom-Wash|Pain Split|p2a: Genesect","|-sethp|p2a: Genesect|197/284 brn|p1a: Rotom-Wash|197/303|[from] move: Pain Split","|","|-heal|p1a: Rotom-Wash|215/303|[from] item: Leftovers","|-damage|p2a: Genesect|162/284 brn|[from] brn","|turn|14","|","|switch|p2a: Scolipede|Scolipede, M, shiny|261/261","|switch|p1a: Zapdos|Zapdos|265/383 tox","|-ability|p1a: Zapdos|Pressure","|","|-heal|p1a: Zapdos|288/383 tox|[from] item: Leftovers","|-damage|p1a: Zapdos|265/383 tox|[from] psn","|turn|15","|","|switch|p1a: Thundurus|Thundurus, M|299/299","|move|p2a: Scolipede|Poison Jab|p1a: Thundurus","|-damage|p1a: Thundurus|107/299","|-damage|p2a: Scolipede|235/261|[from] item: Life Orb","|","|-boost|p2a: Scolipede|spe|1|[from] ability: Speed Boost","|turn|16","|","|move|p1a: Thundurus|Thunder Wave|p2a: Scolipede","|-status|p2a: Scolipede|par","|move|p2a: Scolipede|Poison Jab|p1a: Thundurus","|-damage|p1a: Thundurus|0 fnt","|-damage|p2a: Scolipede|209/261 par|[from] item: Life Orb","|faint|p1a: Thundurus","|","|-boost|p2a: Scolipede|spe|1|[from] ability: Speed Boost","|","|switch|p1a: Manectric|Manectric, M|281/281","|turn|17","|","|detailschange|p1a: Manectric|Manectric-Mega, M","|-mega|p1a: Manectric|Manectric|Manectite","|-ability|p1a: Manectric|Intimidate","|-unboost|p2a: Scolipede|atk|1","|move|p1a: Manectric|Overheat|p2a: Scolipede","|-crit|p2a: Scolipede","|-supereffective|p2a: Scolipede","|-damage|p2a: Scolipede|0 fnt","|-unboost|p1a: Manectric|spa|2","|faint|p2a: Scolipede","|","|","|switch|p2a: Pinsir|Pinsir, M, shiny|333/333","|turn|18","|","|detailschange|p2a: Pinsir|Pinsir-Mega, M, shiny","|-mega|p2a: Pinsir|Pinsir|Pinsirite","|move|p1a: Manectric|Volt Switch|p2a: Pinsir","|-supereffective|p2a: Pinsir","|-damage|p2a: Pinsir|205/333","|","|switch|p1a: Zapdos|Zapdos|265/383 tox","|-ability|p1a: Zapdos|Pressure","|move|p2a: Pinsir|X-Scissor|p1a: Zapdos","|-resisted|p1a: Zapdos","|-damage|p1a: Zapdos|192/383 tox","|","|-heal|p1a: Zapdos|215/383 tox|[from] item: Leftovers","|-damage|p1a: Zapdos|192/383 tox|[from] psn","|turn|19","|","|move|p2a: Pinsir|Return|p1a: Zapdos","|-resisted|p1a: Zapdos","|-damage|p1a: Zapdos|59/383 tox","|move|p1a: Zapdos|Discharge|p2a: Pinsir","|-supereffective|p2a: Pinsir","|-damage|p2a: Pinsir|0 fnt","|faint|p2a: Pinsir","|","|-heal|p1a: Zapdos|82/383 tox|[from] item: Leftovers","|-damage|p1a: Zapdos|36/383 tox|[from] psn","|","|switch|p2a: Genesect|Genesect, shiny|162/284 brn","|-boost|p2a: Genesect|spa|1|[from] ability: Download","|turn|20","|","|move|p2a: Genesect|Extreme Speed|p1a: Zapdos","|-crit|p1a: Zapdos","|-damage|p1a: Zapdos|0 fnt","|faint|p1a: Zapdos","|","|-damage|p2a: Genesect|127/284 brn|[from] brn","|","|switch|p1a: Manectric|Manectric-Mega, M|281/281","|-ability|p1a: Manectric|Intimidate","|-unboost|p2a: Genesect|atk|1","|turn|21","|","|move|p2a: Genesect|Extreme Speed|p1a: Manectric","|-damage|p1a: Manectric|229/281","|move|p1a: Manectric|Discharge|p2a: Genesect","|-damage|p2a: Genesect|0 fnt","|faint|p2a: Genesect","|","|","|switch|p2a: Scizor|Scizor, M, shiny|343/343","|turn|22","|","|move|p2a: Scizor|Bullet Punch|p1a: Manectric","|-resisted|p1a: Manectric","|-damage|p1a: Manectric|145/281","|-damage|p2a: Scizor|309/343|[from] item: Life Orb","|move|p1a: Manectric|Overheat|p2a: Scizor","|-supereffective|p2a: Scizor","|-damage|p2a: Scizor|0 fnt","|-unboost|p1a: Manectric|spa|2","|faint|p2a: Scizor","|","|win|V Psychic"],"p1rating":{"entryid":"7467690","serverid":"eos","formatid":"monotype","userid":"vpsychic","username":"V Psychic","w":12,"l":"5","t":"0","gxe":63.5,"r":"1590.5768731025","rd":"107.81252429981","sigma":"0","rptime":"1439024400","rpr":1606.8213485131,"rprd":74.743486905911,"rpsigma":"0","acre":1216.3116797482,"lacre":1216.3116797482,"oldacre":"1194.4774926768"},"p2rating":{"entryid":"7474899","serverid":"eos","formatid":"monotype","userid":"gtxquabbs","username":"GTX Quabbs","w":"7","l":9,"t":"0","gxe":45.4,"r":"1401.4450733316","rd":"101.83681351046","sigma":"0","rptime":"1439024400","rpr":1464.7614818929,"rprd":76.344053109602,"rpsigma":"0","acre":1128.4092001962,"lacre":1128.4092001962,"oldacre":"1150.2433872676"},"endType":"normal"}