{"seed":[64218,34218,4443,62912],"turns":37,"p1":"Guard Wanderer","p2":"Vethanital","p1team":[{"name":"Weezing","species":"Weezing","item":"sitrusberry","ability":"Levitate","moves":["toxicspikes","willowisp","memento","thief"],"nature":"Careful","evs":{"hp":248,"atk":8,"def":0,"spa":0,"spd":252,"spe":0},"ivs":{"hp":31,"atk":31,"def":31,"spa":31,"spd":31,"spe":31}},{"name":"Tentacruel","species":"Tentacruel","item":"assaultvest","ability":"Liquid Ooze","moves":["scald","acidspray","gigadrain","hex"],"nature":"Timid","evs":{"hp":0,"atk":0,"def":4,"spa":252,"spd":0,"spe":252},"ivs":{"hp":31,"atk":31,"def":31,"spa":31,"spd":31,"spe":31}},{"name":"Skuntank","species":"Skuntank","item":"","ability":"Stench","moves":["snatch","thief","suckerpunch","poisonjab"],"nature":"Adamant","evs":{"hp":248,"atk":252,"def":0,"spa":0,"spd":8,"spe":0},"ivs":{"hp":31,"atk":31,"def":31,"spa":31,"spd":31,"spe":31}},{"name":"Crobat","species":"Crobat","item":"whiteherb","ability":"Infiltrator","moves":["curse","acrobatics","roost","hypnosis"],"nature":"Jolly","evs":{"hp":248,"atk":8,"def":0,"spa":0,"spd":0,"spe":252},"ivs":{"hp":31,"atk":31,"def":31,"spa":31,"spd":31,"spe":31}},{"name":"Gengar","species":"Gengar","item":"choicescarf","ability":"Levitate","moves":["trick","destinybond","venoshock","hex"],"nature":"Timid","evs":{"hp":0,"atk":0,"def":0,"spa":252,"spd":4,"spe":252},"ivs":{"hp":31,"atk":31,"def":31,"spa":31,"spd":31,"spe":31}},{"name":"Amoonguss","species":"Amoonguss","item":"blacksludge","ability":"Regenerator","moves":["spore","gigadrain","gastroacid","stunspore"],"nature":"Calm","evs":{"hp":248,"atk":0,"def":0,"spa":8,"spd":252,"spe":0},"shiny":true,"ivs":{"hp":31,"atk":31,"def":31,"spa":31,"spd":31,"spe":31}}],"p2team":[{"name":"Lopunny","species":"Lopunny","item":"lopunnite","ability":"Cute Charm","moves":["poweruppunch","drainpunch","return","icepunch"],"nature":"Jolly","evs":{"hp":4,"atk":252,"def":0,"spa":0,"spd":0,"spe":252},"ivs":{"hp":31,"atk":31,"def":31,"spa":31,"spd":31,"spe":31}},{"name":"Miltank","species":"Miltank","item":"leftovers","ability":"Scrappy","moves":["milkdrink","bodyslam","rockslide","poweruppunch"],"nature":"Impish","evs":{"hp":248,"atk":20,"def":240,"spa":0,"spd":0,"spe":0},"ivs":{"hp":31,"atk":31,"def":31,"spa":31,"spd":31,"spe":31}},{"name":"Slaking","species":"Slaking","item":"choiceband","ability":"Truant","moves":["gigaimpact","icepunch","firepunch","thunderpunch"],"nature":"Adamant","evs":{"hp":72,"atk":4,"def":0,"spa":0,"spd":252,"spe":180},"ivs":{"hp":31,"atk":31,"def":31,"spa":31,"spd":31,"spe":31}},{"name":"Porygon2","species":"Porygon2","item":"eviolite","ability":"Analytic","moves":["recover","thunderwave","triattack","psychic"],"nature":"Modest","evs":{"hp":188,"atk":0,"def":96,"spa":172,"spd":52,"spe":0},"ivs":{"hp":31,"atk":31,"def":31,"spa":31,"spd":31,"spe":31}},{"name":"Diggersby","species":"Diggersby","item":"choiceband","ability":"Huge Power","moves":["earthquake","superpower","stoneedge","uturn"],"nature":"Adamant","evs":{"hp":172,"atk":148,"def":108,"spa":0,"spd":0,"spe":80},"ivs":{"hp":31,"atk":31,"def":31,"spa":31,"spd":31,"spe":31}},{"name":"Staraptor","species":"Staraptor","item":"lifeorb","ability":"Reckless","moves":["bravebird","doubleedge","closecombat","uturn"],"nature":"Jolly","evs":{"hp":4,"atk":252,"def":0,"spa":0,"spd":0,"spe":252},"ivs":{"hp":31,"atk":31,"def":31,"spa":31,"spd":31,"spe":31}}],"log":["|player|p1|Guard Wanderer|235","|player|p2|Vethanital|101","|gametype|singles","|gen|6","|tier|Monotype","|rated","|rule|Baton Pass Clause: Limit one Baton Passer, can't pass Spe and other stats simultaneously","|rule|Swagger Clause: Swagger is banned","|rule|Same Type Clause: Pokémon in a team must share a type","|clearpoke","|poke|p1|Weezing, M","|poke|p1|Tentacruel, M","|poke|p1|Skuntank, M","|poke|p1|Crobat, M","|poke|p1|Gengar, M","|poke|p1|Amoonguss, M, shiny","|poke|p2|Lopunny, F","|poke|p2|Miltank, F","|poke|p2|Slaking, M","|poke|p2|Porygon2","|poke|p2|Diggersby, M","|poke|p2|Staraptor, F","|rule|Sleep Clause Mod: Limit one foe put to sleep","|rule|Species Clause: Limit one of each Pokémon","|rule|OHKO Clause: OHKO moves are banned","|rule|Moody Clause: Moody is banned","|rule|Evasion Moves Clause: Evasion moves are banned","|rule|Endless Battle Clause: Forcing endless battles is banned","|rule|HP Percentage Mod: HP is shown in percentages","|teampreview","|","|start","|switch|p1a: Weezing|Weezing, M|333/333","|switch|p2a: Diggersby|Diggersby, M|354/354","|turn|1","|","|move|p2a: Diggersby|U-turn|p1a: Weezing","|-resisted|p1a: Weezing","|-damage|p1a: Weezing|272/333","|","|switch|p2a: Porygon2|Porygon2|358/358","|move|p1a: Weezing|Will-O-Wisp|p2a: Porygon2","|-status|p2a: Porygon2|brn","|","|-damage|p2a: Porygon2|314/358 brn|[from] brn","|turn|2","|","|move|p2a: Porygon2|Psychic|p1a: Weezing","|-supereffective|p1a: Weezing","|-damage|p1a: Weezing|86/333","|-enditem|p1a: Weezing|Sitrus Berry|[eat]","|-heal|p1a: Weezing|169/333|[from] item: Sitrus Berry","|move|p1a: Weezing|Toxic Spikes|p2a: Porygon2","|-sidestart|p2: Vethanital|move: Toxic Spikes","|","|-damage|p2a: Porygon2|270/358 brn|[from] brn","|turn|3","|","|switch|p1a: Skuntank|Skuntank, M|409/409","|move|p2a: Porygon2|Psychic|p1a: Skuntank","|-immune|p1a: Skuntank|[msg]","|","|-damage|p2a: Porygon2|226/358 brn|[from] brn","|turn|4","|","|move|p1a: Skuntank|Poison Jab|p2a: Porygon2","|-damage|p2a: Porygon2|145/358 brn","|move|p2a: Porygon2|Thunder Wave|p1a: Skuntank","|-status|p1a: Skuntank|par","|","|-damage|p2a: Porygon2|101/358 brn|[from] brn","|turn|5","|","|move|p2a: Porygon2|Recover|p2a: Porygon2","|-heal|p2a: Porygon2|280/358 brn","|move|p1a: Skuntank|Poison Jab|p2a: Porygon2","|-damage|p2a: Porygon2|202/358 brn","|","|-damage|p2a: Porygon2|158/358 brn|[from] brn","|turn|6","|","|move|p2a: Porygon2|Recover|p2a: Porygon2","|-heal|p2a: Porygon2|337/358 brn","|cant|p1a: Skuntank|par","|","|-damage|p2a: Porygon2|293/358 brn|[from] brn","|turn|7","|","|move|p2a: Porygon2|Tri Attack|p1a: Skuntank","|-damage|p1a: Skuntank|207/409 par","|cant|p1a: Skuntank|par","|","|-damage|p2a: Porygon2|249/358 brn|[from] brn","|turn|8","|","|move|p2a: Porygon2|Tri Attack|p1a: Skuntank","|-crit|p1a: Skuntank","|-damage|p1a: Skuntank|0 fnt","|faint|p1a: Skuntank","|","|-damage|p2a: Porygon2|205/358 brn|[from] brn","|","|switch|p1a: Weezing|Weezing, M|169/333","|turn|9","|","|switch|p2a: Slaking|Slaking, M|459/459","|-status|p2a: Slaking|psn","|move|p1a: Weezing|Thief|p2a: Slaking","|-crit|p2a: Slaking","|-damage|p2a: Slaking|397/459 psn","|-item|p1a: Weezing|Choice Band|[from] move: Thief|[of] p2a: Slaking","|","|-damage|p2a: Slaking|340/459 psn|[from] psn","|turn|10","|","|move|p2a: Slaking|Giga Impact|p1a: Weezing","|-damage|p1a: Weezing|0 fnt","|faint|p1a: Weezing","|","|-damage|p2a: Slaking|283/459 psn|[from] psn","|","|switch|p1a: Crobat|Crobat, M|373/373","|turn|11","|-mustrecharge|p2a: Slaking","|-mustrecharge|p2a: Slaking","|","|move|p1a: Crobat|Curse|p1a: Crobat","|-unboost|p1a: Crobat|spe|1","|-boost|p1a: Crobat|atk|1","|-boost|p1a: Crobat|def|1","|-enditem|p1a: Crobat|White Herb","|-restoreboost|p1a: Crobat|[silent]","|cant|p2a: Slaking|recharge","|","|-damage|p2a: Slaking|226/459 psn|[from] psn","|turn|12","|","|move|p1a: Crobat|Acrobatics|p2a: Slaking","|-damage|p2a: Slaking|43/459 psn","|move|p2a: Slaking|Thunder Punch|p1a: Crobat","|-supereffective|p1a: Crobat","|-damage|p1a: Crobat|209/373","|","|-damage|p2a: Slaking|0 fnt|[from] psn","|faint|p2a: Slaking","|","|switch|p2a: Porygon2|Porygon2|205/358 brn","|turn|13","|","|move|p1a: Crobat|Roost|p1a: Crobat","|-heal|p1a: Crobat|373/373","|move|p2a: Porygon2|Recover|p2a: Porygon2","|-heal|p2a: Porygon2|358/358 brn","|","|-damage|p2a: Porygon2|314/358 brn|[from] brn","|turn|14","|","|switch|p1a: Amoonguss|Amoonguss, M, shiny|431/431","|move|p2a: Porygon2|Thunder Wave|p1a: Amoonguss","|-status|p1a: Amoonguss|par","|","|-damage|p2a: Porygon2|270/358 brn|[from] brn","|turn|15","|","|move|p2a: Porygon2|Psychic|p1a: Amoonguss","|-supereffective|p1a: Amoonguss","|-damage|p1a: Amoonguss|263/431 par","|-unboost|p1a: Amoonguss|spd|1","|move|p1a: Amoonguss|Giga Drain|p2a: Porygon2","|-damage|p2a: Porygon2|222/358 brn","|-heal|p1a: Amoonguss|287/431 par|[from] drain|[of] p2a: Porygon2","|","|-heal|p1a: Amoonguss|313/431 par|[from] item: Black Sludge","|-damage|p2a: Porygon2|178/358 brn|[from] brn","|turn|16","|","|switch|p1a: Tentacruel|Tentacruel, M|301/301","|move|p2a: Porygon2|Psychic|p1a: Tentacruel","|-supereffective|p1a: Tentacruel","|-damage|p1a: Tentacruel|159/301","|","|-damage|p2a: Porygon2|134/358 brn|[from] brn","|turn|17","|","|move|p1a: Tentacruel|Acid Spray|p2a: Porygon2","|-damage|p2a: Porygon2|95/358 brn","|-unboost|p2a: Porygon2|spd|2","|move|p2a: Porygon2|Recover|p2a: Porygon2","|-heal|p2a: Porygon2|274/358 brn","|","|-damage|p2a: Porygon2|230/358 brn|[from] brn","|turn|18","|","|move|p1a: Tentacruel|Acid Spray|p2a: Porygon2","|-crit|p2a: Porygon2","|-damage|p2a: Porygon2|136/358 brn","|-unboost|p2a: Porygon2|spd|2","|move|p2a: Porygon2|Recover|p2a: Porygon2","|-heal|p2a: Porygon2|315/358 brn","|","|-damage|p2a: Porygon2|271/358 brn|[from] brn","|turn|19","|","|switch|p2a: Diggersby|Diggersby, M|354/354","|-status|p2a: Diggersby|psn","|move|p1a: Tentacruel|Giga Drain|p2a: Diggersby","|-supereffective|p2a: Diggersby","|-damage|p2a: Diggersby|190/354 psn","|-heal|p1a: Tentacruel|241/301|[from] drain|[of] p2a: Diggersby","|","|-damage|p2a: Diggersby|146/354 psn|[from] psn","|turn|20","|","|move|p1a: Tentacruel|Scald|p2a: Diggersby","|-supereffective|p2a: Diggersby","|-damage|p2a: Diggersby|0 fnt","|faint|p2a: Diggersby","|","|","|switch|p2a: Porygon2|Porygon2|271/358 brn","|turn|21","|","|move|p1a: Tentacruel|Acid Spray|p2a: Porygon2","|-damage|p2a: Porygon2|235/358 brn","|-unboost|p2a: Porygon2|spd|2","|move|p2a: Porygon2|Thunder Wave|p1a: Tentacruel","|-status|p1a: Tentacruel|par","|","|-damage|p2a: Porygon2|191/358 brn|[from] brn","|turn|22","|","|move|p2a: Porygon2|Recover|p2a: Porygon2","|-heal|p2a: Porygon2|358/358 brn","|move|p1a: Tentacruel|Acid Spray|p2a: Porygon2","|-damage|p2a: Porygon2|285/358 brn","|-unboost|p2a: Porygon2|spd|2","|","|-damage|p2a: Porygon2|241/358 brn|[from] brn","|turn|23","|","|move|p2a: Porygon2|Recover|p2a: Porygon2","|-heal|p2a: Porygon2|358/358 brn","|cant|p1a: Tentacruel|par","|","|-damage|p2a: Porygon2|314/358 brn|[from] brn","|turn|24","|","|switch|p2a: Lopunny|Lopunny, F|272/272","|-status|p2a: Lopunny|psn","|move|p1a: Tentacruel|Giga Drain|p2a: Lopunny","|-damage|p2a: Lopunny|208/272 psn","|-heal|p1a: Tentacruel|273/301 par|[from] drain|[of] p2a: Lopunny","|","|-damage|p2a: Lopunny|174/272 psn|[from] psn","|turn|25","|","|detailschange|p2a: Lopunny|Lopunny-Mega, F","|-mega|p2a: Lopunny|Lopunny|Lopunnite","|move|p2a: Lopunny|Power-Up Punch|p1a: Tentacruel","|-resisted|p1a: Tentacruel","|-damage|p1a: Tentacruel|221/301 par","|-boost|p2a: Lopunny|atk|1","|move|p1a: Tentacruel|Acid Spray|p2a: Lopunny","|-damage|p2a: Lopunny|120/272 psn","|-unboost|p2a: Lopunny|spd|2","|","|-damage|p2a: Lopunny|86/272 psn|[from] psn","|turn|26","|","|switch|p1a: Amoonguss|Amoonguss, M, shiny|431/431 par","|move|p2a: Lopunny|Drain Punch|p1a: Amoonguss","|-resisted|p1a: Amoonguss","|-damage|p1a: Amoonguss|289/431 par","|-heal|p2a: Lopunny|157/272 psn|[from] drain|[of] p1a: Amoonguss","|","|-heal|p1a: Amoonguss|315/431 par|[from] item: Black Sludge","|-damage|p2a: Lopunny|123/272 psn|[from] psn","|turn|27","|","|move|p2a: Lopunny|Ice Punch|p1a: Amoonguss","|-crit|p1a: Amoonguss","|-supereffective|p1a: Amoonguss","|-damage|p1a: Amoonguss|0 fnt","|faint|p1a: Amoonguss","|","|-damage|p2a: Lopunny|89/272 psn|[from] psn","|","|switch|p1a: Gengar|Gengar, M|261/261","|turn|28","|","|move|p1a: Gengar|Venoshock|p2a: Lopunny","|-damage|p2a: Lopunny|0 fnt","|faint|p2a: Lopunny","|","|","|switch|p2a: Porygon2|Porygon2|314/358 brn","|turn|29","|","|switch|p1a: Tentacruel|Tentacruel, M|221/301 par","|move|p2a: Porygon2|Thunder Wave|p1a: Tentacruel","|-fail|p1a: Tentacruel|par","|","|-damage|p2a: Porygon2|270/358 brn|[from] brn","|turn|30","|","|move|p2a: Porygon2|Psychic|p1a: Tentacruel","|-supereffective|p1a: Tentacruel","|-damage|p1a: Tentacruel|107/301 par","|cant|p1a: Tentacruel|par","|","|-damage|p2a: Porygon2|226/358 brn|[from] brn","|turn|31","|","|move|p2a: Porygon2|Psychic|p1a: Tentacruel","|-supereffective|p1a: Tentacruel","|-damage|p1a: Tentacruel|0 fnt","|faint|p1a: Tentacruel","|","|-damage|p2a: Porygon2|182/358 brn|[from] brn","|","|switch|p1a: Gengar|Gengar, M|261/261","|turn|32","|","|move|p1a: Gengar|Trick|p2a: Porygon2","|-activate|p1a: Gengar|move: Trick|[of] p2a: Porygon2","|-item|p2a: Porygon2|Choice Scarf|[from] move: Trick","|-item|p1a: Gengar|Eviolite|[from] move: Trick","|move|p2a: Porygon2|Recover|p2a: Porygon2","|-heal|p2a: Porygon2|358/358 brn","|","|-damage|p2a: Porygon2|314/358 brn|[from] brn","|turn|33","|","|switch|p2a: Miltank|Miltank, F|393/393","|-status|p2a: Miltank|psn","|move|p1a: Gengar|Venoshock|p2a: Miltank","|-damage|p2a: Miltank|105/393 psn","|","|-heal|p2a: Miltank|129/393 psn|[from] item: Leftovers","|-damage|p2a: Miltank|80/393 psn|[from] psn","|turn|34","|","|move|p1a: Gengar|Venoshock|p2a: Miltank","|-crit|p2a: Miltank","|-damage|p2a: Miltank|0 fnt","|faint|p2a: Miltank","|","|","|switch|p2a: Staraptor|Staraptor, F|312/312","|turn|35","|","|move|p1a: Gengar|Destiny Bond|p1a: Gengar","|-singlemove|p1a: Gengar|Destiny Bond","|move|p2a: Staraptor|Brave Bird|p1a: Gengar","|-damage|p1a: Gengar|0 fnt","|-damage|p2a: Staraptor|226/312|[from] recoil|[of] p1a: Gengar","|-damage|p2a: Staraptor|195/312|[from] item: Life Orb","|faint|p1a: Gengar","|-activate|p1a: Gengar|Destiny Bond","|faint|p2a: Staraptor","|","|","|switch|p1a: Crobat|Crobat, M|373/373","|switch|p2a: Porygon2|Porygon2|314/358 brn","|turn|36","|","|move|p1a: Crobat|Acrobatics|p2a: Porygon2","|-damage|p2a: Porygon2|187/358 brn","|move|p2a: Porygon2|Thunder Wave|p1a: Crobat","|-status|p1a: Crobat|par","|","|-damage|p2a: Porygon2|143/358 brn|[from] brn","|turn|37","|","|move|p2a: Porygon2|Thunder Wave|p1a: Crobat","|-fail|p1a: Crobat|par","|move|p1a: Crobat|Acrobatics|p2a: Porygon2","|-damage|p2a: Porygon2|28/358 brn","|","|-damage|p2a: Porygon2|0 fnt|[from] brn","|faint|p2a: Porygon2","|","|win|Guard Wanderer"],"p1rating":{"entryid":"6731189","serverid":"eos","formatid":"monotype","userid":"guardwanderer","username":"Guard Wanderer","w":100,"l":"123","t":"0","gxe":44.2,"r":"1449.7921848038","rd":"27.278099146195","sigma":"0","rptime":"1439024400","rpr":1456.2471869147,"rprd":27.072999794516,"rpsigma":"0","acre":1314.4766369832,"lacre":1314.4766369832,"oldacre":"1306.9370280319"},"p2rating":{"entryid":"7489312","serverid":"eos","formatid":"monotype","userid":"vethanital","username":"Vethanital","w":"1","l":1,"t":"0","gxe":50.3,"r":"1500","rd":"130","sigma":"0","rptime":"1439024400","rpr":1502.1157853512,"rprd":116.20507891276,"rpsigma":"0","acre":1046.5493120437,"lacre":1046.5493120437,"oldacre":"1053.3350576022"},"endType":"normal"}