{"seed":[14440,30135,27409,26947],"turns":34,"p1":"Intern Twizz","p2":"GTX♅Fractals","p1team":[{"name":"Rotom-Wash","species":"Rotom-Wash","item":"choicescarf","ability":"Levitate","moves":["hydropump","voltswitch","trick","willowisp"],"nature":"Timid","evs":{"hp":0,"atk":0,"def":0,"spa":252,"spd":4,"spe":252},"ivs":{"hp":31,"atk":31,"def":31,"spa":31,"spd":31,"spe":31}},{"name":"Zapdos","species":"Zapdos","item":"leftovers","ability":"Pressure","moves":["toxic","roost","discharge","heatwave"],"nature":"Bold","evs":{"hp":0,"atk":0,"def":252,"spa":56,"spd":200,"spe":0},"ivs":{"hp":31,"atk":31,"def":31,"spa":31,"spd":31,"spe":31}},{"name":"Ampharos","species":"Ampharos","item":"ampharosite","ability":"Static","moves":["cottonguard","rest","sleeptalk","dragonpulse"],"nature":"Bold","evs":{"hp":0,"atk":0,"def":252,"spa":136,"spd":120,"spe":0},"ivs":{"hp":31,"atk":31,"def":31,"spa":31,"spd":31,"spe":31}},{"name":"Raikou","species":"Raikou","item":"leftovers","ability":"Pressure","moves":["substitute","calmmind","extrasensory","thunderbolt"],"nature":"Timid","evs":{"hp":0,"atk":0,"def":0,"spa":252,"spd":4,"spe":252},"ivs":{"hp":31,"atk":31,"def":31,"spa":31,"spd":31,"spe":31}},{"name":"Eelektross","species":"Eelektross","item":"assaultvest","ability":"Levitate","moves":["knockoff","drainpunch","gigadrain","thunderbolt"],"nature":"Brave","evs":{"hp":0,"atk":36,"def":0,"spa":220,"spd":252,"spe":0},"ivs":{"hp":31,"atk":31,"def":31,"spa":31,"spd":31,"spe":31}},{"name":"Magnezone","species":"Magnezone","item":"leftovers","ability":"Sturdy","moves":["flashcannon","thunderbolt","protect","hiddenpowerice"],"nature":"Modest","evs":{"hp":76,"atk":0,"def":180,"spa":252,"spd":0,"spe":0},"ivs":{"hp":31,"atk":30,"def":30,"spa":31,"spd":31,"spe":31}}],"p2team":[{"name":"Hoopa-Unbound","species":"Hoopa-Unbound","item":"","ability":"Magician","moves":["darkpulse","drainpunch","hyperspacefury","icepunch"],"nature":"Lonely","evs":{"hp":248,"atk":252,"def":0,"spa":8,"spd":0,"spe":0},"ivs":{"hp":31,"atk":31,"def":31,"spa":31,"spd":31,"spe":31}},{"name":"Jirachi","species":"Jirachi","item":"choicescarf","ability":"Serene Grace","moves":["dracometeor","ironhead","meteormash","zenheadbutt"],"nature":"Hasty","evs":{"hp":0,"atk":252,"def":0,"spa":4,"spd":0,"spe":252},"ivs":{"hp":31,"atk":31,"def":31,"spa":31,"spd":31,"spe":31}},{"name":"Metagross","species":"Metagross","item":"muscleband","ability":"Clear Body","moves":["bulletpunch","flashcannon","thunderpunch","meteormash"],"nature":"Naughty","evs":{"hp":248,"atk":252,"def":0,"spa":8,"spd":0,"spe":0},"ivs":{"hp":31,"atk":31,"def":31,"spa":31,"spd":31,"spe":31}},{"name":"Deoxys-Speed","species":"Deoxys-Speed","item":"enigmaberry","ability":"Pressure","moves":["knockoff","drainpunch","icepunch","nightshade"],"nature":"Jolly","evs":{"hp":0,"atk":252,"def":0,"spa":0,"spd":4,"spe":252},"ivs":{"hp":31,"atk":31,"def":31,"spa":31,"spd":31,"spe":31}},{"name":"Victini","species":"Victini","item":"choicescarf","ability":"Victory Star","moves":["boltstrike","wildcharge","vcreate","zenheadbutt"],"nature":"Jolly","evs":{"hp":0,"atk":252,"def":0,"spa":0,"spd":4,"spe":252},"ivs":{"hp":31,"atk":31,"def":31,"spa":31,"spd":31,"spe":31}},{"name":"Medicham","species":"Medicham","item":"medichamite","ability":"Pure Power","moves":["bulletpunch","drainpunch","lowkick","fakeout"],"nature":"Adamant","evs":{"hp":248,"atk":252,"def":0,"spa":0,"spd":8,"spe":0},"ivs":{"hp":31,"atk":31,"def":31,"spa":31,"spd":31,"spe":31}}],"log":["|player|p1|Intern Twizz|161","|player|p2|GTX♅Fractals|170","|gametype|singles","|gen|6","|tier|Monotype","|rated","|rule|Baton Pass Clause: Limit one Baton Passer, can't pass Spe and other stats simultaneously","|rule|Swagger Clause: Swagger is banned","|rule|Same Type Clause: Pokémon in a team must share a type","|clearpoke","|poke|p1|Rotom-Wash","|poke|p1|Zapdos","|poke|p1|Ampharos, F","|poke|p1|Raikou","|poke|p1|Eelektross, F","|poke|p1|Magnezone","|poke|p2|Hoopa-Unbound","|poke|p2|Jirachi","|poke|p2|Metagross","|poke|p2|Deoxys-Speed","|poke|p2|Victini","|poke|p2|Medicham, M","|rule|Sleep Clause Mod: Limit one foe put to sleep","|rule|Species Clause: Limit one of each Pokémon","|rule|OHKO Clause: OHKO moves are banned","|rule|Moody Clause: Moody is banned","|rule|Evasion Moves Clause: Evasion moves are banned","|rule|Endless Battle Clause: Forcing endless battles is banned","|rule|HP Percentage Mod: HP is shown in percentages","|teampreview","|","|start","|switch|p1a: Rotom-Wash|Rotom-Wash|241/241","|switch|p2a: Metagross|Metagross|363/363","|turn|1","|","|move|p1a: Rotom-Wash|Will-O-Wisp|p2a: Metagross|[miss]","|-miss|p1a: Rotom-Wash|p2a: Metagross","|move|p2a: Metagross|Flash Cannon|p1a: Rotom-Wash","|-resisted|p1a: Rotom-Wash","|-damage|p1a: Rotom-Wash|220/241","|","|turn|2","|","|move|p1a: Rotom-Wash|Will-O-Wisp|p2a: Metagross","|-status|p2a: Metagross|brn","|move|p2a: Metagross|Thunder Punch|p1a: Rotom-Wash","|-damage|p1a: Rotom-Wash|169/241","|","|-damage|p2a: Metagross|318/363 brn|[from] brn","|turn|3","|","|switch|p1a: Zapdos|Zapdos|321/321","|-ability|p1a: Zapdos|Pressure","|move|p2a: Metagross|Meteor Mash|p1a: Zapdos","|-resisted|p1a: Zapdos","|-damage|p1a: Zapdos|281/321","|-boost|p2a: Metagross|atk|1","|","|-heal|p1a: Zapdos|301/321|[from] item: Leftovers","|-damage|p2a: Metagross|273/363 brn|[from] brn","|turn|4","|","|move|p1a: Zapdos|Heat Wave|p2a: Metagross","|-supereffective|p2a: Metagross","|-damage|p2a: Metagross|43/363 brn","|move|p2a: Metagross|Flash Cannon|p1a: Zapdos","|-resisted|p1a: Zapdos","|-damage|p1a: Zapdos|263/321","|","|-heal|p1a: Zapdos|283/321|[from] item: Leftovers","|-damage|p2a: Metagross|0 fnt|[from] brn","|faint|p2a: Metagross","|","|switch|p2a: Deoxys-Speed|Deoxys-Speed|241/241","|-ability|p2a: Deoxys-Speed|Pressure","|turn|5","|","|move|p2a: Deoxys-Speed|Knock Off|p1a: Zapdos","|-damage|p1a: Zapdos|207/321","|-enditem|p1a: Zapdos|Leftovers|[from] move: Knock Off|[of] p2a: Deoxys-Speed","|move|p1a: Zapdos|Discharge|p2a: Deoxys-Speed","|-damage|p2a: Deoxys-Speed|105/241","|","|turn|6","|","|move|p2a: Deoxys-Speed|Ice Punch|p1a: Zapdos","|-supereffective|p1a: Zapdos","|-damage|p1a: Zapdos|95/321","|move|p1a: Zapdos|Roost|p1a: Zapdos","|-heal|p1a: Zapdos|256/321","|","|turn|7","|","|move|p2a: Deoxys-Speed|Ice Punch|p1a: Zapdos","|-supereffective|p1a: Zapdos","|-damage|p1a: Zapdos|134/321","|move|p1a: Zapdos|Roost|p1a: Zapdos","|-heal|p1a: Zapdos|295/321","|","|turn|8","|","|move|p2a: Deoxys-Speed|Ice Punch|p1a: Zapdos","|-supereffective|p1a: Zapdos","|-damage|p1a: Zapdos|177/321","|move|p1a: Zapdos|Discharge|p2a: Deoxys-Speed","|-damage|p2a: Deoxys-Speed|0 fnt","|faint|p2a: Deoxys-Speed","|","|","|switch|p2a: Victini|Victini|341/341","|turn|9","|","|switch|p1a: Magnezone|Magnezone|300/300","|move|p2a: Victini|V-create|p1a: Magnezone","|-supereffective|p1a: Magnezone","|-ability|p1a: Magnezone|Sturdy","|-damage|p1a: Magnezone|1/300","|-unboost|p2a: Victini|spe|1","|-unboost|p2a: Victini|def|1","|-unboost|p2a: Victini|spd|1","|","|-heal|p1a: Magnezone|19/300|[from] item: Leftovers","|turn|10","|","|switch|p2a: Jirachi|Jirachi|341/341","|move|p1a: Magnezone|Protect|p1a: Magnezone","|-fail|p1a: Magnezone","|","|-heal|p1a: Magnezone|37/300|[from] item: Leftovers","|turn|11","|","|move|p2a: Jirachi|Iron Head|p1a: Magnezone","|-resisted|p1a: Magnezone","|-damage|p1a: Magnezone|16/300","|move|p1a: Magnezone|Thunderbolt|p2a: Jirachi","|-damage|p2a: Jirachi|169/341","|-status|p2a: Jirachi|par","|","|-heal|p1a: Magnezone|34/300|[from] item: Leftovers","|turn|12","|","|move|p1a: Magnezone|Protect|p1a: Magnezone","|-singleturn|p1a: Magnezone|Protect","|move|p2a: Jirachi|Iron Head|p1a: Magnezone","|-activate|p1a: Magnezone|Protect","|","|-heal|p1a: Magnezone|52/300|[from] item: Leftovers","|turn|13","|","|move|p1a: Magnezone|Thunderbolt|p2a: Jirachi","|-damage|p2a: Jirachi|0 fnt","|faint|p2a: Jirachi","|","|-heal|p1a: Magnezone|70/300|[from] item: Leftovers","|","|switch|p2a: Medicham|Medicham, M|323/323","|turn|14","|","|detailschange|p2a: Medicham|Medicham-Mega, M","|-mega|p2a: Medicham|Medicham|Medichamite","|move|p1a: Magnezone|Protect|p1a: Magnezone","|-singleturn|p1a: Magnezone|Protect","|move|p2a: Medicham|Fake Out|p1a: Magnezone","|-activate|p1a: Magnezone|Protect","|","|-heal|p1a: Magnezone|88/300|[from] item: Leftovers","|turn|15","|","|switch|p1a: Zapdos|Zapdos|177/321","|-ability|p1a: Zapdos|Pressure","|move|p2a: Medicham|Low Kick|p1a: Zapdos","|-resisted|p1a: Zapdos","|-damage|p1a: Zapdos|72/321","|","|turn|16","|","|move|p1a: Zapdos|Roost|p1a: Zapdos","|-heal|p1a: Zapdos|233/321","|move|p2a: Medicham|Drain Punch|p1a: Zapdos","|-damage|p1a: Zapdos|53/321","|","|turn|17","|","|move|p1a: Zapdos|Discharge|p2a: Medicham","|-damage|p2a: Medicham|185/323","|move|p2a: Medicham|Low Kick|p1a: Zapdos","|-resisted|p1a: Zapdos","|-damage|p1a: Zapdos|0 fnt","|faint|p1a: Zapdos","|","|","|switch|p1a: Rotom-Wash|Rotom-Wash|169/241","|turn|18","|","|move|p1a: Rotom-Wash|Will-O-Wisp|p2a: Medicham","|-status|p2a: Medicham|brn","|move|p2a: Medicham|Drain Punch|p1a: Rotom-Wash","|-damage|p1a: Rotom-Wash|64/241","|-heal|p2a: Medicham|238/323 brn|[from] drain|[of] p1a: Rotom-Wash","|","|-damage|p2a: Medicham|198/323 brn|[from] brn","|turn|19","|","|switch|p1a: Ampharos|Ampharos, F|321/321","|move|p2a: Medicham|Drain Punch|p1a: Ampharos","|-damage|p1a: Ampharos|225/321","|-heal|p2a: Medicham|246/323 brn|[from] drain|[of] p1a: Ampharos","|","|-damage|p2a: Medicham|206/323 brn|[from] brn","|turn|20","|","|detailschange|p1a: Ampharos|Ampharos-Mega, F","|-mega|p1a: Ampharos|Ampharos|Ampharosite","|-ability|p1a: Ampharos|Mold Breaker","|move|p2a: Medicham|Drain Punch|p1a: Ampharos","|-damage|p1a: Ampharos|133/321","|-heal|p2a: Medicham|252/323 brn|[from] drain|[of] p1a: Ampharos","|move|p1a: Ampharos|Cotton Guard|p1a: Ampharos","|-boost|p1a: Ampharos|def|3","|","|-damage|p2a: Medicham|212/323 brn|[from] brn","|turn|21","|","|move|p2a: Medicham|Low Kick|p1a: Ampharos","|-damage|p1a: Ampharos|94/321","|move|p1a: Ampharos|Rest|p1a: Ampharos","|-status|p1a: Ampharos|slp","|-heal|p1a: Ampharos|321/321 slp|[silent]","|-status|p1a: Ampharos|slp|[from] move: Rest","|","|-damage|p2a: Medicham|172/323 brn|[from] brn","|turn|22","|","|switch|p2a: Hoopa-Unbound|Hoopa-Unbound|363/363","|cant|p1a: Ampharos|slp","|move|p1a: Ampharos|Sleep Talk|p1a: Ampharos","|move|p1a: Ampharos|Cotton Guard|p1a: Ampharos|[from]Sleep Talk","|-boost|p1a: Ampharos|def|3","|","|turn|23","|","|move|p2a: Hoopa-Unbound|Hyperspace Fury|p1a: Ampharos","|-damage|p1a: Ampharos|282/321 slp","|-unboost|p2a: Hoopa-Unbound|def|1","|cant|p1a: Ampharos|slp","|move|p1a: Ampharos|Sleep Talk|p1a: Ampharos","|move|p1a: Ampharos|Cotton Guard|p1a: Ampharos|[from]Sleep Talk","|-fail|p1a: Ampharos","|","|turn|24","|","|move|p2a: Hoopa-Unbound|Ice Punch|p1a: Ampharos","|-supereffective|p1a: Ampharos","|-damage|p1a: Ampharos|240/321 slp","|-curestatus|p1a: Ampharos|slp","|move|p1a: Ampharos|Dragon Pulse|p2a: Hoopa-Unbound","|-damage|p2a: Hoopa-Unbound|225/363","|","|turn|25","|","|move|p2a: Hoopa-Unbound|Drain Punch|p1a: Ampharos","|-damage|p1a: Ampharos|220/321","|-heal|p2a: Hoopa-Unbound|235/363|[from] drain|[of] p1a: Ampharos","|move|p1a: Ampharos|Dragon Pulse|p2a: Hoopa-Unbound","|-damage|p2a: Hoopa-Unbound|96/363","|","|turn|26","|","|move|p2a: Hoopa-Unbound|Hyperspace Fury|p1a: Ampharos","|-damage|p1a: Ampharos|183/321","|-unboost|p2a: Hoopa-Unbound|def|1","|move|p1a: Ampharos|Dragon Pulse|p2a: Hoopa-Unbound","|-damage|p2a: Hoopa-Unbound|0 fnt","|faint|p2a: Hoopa-Unbound","|","|","|switch|p2a: Medicham|Medicham-Mega, M|172/323 brn","|turn|27","|","|move|p2a: Medicham|Fake Out|p1a: Ampharos","|-damage|p1a: Ampharos|175/321","|cant|p1a: Ampharos|flinch","|","|-damage|p2a: Medicham|132/323 brn|[from] brn","|turn|28","|","|move|p2a: Medicham|Low Kick|p1a: Ampharos","|-damage|p1a: Ampharos|154/321","|move|p1a: Ampharos|Dragon Pulse|p2a: Medicham","|-damage|p2a: Medicham|0 fnt","|faint|p2a: Medicham","|","|","|switch|p2a: Victini|Victini|341/341","|turn|29","|","|move|p2a: Victini|V-create|p1a: Ampharos","|-resisted|p1a: Ampharos","|-damage|p1a: Ampharos|132/321","|-unboost|p2a: Victini|spe|1","|-unboost|p2a: Victini|def|1","|-unboost|p2a: Victini|spd|1","|move|p1a: Ampharos|Rest|p1a: Ampharos","|-status|p1a: Ampharos|slp","|-heal|p1a: Ampharos|321/321 slp|[silent]","|-status|p1a: Ampharos|slp|[from] move: Rest","|","|turn|30","|","|move|p2a: Victini|V-create|p1a: Ampharos","|-resisted|p1a: Ampharos","|-damage|p1a: Ampharos|298/321 slp","|-unboost|p2a: Victini|spe|1","|-unboost|p2a: Victini|def|1","|-unboost|p2a: Victini|spd|1","|cant|p1a: Ampharos|slp","|move|p1a: Ampharos|Sleep Talk|p1a: Ampharos","|move|p1a: Ampharos|Cotton Guard|p1a: Ampharos|[from]Sleep Talk","|-fail|p1a: Ampharos","|","|turn|31","|","|move|p2a: Victini|V-create|p1a: Ampharos","|-crit|p1a: Ampharos","|-resisted|p1a: Ampharos","|-damage|p1a: Ampharos|160/321 slp","|-unboost|p2a: Victini|spe|1","|-unboost|p2a: Victini|def|1","|-unboost|p2a: Victini|spd|1","|cant|p1a: Ampharos|slp","|move|p1a: Ampharos|Sleep Talk|p1a: Ampharos","|move|p1a: Ampharos|Rest|p1a: Ampharos|[from]Sleep Talk","|-fail|p1a: Ampharos","|","|turn|32","|","|move|p2a: Victini|V-create|p1a: Ampharos","|-resisted|p1a: Ampharos","|-damage|p1a: Ampharos|134/321 slp","|-unboost|p2a: Victini|spe|1","|-unboost|p2a: Victini|def|1","|-unboost|p2a: Victini|spd|1","|-curestatus|p1a: Ampharos|slp","|move|p1a: Ampharos|Rest|p1a: Ampharos","|-status|p1a: Ampharos|slp","|-heal|p1a: Ampharos|321/321 slp|[silent]","|-status|p1a: Ampharos|slp|[from] move: Rest","|","|turn|33","|","|move|p2a: Victini|V-create|p1a: Ampharos","|-resisted|p1a: Ampharos","|-damage|p1a: Ampharos|297/321 slp","|-unboost|p2a: Victini|spe|1","|-unboost|p2a: Victini|def|1","|-unboost|p2a: Victini|spd|1","|cant|p1a: Ampharos|slp","|move|p1a: Ampharos|Sleep Talk|p1a: Ampharos","|move|p1a: Ampharos|Rest|p1a: Ampharos|[from]Sleep Talk","|-fail|p1a: Ampharos","|","|turn|34","|","|win|Intern Twizz"],"p1rating":{"entryid":"7448162","serverid":"eos","formatid":"monotype","userid":"interntwizz","username":"Intern Twizz","w":13,"l":"14","t":"0","gxe":50,"r":"1464.8595243929","rd":"82.910812222231","sigma":"0","rptime":"1439024400","rpr":1500.1729041106,"rprd":62.371675177811,"rpsigma":"0","acre":1125.7771480189,"lacre":1125.7771480189,"oldacre":"1107.5663603175"},"p2rating":{"entryid":"7471026","serverid":"eos","formatid":"monotype","userid":"gtxfractals","username":"GTX♅Fractals","w":"3","l":9,"t":"0","gxe":33.6,"r":"1554.0016168585","rd":"116.93886904838","sigma":"0","rptime":"1439024400","rpr":1368.0984664764,"rprd":82.918631995216,"rpsigma":"0","acre":1002.3231076759,"lacre":1002.3231076759,"oldacre":"1010.7859462167"},"endType":"forfeit"}