{"seed":[54772,59695,40822,26298],"turns":25,"p1":"DJ Biggie","p2":"Jumeaux쌍둥이","p1team":[{"name":"Aggron","species":"Aggron","item":"aggronite","ability":"Sturdy","moves":["heavyslam","earthquake","thunderwave","outrage"],"nature":"Adamant","evs":{"hp":248,"atk":252,"def":0,"spa":0,"spd":8,"spe":0},"ivs":{"hp":31,"atk":31,"def":31,"spa":31,"spd":31,"spe":31}},{"name":"Cradily","species":"Cradily","item":"leftovers","ability":"Storm Drain","moves":["stealthrock","rockslide","recover","gigadrain"],"nature":"Careful","evs":{"hp":252,"atk":4,"def":0,"spa":0,"spd":252,"spe":0},"ivs":{"hp":31,"atk":31,"def":31,"spa":31,"spd":31,"spe":31}},{"name":"Omastar","species":"Omastar","item":"focussash","ability":"Weak Armor","moves":["shellsmash","hydropump","icebeam","hiddenpowergrass"],"nature":"Timid","evs":{"hp":0,"atk":0,"def":4,"spa":252,"spd":0,"spe":252},"ivs":{"hp":31,"atk":30,"def":31,"spa":30,"spd":31,"spe":31}},{"name":"Tyrantrum","species":"Tyrantrum","item":"choicescarf","ability":"Rock Head","moves":["headsmash","outrage","dragonclaw","superpower"],"nature":"Jolly","evs":{"hp":0,"atk":252,"def":4,"spa":0,"spd":0,"spe":252},"ivs":{"hp":31,"atk":31,"def":31,"spa":31,"spd":31,"spe":31}},{"name":"Diancie","species":"Diancie","item":"leftovers","ability":"Clear Body","moves":["moonblast","psychic","diamondstorm","toxic"],"nature":"","evs":{"hp":0,"atk":0,"def":0,"spa":0,"spd":0,"spe":0},"ivs":{"hp":31,"atk":31,"def":31,"spa":31,"spd":31,"spe":31}},{"name":"Tyranitar","species":"Tyranitar","item":"assaultvest","ability":"Sand Stream","moves":["earthquake","stoneedge","pursuit","icebeam"],"nature":"Relaxed","evs":{"hp":248,"atk":0,"def":80,"spa":0,"spd":180,"spe":0},"ivs":{"hp":31,"atk":31,"def":31,"spa":31,"spd":31,"spe":31}}],"p2team":[{"name":"ラティオス","species":"latios","item":"choicescarf","ability":"Levitate","moves":["shadowball","dragonpulse","psyshock","icebeam"],"nature":"Timid","evs":{"hp":0,"atk":0,"def":4,"spa":252,"spd":0,"spe":252},"ivs":{"hp":31,"atk":0,"def":31,"spa":31,"spd":31,"spe":31}},{"name":"キュレム","species":"kyuremblack","item":"lifeorb","ability":"Teravolt","moves":["icebeam","outrage","fusionbolt","ironhead"],"nature":"Naive","evs":{"hp":0,"atk":100,"def":0,"spa":180,"spd":0,"spe":228},"shiny":true,"ivs":{"hp":31,"atk":31,"def":31,"spa":31,"spd":31,"spe":31}},{"name":"ボーマンダ","species":"salamence","item":"choicescarf","ability":"Moxie","moves":["outrage","aerialace","steelwing","earthquake"],"nature":"Jolly","evs":{"hp":0,"atk":252,"def":4,"spa":0,"spd":0,"spe":252},"ivs":{"hp":31,"atk":31,"def":31,"spa":31,"spd":31,"spe":31}},{"name":"サザンドラ","species":"hydreigon","item":"choicespecs","ability":"Levitate","moves":["darkpulse","flamethrower","dracometeor","flashcannon"],"nature":"Modest","evs":{"hp":0,"atk":0,"def":4,"spa":252,"spd":0,"spe":252},"shiny":true,"ivs":{"hp":31,"atk":31,"def":31,"spa":31,"spd":31,"spe":31}},{"name":"ガブリアス","species":"garchomp","item":"rockyhelmet","ability":"Rough Skin","moves":["stealthrock","earthquake","dragontail","endure"],"nature":"Impish","evs":{"hp":252,"atk":0,"def":232,"spa":0,"spd":24,"spe":0},"ivs":{"hp":31,"atk":31,"def":31,"spa":31,"spd":31,"spe":31}},{"name":"ラティアス","species":"latias","item":"latiasite","ability":"Levitate","moves":["calmmind","recover","psyshock","dragonbreath"],"nature":"Bold","evs":{"hp":252,"atk":0,"def":224,"spa":0,"spd":0,"spe":32},"ivs":{"hp":31,"atk":0,"def":31,"spa":31,"spd":31,"spe":31}}],"log":["|player|p1|DJ Biggie|djbiggie.png","|player|p2|Jumeaux쌍둥이|alliancewutang.png","|gametype|singles","|gen|6","|tier|Monotype","|rated","|rule|Baton Pass Clause: Limit one Baton Passer, can't pass Spe and other stats simultaneously","|rule|Swagger Clause: Swagger is banned","|rule|Same Type Clause: Pokémon in a team must share a type","|clearpoke","|poke|p1|Aggron, F","|poke|p1|Cradily, F","|poke|p1|Omastar, M","|poke|p1|Tyrantrum, F","|poke|p1|Diancie","|poke|p1|Tyranitar, M","|poke|p2|Latios, M","|poke|p2|Kyurem-Black, shiny","|poke|p2|Salamence, M","|poke|p2|Hydreigon, M, shiny","|poke|p2|Garchomp, F","|poke|p2|Latias, F","|rule|Sleep Clause Mod: Limit one foe put to sleep","|rule|Species Clause: Limit one of each Pokémon","|rule|OHKO Clause: OHKO moves are banned","|rule|Moody Clause: Moody is banned","|rule|Evasion Moves Clause: Evasion moves are banned","|rule|Endless Battle Clause: Forcing endless battles is banned","|rule|HP Percentage Mod: HP is shown in percentages","|teampreview","|","|start","|switch|p1a: Tyranitar|Tyranitar, M|403/403","|switch|p2a: ガブリアス|Garchomp, F|420/420","|-weather|Sandstorm","|turn|1","|","|move|p2a: ガブリアス|Stealth Rock|p1a: Tyranitar","|-sidestart|p1: DJ Biggie|move: Stealth Rock","|move|p1a: Tyranitar|Ice Beam|p2a: ガブリアス","|-supereffective|p2a: ガブリアス","|-damage|p2a: ガブリアス|116/420","|-status|p2a: ガブリアス|frz","|","|-weather|Sandstorm|[upkeep]","|turn|2","|","|switch|p1a: Omastar|Omastar, M|281/281","|-damage|p1a: Omastar|246/281|[from] Stealth Rock","|cant|p2a: ガブリアス|frz","|","|-weather|Sandstorm|[upkeep]","|turn|3","|","|cant|p2a: ガブリアス|frz","|move|p1a: Omastar|Shell Smash|p1a: Omastar","|-unboost|p1a: Omastar|def|1","|-unboost|p1a: Omastar|spd|1","|-boost|p1a: Omastar|atk|2","|-boost|p1a: Omastar|spa|2","|-boost|p1a: Omastar|spe|2","|","|-weather|Sandstorm|[upkeep]","|turn|4","|","|move|p1a: Omastar|Ice Beam|p2a: ガブリアス","|-supereffective|p2a: ガブリアス","|-damage|p2a: ガブリアス|0 fnt","|faint|p2a: ガブリアス","|","|-weather|Sandstorm|[upkeep]","|","|switch|p2a: キュレム|Kyurem-Black, shiny|391/391","|-ability|p2a: キュレム|Teravolt","|turn|5","|","|move|p1a: Omastar|Ice Beam|p2a: キュレム","|-damage|p2a: キュレム|173/391","|move|p2a: キュレム|Fusion Bolt|p1a: Omastar","|-supereffective|p1a: Omastar","|-damage|p1a: Omastar|0 fnt","|-damage|p2a: キュレム|134/391|[from] item: Life Orb","|faint|p1a: Omastar","|","|-weather|none","|","|switch|p1a: Aggron|Aggron, F|343/343","|-damage|p1a: Aggron|322/343|[from] Stealth Rock","|turn|6","|","|switch|p2a: サザンドラ|Hydreigon, M, shiny|325/325","|detailschange|p1a: Aggron|Aggron-Mega, F","|-mega|p1a: Aggron|Aggron|Aggronite","|move|p1a: Aggron|Heavy Slam|p2a: サザンドラ","|-damage|p2a: サザンドラ|193/325","|","|turn|7","|","|move|p2a: サザンドラ|Flamethrower|p1a: Aggron","|-crit|p1a: Aggron","|-supereffective|p1a: Aggron","|-damage|p1a: Aggron|0 fnt","|faint|p1a: Aggron","|","|","|switch|p1a: Tyrantrum|Tyrantrum, F|305/305","|-damage|p1a: Tyrantrum|267/305|[from] Stealth Rock","|turn|8","|","|move|p1a: Tyrantrum|Outrage|p2a: サザンドラ","|-supereffective|p2a: サザンドラ","|-damage|p2a: サザンドラ|0 fnt","|faint|p2a: サザンドラ","|","|","|switch|p2a: ラティオス|Latios, M|301/301","|turn|9","|","|move|p2a: ラティオス|Dragon Pulse|p1a: Tyrantrum","|-supereffective|p1a: Tyrantrum","|-damage|p1a: Tyrantrum|0 fnt","|faint|p1a: Tyrantrum","|","|","|switch|p1a: Tyranitar|Tyranitar, M|403/403","|-damage|p1a: Tyranitar|353/403|[from] Stealth Rock","|-weather|Sandstorm","|turn|10","|","|move|p2a: ラティオス|Dragon Pulse|p1a: Tyranitar","|-damage|p1a: Tyranitar|295/403","|move|p1a: Tyranitar|Pursuit|p2a: ラティオス","|-supereffective|p2a: ラティオス","|-damage|p2a: ラティオス|155/301","|","|-weather|Sandstorm|[upkeep]","|-damage|p2a: ラティオス|137/301|[from] sandstorm","|turn|11","|","|move|p2a: ラティオス|Dragon Pulse|p1a: Tyranitar","|-damage|p1a: Tyranitar|235/403","|move|p1a: Tyranitar|Pursuit|p2a: ラティオス","|-supereffective|p2a: ラティオス","|-damage|p2a: ラティオス|0 fnt","|faint|p2a: ラティオス","|","|-weather|Sandstorm|[upkeep]","|","|switch|p2a: ボーマンダ|Salamence, M|331/331","|turn|12","|","|move|p2a: ボーマンダ|Steel Wing|p1a: Tyranitar|[miss]","|-miss|p2a: ボーマンダ|p1a: Tyranitar","|move|p1a: Tyranitar|Ice Beam|p2a: ボーマンダ","|-supereffective|p2a: ボーマンダ","|-damage|p2a: ボーマンダ|0 fnt","|faint|p2a: ボーマンダ","|","|-weather|Sandstorm|[upkeep]","|","|switch|p2a: キュレム|Kyurem-Black, shiny|134/391","|-ability|p2a: キュレム|Teravolt","|turn|13","|","|move|p2a: キュレム|Iron Head|p1a: Tyranitar","|-supereffective|p1a: Tyranitar","|-damage|p1a: Tyranitar|6/403","|-damage|p2a: キュレム|95/391|[from] item: Life Orb","|move|p1a: Tyranitar|Ice Beam|p2a: キュレム","|-damage|p2a: キュレム|8/391","|","|-weather|Sandstorm|[upkeep]","|-damage|p2a: キュレム|0 fnt|[from] sandstorm","|faint|p2a: キュレム","|","|switch|p2a: ラティアス|Latias, F|364/364","|turn|14","|","|detailschange|p2a: ラティアス|Latias-Mega, F","|-mega|p2a: ラティアス|Latias|Latiasite","|move|p2a: ラティアス|Calm Mind|p2a: ラティアス","|-boost|p2a: ラティアス|spa|1","|-boost|p2a: ラティアス|spd|1","|move|p1a: Tyranitar|Ice Beam|p2a: ラティアス","|-supereffective|p2a: ラティアス","|-damage|p2a: ラティアス|296/364","|","|-weather|none","|turn|15","|","|move|p2a: ラティアス|Calm Mind|p2a: ラティアス","|-boost|p2a: ラティアス|spa|1","|-boost|p2a: ラティアス|spd|1","|move|p1a: Tyranitar|Ice Beam|p2a: ラティアス","|-supereffective|p2a: ラティアス","|-damage|p2a: ラティアス|246/364","|","|turn|16","|","|move|p2a: ラティアス|Calm Mind|p2a: ラティアス","|-boost|p2a: ラティアス|spa|1","|-boost|p2a: ラティアス|spd|1","|move|p1a: Tyranitar|Pursuit|p2a: ラティアス","|-supereffective|p2a: ラティアス","|-damage|p2a: ラティアス|162/364","|","|turn|17","|","|move|p2a: ラティアス|Recover|p2a: ラティアス","|-heal|p2a: ラティアス|344/364","|move|p1a: Tyranitar|Pursuit|p2a: ラティアス","|-supereffective|p2a: ラティアス","|-damage|p2a: ラティアス|270/364","|","|turn|18","|","|move|p2a: ラティアス|Calm Mind|p2a: ラティアス","|-boost|p2a: ラティアス|spa|1","|-boost|p2a: ラティアス|spd|1","|move|p1a: Tyranitar|Pursuit|p2a: ラティアス","|-supereffective|p2a: ラティアス","|-damage|p2a: ラティアス|196/364","|","|turn|19","|","|move|p2a: ラティアス|Recover|p2a: ラティアス","|-heal|p2a: ラティアス|364/364","|move|p1a: Tyranitar|Pursuit|p2a: ラティアス","|-supereffective|p2a: ラティアス","|-damage|p2a: ラティアス|290/364","|","|turn|20","|","|move|p2a: ラティアス|Calm Mind|p2a: ラティアス","|-boost|p2a: ラティアス|spa|1","|-boost|p2a: ラティアス|spd|1","|move|p1a: Tyranitar|Pursuit|p2a: ラティアス","|-supereffective|p2a: ラティアス","|-damage|p2a: ラティアス|212/364","|","|turn|21","|","|move|p2a: ラティアス|Calm Mind|p2a: ラティアス","|-boost|p2a: ラティアス|spa|1","|-boost|p2a: ラティアス|spd|1","|move|p1a: Tyranitar|Ice Beam|p2a: ラティアス","|-supereffective|p2a: ラティアス","|-damage|p2a: ラティアス|188/364","|","|turn|22","|","|move|p2a: ラティアス|Recover|p2a: ラティアス","|-heal|p2a: ラティアス|364/364","|move|p1a: Tyranitar|Ice Beam|p2a: ラティアス","|-supereffective|p2a: ラティアス","|-damage|p2a: ラティアス|340/364","|","|turn|23","|","|move|p2a: ラティアス|Dragon Breath|p1a: Tyranitar","|-damage|p1a: Tyranitar|0 fnt","|faint|p1a: Tyranitar","|","|","|switch|p1a: Diancie|Diancie|241/241","|-damage|p1a: Diancie|211/241|[from] Stealth Rock","|turn|24","|","|move|p2a: ラティアス|Psyshock|p1a: Diancie","|-damage|p1a: Diancie|0 fnt","|faint|p1a: Diancie","|","|","|switch|p1a: Cradily|Cradily, F|376/376","|-damage|p1a: Cradily|329/376|[from] Stealth Rock","|turn|25","|","|move|p2a: ラティアス|Psyshock|p1a: Cradily","|-damage|p1a: Cradily|0 fnt","|faint|p1a: Cradily","|","|win|Jumeaux쌍둥이"],"p1rating":{"entryid":"7236327","serverid":"eos","formatid":"monotype","userid":"djbiggie","username":"DJ Biggie","w":"23","l":20,"t":"0","gxe":52.1,"r":"1524.4614073745","rd":"54.190262292868","sigma":"0","rptime":"1439024400","rpr":1515.6706428972,"rprd":52.582117228108,"rpsigma":"0","acre":1092.5711828125,"lacre":1092.5711828125,"oldacre":"1113.6171078011"},"p2rating":{"entryid":"7501166","serverid":"eos","formatid":"monotype","userid":"jumeaux","username":"Jumeaux쌍둥이","w":8,"l":"3","t":"0","gxe":64.9,"r":"1500","rd":"130","sigma":"0","rptime":"1439024400","rpr":1618.8542476127,"rprd":83.830573735169,"rpsigma":"0","acre":1190.0797036018,"lacre":1190.0797036018,"oldacre":"1169.0337786132"},"endType":"normal"}