{"seed":[44483,65103,30049,42921],"turns":27,"p1":"TheMajesticWurmple","p2":"SovereignDooms","p1team":[{"name":"Victini","species":"Victini","item":"choicescarf","ability":"Victory Star","moves":["vcreate","boltstrike","uturn","trick"],"nature":"Jolly","evs":{"hp":0,"atk":252,"def":0,"spa":0,"spd":4,"spe":252},"ivs":{"hp":31,"atk":31,"def":31,"spa":31,"spd":31,"spe":31}},{"name":"Soul Train","species":"latias","item":"lifeorb","ability":"Levitate","moves":["dracometeor","psyshock","defog","healingwish"],"nature":"Timid","evs":{"hp":0,"atk":0,"def":0,"spa":252,"spd":4,"spe":252},"ivs":{"hp":31,"atk":31,"def":31,"spa":31,"spd":31,"spe":31}},{"name":"First Class","species":"metagross","item":"assaultvest","ability":"Clear Body","moves":["meteormash","bulletpunch","zenheadbutt","earthquake"],"nature":"Adamant","evs":{"hp":248,"atk":252,"def":0,"spa":0,"spd":8,"spe":0},"shiny":true,"ivs":{"hp":31,"atk":31,"def":31,"spa":31,"spd":31,"spe":31}},{"name":"BigPapaLongDong","species":"slowbro","item":"rockyhelmet","ability":"Regenerator","moves":["scald","thunderwave","icebeam","slackoff"],"nature":"Bold","evs":{"hp":248,"atk":0,"def":252,"spa":8,"spd":0,"spe":0},"ivs":{"hp":31,"atk":31,"def":31,"spa":31,"spd":31,"spe":31}},{"name":"McBiggleDiggles","species":"meloetta","item":"choicespecs","ability":"Serene Grace","moves":["shadowball","hypervoice","dazzlinggleam","psyshock"],"nature":"Modest","evs":{"hp":248,"atk":0,"def":0,"spa":252,"spd":8,"spe":0},"ivs":{"hp":31,"atk":31,"def":31,"spa":31,"spd":31,"spe":31}},{"name":"Gardevoir","species":"Gardevoir","item":"gardevoirite","ability":"Trace","moves":["calmmind","hypervoice","psyshock","hiddenpowerground"],"nature":"Timid","evs":{"hp":0,"atk":0,"def":4,"spa":252,"spd":0,"spe":252},"ivs":{"hp":31,"atk":31,"def":31,"spa":30,"spd":30,"spe":31}}],"p2team":[{"name":"Aggron","species":"Aggron","item":"aggronite","ability":"Sturdy","moves":["heavyslam","earthquake","poweruppunch","icepunch"],"nature":"Sassy","evs":{"hp":252,"atk":4,"def":0,"spa":0,"spd":252,"spe":0},"gender":"M","shiny":true,"ivs":{"hp":31,"atk":31,"def":31,"spa":31,"spd":31,"spe":31}},{"name":"Rhyperior","species":"Rhyperior","item":"weaknesspolicy","ability":"Solid Rock","moves":["icepunch","firepunch","earthquake","thunderpunch"],"nature":"Adamant","evs":{"hp":4,"atk":252,"def":252,"spa":0,"spd":0,"spe":0},"gender":"M","shiny":true,"ivs":{"hp":31,"atk":31,"def":31,"spa":31,"spd":31,"spe":31}},{"name":"Cradily","species":"Cradily","item":"leftovers","ability":"Storm Drain","moves":["earthpower","gigadrain","recover","toxic"],"nature":"Bold","evs":{"hp":148,"atk":0,"def":156,"spa":40,"spd":164,"spe":0},"gender":"M","shiny":true,"ivs":{"hp":31,"atk":31,"def":31,"spa":31,"spd":31,"spe":31}},{"name":"Shuckle","species":"Shuckle","item":"leftovers","ability":"Contrary","moves":["shellsmash","stickyweb","infestation","toxic"],"nature":"Sassy","evs":{"hp":252,"atk":0,"def":240,"spa":0,"spd":16,"spe":0},"gender":"M","ivs":{"hp":31,"atk":31,"def":31,"spa":31,"spd":31,"spe":31}},{"name":"Tyranitar","species":"Tyranitar","item":"assaultvest","ability":"Sand Stream","moves":["stoneedge","crunch","fireblast","icebeam"],"nature":"Careful","evs":{"hp":0,"atk":220,"def":0,"spa":0,"spd":252,"spe":36},"ivs":{"hp":31,"atk":31,"def":31,"spa":31,"spd":31,"spe":31}},{"name":"Probopass","species":"Probopass","item":"sitrusberry","ability":"Sturdy","moves":["thunderbolt","earthpower","powergem","dazzlinggleam"],"nature":"Bold","evs":{"hp":0,"atk":0,"def":144,"spa":112,"spd":252,"spe":0},"gender":"M","shiny":true,"ivs":{"hp":31,"atk":31,"def":31,"spa":31,"spd":31,"spe":31}}],"log":["|player|p1|TheMajesticWurmple|1","|player|p2|SovereignDooms|154","|gametype|singles","|gen|6","|tier|Monotype","|rated","|rule|Baton Pass Clause: Limit one Baton Passer, can't pass Spe and other stats simultaneously","|rule|Swagger Clause: Swagger is banned","|rule|Same Type Clause: Pokémon in a team must share a type","|clearpoke","|poke|p1|Victini","|poke|p1|Latias, F","|poke|p1|Metagross, shiny","|poke|p1|Slowbro, F","|poke|p1|Meloetta","|poke|p1|Gardevoir, M","|poke|p2|Aggron, M, shiny","|poke|p2|Rhyperior, M, shiny","|poke|p2|Cradily, M, shiny","|poke|p2|Shuckle, M","|poke|p2|Tyranitar, F","|poke|p2|Probopass, M, shiny","|rule|Sleep Clause Mod: Limit one foe put to sleep","|rule|Species Clause: Limit one of each Pokémon","|rule|OHKO Clause: OHKO moves are banned","|rule|Moody Clause: Moody is banned","|rule|Evasion Moves Clause: Evasion moves are banned","|rule|Endless Battle Clause: Forcing endless battles is banned","|rule|HP Percentage Mod: HP is shown in percentages","|teampreview","|","|start","|switch|p1a: First Class|Metagross, shiny|363/363","|switch|p2a: Shuckle|Shuckle, M|244/244","|turn|1","|","|switch|p2a: Probopass|Probopass, M, shiny|261/261","|move|p1a: First Class|Meteor Mash|p2a: Probopass","|-damage|p2a: Probopass|161/261","|","|turn|2","|","|move|p1a: First Class|Earthquake|p2a: Probopass","|-supereffective|p2a: Probopass","|-damage|p2a: Probopass|0 fnt","|faint|p2a: Probopass","|","|","|switch|p2a: Rhyperior|Rhyperior, M, shiny|372/372","|turn|3","|","|switch|p1a: BigPapaLongDong|Slowbro, F|393/393","|move|p2a: Rhyperior|Earthquake|p1a: BigPapaLongDong","|-damage|p1a: BigPapaLongDong|242/393","|","|turn|4","|","|move|p2a: Rhyperior|Thunder Punch|p1a: BigPapaLongDong","|-supereffective|p1a: BigPapaLongDong","|-damage|p1a: BigPapaLongDong|114/393","|-damage|p2a: Rhyperior|310/372|[from] item: Rocky Helmet|[of] p1a: BigPapaLongDong","|move|p1a: BigPapaLongDong|Ice Beam|p2a: Rhyperior","|-supereffective|p2a: Rhyperior","|-damage|p2a: Rhyperior|130/372","|-enditem|p2a: Rhyperior|Weakness Policy","|-boost|p2a: Rhyperior|atk|2|[from] item: Weakness Policy","|-boost|p2a: Rhyperior|spa|2|[from] item: Weakness Policy","|","|turn|5","|","|switch|p1a: Soul Train|Latias, F|301/301","|move|p2a: Rhyperior|Earthquake|p1a: Soul Train","|-immune|p1a: Soul Train|[msg]","|","|turn|6","|","|move|p1a: Soul Train|Draco Meteor|p2a: Rhyperior","|-damage|p2a: Rhyperior|0 fnt","|-unboost|p1a: Soul Train|spa|2","|-damage|p1a: Soul Train|271/301|[from] item: Life Orb","|faint|p2a: Rhyperior","|","|","|switch|p2a: Shuckle|Shuckle, M|244/244","|turn|7","|","|switch|p1a: First Class|Metagross, shiny|363/363","|move|p2a: Shuckle|Shell Smash|p2a: Shuckle","|-boost|p2a: Shuckle|def|1","|-boost|p2a: Shuckle|spd|1","|-unboost|p2a: Shuckle|atk|2","|-unboost|p2a: Shuckle|spa|2","|-unboost|p2a: Shuckle|spe|2","|","|turn|8","|","|switch|p1a: Victini|Victini|341/341","|move|p2a: Shuckle|Shell Smash|p2a: Shuckle","|-boost|p2a: Shuckle|def|1","|-boost|p2a: Shuckle|spd|1","|-unboost|p2a: Shuckle|atk|2","|-unboost|p2a: Shuckle|spa|2","|-unboost|p2a: Shuckle|spe|2","|","|turn|9","|","|move|p1a: Victini|Trick|p2a: Shuckle","|-activate|p1a: Victini|move: Trick|[of] p2a: Shuckle","|-item|p2a: Shuckle|Choice Scarf|[from] move: Trick","|-item|p1a: Victini|Leftovers|[from] move: Trick","|move|p2a: Shuckle|Shell Smash|p2a: Shuckle","|-boost|p2a: Shuckle|def|1","|-boost|p2a: Shuckle|spd|1","|-unboost|p2a: Shuckle|atk|2","|-unboost|p2a: Shuckle|spa|2","|-unboost|p2a: Shuckle|spe|2","|","|turn|10","|","|switch|p1a: First Class|Metagross, shiny|363/363","|move|p2a: Shuckle|Shell Smash|p2a: Shuckle","|-boost|p2a: Shuckle|def|1","|-boost|p2a: Shuckle|spd|1","|","|turn|11","|","|move|p1a: First Class|Meteor Mash|p2a: Shuckle","|-supereffective|p2a: Shuckle","|-damage|p2a: Shuckle|190/244","|move|p2a: Shuckle|Shell Smash|p2a: Shuckle","|-boost|p2a: Shuckle|def|1","|-boost|p2a: Shuckle|spd|1","|","|turn|12","|","|switch|p2a: Aggron|Aggron, M, shiny|344/344","|move|p1a: First Class|Meteor Mash|p2a: Aggron","|-damage|p2a: Aggron|227/344","|","|turn|13","|","|switch|p1a: BigPapaLongDong|Slowbro, F|245/393","|detailschange|p2a: Aggron|Aggron-Mega, M, shiny","|-mega|p2a: Aggron|Aggron|Aggronite","|move|p2a: Aggron|Earthquake|p1a: BigPapaLongDong","|-damage|p1a: BigPapaLongDong|178/393","|","|turn|14","|","|move|p2a: Aggron|Power-Up Punch|p1a: BigPapaLongDong","|-crit|p1a: BigPapaLongDong","|-resisted|p1a: BigPapaLongDong","|-damage|p1a: BigPapaLongDong|155/393","|-damage|p2a: Aggron|170/344|[from] item: Rocky Helmet|[of] p1a: BigPapaLongDong","|-boost|p2a: Aggron|atk|1","|move|p1a: BigPapaLongDong|Slack Off|p1a: BigPapaLongDong","|-heal|p1a: BigPapaLongDong|352/393","|","|turn|15","|","|switch|p2a: Cradily|Cradily, M, shiny|350/350","|move|p1a: BigPapaLongDong|Scald|p2a: Cradily","|-boost|p2a: Cradily|spa|1|[from] ability: Storm Drain","|","|turn|16","|","|switch|p1a: First Class|Metagross, shiny|363/363","|move|p2a: Cradily|Earth Power|p1a: First Class","|-supereffective|p1a: First Class","|-damage|p1a: First Class|233/363","|","|turn|17","|","|move|p1a: First Class|Meteor Mash|p2a: Cradily","|-supereffective|p2a: Cradily","|-damage|p2a: Cradily|66/350","|move|p2a: Cradily|Earth Power|p1a: First Class","|-supereffective|p1a: First Class","|-damage|p1a: First Class|97/363","|","|-heal|p2a: Cradily|87/350|[from] item: Leftovers","|turn|18","|","|switch|p2a: Shuckle|Shuckle, M|190/244","|move|p1a: First Class|Earthquake|p2a: Shuckle","|-damage|p2a: Shuckle|135/244","|","|turn|19","|","|move|p1a: First Class|Meteor Mash|p2a: Shuckle","|-supereffective|p2a: Shuckle","|-damage|p2a: Shuckle|0 fnt","|faint|p2a: Shuckle","|","|","|switch|p2a: Aggron|Aggron-Mega, M, shiny|170/344","|turn|20","|","|switch|p1a: BigPapaLongDong|Slowbro, F|393/393","|move|p2a: Aggron|Ice Punch|p1a: BigPapaLongDong","|-resisted|p1a: BigPapaLongDong","|-damage|p1a: BigPapaLongDong|366/393","|-damage|p2a: Aggron|113/344|[from] item: Rocky Helmet|[of] p1a: BigPapaLongDong","|-status|p1a: BigPapaLongDong|frz","|","|turn|21","|","|switch|p1a: Victini|Victini|341/341","|move|p2a: Aggron|Power-Up Punch|p1a: Victini","|-resisted|p1a: Victini","|-damage|p1a: Victini|321/341","|-boost|p2a: Aggron|atk|1","|","|-heal|p1a: Victini|341/341|[from] item: Leftovers","|turn|22","|","|move|p1a: Victini|V-create|p2a: Aggron","|-supereffective|p2a: Aggron","|-damage|p2a: Aggron|0 fnt","|-unboost|p1a: Victini|spe|1","|-unboost|p1a: Victini|def|1","|-unboost|p1a: Victini|spd|1","|faint|p2a: Aggron","|","|","|switch|p2a: Tyranitar|Tyranitar, F|341/341","|-weather|Sandstorm","|turn|23","|","|switch|p1a: BigPapaLongDong|Slowbro, F|393/393 frz","|move|p2a: Tyranitar|Crunch|p1a: BigPapaLongDong","|-supereffective|p1a: BigPapaLongDong","|-damage|p1a: BigPapaLongDong|213/393 frz","|-damage|p2a: Tyranitar|285/341|[from] item: Rocky Helmet|[of] p1a: BigPapaLongDong","|","|-weather|Sandstorm|[upkeep]","|-damage|p1a: BigPapaLongDong|189/393 frz|[from] sandstorm","|turn|24","|","|switch|p1a: Gardevoir|Gardevoir, M|277/277","|-ability|p1a: Gardevoir|Sand Stream|[from] ability: Trace|[of] p2a: Tyranitar","|move|p2a: Tyranitar|Crunch|p1a: Gardevoir","|-damage|p1a: Gardevoir|79/277","|","|-weather|Sandstorm|[upkeep]","|-damage|p1a: Gardevoir|62/277|[from] sandstorm","|turn|25","|","|detailschange|p1a: Gardevoir|Gardevoir-Mega, M","|-mega|p1a: Gardevoir|Gardevoir|Gardevoirite","|move|p1a: Gardevoir|Hyper Voice|p2a: Tyranitar","|-supereffective|p2a: Tyranitar","|-damage|p2a: Tyranitar|129/341","|move|p2a: Tyranitar|Crunch|p1a: Gardevoir","|-damage|p1a: Gardevoir|0 fnt","|faint|p1a: Gardevoir","|","|-weather|Sandstorm|[upkeep]","|","|switch|p1a: First Class|Metagross, shiny|97/363","|turn|26","|","|move|p1a: First Class|Bullet Punch|p2a: Tyranitar","|-supereffective|p2a: Tyranitar","|-damage|p2a: Tyranitar|0 fnt","|faint|p2a: Tyranitar","|","|-weather|Sandstorm|[upkeep]","|","|switch|p2a: Cradily|Cradily, M, shiny|87/350","|turn|27","|","|move|p1a: First Class|Bullet Punch|p2a: Cradily","|-supereffective|p2a: Cradily","|-damage|p2a: Cradily|0 fnt","|faint|p2a: Cradily","|","|win|TheMajesticWurmple"],"p1rating":{"entryid":"7119116","serverid":"eos","formatid":"monotype","userid":"themajesticwurmple","username":"TheMajesticWurmple","w":15,"l":"2","t":"0","gxe":74.2,"r":"1687.7359727224","rd":"78.718967599201","sigma":"0","rptime":"1439024400","rpr":1703.600333284,"rprd":75.979034036828,"rpsigma":"0","acre":1304.6202535585,"lacre":1304.6202535585,"oldacre":"1296.5501155402"},"p2rating":{"entryid":"7390241","serverid":"eos","formatid":"monotype","userid":"sovereigndooms","username":"Sovereign♕Dooms","w":"22","l":32,"t":"0","gxe":42.9,"r":"1458.2065359967","rd":"49.424046239947","sigma":"0","rptime":"1439024400","rpr":1445.7430624571,"rprd":47.490676197566,"rpsigma":"0","acre":1006.5666703359,"lacre":1006.5666703359,"oldacre":"1010.2931272904"},"endType":"normal"}