{"seed":[46273,11221,57627,54387],"turns":34,"p1":"tinchau","p2":"alliance - ed wins","p1team":[{"name":"Audino","species":"Audino","item":"audinite","ability":"Regenerator","moves":["calmmind","toxic","wish","dazzlinggleam"],"nature":"Bold","evs":{"hp":128,"atk":0,"def":252,"spa":0,"spd":128,"spe":0},"gender":"F","ivs":{"hp":31,"atk":31,"def":31,"spa":31,"spd":31,"spe":31}},{"name":"Meloetta","species":"Meloetta","item":"brightpowder","ability":"Serene Grace","moves":["thunderbolt","psychic","healbell","shadowball"],"nature":"Modest","evs":{"hp":0,"atk":0,"def":0,"spa":252,"spd":0,"spe":252},"ivs":{"hp":31,"atk":31,"def":31,"spa":31,"spd":31,"spe":31}},{"name":"Cinccino","species":"Cinccino","item":"choiceband","ability":"Skill Link","moves":["bulletseed","rockblast","tailslap","uturn"],"nature":"Jolly","evs":{"hp":0,"atk":252,"def":0,"spa":0,"spd":0,"spe":252},"gender":"F","ivs":{"hp":31,"atk":31,"def":31,"spa":31,"spd":31,"spe":31}},{"name":"Staraptor","species":"Staraptor","item":"choicescarf","ability":"Reckless","moves":["bravebird","closecombat","uturn","steelwing"],"nature":"Jolly","evs":{"hp":0,"atk":252,"def":0,"spa":0,"spd":4,"spe":252},"gender":"F","ivs":{"hp":31,"atk":31,"def":31,"spa":31,"spd":31,"spe":31}},{"name":"Furfrou","species":"Furfrou","item":"leftovers","ability":"Fur Coat","moves":["cottonguard","thunderwave","suckerpunch","irontail"],"nature":"Impish","evs":{"hp":252,"atk":0,"def":252,"spa":0,"spd":0,"spe":0},"gender":"F","ivs":{"hp":31,"atk":31,"def":31,"spa":31,"spd":31,"spe":31}},{"name":"Lopunny","species":"Lopunny","item":"assaultvest","ability":"Cute Charm","moves":["drainpunch","firepunch","icepunch","poweruppunch"],"nature":"Careful","evs":{"hp":0,"atk":252,"def":4,"spa":0,"spd":252,"spe":0},"ivs":{"hp":31,"atk":31,"def":31,"spa":31,"spd":31,"spe":31}}],"p2team":[{"name":"Generic Fairy V2.1","species":"diancie","item":"leftovers","ability":"Clear Body","moves":["stealthrock","trickroom","diamondstorm","explosion"],"nature":"Brave","evs":{"hp":248,"atk":252,"def":8,"spa":0,"spd":0,"spe":0},"ivs":{"hp":31,"atk":31,"def":31,"spa":31,"spd":31,"spe":0}},{"name":"Anon Twink","species":"sylveon","item":"choicespecs","ability":"Pixilate","moves":["hypervoice","hiddenpowerfire","psyshock","shadowball"],"nature":"Quiet","evs":{"hp":248,"atk":0,"def":8,"spa":252,"spd":0,"spe":0},"gender":"M","ivs":{"hp":31,"atk":0,"def":31,"spa":30,"spd":31,"spe":0}},{"name":"Urine Trouble","species":"azumarill","item":"lifeorb","ability":"Huge Power","moves":["playrough","waterfall","superpower","aquajet"],"nature":"Brave","evs":{"hp":248,"atk":252,"def":0,"spa":0,"spd":8,"spe":0},"gender":"M","ivs":{"hp":31,"atk":31,"def":31,"spa":31,"spd":31,"spe":0},"shiny":true},{"name":"Gardevoir-Senpai","species":"gardevoir","item":"gardevoirite","ability":"Trace","moves":["hypervoice","focusblast","trickroom","healingwish"],"nature":"Quiet","evs":{"hp":248,"atk":0,"def":8,"spa":252,"spd":0,"spe":0},"gender":"M","ivs":{"hp":31,"atk":0,"def":31,"spa":31,"spd":31,"spe":0},"shiny":true},{"name":"Janitors Fren","species":"klefki","item":"lightclay","ability":"Prankster","moves":["reflect","lightscreen","foulplay","spikes"],"nature":"Bold","evs":{"hp":248,"atk":0,"def":252,"spa":0,"spd":8,"spe":0},"ivs":{"hp":31,"atk":0,"def":31,"spa":31,"spd":31,"spe":31}},{"name":"'Murica","species":"togekiss","item":"choicescarf","ability":"Serene Grace","moves":["airslash","fireblast","dazzlinggleam","trick"],"nature":"Timid","evs":{"hp":0,"atk":0,"def":0,"spa":252,"spd":4,"spe":252},"ivs":{"hp":31,"atk":0,"def":31,"spa":31,"spd":31,"spe":31}}],"log":["|player|p1|tinchau|285","|player|p2|alliance - ed wins|102","|gametype|singles","|gen|6","|tier|Monotype","|rated","|rule|Baton Pass Clause: Limit one Baton Passer, can't pass Spe and other stats simultaneously","|rule|Swagger Clause: Swagger is banned","|rule|Same Type Clause: Pokémon in a team must share a type","|clearpoke","|poke|p1|Audino, F","|poke|p1|Meloetta","|poke|p1|Cinccino, F","|poke|p1|Staraptor, F","|poke|p1|Furfrou, F","|poke|p1|Lopunny, F","|poke|p2|Diancie","|poke|p2|Sylveon, M","|poke|p2|Azumarill, M, shiny","|poke|p2|Gardevoir, M, shiny","|poke|p2|Klefki, F","|poke|p2|Togekiss, F","|rule|Sleep Clause Mod: Limit one foe put to sleep","|rule|Species Clause: Limit one of each Pokémon","|rule|OHKO Clause: OHKO moves are banned","|rule|Moody Clause: Moody is banned","|rule|Evasion Moves Clause: Evasion moves are banned","|rule|Endless Battle Clause: Forcing endless battles is banned","|rule|HP Percentage Mod: HP is shown in percentages","|teampreview","|","|start","|switch|p1a: Furfrou|Furfrou, F|354/354","|switch|p2a: Urine Trouble|Azumarill, M, shiny|403/403","|turn|1","|","|switch|p2a: Janitors Fren|Klefki, F|317/317","|move|p1a: Furfrou|Thunder Wave|p2a: Janitors Fren","|-status|p2a: Janitors Fren|par","|","|turn|2","|","|move|p2a: Janitors Fren|Spikes|p1a: Furfrou","|-sidestart|p1: tinchau|Spikes","|move|p1a: Furfrou|Cotton Guard|p1a: Furfrou","|-boost|p1a: Furfrou|def|3","|","|turn|3","|","|move|p2a: Janitors Fren|Spikes|p1a: Furfrou","|-sidestart|p1: tinchau|Spikes","|move|p1a: Furfrou|Iron Tail|p2a: Janitors Fren","|-damage|p2a: Janitors Fren|266/317 par","|","|turn|4","|","|move|p2a: Janitors Fren|Spikes|p1a: Furfrou","|-sidestart|p1: tinchau|Spikes","|move|p1a: Furfrou|Iron Tail|p2a: Janitors Fren","|-damage|p2a: Janitors Fren|212/317 par","|","|turn|5","|","|move|p2a: Janitors Fren|Reflect|p2a: Janitors Fren","|-sidestart|p2: alliance - ed wins|Reflect","|move|p1a: Furfrou|Iron Tail|p2a: Janitors Fren","|-damage|p2a: Janitors Fren|187/317 par","|-unboost|p2a: Janitors Fren|def|1","|","|turn|6","|","|switch|p2a: 'Murica|Togekiss, F|311/311","|move|p1a: Furfrou|Iron Tail|p2a: 'Murica","|-supereffective|p2a: 'Murica","|-damage|p2a: 'Murica|245/311","|-unboost|p2a: 'Murica|def|1","|","|turn|7","|","|move|p2a: 'Murica|Trick|p1a: Furfrou","|-activate|p2a: 'Murica|move: Trick|[of] p1a: Furfrou","|-item|p1a: Furfrou|Choice Scarf|[from] move: Trick","|-item|p2a: 'Murica|Leftovers|[from] move: Trick","|move|p1a: Furfrou|Thunder Wave|p2a: 'Murica","|-status|p2a: 'Murica|par","|","|-heal|p2a: 'Murica|264/311 par|[from] item: Leftovers","|turn|8","|","|switch|p1a: Lopunny|Lopunny, F|271/271","|-damage|p1a: Lopunny|204/271|[from] Spikes","|switch|p2a: Generic Fairy V2.1|Diancie|303/303","|","|turn|9","|","|move|p1a: Lopunny|Ice Punch|p2a: Generic Fairy V2.1","|-damage|p2a: Generic Fairy V2.1|280/303","|-status|p2a: Generic Fairy V2.1|frz","|cant|p2a: Generic Fairy V2.1|frz","|","|-heal|p2a: Generic Fairy V2.1|298/303 frz|[from] item: Leftovers","|turn|10","|","|move|p1a: Lopunny|Power-Up Punch|p2a: Generic Fairy V2.1","|-damage|p2a: Generic Fairy V2.1|287/303 frz","|-boost|p1a: Lopunny|atk|1","|cant|p2a: Generic Fairy V2.1|frz","|","|-heal|p2a: Generic Fairy V2.1|303/303 frz|[from] item: Leftovers","|turn|11","|","|switch|p2a: Urine Trouble|Azumarill, M, shiny|403/403","|move|p1a: Lopunny|Power-Up Punch|p2a: Urine Trouble","|-resisted|p2a: Urine Trouble","|-damage|p2a: Urine Trouble|389/403","|-boost|p1a: Lopunny|atk|1","|","|turn|12","|","|move|p1a: Lopunny|Drain Punch|p2a: Urine Trouble","|-crit|p2a: Urine Trouble","|-resisted|p2a: Urine Trouble","|-damage|p2a: Urine Trouble|269/403","|-heal|p1a: Lopunny|264/271|[from] drain|[of] p2a: Urine Trouble","|move|p2a: Urine Trouble|Play Rough|p1a: Lopunny","|-damage|p1a: Lopunny|0 fnt","|-damage|p2a: Urine Trouble|229/403|[from] item: Life Orb","|faint|p1a: Lopunny","|","|-sideend|p2: alliance - ed wins|Reflect","|","|switch|p1a: Cinccino|Cinccino, F|291/291","|-damage|p1a: Cinccino|219/291|[from] Spikes","|turn|13","|","|switch|p2a: 'Murica|Togekiss, F|264/311 par","|move|p1a: Cinccino|Bullet Seed|p2a: 'Murica","|-resisted|p2a: 'Murica","|-damage|p2a: 'Murica|244/311 par","|-resisted|p2a: 'Murica","|-damage|p2a: 'Murica|224/311 par","|-resisted|p2a: 'Murica","|-damage|p2a: 'Murica|203/311 par","|-resisted|p2a: 'Murica","|-damage|p2a: 'Murica|185/311 par","|-resisted|p2a: 'Murica","|-damage|p2a: 'Murica|166/311 par","|-hitcount|p2a: 'Murica|5","|","|-heal|p2a: 'Murica|185/311 par|[from] item: Leftovers","|turn|14","|","|switch|p1a: Furfrou|Furfrou, F|354/354","|-damage|p1a: Furfrou|266/354|[from] Spikes","|cant|p2a: 'Murica|par","|","|-heal|p2a: 'Murica|204/311 par|[from] item: Leftovers","|turn|15","|","|move|p1a: Furfrou|Iron Tail|p2a: 'Murica","|-supereffective|p2a: 'Murica","|-damage|p2a: 'Murica|76/311 par","|move|p2a: 'Murica|Dazzling Gleam|p1a: Furfrou","|-damage|p1a: Furfrou|113/354","|","|-heal|p2a: 'Murica|95/311 par|[from] item: Leftovers","|turn|16","|","|switch|p2a: Janitors Fren|Klefki, F|187/317 par","|move|p1a: Furfrou|Iron Tail|p2a: Janitors Fren","|-damage|p2a: Janitors Fren|140/317 par","|","|turn|17","|","|move|p2a: Janitors Fren|Reflect|p2a: Janitors Fren","|-sidestart|p2: alliance - ed wins|Reflect","|move|p1a: Furfrou|Iron Tail|p2a: Janitors Fren|[miss]","|-miss|p1a: Furfrou|p2a: Janitors Fren","|","|turn|18","|","|switch|p2a: Urine Trouble|Azumarill, M, shiny|229/403","|move|p1a: Furfrou|Iron Tail|p2a: Urine Trouble","|-crit|p2a: Urine Trouble","|-damage|p2a: Urine Trouble|112/403","|-unboost|p2a: Urine Trouble|def|1","|","|turn|19","|","|move|p1a: Furfrou|Iron Tail|p2a: Urine Trouble|[miss]","|-miss|p1a: Furfrou|p2a: Urine Trouble","|move|p2a: Urine Trouble|Waterfall|p1a: Furfrou","|-damage|p1a: Furfrou|0 fnt","|-damage|p2a: Urine Trouble|72/403|[from] item: Life Orb","|faint|p1a: Furfrou","|","|","|switch|p1a: Cinccino|Cinccino, F|219/291","|-damage|p1a: Cinccino|147/291|[from] Spikes","|turn|20","|","|switch|p2a: 'Murica|Togekiss, F|95/311 par","|move|p1a: Cinccino|Rock Blast|p2a: 'Murica","|-supereffective|p2a: 'Murica","|-damage|p2a: 'Murica|56/311 par","|-supereffective|p2a: 'Murica","|-damage|p2a: 'Murica|19/311 par","|-supereffective|p2a: 'Murica","|-damage|p2a: 'Murica|0 fnt","|-hitcount|p2a: 'Murica|3","|faint|p2a: 'Murica","|","|","|switch|p2a: Generic Fairy V2.1|Diancie|303/303 frz","|turn|21","|","|switch|p1a: Staraptor|Staraptor, F|311/311","|cant|p2a: Generic Fairy V2.1|frz","|","|turn|22","|","|move|p1a: Staraptor|Close Combat|p2a: Generic Fairy V2.1","|-damage|p2a: Generic Fairy V2.1|253/303 frz","|-unboost|p1a: Staraptor|def|1","|-unboost|p1a: Staraptor|spd|1","|cant|p2a: Generic Fairy V2.1|frz","|","|-heal|p2a: Generic Fairy V2.1|271/303 frz|[from] item: Leftovers","|turn|23","|","|switch|p1a: Cinccino|Cinccino, F|147/291","|-damage|p1a: Cinccino|75/291|[from] Spikes","|cant|p2a: Generic Fairy V2.1|frz","|","|-heal|p2a: Generic Fairy V2.1|289/303 frz|[from] item: Leftovers","|turn|24","|","|move|p1a: Cinccino|Bullet Seed|p2a: Generic Fairy V2.1","|-supereffective|p2a: Generic Fairy V2.1","|-damage|p2a: Generic Fairy V2.1|264/303 frz","|-supereffective|p2a: Generic Fairy V2.1","|-damage|p2a: Generic Fairy V2.1|240/303 frz","|-supereffective|p2a: Generic Fairy V2.1","|-damage|p2a: Generic Fairy V2.1|215/303 frz","|-supereffective|p2a: Generic Fairy V2.1","|-damage|p2a: Generic Fairy V2.1|188/303 frz","|-supereffective|p2a: Generic Fairy V2.1","|-damage|p2a: Generic Fairy V2.1|161/303 frz","|-hitcount|p2a: Generic Fairy V2.1|5","|cant|p2a: Generic Fairy V2.1|frz","|","|-heal|p2a: Generic Fairy V2.1|179/303 frz|[from] item: Leftovers","|-sideend|p2: alliance - ed wins|Reflect","|turn|25","|","|switch|p2a: Janitors Fren|Klefki, F|140/317 par","|move|p1a: Cinccino|Bullet Seed|p2a: Janitors Fren","|-resisted|p2a: Janitors Fren","|-damage|p2a: Janitors Fren|126/317 par","|-resisted|p2a: Janitors Fren","|-damage|p2a: Janitors Fren|111/317 par","|-resisted|p2a: Janitors Fren","|-damage|p2a: Janitors Fren|97/317 par","|-resisted|p2a: Janitors Fren","|-damage|p2a: Janitors Fren|84/317 par","|-resisted|p2a: Janitors Fren","|-damage|p2a: Janitors Fren|71/317 par","|-hitcount|p2a: Janitors Fren|5","|","|turn|26","|","|move|p2a: Janitors Fren|Reflect|p2a: Janitors Fren","|-sidestart|p2: alliance - ed wins|Reflect","|move|p1a: Cinccino|Bullet Seed|p2a: Janitors Fren","|-crit|p2a: Janitors Fren","|-resisted|p2a: Janitors Fren","|-damage|p2a: Janitors Fren|50/317 par","|-resisted|p2a: Janitors Fren","|-damage|p2a: Janitors Fren|43/317 par","|-resisted|p2a: Janitors Fren","|-damage|p2a: Janitors Fren|36/317 par","|-resisted|p2a: Janitors Fren","|-damage|p2a: Janitors Fren|29/317 par","|-resisted|p2a: Janitors Fren","|-damage|p2a: Janitors Fren|22/317 par","|-hitcount|p2a: Janitors Fren|5","|","|turn|27","|","|switch|p2a: Anon Twink|Sylveon, M|393/393","|move|p1a: Cinccino|Bullet Seed|p2a: Anon Twink","|-damage|p2a: Anon Twink|368/393","|-damage|p2a: Anon Twink|342/393","|-damage|p2a: Anon Twink|318/393","|-damage|p2a: Anon Twink|293/393","|-damage|p2a: Anon Twink|267/393","|-hitcount|p2a: Anon Twink|5","|","|turn|28","|","|switch|p1a: Audino|Audino, F|379/379","|-damage|p1a: Audino|285/379|[from] Spikes","|move|p2a: Anon Twink|Hyper Voice|p1a: Audino","|-damage|p1a: Audino|0 fnt","|faint|p1a: Audino","|","|","|switch|p1a: Meloetta|Meloetta|341/341","|-damage|p1a: Meloetta|256/341|[from] Spikes","|turn|29","|","|move|p1a: Meloetta|Shadow Ball|p2a: Anon Twink","|-damage|p2a: Anon Twink|191/393","|move|p2a: Anon Twink|Hyper Voice|p1a: Meloetta","|-damage|p1a: Meloetta|9/341","|","|turn|30","|","|move|p1a: Meloetta|Thunderbolt|p2a: Anon Twink","|-damage|p2a: Anon Twink|98/393","|move|p2a: Anon Twink|Hyper Voice|p1a: Meloetta","|-damage|p1a: Meloetta|0 fnt","|faint|p1a: Meloetta","|","|","|switch|p1a: Cinccino|Cinccino, F|75/291","|-damage|p1a: Cinccino|3/291|[from] Spikes","|turn|31","|","|move|p1a: Cinccino|Bullet Seed|p2a: Anon Twink","|-damage|p2a: Anon Twink|73/393","|-damage|p2a: Anon Twink|47/393","|-damage|p2a: Anon Twink|22/393","|-damage|p2a: Anon Twink|0 fnt","|-hitcount|p2a: Anon Twink|4","|faint|p2a: Anon Twink","|","|","|switch|p2a: Gardevoir-Senpai|Gardevoir, M, shiny|339/339","|-ability|p2a: Gardevoir-Senpai|Skill Link|[from] ability: Trace|[of] p1a: Cinccino","|turn|32","|","|move|p1a: Cinccino|Bullet Seed|p2a: Gardevoir-Senpai","|-damage|p2a: Gardevoir-Senpai|316/339","|-damage|p2a: Gardevoir-Senpai|291/339","|-damage|p2a: Gardevoir-Senpai|265/339","|-damage|p2a: Gardevoir-Senpai|240/339","|-damage|p2a: Gardevoir-Senpai|215/339","|-hitcount|p2a: Gardevoir-Senpai|5","|move|p2a: Gardevoir-Senpai|Trick Room|p2a: Gardevoir-Senpai","|-fieldstart|move: Trick Room|[of] p2a: Gardevoir-Senpai","|","|turn|33","|","|detailschange|p2a: Gardevoir-Senpai|Gardevoir-Mega, M, shiny","|-mega|p2a: Gardevoir-Senpai|Gardevoir|Gardevoirite","|move|p2a: Gardevoir-Senpai|Hyper Voice|p1a: Cinccino","|-damage|p1a: Cinccino|0 fnt","|faint|p1a: Cinccino","|","|-sideend|p2: alliance - ed wins|Reflect","|","|switch|p1a: Staraptor|Staraptor, F|311/311","|turn|34","|","|move|p2a: Gardevoir-Senpai|Hyper Voice|p1a: Staraptor","|-damage|p1a: Staraptor|0 fnt","|faint|p1a: Staraptor","|","|win|alliance - ed wins"],"p1rating":{"entryid":7491882,"formatid":"monotype","userid":"tinchau","username":"tinchau","r":1500,"rd":130,"sigma":0,"rpr":1476.5335648906,"rprd":123.75876759983,"rpsigma":0,"rptime":1439024400,"w":0,"l":1,"t":0,"gxe":47.1,"acre":1000,"lacre":1000,"oldacre":1000},"p2rating":{"entryid":"7432721","serverid":"eos","formatid":"monotype","userid":"allianceedwins","username":"alliance - ed wins","w":9,"l":"2","t":"0","gxe":69.9,"r":"1673.3762821028","rd":"92.015503405152","sigma":"0","rptime":"1439024400","rpr":1663.603044282,"rprd":85.709937473546,"rpsigma":"0","acre":1226.4733196202,"lacre":1226.4733196202,"oldacre":"1215.2431561201"},"endType":"normal"}