{"seed":[45483,50459,24004,6713],"turns":27,"p1":"SWL ROCK","p2":"Prof. Nightmare","p1team":[{"name":"Azumarill","species":"Azumarill","item":"choiceband","ability":"Huge Power","moves":["aquajet","superpower","playrough","knockoff"],"nature":"Adamant","evs":{"hp":88,"atk":252,"def":4,"spa":0,"spd":0,"spe":164},"ivs":{"hp":31,"atk":31,"def":31,"spa":31,"spd":31,"spe":31}},{"name":"Empoleon","species":"Empoleon","item":"leftovers","ability":"Torrent","moves":["flashcannon","defog","stealthrock","roar"],"nature":"Calm","evs":{"hp":252,"atk":0,"def":4,"spa":0,"spd":252,"spe":0},"ivs":{"hp":31,"atk":31,"def":31,"spa":31,"spd":31,"spe":31}},{"name":"Tentacruel","species":"Tentacruel","item":"blacksludge","ability":"Liquid Ooze","moves":["acidspray","sludgewave","scald","rapidspin"],"nature":"Calm","evs":{"hp":252,"atk":0,"def":0,"spa":0,"spd":148,"spe":108},"ivs":{"hp":31,"atk":31,"def":31,"spa":31,"spd":31,"spe":31}},{"name":"Quagsire","species":"Quagsire","item":"leftovers","ability":"Unaware","moves":["scald","earthquake","toxic","recover"],"nature":"Impish","evs":{"hp":252,"atk":4,"def":252,"spa":0,"spd":0,"spe":0},"ivs":{"hp":31,"atk":31,"def":31,"spa":31,"spd":31,"spe":31}},{"name":"Sharpedo","species":"Sharpedo","item":"sharpedonite","ability":"Speed Boost","moves":["protect","waterfall","crunch","icefang"],"nature":"Jolly","evs":{"hp":0,"atk":252,"def":0,"spa":0,"spd":4,"spe":252},"ivs":{"hp":31,"atk":31,"def":31,"spa":31,"spd":31,"spe":31}},{"name":"Gyarados","species":"Gyarados","item":"leftovers","ability":"Intimidate","moves":["waterfall","rest","sleeptalk","thunderwave"],"nature":"Careful","evs":{"hp":248,"atk":0,"def":0,"spa":0,"spd":252,"spe":8},"ivs":{"hp":31,"atk":31,"def":31,"spa":31,"spd":31,"spe":31}}],"p2team":[{"name":"Togetic","species":"Togetic","item":"eviolite","ability":"Serene Grace","moves":["batonpass","ominouswind","ancientpower","roost"],"nature":"Calm","evs":{"hp":248,"atk":0,"def":4,"spa":0,"spd":4,"spe":0},"ivs":{"hp":31,"atk":31,"def":31,"spa":31,"spd":31,"spe":31}},{"name":"Charizard","species":"Charizard","item":"charizarditex","ability":"Blaze","moves":["dragonclaw","firepunch","thunderpunch","earthquake"],"nature":"Jolly","evs":{"hp":0,"atk":252,"def":0,"spa":0,"spd":4,"spe":252},"ivs":{"hp":31,"atk":31,"def":31,"spa":31,"spd":31,"spe":31}},{"name":"Landorus-Therian","species":"Landorus-Therian","item":"assaultvest","ability":"Intimidate","moves":["earthquake","knockoff","stoneedge","superpower"],"nature":"Careful","evs":{"hp":252,"atk":0,"def":4,"spa":0,"spd":252,"spe":0},"ivs":{"hp":31,"atk":31,"def":31,"spa":31,"spd":31,"spe":31}},{"name":"Thundurus-Therian","species":"Thundurus-Therian","item":"choicespecs","ability":"Volt Absorb","moves":["focusblast","hiddenpowerice","thunderbolt","grassknot"],"nature":"Timid","evs":{"hp":0,"atk":0,"def":0,"spa":252,"spd":4,"spe":252},"ivs":{"hp":31,"atk":30,"def":30,"spa":31,"spd":31,"spe":31}},{"name":"Sigilyph","species":"Sigilyph","item":"flameorb","ability":"Magic Guard","moves":["cosmicpower","roost","psychoshift","storedpower"],"nature":"Bold","evs":{"hp":248,"atk":0,"def":252,"spa":0,"spd":8,"spe":0},"ivs":{"hp":31,"atk":31,"def":31,"spa":31,"spd":31,"spe":31}},{"name":"Skarmory","species":"Skarmory","item":"rockyhelmet","ability":"Sturdy","moves":["stealthrock","whirlwind","drillpeck","spikes"],"nature":"Impish","evs":{"hp":252,"atk":0,"def":252,"spa":0,"spd":0,"spe":4},"ivs":{"hp":31,"atk":31,"def":31,"spa":31,"spd":31,"spe":31}}],"log":["|player|p1|SWL ROCK|swlrockhard.png","|player|p2|Prof. Nightmare|profnightmare.png","|gametype|singles","|gen|6","|tier|Monotype","|rated","|rule|Baton Pass Clause: Limit one Baton Passer, can't pass Spe and other stats simultaneously","|rule|Swagger Clause: Swagger is banned","|rule|Same Type Clause: Pokémon in a team must share a type","|clearpoke","|poke|p1|Azumarill, F","|poke|p1|Empoleon, F","|poke|p1|Tentacruel, F","|poke|p1|Quagsire, M","|poke|p1|Sharpedo, M","|poke|p1|Gyarados, F","|poke|p2|Togetic, M","|poke|p2|Charizard, F","|poke|p2|Landorus-Therian, M","|poke|p2|Thundurus-Therian, M","|poke|p2|Sigilyph, M","|poke|p2|Skarmory, M","|rule|Sleep Clause Mod: Limit one foe put to sleep","|rule|Species Clause: Limit one of each Pokémon","|rule|OHKO Clause: OHKO moves are banned","|rule|Moody Clause: Moody is banned","|rule|Evasion Moves Clause: Evasion moves are banned","|rule|Endless Battle Clause: Forcing endless battles is banned","|rule|HP Percentage Mod: HP is shown in percentages","|teampreview","|","|start","|switch|p1a: Gyarados|Gyarados, F|393/393","|switch|p2a: Skarmory|Skarmory, M|334/334","|-ability|p1a: Gyarados|Intimidate","|-unboost|p2a: Skarmory|atk|1","|turn|1","|","|move|p1a: Gyarados|Thunder Wave|p2a: Skarmory","|-status|p2a: Skarmory|par","|move|p2a: Skarmory|Stealth Rock|p1a: Gyarados","|-sidestart|p1: SWL ROCK|move: Stealth Rock","|","|turn|2","|","|switch|p1a: Tentacruel|Tentacruel, F|364/364","|-damage|p1a: Tentacruel|319/364|[from] Stealth Rock","|cant|p2a: Skarmory|par","|","|-heal|p1a: Tentacruel|341/364|[from] item: Black Sludge","|turn|3","|","|move|p1a: Tentacruel|Rapid Spin|p2a: Skarmory","|-resisted|p2a: Skarmory","|-damage|p2a: Skarmory|331/334 par","|-damage|p1a: Tentacruel|281/364|[from] item: Rocky Helmet|[of] p2a: Skarmory","|-sideend|p1: SWL ROCK|Stealth Rock|[from] move: Rapid Spin|[of] p1a: Tentacruel","|move|p2a: Skarmory|Whirlwind|p1a: Tentacruel","|drag|p1a: Empoleon|Empoleon, F|372/372","|","|turn|4","|","|move|p1a: Empoleon|Stealth Rock|p2a: Skarmory","|-sidestart|p2: Prof. Nightmare|move: Stealth Rock","|move|p2a: Skarmory|Stealth Rock|p1a: Empoleon","|-sidestart|p1: SWL ROCK|move: Stealth Rock","|","|turn|5","|","|move|p1a: Empoleon|Roar|p2a: Skarmory","|drag|p2a: Thundurus-Therian|Thundurus-Therian, M|299/299","|-damage|p2a: Thundurus-Therian|225/299|[from] Stealth Rock","|","|turn|6","|","|switch|p1a: Quagsire|Quagsire, M|394/394","|-damage|p1a: Quagsire|370/394|[from] Stealth Rock","|move|p2a: Thundurus-Therian|Grass Knot|p1a: Quagsire","|-supereffective|p1a: Quagsire","|-damage|p1a: Quagsire|0 fnt","|faint|p1a: Quagsire","|","|","|switch|p1a: Sharpedo|Sharpedo, M|281/281","|-damage|p1a: Sharpedo|246/281|[from] Stealth Rock","|turn|7","|","|move|p1a: Sharpedo|Protect|p1a: Sharpedo","|-singleturn|p1a: Sharpedo|Protect","|move|p2a: Thundurus-Therian|Grass Knot|p1a: Sharpedo","|-activate|p1a: Sharpedo|Protect","|","|-boost|p1a: Sharpedo|spe|1|[from] ability: Speed Boost","|turn|8","|","|move|p1a: Sharpedo|Ice Fang|p2a: Thundurus-Therian","|-supereffective|p2a: Thundurus-Therian","|-damage|p2a: Thundurus-Therian|11/299","|move|p2a: Thundurus-Therian|Grass Knot|p1a: Sharpedo","|-crit|p1a: Sharpedo","|-supereffective|p1a: Sharpedo","|-damage|p1a: Sharpedo|0 fnt","|faint|p1a: Sharpedo","|","|","|switch|p1a: Azumarill|Azumarill, F|363/363","|-damage|p1a: Azumarill|318/363|[from] Stealth Rock","|turn|9","|","|move|p1a: Azumarill|Aqua Jet|p2a: Thundurus-Therian","|-damage|p2a: Thundurus-Therian|0 fnt","|faint|p2a: Thundurus-Therian","|","|","|switch|p2a: Togetic|Togetic, M|313/313","|-damage|p2a: Togetic|235/313|[from] Stealth Rock","|turn|10","|","|switch|p1a: Tentacruel|Tentacruel, F|281/364","|-damage|p1a: Tentacruel|236/364|[from] Stealth Rock","|move|p2a: Togetic|Roost|p2a: Togetic","|-heal|p2a: Togetic|313/313","|","|-heal|p1a: Tentacruel|258/364|[from] item: Black Sludge","|turn|11","|","|move|p1a: Tentacruel|Scald|p2a: Togetic","|-damage|p2a: Togetic|267/313","|move|p2a: Togetic|Ominous Wind|p1a: Tentacruel","|-damage|p1a: Tentacruel|230/364","|","|-heal|p1a: Tentacruel|252/364|[from] item: Black Sludge","|turn|12","|","|move|p1a: Tentacruel|Acid Spray|p2a: Togetic","|-supereffective|p2a: Togetic","|-damage|p2a: Togetic|219/313","|-unboost|p2a: Togetic|spd|2","|move|p2a: Togetic|Ancient Power|p1a: Tentacruel","|-damage|p1a: Tentacruel|224/364","|","|-heal|p1a: Tentacruel|246/364|[from] item: Black Sludge","|turn|13","|","|move|p1a: Tentacruel|Scald|p2a: Togetic","|-damage|p2a: Togetic|135/313","|-status|p2a: Togetic|brn","|move|p2a: Togetic|Roost|p2a: Togetic","|-heal|p2a: Togetic|292/313 brn","|","|-heal|p1a: Tentacruel|268/364|[from] item: Black Sludge","|-damage|p2a: Togetic|253/313 brn|[from] brn","|turn|14","|","|move|p1a: Tentacruel|Sludge Wave|p2a: Togetic","|-supereffective|p2a: Togetic","|-damage|p2a: Togetic|53/313 brn","|move|p2a: Togetic|Roost|p2a: Togetic","|-heal|p2a: Togetic|210/313 brn","|","|-heal|p1a: Tentacruel|290/364|[from] item: Black Sludge","|-damage|p2a: Togetic|171/313 brn|[from] brn","|turn|15","|","|move|p1a: Tentacruel|Scald|p2a: Togetic","|-damage|p2a: Togetic|75/313 brn","|move|p2a: Togetic|Ominous Wind|p1a: Tentacruel","|-damage|p1a: Tentacruel|262/364","|-boost|p2a: Togetic|atk|1","|-boost|p2a: Togetic|def|1","|-boost|p2a: Togetic|spa|1","|-boost|p2a: Togetic|spd|1","|-boost|p2a: Togetic|spe|1","|","|-heal|p1a: Tentacruel|284/364|[from] item: Black Sludge","|-damage|p2a: Togetic|36/313 brn|[from] brn","|turn|16","|","|move|p1a: Tentacruel|Sludge Wave|p2a: Togetic","|-crit|p2a: Togetic","|-supereffective|p2a: Togetic","|-damage|p2a: Togetic|0 fnt","|faint|p2a: Togetic","|","|-heal|p1a: Tentacruel|306/364|[from] item: Black Sludge","|","|switch|p2a: Sigilyph|Sigilyph, M|347/347","|turn|17","|","|move|p1a: Tentacruel|Acid Spray|p2a: Sigilyph","|-damage|p2a: Sigilyph|296/347","|-unboost|p2a: Sigilyph|spd|2","|move|p2a: Sigilyph|Cosmic Power|p2a: Sigilyph","|-boost|p2a: Sigilyph|def|1","|-boost|p2a: Sigilyph|spd|1","|","|-heal|p1a: Tentacruel|328/364|[from] item: Black Sludge","|-status|p2a: Sigilyph|brn|[from] item: Flame Orb","|turn|18","|","|move|p1a: Tentacruel|Acid Spray|p2a: Sigilyph","|-damage|p2a: Sigilyph|227/347 brn","|-unboost|p2a: Sigilyph|spd|2","|move|p2a: Sigilyph|Cosmic Power|p2a: Sigilyph","|-boost|p2a: Sigilyph|def|1","|-boost|p2a: Sigilyph|spd|1","|","|-heal|p1a: Tentacruel|350/364|[from] item: Black Sludge","|turn|19","|","|move|p1a: Tentacruel|Acid Spray|p2a: Sigilyph","|-damage|p2a: Sigilyph|142/347 brn","|-unboost|p2a: Sigilyph|spd|2","|move|p2a: Sigilyph|Cosmic Power|p2a: Sigilyph","|-boost|p2a: Sigilyph|def|1","|-boost|p2a: Sigilyph|spd|1","|","|-heal|p1a: Tentacruel|364/364|[from] item: Black Sludge","|turn|20","|","|move|p1a: Tentacruel|Acid Spray|p2a: Sigilyph","|-damage|p2a: Sigilyph|30/347 brn","|-unboost|p2a: Sigilyph|spd|2","|move|p2a: Sigilyph|Stored Power|p1a: Tentacruel","|-supereffective|p1a: Tentacruel","|-damage|p1a: Tentacruel|220/364","|","|-heal|p1a: Tentacruel|242/364|[from] item: Black Sludge","|turn|21","|","|switch|p2a: Skarmory|Skarmory, M|331/334 par","|-damage|p2a: Skarmory|290/334 par|[from] Stealth Rock","|move|p1a: Tentacruel|Scald|p2a: Skarmory","|-damage|p2a: Skarmory|191/334 par","|","|-heal|p1a: Tentacruel|264/364|[from] item: Black Sludge","|turn|22","|","|move|p1a: Tentacruel|Scald|p2a: Skarmory","|-damage|p2a: Skarmory|92/334 par","|move|p2a: Skarmory|Drill Peck|p1a: Tentacruel","|-damage|p1a: Tentacruel|153/364","|","|-heal|p1a: Tentacruel|175/364|[from] item: Black Sludge","|turn|23","|","|move|p1a: Tentacruel|Scald|p2a: Skarmory","|-damage|p2a: Skarmory|0 fnt","|faint|p2a: Skarmory","|","|-heal|p1a: Tentacruel|197/364|[from] item: Black Sludge","|","|switch|p2a: Charizard|Charizard, F|297/297","|-damage|p2a: Charizard|149/297|[from] Stealth Rock","|turn|24","|","|switch|p1a: Empoleon|Empoleon, F|372/372","|-damage|p1a: Empoleon|349/372|[from] Stealth Rock","|detailschange|p2a: Charizard|Charizard-Mega-X, F","|-mega|p2a: Charizard|Charizard|Charizardite X","|move|p2a: Charizard|Thunder Punch|p1a: Empoleon","|-supereffective|p1a: Empoleon","|-damage|p1a: Empoleon|107/372","|","|-heal|p1a: Empoleon|130/372|[from] item: Leftovers","|turn|25","|","|move|p2a: Charizard|Thunder Punch|p1a: Empoleon","|-supereffective|p1a: Empoleon","|-damage|p1a: Empoleon|0 fnt","|faint|p1a: Empoleon","|","|","|switch|p1a: Azumarill|Azumarill, F|318/363","|-damage|p1a: Azumarill|273/363|[from] Stealth Rock","|turn|26","|","|move|p1a: Azumarill|Aqua Jet|p2a: Charizard","|-damage|p2a: Charizard|34/297","|move|p2a: Charizard|Thunder Punch|p1a: Azumarill","|-supereffective|p1a: Azumarill","|-damage|p1a: Azumarill|0 fnt","|faint|p1a: Azumarill","|","|","|switch|p1a: Gyarados|Gyarados, F|393/393","|-damage|p1a: Gyarados|295/393|[from] Stealth Rock","|-ability|p1a: Gyarados|Intimidate","|-unboost|p2a: Charizard|atk|1","|turn|27","|","|win|Prof. Nightmare"],"p1rating":{"entryid":7496999,"formatid":"monotype","userid":"swlrock","username":"SWL ROCK","r":1500,"rd":130,"sigma":0,"rpr":1453.2761368396,"rprd":122.1205487657,"rpsigma":0,"rptime":1439024400,"w":0,"l":1,"t":0,"gxe":44.2,"acre":1000,"lacre":1000,"oldacre":1000},"p2rating":{"entryid":"6844732","serverid":"eos","formatid":"monotype","userid":"profnightmare","username":"Prof. Nightmare","w":18,"l":"24","t":"0","gxe":44.4,"r":"1461.1607449416","rd":"61.80420050335","sigma":"0","rptime":"1439024400","rpr":1457.2602633468,"rprd":57.985405152477,"rpsigma":"0","acre":1087.2033647268,"lacre":1087.2033647268,"oldacre":"1061.9043657934"},"endType":"forfeit"}