{"seed":[30545,56337,15029,44785],"turns":24,"p1":"Guard Naruto","p2":"Emg Temsone","p1team":[{"name":"Ditto","species":"Ditto","item":"choicescarf","ability":"Imposter","moves":["transform"],"nature":"Bold","evs":{"hp":252,"atk":0,"def":252,"spa":0,"spd":6,"spe":0},"ivs":{"hp":31,"atk":31,"def":31,"spa":31,"spd":31,"spe":31}},{"name":"Miltank","species":"Miltank","item":"leftovers","ability":"Thick Fat","moves":["bodyslam","toxic","stealthrock","milkdrink"],"nature":"Careful","evs":{"hp":248,"atk":0,"def":60,"spa":0,"spd":200,"spe":0},"ivs":{"hp":31,"atk":31,"def":31,"spa":31,"spd":31,"spe":31}},{"name":"Kecleon","species":"Kecleon","item":"lifeorb","ability":"Protean","moves":["drainpunch","suckerpunch","shadowsneak","firepunch"],"nature":"Adamant","evs":{"hp":248,"atk":252,"def":0,"spa":0,"spd":8,"spe":0},"ivs":{"hp":31,"atk":31,"def":31,"spa":31,"spd":31,"spe":31}},{"name":"Audino","species":"Audino","item":"audinite","ability":"Regenerator","moves":["calmmind","flamethrower","healbell","drainingkiss"],"nature":"Bold","evs":{"hp":164,"atk":0,"def":252,"spa":40,"spd":52,"spe":0},"ivs":{"hp":31,"atk":31,"def":31,"spa":31,"spd":31,"spe":31}},{"name":"Pyroar","species":"Pyroar","item":"choicespecs","ability":"Unnerve","moves":["flamethrower","darkpulse","hypervoice","overheat"],"nature":"Timid","evs":{"hp":0,"atk":0,"def":0,"spa":252,"spd":4,"spe":252},"ivs":{"hp":31,"atk":31,"def":31,"spa":31,"spd":31,"spe":31}},{"name":"Snorlax","species":"Snorlax","item":"leftovers","ability":"Thick Fat","moves":["bodyslam","earthquake","rest","sleeptalk"],"nature":"Impish","evs":{"hp":248,"atk":0,"def":200,"spa":0,"spd":60,"spe":0},"ivs":{"hp":31,"atk":31,"def":31,"spa":31,"spd":31,"spe":31}}],"p2team":[{"name":"Heatran","species":"Heatran","item":"airballoon","ability":"Flash Fire","moves":["flamethrower","earthpower","darkpulse","ancientpower"],"nature":"Modest","evs":{"hp":0,"atk":0,"def":0,"spa":252,"spd":8,"spe":248},"ivs":{"hp":31,"atk":0,"def":31,"spa":31,"spd":31,"spe":31}},{"name":"Ferrothorn","species":"Ferrothorn","item":"choiceband","ability":"Iron Barbs","moves":["gyroball","powerwhip","explosion","knockoff"],"nature":"Brave","evs":{"hp":248,"atk":252,"def":0,"spa":0,"spd":8,"spe":0},"ivs":{"hp":31,"atk":31,"def":31,"spa":31,"spd":31,"spe":0}},{"name":"Doublade","species":"Doublade","item":"eviolite","ability":"No Guard","moves":["shadowsneak","toxic","protect","rockslide"],"nature":"Careful","evs":{"hp":252,"atk":0,"def":4,"spa":0,"spd":252,"spe":0},"ivs":{"hp":31,"atk":31,"def":31,"spa":31,"spd":31,"spe":31}},{"name":"Metagross","species":"Metagross","item":"choicescarf","ability":"Clear Body","moves":["earthquake","bulletpunch","zenheadbutt","icepunch"],"nature":"Jolly","evs":{"hp":0,"atk":252,"def":0,"spa":0,"spd":4,"spe":252},"ivs":{"hp":31,"atk":31,"def":31,"spa":31,"spd":31,"spe":31}},{"name":"Cobalion","species":"Cobalion","item":"lumberry","ability":"Justified","moves":["closecombat","ironhead","swordsdance","stealthrock"],"nature":"Jolly","evs":{"hp":8,"atk":248,"def":0,"spa":0,"spd":0,"spe":252},"shiny":true,"ivs":{"hp":31,"atk":31,"def":31,"spa":31,"spd":31,"spe":31}},{"name":"Scizor","species":"Scizor","item":"scizorite","ability":"Technician","moves":["bulletpunch","roost","swordsdance","xscissor"],"nature":"Impish","evs":{"hp":248,"atk":44,"def":16,"spa":0,"spd":200,"spe":0},"ivs":{"hp":31,"atk":31,"def":31,"spa":31,"spd":31,"spe":31}}],"log":["|player|p1|Guard Naruto|284","|player|p2|Emg Temsone|220","|gametype|singles","|gen|6","|tier|Monotype","|rated","|rule|Baton Pass Clause: Limit one Baton Passer, can't pass Spe and other stats simultaneously","|rule|Swagger Clause: Swagger is banned","|rule|Same Type Clause: Pokémon in a team must share a type","|clearpoke","|poke|p1|Ditto","|poke|p1|Miltank, F","|poke|p1|Kecleon, M","|poke|p1|Audino, M","|poke|p1|Pyroar, F","|poke|p1|Snorlax, F","|poke|p2|Heatran, M","|poke|p2|Ferrothorn, F","|poke|p2|Doublade, F","|poke|p2|Metagross","|poke|p2|Cobalion, shiny","|poke|p2|Scizor, M","|rule|Sleep Clause Mod: Limit one foe put to sleep","|rule|Species Clause: Limit one of each Pokémon","|rule|OHKO Clause: OHKO moves are banned","|rule|Moody Clause: Moody is banned","|rule|Evasion Moves Clause: Evasion moves are banned","|rule|Endless Battle Clause: Forcing endless battles is banned","|rule|HP Percentage Mod: HP is shown in percentages","|teampreview","|","|start","|switch|p1a: Snorlax|Snorlax, F|523/523","|switch|p2a: Cobalion|Cobalion, shiny|325/325","|turn|1","|","|move|p2a: Cobalion|Stealth Rock|p1a: Snorlax","|-sidestart|p1: Guard Naruto|move: Stealth Rock","|move|p1a: Snorlax|Earthquake|p2a: Cobalion","|-supereffective|p2a: Cobalion","|-damage|p2a: Cobalion|181/325","|","|turn|2","|","|move|p2a: Cobalion|Swords Dance|p2a: Cobalion","|-boost|p2a: Cobalion|atk|2","|move|p1a: Snorlax|Earthquake|p2a: Cobalion","|-supereffective|p2a: Cobalion","|-damage|p2a: Cobalion|47/325","|","|turn|3","|","|switch|p1a: Miltank|Miltank, F|393/393","|-damage|p1a: Miltank|344/393|[from] Stealth Rock","|move|p2a: Cobalion|Close Combat|p1a: Miltank","|-supereffective|p1a: Miltank","|-damage|p1a: Miltank|0 fnt","|-unboost|p2a: Cobalion|def|1","|-unboost|p2a: Cobalion|spd|1","|faint|p1a: Miltank","|","|","|switch|p1a: Ditto|Ditto|300/300","|-damage|p1a: Ditto|263/300|[from] Stealth Rock","|-transform|p1a: Ditto|p2a: Cobalion","|turn|4","|","|switch|p2a: Doublade|Doublade, F|322/322","|move|p1a: Ditto|Close Combat|p2a: Doublade","|-immune|p2a: Doublade|[msg]","|","|turn|5","|","|switch|p1a: Kecleon|Kecleon, M|323/323","|-damage|p1a: Kecleon|283/323|[from] Stealth Rock","|move|p2a: Doublade|Protect|p2a: Doublade","|-fail|p2a: Doublade","|","|turn|6","|","|switch|p2a: Heatran|Heatran, M|323/323","|-item|p2a: Heatran|Air Balloon","|move|p1a: Kecleon|Fire Punch|p2a: Heatran","|-start|p1a: Kecleon|typechange|Fire|[from] Protean","|-start|p2a: Heatran|ability: Flash Fire","|","|turn|7","|","|move|p2a: Heatran|Earth Power|p1a: Kecleon","|-supereffective|p1a: Kecleon","|-damage|p1a: Kecleon|73/323","|move|p1a: Kecleon|Drain Punch|p2a: Heatran","|-start|p1a: Kecleon|typechange|Fighting|[from] Protean","|-supereffective|p2a: Heatran","|-damage|p2a: Heatran|40/323","|-heal|p1a: Kecleon|215/323|[from] drain|[of] p2a: Heatran","|-enditem|p2a: Heatran|Air Balloon","|-damage|p1a: Kecleon|183/323|[from] item: Life Orb","|","|turn|8","|","|move|p1a: Kecleon|Shadow Sneak|p2a: Heatran","|-start|p1a: Kecleon|typechange|Ghost|[from] Protean","|-damage|p2a: Heatran|0 fnt","|-damage|p1a: Kecleon|151/323|[from] item: Life Orb","|faint|p2a: Heatran","|","|","|switch|p2a: Metagross|Metagross|301/301","|turn|9","|","|move|p1a: Kecleon|Sucker Punch|p2a: Metagross","|-start|p1a: Kecleon|typechange|Dark|[from] Protean","|-supereffective|p2a: Metagross","|-damage|p2a: Metagross|57/301","|-damage|p1a: Kecleon|119/323|[from] item: Life Orb","|move|p2a: Metagross|Earthquake|p1a: Kecleon","|-damage|p1a: Kecleon|0 fnt","|faint|p1a: Kecleon","|","|","|switch|p1a: Pyroar|Pyroar, F|313/313","|-damage|p1a: Pyroar|235/313|[from] Stealth Rock","|-ability|p1a: Pyroar|Unnerve|p2: Emg Temsone","|turn|10","|","|switch|p1a: Snorlax|Snorlax, F|523/523","|-damage|p1a: Snorlax|458/523|[from] Stealth Rock","|move|p2a: Metagross|Earthquake|p1a: Snorlax","|-damage|p1a: Snorlax|337/523","|","|-heal|p1a: Snorlax|369/523|[from] item: Leftovers","|turn|11","|","|switch|p2a: Scizor|Scizor, M|343/343","|move|p1a: Snorlax|Earthquake|p2a: Scizor","|-damage|p2a: Scizor|267/343","|","|-heal|p1a: Snorlax|401/523|[from] item: Leftovers","|turn|12","|","|switch|p1a: Pyroar|Pyroar, F|235/313","|-damage|p1a: Pyroar|157/313|[from] Stealth Rock","|-ability|p1a: Pyroar|Unnerve|p2: Emg Temsone","|detailschange|p2a: Scizor|Scizor-Mega, M","|-mega|p2a: Scizor|Scizor|Scizorite","|move|p2a: Scizor|Swords Dance|p2a: Scizor","|-boost|p2a: Scizor|atk|2","|","|turn|13","|","|move|p2a: Scizor|Bullet Punch|p1a: Pyroar","|-resisted|p1a: Pyroar","|-damage|p1a: Pyroar|15/313","|move|p1a: Pyroar|Flamethrower|p2a: Scizor","|-supereffective|p2a: Scizor","|-damage|p2a: Scizor|0 fnt","|faint|p2a: Scizor","|","|","|switch|p2a: Cobalion|Cobalion, shiny|47/325","|turn|14","|","|move|p2a: Cobalion|Close Combat|p1a: Pyroar","|-supereffective|p1a: Pyroar","|-damage|p1a: Pyroar|0 fnt","|-unboost|p2a: Cobalion|def|1","|-unboost|p2a: Cobalion|spd|1","|faint|p1a: Pyroar","|","|","|switch|p1a: Snorlax|Snorlax, F|401/523","|-damage|p1a: Snorlax|336/523|[from] Stealth Rock","|turn|15","|","|move|p2a: Cobalion|Close Combat|p1a: Snorlax","|-supereffective|p1a: Snorlax","|-damage|p1a: Snorlax|0 fnt","|-unboost|p2a: Cobalion|def|1","|-unboost|p2a: Cobalion|spd|1","|faint|p1a: Snorlax","|","|","|switch|p1a: Ditto|Ditto|263/300","|-damage|p1a: Ditto|226/300|[from] Stealth Rock","|-transform|p1a: Ditto|p2a: Cobalion","|turn|16","|","|move|p1a: Ditto|Close Combat|p2a: Cobalion","|-crit|p2a: Cobalion","|-supereffective|p2a: Cobalion","|-damage|p2a: Cobalion|0 fnt","|-unboost|p1a: Ditto|def|1","|-unboost|p1a: Ditto|spd|1","|faint|p2a: Cobalion","|","|","|switch|p2a: Doublade|Doublade, F|322/322","|turn|17","|","|switch|p1a: Audino|Audino, M|388/388","|-damage|p1a: Audino|340/388|[from] Stealth Rock","|move|p2a: Doublade|Toxic|p1a: Audino","|-status|p1a: Audino|tox","|","|-damage|p1a: Audino|316/388 tox|[from] psn","|turn|18","|","|switch|p2a: Ferrothorn|Ferrothorn, F|351/351","|detailschange|p1a: Audino|Audino-Mega, M","|-mega|p1a: Audino|Audino|Audinite","|move|p1a: Audino|Heal Bell|p1a: Audino","|-cureteam|p1a: Audino|[from] move: HealBell","|","|turn|19","|","|move|p1a: Audino|Calm Mind|p1a: Audino","|-boost|p1a: Audino|spa|1","|-boost|p1a: Audino|spd|1","|move|p2a: Ferrothorn|Gyro Ball|p1a: Audino","|-supereffective|p1a: Audino","|-damage|p1a: Audino|64/388","|","|turn|20","|","|move|p1a: Audino|Flamethrower|p2a: Ferrothorn","|-supereffective|p2a: Ferrothorn","|-damage|p2a: Ferrothorn|7/351","|move|p2a: Ferrothorn|Gyro Ball|p1a: Audino","|-supereffective|p1a: Audino","|-damage|p1a: Audino|0 fnt","|faint|p1a: Audino","|","|","|switch|p1a: Ditto|Ditto|226/300","|-damage|p1a: Ditto|189/300|[from] Stealth Rock","|-transform|p1a: Ditto|p2a: Ferrothorn","|turn|21","|","|move|p1a: Ditto|Knock Off|p2a: Ferrothorn","|-damage|p2a: Ferrothorn|0 fnt","|-damage|p1a: Ditto|152/300|[from] ability: Iron Barbs|[of] p2a: Ferrothorn","|-enditem|p2a: Ferrothorn|Choice Band|[from] move: Knock Off|[of] p1a: Ditto","|faint|p2a: Ferrothorn","|","|","|switch|p2a: Metagross|Metagross|57/301","|turn|22","|","|move|p2a: Metagross|Earthquake|p1a: Ditto","|-damage|p1a: Ditto|50/300","|move|p1a: Ditto|Knock Off|p2a: Metagross","|-supereffective|p2a: Metagross","|-damage|p2a: Metagross|0 fnt","|-enditem|p2a: Metagross|Choice Scarf|[from] move: Knock Off|[of] p1a: Ditto","|faint|p2a: Metagross","|","|","|switch|p2a: Doublade|Doublade, F|322/322","|turn|23","|","|move|p2a: Doublade|Protect|p2a: Doublade","|-singleturn|p2a: Doublade|Protect","|move|p1a: Ditto|Knock Off|p2a: Doublade","|-activate|p2a: Doublade|Protect","|","|turn|24","|","|move|p2a: Doublade|Shadow Sneak|p1a: Ditto","|-crit|p1a: Ditto","|-damage|p1a: Ditto|0 fnt","|-damage|p2a: Doublade|282/322|[from] ability: Iron Barbs|[of] p1a: Ditto","|faint|p1a: Ditto","|","|win|Emg Temsone"],"p1rating":{"entryid":"7460015","serverid":"eos","formatid":"monotype","userid":"guardnaruto","username":"Guard Naruto","w":"3","l":7,"t":"0","gxe":41.8,"r":"1466.0434440081","rd":"122.3574861412","sigma":"0","rptime":"1439024400","rpr":1435.4910150582,"rprd":87.02402016834,"rpsigma":"0","acre":1053.8818646327,"lacre":1053.8818646327,"oldacre":"1078.9035896973"},"p2rating":{"entryid":"7496129","serverid":"eos","formatid":"monotype","userid":"emgtemsone","username":"Emg Temsone","w":2,"l":"1","t":"0","gxe":53.5,"r":"1500","rd":"130","sigma":"0","rptime":"1439024400","rpr":1527.541054491,"rprd":111.43538259617,"rpsigma":"0","acre":1068.8931591589,"lacre":1068.8931591589,"oldacre":"1027.8421875993"},"endType":"normal"}