{"seed":[19150,45694,43161,33469],"turns":27,"p1":"Silver - Enzo","p2":"V Psychic","p1team":[{"name":"Ninetales","species":"Ninetales","item":"heatrock","ability":"Drought","moves":["solarbeam","flamethrower","confuseray","willowisp"],"nature":"Calm","evs":{"hp":252,"atk":0,"def":4,"spa":0,"spd":252,"spe":0},"ivs":{"hp":31,"atk":31,"def":31,"spa":31,"spd":31,"spe":31}},{"name":"R-K-9","species":"arcanine","item":"focussash","ability":"Intimidate","moves":["flareblitz","outrage","wildcharge","extremespeed"],"nature":"Adamant","evs":{"hp":0,"atk":252,"def":0,"spa":0,"spd":4,"spe":252},"gender":"M","ivs":{"hp":31,"atk":31,"def":31,"spa":31,"spd":31,"spe":31}},{"name":"Grumpy Cat","species":"entei","item":"assaultvest","ability":"Pressure","moves":["sacredfire","extremespeed","stoneedge","ironhead"],"nature":"Adamant","evs":{"hp":6,"atk":252,"def":0,"spa":0,"spd":0,"spe":252},"shiny":true,"ivs":{"hp":31,"atk":31,"def":31,"spa":31,"spd":31,"spe":31}},{"name":"RKO","species":"victini","item":"whiteherb","ability":"Victory Star","moves":["vcreate","boltstrike","taunt","psychic"],"nature":"Jolly","evs":{"hp":0,"atk":252,"def":0,"spa":0,"spd":4,"spe":252},"ivs":{"hp":31,"atk":31,"def":31,"spa":31,"spd":31,"spe":31}},{"name":"Smaug","species":"charizard","item":"charizarditey","ability":"Blaze","moves":["rockslide","fireblast","dragonpulse","aircutter"],"nature":"Jolly","evs":{"hp":132,"atk":124,"def":0,"spa":0,"spd":0,"spe":252},"gender":"M","shiny":true,"ivs":{"hp":31,"atk":31,"def":31,"spa":31,"spd":31,"spe":31}},{"name":"Monkey Deez Nuts","species":"infernape","item":"focussash","ability":"Blaze","moves":["closecombat","hiddenpowerice","fireblast","earthquake"],"nature":"Jolly","evs":{"hp":0,"atk":252,"def":0,"spa":0,"spd":5,"spe":252},"gender":"M","ivs":{"hp":31,"atk":30,"def":30,"spa":31,"spd":31,"spe":31}}],"p2team":[{"name":"Zapdos","species":"Zapdos","item":"leftovers","ability":"Pressure","moves":["roost","defog","heatwave","discharge"],"nature":"Bold","evs":{"hp":248,"atk":0,"def":176,"spa":68,"spd":0,"spe":16},"ivs":{"hp":31,"atk":0,"def":31,"spa":31,"spd":31,"spe":31}},{"name":"Thundurus","species":"Thundurus","item":"lifeorb","ability":"Prankster","moves":["superpower","discharge","knockoff","psychic"],"nature":"Naive","evs":{"hp":0,"atk":72,"def":0,"spa":184,"spd":0,"spe":252},"ivs":{"hp":31,"atk":31,"def":31,"spa":31,"spd":31,"spe":31}},{"name":"Rotom-Wash","species":"Rotom-Wash","item":"leftovers","ability":"Levitate","moves":["willowisp","hydropump","voltswitch","painsplit"],"nature":"Calm","evs":{"hp":248,"atk":0,"def":0,"spa":0,"spd":216,"spe":44},"ivs":{"hp":31,"atk":0,"def":31,"spa":31,"spd":31,"spe":31}},{"name":"Magnezone","species":"Magnezone","item":"choicescarf","ability":"Sturdy","moves":["voltswitch","discharge","hiddenpowerice","flashcannon"],"nature":"Timid","evs":{"hp":0,"atk":0,"def":0,"spa":252,"spd":4,"spe":252},"ivs":{"hp":31,"atk":30,"def":30,"spa":31,"spd":31,"spe":31}},{"name":"Manectric","species":"Manectric","item":"manectite","ability":"Static","moves":["voltswitch","discharge","overheat","hiddenpowergrass"],"nature":"Timid","evs":{"hp":0,"atk":0,"def":0,"spa":252,"spd":4,"spe":252},"ivs":{"hp":31,"atk":30,"def":31,"spa":30,"spd":31,"spe":31}},{"name":"Luxray","species":"Luxray","item":"choiceband","ability":"Guts","moves":["wildcharge","crunch","superpower","icefang"],"nature":"Jolly","evs":{"hp":0,"atk":252,"def":0,"spa":0,"spd":4,"spe":252},"shiny":true,"ivs":{"hp":31,"atk":31,"def":31,"spa":31,"spd":31,"spe":31}}],"log":["|player|p1|Silver - Enzo|167","|player|p2|V Psychic|167","|gametype|singles","|gen|6","|tier|Monotype","|rated","|rule|Baton Pass Clause: Limit one Baton Passer, can't pass Spe and other stats simultaneously","|rule|Swagger Clause: Swagger is banned","|rule|Same Type Clause: Pokémon in a team must share a type","|clearpoke","|poke|p1|Ninetales, M","|poke|p1|Arcanine, M","|poke|p1|Entei, shiny","|poke|p1|Victini","|poke|p1|Charizard, M, shiny","|poke|p1|Infernape, M","|poke|p2|Zapdos","|poke|p2|Thundurus, M","|poke|p2|Rotom-Wash","|poke|p2|Magnezone","|poke|p2|Manectric, F","|poke|p2|Luxray, M, shiny","|rule|Sleep Clause Mod: Limit one foe put to sleep","|rule|Species Clause: Limit one of each Pokémon","|rule|OHKO Clause: OHKO moves are banned","|rule|Moody Clause: Moody is banned","|rule|Evasion Moves Clause: Evasion moves are banned","|rule|Endless Battle Clause: Forcing endless battles is banned","|rule|HP Percentage Mod: HP is shown in percentages","|teampreview","|","|start","|switch|p1a: Smaug|Charizard, M, shiny|330/330","|switch|p2a: Rotom-Wash|Rotom-Wash|303/303","|turn|1","|","|switch|p2a: Magnezone|Magnezone|281/281","|detailschange|p1a: Smaug|Charizard-Mega-Y, M, shiny","|-mega|p1a: Smaug|Charizard|Charizardite Y","|-weather|SunnyDay","|move|p1a: Smaug|Rock Slide|p2a: Magnezone","|-miss|p1a: Smaug|p2a: Magnezone","|","|-weather|SunnyDay|[upkeep]","|turn|2","|","|move|p2a: Magnezone|Discharge|p1a: Smaug","|-supereffective|p1a: Smaug","|-damage|p1a: Smaug|58/330","|move|p1a: Smaug|Fire Blast|p2a: Magnezone","|-supereffective|p2a: Magnezone","|-ability|p2a: Magnezone|Sturdy","|-damage|p2a: Magnezone|1/281","|","|-weather|SunnyDay|[upkeep]","|turn|3","|","|move|p2a: Magnezone|Discharge|p1a: Smaug","|-supereffective|p1a: Smaug","|-damage|p1a: Smaug|0 fnt","|faint|p1a: Smaug","|","|-weather|SunnyDay|[upkeep]","|","|switch|p1a: Grumpy Cat|Entei, shiny|372/372","|-ability|p1a: Grumpy Cat|Pressure","|turn|4","|","|switch|p2a: Rotom-Wash|Rotom-Wash|303/303","|move|p1a: Grumpy Cat|Extreme Speed|p2a: Rotom-Wash","|-damage|p2a: Rotom-Wash|216/303","|","|-weather|SunnyDay|[upkeep]","|-heal|p2a: Rotom-Wash|234/303|[from] item: Leftovers","|turn|5","|","|move|p1a: Grumpy Cat|Sacred Fire|p2a: Rotom-Wash","|-resisted|p2a: Rotom-Wash","|-damage|p2a: Rotom-Wash|105/303","|move|p2a: Rotom-Wash|Volt Switch|p1a: Grumpy Cat","|-damage|p1a: Grumpy Cat|305/372","|","|switch|p2a: Manectric|Manectric, F|281/281","|","|-weather|none","|turn|6","|","|detailschange|p2a: Manectric|Manectric-Mega, F","|-mega|p2a: Manectric|Manectric|Manectite","|-ability|p2a: Manectric|Intimidate","|-unboost|p1a: Grumpy Cat|atk|1","|move|p2a: Manectric|Volt Switch|p1a: Grumpy Cat","|-damage|p1a: Grumpy Cat|190/372","|","|switch|p2a: Zapdos|Zapdos|383/383","|-ability|p2a: Zapdos|Pressure","|move|p1a: Grumpy Cat|Stone Edge|p2a: Zapdos|[miss]","|-miss|p1a: Grumpy Cat|p2a: Zapdos","|","|turn|7","|","|move|p1a: Grumpy Cat|Stone Edge|p2a: Zapdos","|-supereffective|p2a: Zapdos","|-damage|p2a: Zapdos|235/383","|move|p2a: Zapdos|Discharge|p1a: Grumpy Cat","|-damage|p1a: Grumpy Cat|88/372","|-status|p1a: Grumpy Cat|par","|","|-heal|p2a: Zapdos|258/383|[from] item: Leftovers","|turn|8","|","|move|p2a: Zapdos|Roost|p2a: Zapdos","|-heal|p2a: Zapdos|383/383","|move|p1a: Grumpy Cat|Sacred Fire|p2a: Zapdos","|-damage|p2a: Zapdos|272/383","|","|-heal|p2a: Zapdos|295/383|[from] item: Leftovers","|turn|9","|","|move|p2a: Zapdos|Discharge|p1a: Grumpy Cat","|-damage|p1a: Grumpy Cat|0 fnt","|faint|p1a: Grumpy Cat","|","|-heal|p2a: Zapdos|318/383|[from] item: Leftovers","|","|switch|p1a: Ninetales|Ninetales, M|350/350","|-weather|SunnyDay","|turn|10","|","|switch|p2a: Rotom-Wash|Rotom-Wash|105/303","|move|p1a: Ninetales|Confuse Ray|p2a: Rotom-Wash","|-start|p2a: Rotom-Wash|confusion","|","|-weather|SunnyDay|[upkeep]","|-heal|p2a: Rotom-Wash|123/303|[from] item: Leftovers","|turn|11","|","|move|p1a: Ninetales|Will-O-Wisp|p2a: Rotom-Wash","|-status|p2a: Rotom-Wash|brn","|-activate|p2a: Rotom-Wash|confusion","|-damage|p2a: Rotom-Wash|115/303 brn|[from] confusion","|","|-weather|SunnyDay|[upkeep]","|-heal|p2a: Rotom-Wash|133/303 brn|[from] item: Leftovers","|-damage|p2a: Rotom-Wash|96/303 brn|[from] brn","|turn|12","|","|move|p1a: Ninetales|Flamethrower|p2a: Rotom-Wash","|-resisted|p2a: Rotom-Wash","|-damage|p2a: Rotom-Wash|52/303 brn","|-activate|p2a: Rotom-Wash|confusion","|-damage|p2a: Rotom-Wash|45/303 brn|[from] confusion","|","|-weather|SunnyDay|[upkeep]","|-heal|p2a: Rotom-Wash|63/303 brn|[from] item: Leftovers","|-damage|p2a: Rotom-Wash|26/303 brn|[from] brn","|turn|13","|","|move|p1a: Ninetales|Flamethrower|p2a: Rotom-Wash","|-resisted|p2a: Rotom-Wash","|-damage|p2a: Rotom-Wash|0 fnt","|faint|p2a: Rotom-Wash","|","|-weather|SunnyDay|[upkeep]","|","|switch|p2a: Magnezone|Magnezone|1/281","|turn|14","|","|move|p2a: Magnezone|Discharge|p1a: Ninetales","|-damage|p1a: Ninetales|247/350","|move|p1a: Ninetales|Flamethrower|p2a: Magnezone","|-supereffective|p2a: Magnezone","|-damage|p2a: Magnezone|0 fnt","|faint|p2a: Magnezone","|","|-weather|SunnyDay|[upkeep]","|","|switch|p2a: Luxray|Luxray, M, shiny|301/301","|turn|15","|","|move|p2a: Luxray|Wild Charge|p1a: Ninetales","|-damage|p1a: Ninetales|0 fnt","|-damage|p2a: Luxray|239/301|[from] recoil|[of] p1a: Ninetales","|faint|p1a: Ninetales","|","|-weather|SunnyDay|[upkeep]","|","|switch|p1a: R-K-9|Arcanine, M|321/321","|-ability|p1a: R-K-9|Intimidate","|-unboost|p2a: Luxray|atk|1","|turn|16","|","|switch|p2a: Zapdos|Zapdos|318/383","|-ability|p2a: Zapdos|Pressure","|move|p1a: R-K-9|Flare Blitz|p2a: Zapdos","|-damage|p2a: Zapdos|69/383","|-damage|p1a: R-K-9|239/321|[from] recoil|[of] p2a: Zapdos","|","|-weather|SunnyDay|[upkeep]","|-heal|p2a: Zapdos|92/383|[from] item: Leftovers","|turn|17","|","|move|p1a: R-K-9|Extreme Speed|p2a: Zapdos","|-damage|p2a: Zapdos|18/383","|move|p2a: Zapdos|Roost|p2a: Zapdos","|-heal|p2a: Zapdos|210/383","|","|-weather|none","|-heal|p2a: Zapdos|233/383|[from] item: Leftovers","|turn|18","|","|move|p1a: R-K-9|Flare Blitz|p2a: Zapdos","|-damage|p2a: Zapdos|47/383","|-damage|p1a: R-K-9|178/321|[from] recoil|[of] p2a: Zapdos","|move|p2a: Zapdos|Roost|p2a: Zapdos","|-heal|p2a: Zapdos|239/383","|","|-heal|p2a: Zapdos|262/383|[from] item: Leftovers","|turn|19","|","|move|p1a: R-K-9|Flare Blitz|p2a: Zapdos","|-damage|p2a: Zapdos|78/383","|-damage|p1a: R-K-9|117/321|[from] recoil|[of] p2a: Zapdos","|move|p2a: Zapdos|Roost|p2a: Zapdos","|-heal|p2a: Zapdos|270/383","|","|-heal|p2a: Zapdos|293/383|[from] item: Leftovers","|turn|20","|","|switch|p1a: RKO|Victini|341/341","|move|p2a: Zapdos|Roost|p2a: Zapdos","|-heal|p2a: Zapdos|383/383","|","|turn|21","|","|move|p1a: RKO|Taunt|p2a: Zapdos","|-start|p2a: Zapdos|move: Taunt","|move|p2a: Zapdos|Discharge|p1a: RKO","|-damage|p1a: RKO|221/341","|","|turn|22","|","|move|p1a: RKO|V-create|p2a: Zapdos","|-damage|p2a: Zapdos|172/383","|-unboost|p1a: RKO|spe|1","|-unboost|p1a: RKO|def|1","|-unboost|p1a: RKO|spd|1","|-enditem|p1a: RKO|White Herb","|-restoreboost|p1a: RKO|[silent]","|move|p2a: Zapdos|Discharge|p1a: RKO","|-damage|p1a: RKO|91/341","|","|-heal|p2a: Zapdos|195/383|[from] item: Leftovers","|turn|23","|","|move|p1a: RKO|V-create|p2a: Zapdos","|-damage|p2a: Zapdos|0 fnt","|-unboost|p1a: RKO|spe|1","|-unboost|p1a: RKO|def|1","|-unboost|p1a: RKO|spd|1","|faint|p2a: Zapdos","|","|","|switch|p2a: Manectric|Manectric-Mega, F|281/281","|-ability|p2a: Manectric|Intimidate","|-unboost|p1a: RKO|atk|1","|turn|24","|","|move|p2a: Manectric|Discharge|p1a: RKO","|-damage|p1a: RKO|0 fnt","|faint|p1a: RKO","|","|","|switch|p1a: R-K-9|Arcanine, M|117/321","|-ability|p1a: R-K-9|Intimidate","|-unboost|p2a: Manectric|atk|1","|turn|25","|","|move|p2a: Manectric|Discharge|p1a: R-K-9","|-damage|p1a: R-K-9|0 fnt","|faint|p1a: R-K-9","|","|","|switch|p1a: Monkey Deez Nuts|Infernape, M|293/293","|turn|26","|","|move|p2a: Manectric|Discharge|p1a: Monkey Deez Nuts","|-damage|p1a: Monkey Deez Nuts|104/293","|-status|p1a: Monkey Deez Nuts|par","|move|p1a: Monkey Deez Nuts|Earthquake|p2a: Manectric","|-supereffective|p2a: Manectric","|-damage|p2a: Manectric|21/281","|","|turn|27","|","|move|p2a: Manectric|Volt Switch|p1a: Monkey Deez Nuts","|-damage|p1a: Monkey Deez Nuts|0 fnt","|faint|p1a: Monkey Deez Nuts","|","|win|V Psychic"],"p1rating":{"entryid":"5850771","serverid":"eos","formatid":"monotype","userid":"silverenzo","username":"Silver - Enzo","w":"17","l":35,"t":"0","gxe":38,"r":"1419.1512770896","rd":"67.220984993169","sigma":"0","rptime":"1439024400","rpr":1405.9578487024,"rprd":65.46708019411,"rpsigma":"0","acre":1066.300296482,"lacre":1066.300296482,"oldacre":"1083.8589999186"},"p2rating":{"entryid":"7467690","serverid":"eos","formatid":"monotype","userid":"vpsychic","username":"V Psychic","w":7,"l":"1","t":"0","gxe":64.4,"r":"1590.5768731025","rd":"107.81252429981","sigma":"0","rptime":"1439024400","rpr":1615.254127659,"rprd":93.430947152091,"rpsigma":"0","acre":1181.8608779302,"lacre":1181.8608779302,"oldacre":"1162.4193392268"},"endType":"normal"}