{"seed":[12101,3763,17409,3962],"turns":24,"p1":"Guard Naruto","p2":"Warden Staravia","p1team":[{"name":"Ditto","species":"Ditto","item":"choicescarf","ability":"Imposter","moves":["transform"],"nature":"Bold","evs":{"hp":252,"atk":0,"def":252,"spa":0,"spd":6,"spe":0},"ivs":{"hp":31,"atk":31,"def":31,"spa":31,"spd":31,"spe":31}},{"name":"Miltank","species":"Miltank","item":"leftovers","ability":"Thick Fat","moves":["bodyslam","toxic","stealthrock","milkdrink"],"nature":"Careful","evs":{"hp":248,"atk":0,"def":60,"spa":0,"spd":200,"spe":0},"ivs":{"hp":31,"atk":31,"def":31,"spa":31,"spd":31,"spe":31}},{"name":"Kecleon","species":"Kecleon","item":"lifeorb","ability":"Protean","moves":["drainpunch","suckerpunch","shadowsneak","firepunch"],"nature":"Adamant","evs":{"hp":248,"atk":252,"def":0,"spa":0,"spd":8,"spe":0},"ivs":{"hp":31,"atk":31,"def":31,"spa":31,"spd":31,"spe":31}},{"name":"Audino","species":"Audino","item":"audinite","ability":"Regenerator","moves":["calmmind","flamethrower","healbell","drainingkiss"],"nature":"Bold","evs":{"hp":164,"atk":0,"def":252,"spa":40,"spd":52,"spe":0},"ivs":{"hp":31,"atk":31,"def":31,"spa":31,"spd":31,"spe":31}},{"name":"Pyroar","species":"Pyroar","item":"choicespecs","ability":"Unnerve","moves":["flamethrower","darkpulse","hypervoice","overheat"],"nature":"Timid","evs":{"hp":0,"atk":0,"def":0,"spa":252,"spd":4,"spe":252},"ivs":{"hp":31,"atk":31,"def":31,"spa":31,"spd":31,"spe":31}},{"name":"Snorlax","species":"Snorlax","item":"leftovers","ability":"Thick Fat","moves":["bodyslam","earthquake","rest","sleeptalk"],"nature":"Impish","evs":{"hp":248,"atk":0,"def":200,"spa":0,"spd":60,"spe":0},"ivs":{"hp":31,"atk":31,"def":31,"spa":31,"spd":31,"spe":31}}],"p2team":[{"name":"Metal Staravia","species":"skarmory","item":"rockyhelmet","ability":"Sturdy","moves":["drillpeck","whirlwind","spikes","roost"],"nature":"Impish","evs":{"hp":248,"atk":0,"def":252,"spa":0,"spd":0,"spe":4},"shiny":true,"ivs":{"hp":31,"atk":31,"def":31,"spa":31,"spd":31,"spe":31}},{"name":"Quinn the Rascal","species":"excadrill","item":"choicescarf","ability":"Mold Breaker","moves":["earthquake","rockslide","rapidspin","ironhead"],"nature":"Jolly","evs":{"hp":4,"atk":252,"def":0,"spa":0,"spd":0,"spe":252},"shiny":true,"ivs":{"hp":31,"atk":31,"def":31,"spa":31,"spd":31,"spe":31}},{"name":"Crit Magnet","species":"magnezone","item":"choicescarf","ability":"Magnet Pull","moves":["hiddenpowerice","voltswitch","flashcannon","thunderbolt"],"nature":"Timid","evs":{"hp":56,"atk":0,"def":0,"spa":196,"spd":4,"spe":252},"ivs":{"hp":31,"atk":30,"def":30,"spa":31,"spd":31,"spe":31},"shiny":true},{"name":"Happy Karen","species":"heatran","item":"leftovers","ability":"Flash Fire","moves":["earthpower","lavaplume","stealthrock","roar"],"nature":"Calm","evs":{"hp":252,"atk":0,"def":0,"spa":0,"spd":236,"spe":20},"shiny":true,"ivs":{"hp":31,"atk":31,"def":31,"spa":31,"spd":31,"spe":31}},{"name":"Harold the Knight","species":"bisharp","item":"lumberry","ability":"Defiant","moves":["suckerpunch","knockoff","ironhead","swordsdance"],"nature":"Adamant","evs":{"hp":4,"atk":252,"def":0,"spa":0,"spd":0,"spe":252},"shiny":true,"ivs":{"hp":31,"atk":31,"def":31,"spa":31,"spd":31,"spe":31}},{"name":"El Magic Steel","species":"bronzong","item":"lightclay","ability":"Levitate","moves":["reflect","lightscreen","toxic","gyroball"],"nature":"Sassy","evs":{"hp":248,"atk":4,"def":56,"spa":0,"spd":200,"spe":0},"ivs":{"hp":31,"atk":31,"def":31,"spa":31,"spd":31,"spe":0},"shiny":true}],"log":["|player|p1|Guard Naruto|284","|player|p2|Warden Staravia|wardenstaravia.gif","|gametype|singles","|gen|6","|tier|Monotype","|rated","|rule|Baton Pass Clause: Limit one Baton Passer, can't pass Spe and other stats simultaneously","|rule|Swagger Clause: Swagger is banned","|rule|Same Type Clause: Pokémon in a team must share a type","|clearpoke","|poke|p1|Ditto","|poke|p1|Miltank, F","|poke|p1|Kecleon, F","|poke|p1|Audino, M","|poke|p1|Pyroar, F","|poke|p1|Snorlax, M","|poke|p2|Skarmory, M, shiny","|poke|p2|Excadrill, F, shiny","|poke|p2|Magnezone, shiny","|poke|p2|Heatran, F, shiny","|poke|p2|Bisharp, F, shiny","|poke|p2|Bronzong, shiny","|rule|Sleep Clause Mod: Limit one foe put to sleep","|rule|Species Clause: Limit one of each Pokémon","|rule|OHKO Clause: OHKO moves are banned","|rule|Moody Clause: Moody is banned","|rule|Evasion Moves Clause: Evasion moves are banned","|rule|Endless Battle Clause: Forcing endless battles is banned","|rule|HP Percentage Mod: HP is shown in percentages","|teampreview","|","|start","|switch|p1a: Pyroar|Pyroar, F|313/313","|switch|p2a: Crit Magnet|Magnezone, shiny|295/295","|-ability|p1a: Pyroar|Unnerve|p2: Warden Staravia","|turn|1","|","|move|p2a: Crit Magnet|Volt Switch|p1a: Pyroar","|-damage|p1a: Pyroar|141/313","|","|switch|p2a: Happy Karen|Heatran, F, shiny|386/386","|move|p1a: Pyroar|Overheat|p2a: Happy Karen","|-start|p2a: Happy Karen|ability: Flash Fire","|","|turn|2","|","|switch|p1a: Snorlax|Snorlax, M|523/523","|move|p2a: Happy Karen|Stealth Rock|p1a: Snorlax","|-sidestart|p1: Guard Naruto|move: Stealth Rock","|","|turn|3","|","|-end|p2a: Happy Karen|ability: Flash Fire|[silent]","|switch|p2a: Metal Staravia|Skarmory, M, shiny|333/333","|move|p1a: Snorlax|Earthquake|p2a: Metal Staravia","|-immune|p2a: Metal Staravia|[msg]","|","|turn|4","|","|switch|p1a: Kecleon|Kecleon, F|323/323","|-damage|p1a: Kecleon|283/323|[from] Stealth Rock","|move|p2a: Metal Staravia|Whirlwind|p1a: Kecleon","|drag|p1a: Snorlax|Snorlax, M|523/523","|-damage|p1a: Snorlax|458/523|[from] Stealth Rock","|","|-heal|p1a: Snorlax|490/523|[from] item: Leftovers","|turn|5","|","|move|p2a: Metal Staravia|Spikes|p1a: Snorlax","|-sidestart|p1: Guard Naruto|Spikes","|move|p1a: Snorlax|Body Slam|p2a: Metal Staravia","|-resisted|p2a: Metal Staravia","|-damage|p2a: Metal Staravia|301/333","|-damage|p1a: Snorlax|403/523|[from] item: Rocky Helmet|[of] p2a: Metal Staravia","|-status|p2a: Metal Staravia|par","|","|-heal|p1a: Snorlax|435/523|[from] item: Leftovers","|turn|6","|","|move|p1a: Snorlax|Body Slam|p2a: Metal Staravia","|-resisted|p2a: Metal Staravia","|-damage|p2a: Metal Staravia|270/333 par","|-damage|p1a: Snorlax|348/523|[from] item: Rocky Helmet|[of] p2a: Metal Staravia","|move|p2a: Metal Staravia|Spikes|p1a: Snorlax","|-sidestart|p1: Guard Naruto|Spikes","|","|-heal|p1a: Snorlax|380/523|[from] item: Leftovers","|turn|7","|","|move|p1a: Snorlax|Rest|p1a: Snorlax","|-status|p1a: Snorlax|slp","|-heal|p1a: Snorlax|523/523 slp|[silent]","|-status|p1a: Snorlax|slp|[from] move: Rest","|move|p2a: Metal Staravia|Spikes|p1a: Snorlax","|-sidestart|p1: Guard Naruto|Spikes","|","|turn|8","|","|cant|p1a: Snorlax|slp","|move|p1a: Snorlax|Sleep Talk|p1a: Snorlax","|move|p1a: Snorlax|Earthquake|p2a: Metal Staravia|[from]Sleep Talk","|-immune|p2a: Metal Staravia|[msg]","|cant|p2a: Metal Staravia|par","|","|turn|9","|","|cant|p1a: Snorlax|slp","|cant|p2a: Metal Staravia|par","|","|turn|10","|","|-curestatus|p1a: Snorlax|slp","|move|p1a: Snorlax|Earthquake|p2a: Metal Staravia","|-immune|p2a: Metal Staravia|[msg]","|cant|p2a: Metal Staravia|par","|","|turn|11","|","|move|p1a: Snorlax|Earthquake|p2a: Metal Staravia","|-immune|p2a: Metal Staravia|[msg]","|move|p2a: Metal Staravia|Whirlwind|p1a: Snorlax","|drag|p1a: Ditto|Ditto|300/300","|-damage|p1a: Ditto|263/300|[from] Stealth Rock","|-damage|p1a: Ditto|188/300|[from] Spikes","|-transform|p1a: Ditto|p2a: Metal Staravia","|","|turn|12","|","|move|p1a: Ditto|Roost|p1a: Ditto","|-heal|p1a: Ditto|300/300","|move|p2a: Metal Staravia|Whirlwind|p1a: Ditto","|drag|p1a: Audino|Audino, M|388/388","|-damage|p1a: Audino|340/388|[from] Stealth Rock","|-damage|p1a: Audino|243/388|[from] Spikes","|","|turn|13","|","|switch|p2a: Quinn the Rascal|Excadrill, F, shiny|362/362","|-ability|p2a: Quinn the Rascal|Mold Breaker","|detailschange|p1a: Audino|Audino-Mega, M","|-mega|p1a: Audino|Audino|Audinite","|move|p1a: Audino|Flamethrower|p2a: Quinn the Rascal","|-supereffective|p2a: Quinn the Rascal","|-damage|p2a: Quinn the Rascal|176/362","|","|turn|14","|","|switch|p1a: Ditto|Ditto|300/300","|-damage|p1a: Ditto|263/300|[from] Stealth Rock","|-damage|p1a: Ditto|188/300|[from] Spikes","|-transform|p1a: Ditto|p2a: Quinn the Rascal","|-ability|p1a: Ditto|Mold Breaker","|move|p2a: Quinn the Rascal|Iron Head|p1a: Ditto","|-resisted|p1a: Ditto","|-damage|p1a: Ditto|77/300","|","|turn|15","|","|switch|p2a: Metal Staravia|Skarmory, M, shiny|270/333 par","|move|p1a: Ditto|Earthquake|p2a: Metal Staravia","|-immune|p2a: Metal Staravia|[msg]","|","|turn|16","|","|move|p1a: Ditto|Earthquake|p2a: Metal Staravia","|-immune|p2a: Metal Staravia|[msg]","|move|p2a: Metal Staravia|Roost|p2a: Metal Staravia","|-heal|p2a: Metal Staravia|333/333 par","|","|turn|17","|","|move|p1a: Ditto|Earthquake|p2a: Metal Staravia","|-immune|p2a: Metal Staravia|[msg]","|move|p2a: Metal Staravia|Whirlwind|p1a: Ditto","|drag|p1a: Audino|Audino-Mega, M|243/388","|-damage|p1a: Audino|195/388|[from] Stealth Rock","|-damage|p1a: Audino|98/388|[from] Spikes","|","|turn|18","|","|switch|p2a: Happy Karen|Heatran, F, shiny|386/386","|move|p1a: Audino|Flamethrower|p2a: Happy Karen","|-start|p2a: Happy Karen|ability: Flash Fire","|","|turn|19","|","|switch|p1a: Ditto|Ditto|77/300","|-damage|p1a: Ditto|40/300|[from] Stealth Rock","|-damage|p1a: Ditto|0 fnt|[from] Spikes","|faint|p1a: Ditto","|move|p2a: Happy Karen|Lava Plume|p1: Ditto|[notarget]","|-notarget","|","|","|switch|p1a: Snorlax|Snorlax, M|523/523","|-damage|p1a: Snorlax|458/523|[from] Stealth Rock","|-damage|p1a: Snorlax|328/523|[from] Spikes","|turn|20","|","|-end|p2a: Happy Karen|ability: Flash Fire|[silent]","|switch|p2a: Metal Staravia|Skarmory, M, shiny|333/333 par","|move|p1a: Snorlax|Earthquake|p2a: Metal Staravia","|-immune|p2a: Metal Staravia|[msg]","|","|-heal|p1a: Snorlax|360/523|[from] item: Leftovers","|turn|21","|","|move|p1a: Snorlax|Rest|p1a: Snorlax","|-status|p1a: Snorlax|slp","|-heal|p1a: Snorlax|523/523 slp|[silent]","|-status|p1a: Snorlax|slp|[from] move: Rest","|move|p2a: Metal Staravia|Whirlwind|p1a: Snorlax","|drag|p1a: Kecleon|Kecleon, F|283/323","|-damage|p1a: Kecleon|243/323|[from] Stealth Rock","|-damage|p1a: Kecleon|163/323|[from] Spikes","|","|turn|22","|","|move|p1a: Kecleon|Fire Punch|p2a: Metal Staravia","|-start|p1a: Kecleon|typechange|Fire|[from] Protean","|-supereffective|p2a: Metal Staravia","|-damage|p2a: Metal Staravia|161/333 par","|-damage|p1a: Kecleon|110/323|[from] item: Rocky Helmet|[of] p2a: Metal Staravia","|-damage|p1a: Kecleon|78/323|[from] item: Life Orb","|move|p2a: Metal Staravia|Whirlwind|p1a: Kecleon","|drag|p1a: Snorlax|Snorlax, M|523/523 slp","|-damage|p1a: Snorlax|458/523 slp|[from] Stealth Rock","|-damage|p1a: Snorlax|328/523 slp|[from] Spikes","|","|-heal|p1a: Snorlax|360/523 slp|[from] item: Leftovers","|turn|23","|","|cant|p1a: Snorlax|slp","|move|p1a: Snorlax|Sleep Talk|p1a: Snorlax","|move|p1a: Snorlax|Earthquake|p2a: Metal Staravia|[from]Sleep Talk","|-immune|p2a: Metal Staravia|[msg]","|move|p2a: Metal Staravia|Roost|p2a: Metal Staravia","|-heal|p2a: Metal Staravia|328/333 par","|","|-heal|p1a: Snorlax|392/523 slp|[from] item: Leftovers","|turn|24","|","|win|Warden Staravia"],"p1rating":{"entryid":"7460015","serverid":"eos","formatid":"monotype","userid":"guardnaruto","username":"Guard Naruto","w":"3","l":8,"t":"0","gxe":40.4,"r":"1466.0434440081","rd":"122.3574861412","sigma":"0","rptime":"1439024400","rpr":1425.0939125653,"rprd":84.914569365602,"rpsigma":"0","acre":1043.6866170084,"lacre":1043.6866170084,"oldacre":"1053.8818646327"},"p2rating":{"entryid":"5867986","serverid":"eos","formatid":"monotype","userid":"wardenstaravia","username":"Warden Staravia","w":57,"l":"31","t":"0","gxe":66.3,"r":"1624.0776490883","rd":"50.866593020914","sigma":"0","rptime":"1439024400","rpr":1628.1766892832,"rprd":50.473391383826,"rpsigma":"0","acre":1230.4025629894,"lacre":1230.4025629894,"oldacre":"1216.3069293133"},"endType":"forfeit"}