{"seed":[19067,35438,2674,47563],"turns":23,"p1":"V Psychic","p2":"Alliance-SeaHutch","p1team":[{"name":"Terrakion","species":"Terrakion","item":"focussash","ability":"Justified","moves":["stealthrock","closecombat","earthquake","stoneedge"],"nature":"Jolly","evs":{"hp":0,"atk":0,"def":4,"spa":248,"spd":0,"spe":252},"ivs":{"hp":31,"atk":31,"def":31,"spa":31,"spd":31,"spe":31}},{"name":"Keldeo-Resolute","species":"Keldeo-Resolute","item":"leftovers","ability":"Justified","moves":["substitute","calmmind","scald","secretsword"],"nature":"Timid","evs":{"hp":0,"atk":0,"def":4,"spa":252,"spd":0,"spe":252},"ivs":{"hp":31,"atk":0,"def":31,"spa":31,"spd":31,"spe":31}},{"name":"Gallade","species":"Gallade","item":"galladite","ability":"Steadfast","moves":["swordsdance","psychocut","drainpunch","shadowsneak"],"nature":"Jolly","evs":{"hp":0,"atk":252,"def":0,"spa":0,"spd":4,"spe":252},"ivs":{"hp":31,"atk":31,"def":31,"spa":31,"spd":31,"spe":31}},{"name":"Hawlucha","species":"Hawlucha","item":"sitrusberry","ability":"Unburden","moves":["substitute","swordsdance","highjumpkick","acrobatics"],"nature":"Jolly","evs":{"hp":12,"atk":252,"def":0,"spa":0,"spd":0,"spe":244},"ivs":{"hp":31,"atk":31,"def":31,"spa":31,"spd":31,"spe":31}},{"name":"Cobalion","species":"Cobalion","item":"leftovers","ability":"Justified","moves":["closecombat","voltswitch","ironhead","thunderwave"],"nature":"Jolly","evs":{"hp":0,"atk":112,"def":0,"spa":0,"spd":0,"spe":252},"ivs":{"hp":31,"atk":31,"def":31,"spa":31,"spd":31,"spe":31}},{"name":"Infernape","species":"Infernape","item":"choicescarf","ability":"Blaze","moves":["uturn","flareblitz","closecombat","gunkshot"],"nature":"Jolly","evs":{"hp":0,"atk":252,"def":0,"spa":0,"spd":4,"spe":252},"ivs":{"hp":31,"atk":31,"def":31,"spa":31,"spd":31,"spe":31}}],"p2team":[{"name":"Jenna Marbles","species":"garchomp","item":"rockyhelmet","ability":"Rough Skin","moves":["dragontail","earthquake","stealthrock","rest"],"nature":"Lax","evs":{"hp":252,"atk":0,"def":236,"spa":0,"spd":0,"spe":20},"ivs":{"hp":31,"atk":31,"def":31,"spa":31,"spd":31,"spe":31}},{"name":"Gooey ( ͡° ͜ʖ ͡°)","species":"goodra","item":"assaultvest","ability":"Gooey","moves":["dragonpulse","fireblast","earthquake","sludgebomb"],"nature":"Quiet","evs":{"hp":248,"atk":8,"def":0,"spa":252,"spd":0,"spe":0},"ivs":{"hp":31,"atk":31,"def":31,"spa":31,"spd":31,"spe":31}},{"name":"The Mailman","species":"dragonite","item":"choiceband","ability":"Multiscale","moves":["firepunch","outrage","extremespeed","earthquake"],"nature":"Adamant","evs":{"hp":0,"atk":252,"def":0,"spa":0,"spd":4,"spe":252},"ivs":{"hp":31,"atk":31,"def":31,"spa":31,"spd":31,"spe":31}},{"name":"Jet Blue","species":"latios","item":"lifeorb","ability":"Levitate","moves":["dragonpulse","psyshock","defog","surf"],"nature":"Timid","evs":{"hp":0,"atk":0,"def":0,"spa":252,"spd":4,"spe":252},"ivs":{"hp":31,"atk":0,"def":31,"spa":31,"spd":31,"spe":31}},{"name":"Plz Don't Ban Me","species":"altaria","item":"altarianite","ability":"Natural Cure","moves":["healbell","hypervoice","roost","fireblast"],"nature":"Calm","evs":{"hp":248,"atk":0,"def":0,"spa":8,"spd":252,"spe":0},"ivs":{"hp":31,"atk":0,"def":31,"spa":31,"spd":31,"spe":31},"happiness":0},{"name":"Kaneki Ken","species":"kyuremblack","item":"choicescarf","ability":"Teravolt","moves":["outrage","fusionbolt","icebeam","ironhead"],"nature":"Hasty","evs":{"hp":0,"atk":252,"def":0,"spa":4,"spd":0,"spe":252},"ivs":{"hp":31,"atk":31,"def":31,"spa":31,"spd":31,"spe":31}}],"log":["|player|p1|V Psychic|167","|player|p2|Alliance-SeaHutch|169","|gametype|singles","|gen|6","|tier|Monotype","|rated","|rule|Baton Pass Clause: Limit one Baton Passer, can't pass Spe and other stats simultaneously","|rule|Swagger Clause: Swagger is banned","|rule|Same Type Clause: Pokémon in a team must share a type","|clearpoke","|poke|p1|Terrakion","|poke|p1|Keldeo-Resolute","|poke|p1|Gallade, M","|poke|p1|Hawlucha, F","|poke|p1|Cobalion","|poke|p1|Infernape, F","|poke|p2|Garchomp, M","|poke|p2|Goodra, F","|poke|p2|Dragonite, F","|poke|p2|Latios, M","|poke|p2|Altaria, M","|poke|p2|Kyurem-Black","|rule|Sleep Clause Mod: Limit one foe put to sleep","|rule|Species Clause: Limit one of each Pokémon","|rule|OHKO Clause: OHKO moves are banned","|rule|Moody Clause: Moody is banned","|rule|Evasion Moves Clause: Evasion moves are banned","|rule|Endless Battle Clause: Forcing endless battles is banned","|rule|HP Percentage Mod: HP is shown in percentages","|teampreview","|","|start","|switch|p1a: Keldeo-Resolute|Keldeo-Resolute|323/323","|switch|p2a: Jenna Marbles|Garchomp, M|420/420","|turn|1","|","|switch|p2a: Gooey ( ͡° ͜ʖ ͡°)|Goodra, F|383/383","|move|p1a: Keldeo-Resolute|Scald|p2a: Gooey ( ͡° ͜ʖ ͡°)","|-crit|p2a: Gooey ( ͡° ͜ʖ ͡°)","|-resisted|p2a: Gooey ( ͡° ͜ʖ ͡°)","|-damage|p2a: Gooey ( ͡° ͜ʖ ͡°)|329/383","|","|turn|2","|","|switch|p1a: Cobalion|Cobalion|323/323","|move|p2a: Gooey ( ͡° ͜ʖ ͡°)|Dragon Pulse|p1a: Cobalion","|-resisted|p1a: Cobalion","|-damage|p1a: Cobalion|233/323","|","|-heal|p1a: Cobalion|253/323|[from] item: Leftovers","|turn|3","|","|move|p1a: Cobalion|Close Combat|p2a: Gooey ( ͡° ͜ʖ ͡°)","|-damage|p2a: Gooey ( ͡° ͜ʖ ͡°)|142/383","|-unboost|p1a: Cobalion|spe|1","|-unboost|p1a: Cobalion|def|1","|-unboost|p1a: Cobalion|spd|1","|move|p2a: Gooey ( ͡° ͜ʖ ͡°)|Fire Blast|p1a: Cobalion","|-supereffective|p1a: Cobalion","|-damage|p1a: Cobalion|0 fnt","|faint|p1a: Cobalion","|","|","|switch|p1a: Infernape|Infernape, F|293/293","|turn|4","|","|move|p1a: Infernape|Close Combat|p2a: Gooey ( ͡° ͜ʖ ͡°)","|-damage|p2a: Gooey ( ͡° ͜ʖ ͡°)|0 fnt","|-unboost|p1a: Infernape|spe|1","|-unboost|p1a: Infernape|def|1","|-unboost|p1a: Infernape|spd|1","|faint|p2a: Gooey ( ͡° ͜ʖ ͡°)","|","|","|switch|p2a: Jenna Marbles|Garchomp, M|420/420","|turn|5","|","|switch|p1a: Keldeo-Resolute|Keldeo-Resolute|323/323","|move|p2a: Jenna Marbles|Stealth Rock|p1a: Keldeo-Resolute","|-sidestart|p1: V Psychic|move: Stealth Rock","|","|turn|6","|","|move|p1a: Keldeo-Resolute|Substitute|p1a: Keldeo-Resolute","|-start|p1a: Keldeo-Resolute|Substitute","|-damage|p1a: Keldeo-Resolute|243/323","|move|p2a: Jenna Marbles|Dragon Tail|p1a: Keldeo-Resolute","|-end|p1a: Keldeo-Resolute|Substitute","|","|-heal|p1a: Keldeo-Resolute|263/323|[from] item: Leftovers","|turn|7","|","|move|p1a: Keldeo-Resolute|Scald|p2a: Jenna Marbles","|-damage|p2a: Jenna Marbles|234/420","|move|p2a: Jenna Marbles|Earthquake|p1a: Keldeo-Resolute","|-damage|p1a: Keldeo-Resolute|89/323","|","|-heal|p1a: Keldeo-Resolute|109/323|[from] item: Leftovers","|turn|8","|","|move|p1a: Keldeo-Resolute|Scald|p2a: Jenna Marbles","|-damage|p2a: Jenna Marbles|62/420","|-status|p2a: Jenna Marbles|brn","|move|p2a: Jenna Marbles|Rest|p2a: Jenna Marbles","|-status|p2a: Jenna Marbles|slp","|-heal|p2a: Jenna Marbles|420/420 slp|[silent]","|-status|p2a: Jenna Marbles|slp|[from] move: Rest","|","|-heal|p1a: Keldeo-Resolute|129/323|[from] item: Leftovers","|turn|9","|","|switch|p2a: Plz Don't Ban Me|Altaria, M|353/353","|move|p1a: Keldeo-Resolute|Calm Mind|p1a: Keldeo-Resolute","|-boost|p1a: Keldeo-Resolute|spa|1","|-boost|p1a: Keldeo-Resolute|spd|1","|","|-heal|p1a: Keldeo-Resolute|149/323|[from] item: Leftovers","|turn|10","|","|detailschange|p2a: Plz Don't Ban Me|Altaria-Mega, M","|-mega|p2a: Plz Don't Ban Me|Altaria|Altarianite","|move|p1a: Keldeo-Resolute|Scald|p2a: Plz Don't Ban Me","|-resisted|p2a: Plz Don't Ban Me","|-damage|p2a: Plz Don't Ban Me|277/353","|move|p2a: Plz Don't Ban Me|Hyper Voice|p1a: Keldeo-Resolute","|-crit|p1a: Keldeo-Resolute","|-supereffective|p1a: Keldeo-Resolute","|-damage|p1a: Keldeo-Resolute|0 fnt","|faint|p1a: Keldeo-Resolute","|","|","|switch|p1a: Infernape|Infernape, F|293/293","|-damage|p1a: Infernape|257/293|[from] Stealth Rock","|turn|11","|","|move|p1a: Infernape|Gunk Shot|p2a: Plz Don't Ban Me","|-supereffective|p2a: Plz Don't Ban Me","|-damage|p2a: Plz Don't Ban Me|63/353","|move|p2a: Plz Don't Ban Me|Heal Bell|p2a: Plz Don't Ban Me","|-cureteam|p2a: Plz Don't Ban Me|[from] move: HealBell","|","|turn|12","|","|switch|p2a: Jenna Marbles|Garchomp, M|420/420","|move|p1a: Infernape|Gunk Shot|p2a: Jenna Marbles|[miss]","|-miss|p1a: Infernape|p2a: Jenna Marbles","|","|turn|13","|","|switch|p1a: Hawlucha|Hawlucha, F|300/300","|-damage|p1a: Hawlucha|263/300|[from] Stealth Rock","|move|p2a: Jenna Marbles|Earthquake|p1a: Hawlucha","|-immune|p1a: Hawlucha|[msg]","|","|turn|14","|","|move|p1a: Hawlucha|Acrobatics|p2a: Jenna Marbles","|-damage|p2a: Jenna Marbles|365/420","|-damage|p1a: Hawlucha|226/300|[from] ability: Rough Skin|[of] p2a: Jenna Marbles","|-damage|p1a: Hawlucha|176/300|[from] item: Rocky Helmet|[of] p2a: Jenna Marbles","|move|p2a: Jenna Marbles|Dragon Tail|p1a: Hawlucha","|-damage|p1a: Hawlucha|58/300","|drag|p1a: Gallade|Gallade, M|277/277","|-damage|p1a: Gallade|260/277|[from] Stealth Rock","|","|turn|15","|","|detailschange|p1a: Gallade|Gallade-Mega, M","|-mega|p1a: Gallade|Gallade|Galladite","|move|p1a: Gallade|Drain Punch|p2a: Jenna Marbles","|-damage|p2a: Jenna Marbles|244/420","|-heal|p1a: Gallade|277/277|[from] drain|[of] p2a: Jenna Marbles","|-damage|p1a: Gallade|243/277|[from] ability: Rough Skin|[of] p2a: Jenna Marbles","|-damage|p1a: Gallade|197/277|[from] item: Rocky Helmet|[of] p2a: Jenna Marbles","|move|p2a: Jenna Marbles|Dragon Tail|p1a: Gallade","|-damage|p1a: Gallade|97/277","|drag|p1a: Infernape|Infernape, F|257/293","|-damage|p1a: Infernape|221/293|[from] Stealth Rock","|","|turn|16","|","|switch|p1a: Hawlucha|Hawlucha, F|58/300","|-damage|p1a: Hawlucha|21/300|[from] Stealth Rock","|-enditem|p1a: Hawlucha|Sitrus Berry|[eat]","|-heal|p1a: Hawlucha|96/300|[from] item: Sitrus Berry","|move|p2a: Jenna Marbles|Earthquake|p1a: Hawlucha","|-immune|p1a: Hawlucha|[msg]","|","|turn|17","|","|move|p1a: Hawlucha|Acrobatics|p2a: Jenna Marbles","|-damage|p2a: Jenna Marbles|118/420","|-damage|p1a: Hawlucha|59/300|[from] ability: Rough Skin|[of] p2a: Jenna Marbles","|-damage|p1a: Hawlucha|9/300|[from] item: Rocky Helmet|[of] p2a: Jenna Marbles","|move|p2a: Jenna Marbles|Rest|p2a: Jenna Marbles","|-status|p2a: Jenna Marbles|slp","|-heal|p2a: Jenna Marbles|420/420 slp|[silent]","|-status|p2a: Jenna Marbles|slp|[from] move: Rest","|","|turn|18","|","|move|p1a: Hawlucha|Acrobatics|p2a: Jenna Marbles","|-damage|p2a: Jenna Marbles|299/420 slp","|-damage|p1a: Hawlucha|0 fnt|[from] ability: Rough Skin|[of] p2a: Jenna Marbles","|faint|p1a: Hawlucha","|cant|p2a: Jenna Marbles|slp","|","|","|switch|p1a: Gallade|Gallade-Mega, M|97/277","|-damage|p1a: Gallade|80/277|[from] Stealth Rock","|turn|19","|","|move|p1a: Gallade|Swords Dance|p1a: Gallade","|-boost|p1a: Gallade|atk|2","|cant|p2a: Jenna Marbles|slp","|","|turn|20","|","|move|p1a: Gallade|Drain Punch|p2a: Jenna Marbles","|-damage|p2a: Jenna Marbles|49/420 slp","|-heal|p1a: Gallade|205/277|[from] drain|[of] p2a: Jenna Marbles","|-damage|p1a: Gallade|171/277|[from] ability: Rough Skin|[of] p2a: Jenna Marbles","|-damage|p1a: Gallade|125/277|[from] item: Rocky Helmet|[of] p2a: Jenna Marbles","|-curestatus|p2a: Jenna Marbles|slp","|move|p2a: Jenna Marbles|Earthquake|p1a: Gallade","|-damage|p1a: Gallade|0 fnt","|faint|p1a: Gallade","|","|","|switch|p1a: Terrakion|Terrakion|323/323","|-damage|p1a: Terrakion|303/323|[from] Stealth Rock","|turn|21","|","|move|p1a: Terrakion|Earthquake|p2a: Jenna Marbles","|-damage|p2a: Jenna Marbles|0 fnt","|faint|p2a: Jenna Marbles","|","|","|switch|p2a: Jet Blue|Latios, M|301/301","|turn|22","|","|move|p2a: Jet Blue|Psyshock|p1a: Terrakion","|-supereffective|p1a: Terrakion","|-damage|p1a: Terrakion|0 fnt","|-damage|p2a: Jet Blue|271/301|[from] item: Life Orb","|faint|p1a: Terrakion","|","|","|switch|p1a: Infernape|Infernape, F|221/293","|-damage|p1a: Infernape|185/293|[from] Stealth Rock","|turn|23","|","|move|p1a: Infernape|U-turn|p2a: Jet Blue","|-supereffective|p2a: Jet Blue","|-damage|p2a: Jet Blue|97/301","|move|p2a: Jet Blue|Psyshock|p1a: Infernape","|-supereffective|p1a: Infernape","|-damage|p1a: Infernape|0 fnt","|-damage|p2a: Jet Blue|67/301|[from] item: Life Orb","|faint|p1a: Infernape","|","|win|Alliance-SeaHutch"],"p1rating":{"entryid":"7467690","serverid":"eos","formatid":"monotype","userid":"vpsychic","username":"V Psychic","w":"18","l":7,"t":"0","gxe":65.8,"r":"1590.5768731025","rd":"107.81252429981","sigma":"0","rptime":"1439024400","rpr":1625.337085542,"rprd":65.560959532678,"rpsigma":"0","acre":1264.8333525255,"lacre":1264.8333525255,"oldacre":"1281.0185128674"},"p2rating":{"entryid":"6933655","serverid":"eos","formatid":"monotype","userid":"allianceseahutch","username":"Alliance-SeaHutch","w":35,"l":"5","t":"0","gxe":80.3,"r":"1722.2033487907","rd":"66.702334317651","sigma":"0","rptime":"1439024400","rpr":1768.7296535041,"rprd":60.555360953148,"rpsigma":"0","acre":1421.9627716414,"lacre":1421.9627716414,"oldacre":"1409.0146433679"},"endType":"normal"}