{"seed":[2005,10283,10106,54893],"turns":30,"p1":"Guard Choppah","p2":"Zukushiku","p1team":[{"name":"Skarmory","species":"Skarmory","item":"rockyhelmet","ability":"Sturdy","moves":["defog","bravebird","roost","spikes"],"nature":"Impish","evs":{"hp":252,"atk":4,"def":252,"spa":0,"spd":0,"spe":0},"ivs":{"hp":31,"atk":31,"def":31,"spa":31,"spd":31,"spe":31}},{"name":"Heatran","species":"Heatran","item":"leftovers","ability":"Flash Fire","moves":["toxic","lavaplume","flashcannon","protect"],"nature":"Calm","evs":{"hp":252,"atk":0,"def":0,"spa":4,"spd":252,"spe":0},"ivs":{"hp":31,"atk":31,"def":31,"spa":31,"spd":31,"spe":31}},{"name":"Ferrothorn","species":"Ferrothorn","item":"rockyhelmet","ability":"Iron Barbs","moves":["leechseed","powerwhip","toxic","stealthrock"],"nature":"Careful","evs":{"hp":248,"atk":8,"def":0,"spa":0,"spd":252,"spe":0},"ivs":{"hp":31,"atk":31,"def":31,"spa":31,"spd":31,"spe":31}},{"name":"Scizor","species":"Scizor","item":"scizorite","ability":"Technician","moves":["roost","bulletpunch","swordsdance","aerialace"],"nature":"Impish","evs":{"hp":248,"atk":0,"def":252,"spa":0,"spd":8,"spe":0},"ivs":{"hp":31,"atk":31,"def":31,"spa":31,"spd":31,"spe":31}},{"name":"Bisharp","species":"Bisharp","item":"lifeorb","ability":"Defiant","moves":["knockoff","ironhead","suckerpunch","pursuit"],"nature":"Jolly","evs":{"hp":0,"atk":252,"def":0,"spa":0,"spd":4,"spe":252},"ivs":{"hp":31,"atk":31,"def":31,"spa":31,"spd":31,"spe":31}},{"name":"Magnezone","species":"Magnezone","item":"choicescarf","ability":"Magnet Pull","moves":["thunderbolt","voltswitch","flashcannon","hiddenpowerfire"],"nature":"Timid","evs":{"hp":0,"atk":0,"def":0,"spa":252,"spd":4,"spe":252},"ivs":{"hp":31,"atk":30,"def":31,"spa":30,"spd":31,"spe":30}}],"p2team":[{"name":"Rotom","species":"Rotom","item":"lifeorb","ability":"Levitate","moves":["substitute","painsplit","thunderbolt","shadowball"],"nature":"Timid","evs":{"hp":0,"atk":0,"def":4,"spa":252,"spd":0,"spe":252},"shiny":true,"ivs":{"hp":31,"atk":31,"def":31,"spa":31,"spd":31,"spe":31}},{"name":"Jellicent","species":"Jellicent","item":"leftovers","ability":"Water Absorb","moves":["recover","taunt","toxic","scald"],"nature":"Calm","evs":{"hp":240,"atk":0,"def":0,"spa":0,"spd":216,"spe":52},"gender":"F","shiny":true,"ivs":{"hp":31,"atk":31,"def":31,"spa":31,"spd":31,"spe":31}},{"name":"Sableye","species":"Sableye","item":"sablenite","ability":"Prankster","moves":["knockoff","willowisp","recover","foulplay"],"nature":"Careful","evs":{"hp":252,"atk":0,"def":112,"spa":0,"spd":144,"spe":0},"shiny":true,"ivs":{"hp":31,"atk":31,"def":31,"spa":31,"spd":31,"spe":31}},{"name":"Golurk","species":"Golurk","item":"focussash","ability":"No Guard","moves":["dynamicpunch","stealthrock","earthquake","stoneedge"],"nature":"Adamant","evs":{"hp":0,"atk":252,"def":0,"spa":0,"spd":4,"spe":252},"ivs":{"hp":31,"atk":31,"def":31,"spa":31,"spd":31,"spe":31}},{"name":"Hoopa","species":"Hoopa","item":"lifeorb","ability":"Magician","moves":["psychic","shadowball","drainpunch","substitute"],"nature":"Hasty","evs":{"hp":0,"atk":84,"def":0,"spa":172,"spd":0,"spe":252},"ivs":{"hp":31,"atk":31,"def":31,"spa":31,"spd":31,"spe":31}},{"name":"Chandelure","species":"Chandelure","item":"choicescarf","ability":"Flash Fire","moves":["fireblast","hiddenpowerice","energyball","shadowball"],"nature":"Timid","evs":{"hp":0,"atk":0,"def":0,"spa":252,"spd":4,"spe":252},"ivs":{"hp":31,"atk":0,"def":30,"spa":31,"spd":31,"spe":31}}],"log":["|player|p1|Guard Choppah|146","|player|p2|Zukushiku|zukushiku.png","|gametype|singles","|gen|6","|tier|Monotype","|rated","|rule|Baton Pass Clause: Limit one Baton Passer, can't pass Spe and other stats simultaneously","|rule|Swagger Clause: Swagger is banned","|rule|Same Type Clause: Pokémon in a team must share a type","|clearpoke","|poke|p1|Skarmory, F","|poke|p1|Heatran, M","|poke|p1|Ferrothorn, F","|poke|p1|Scizor, F","|poke|p1|Bisharp, F","|poke|p1|Magnezone","|poke|p2|Rotom, shiny","|poke|p2|Jellicent, F, shiny","|poke|p2|Sableye, M, shiny","|poke|p2|Golurk","|poke|p2|Hoopa","|poke|p2|Chandelure, F","|rule|Sleep Clause Mod: Limit one foe put to sleep","|rule|Species Clause: Limit one of each Pokémon","|rule|OHKO Clause: OHKO moves are banned","|rule|Moody Clause: Moody is banned","|rule|Evasion Moves Clause: Evasion moves are banned","|rule|Endless Battle Clause: Forcing endless battles is banned","|rule|HP Percentage Mod: HP is shown in percentages","|teampreview","|","|start","|switch|p1a: Magnezone|Magnezone|281/281","|switch|p2a: Sableye|Sableye, M, shiny|304/304","|turn|1","|","|switch|p2a: Golurk|Golurk|319/319","|move|p1a: Magnezone|Thunderbolt|p2a: Golurk","|-immune|p2a: Golurk|[msg]","|","|turn|2","|","|switch|p1a: Skarmory|Skarmory, F|334/334","|switch|p2a: Sableye|Sableye, M, shiny|304/304","|","|turn|3","|","|switch|p1a: Heatran|Heatran, M|386/386","|detailschange|p2a: Sableye|Sableye-Mega, M, shiny","|-mega|p2a: Sableye|Sableye|Sablenite","|move|p2a: Sableye|Knock Off|p1a: Heatran","|-damage|p1a: Heatran|292/386","|-enditem|p1a: Heatran|Leftovers|[from] move: Knock Off|[of] p2a: Sableye","|","|turn|4","|","|move|p1a: Heatran|Lava Plume|p2a: Sableye","|-damage|p2a: Sableye|225/304","|move|p2a: Sableye|Foul Play|p1a: Heatran","|-damage|p1a: Heatran|210/386","|","|turn|5","|","|move|p1a: Heatran|Toxic|p2a: Sableye","|move|p2a: Sableye|Toxic|p1a: Heatran|[from]Magic Bounce","|-immune|p1a: Heatran|[msg]","|move|p2a: Sableye|Recover|p2a: Sableye","|-heal|p2a: Sableye|304/304","|","|turn|6","|","|switch|p2a: Hoopa|Hoopa|301/301","|move|p1a: Heatran|Lava Plume|p2a: Hoopa","|-damage|p2a: Hoopa|198/301","|","|turn|7","|","|move|p1a: Heatran|Protect|p1a: Heatran","|-singleturn|p1a: Heatran|Protect","|move|p2a: Hoopa|Substitute|p2a: Hoopa","|-start|p2a: Hoopa|Substitute","|-damage|p2a: Hoopa|123/301","|","|turn|8","|","|move|p2a: Hoopa|Drain Punch|p1a: Heatran","|-supereffective|p1a: Heatran","|-damage|p1a: Heatran|51/386","|-heal|p2a: Hoopa|203/301|[from] drain|[of] p1a: Heatran","|-damage|p2a: Hoopa|173/301|[from] item: Life Orb","|move|p1a: Heatran|Flash Cannon|p2a: Hoopa","|-end|p2a: Hoopa|Substitute","|","|turn|9","|","|move|p2a: Hoopa|Shadow Ball|p1a: Heatran","|-damage|p1a: Heatran|0 fnt","|-damage|p2a: Hoopa|143/301|[from] item: Life Orb","|faint|p1a: Heatran","|","|","|switch|p1a: Bisharp|Bisharp, F|271/271","|turn|10","|","|move|p1a: Bisharp|Pursuit|p2a: Hoopa","|-supereffective|p2a: Hoopa","|-damage|p2a: Hoopa|0 fnt","|-damage|p1a: Bisharp|244/271|[from] item: Life Orb","|faint|p2a: Hoopa","|","|","|switch|p2a: Sableye|Sableye-Mega, M, shiny|304/304","|turn|11","|","|switch|p1a: Magnezone|Magnezone|281/281","|move|p2a: Sableye|Will-O-Wisp|p1a: Magnezone","|-status|p1a: Magnezone|brn","|","|-damage|p1a: Magnezone|246/281 brn|[from] brn","|turn|12","|","|move|p1a: Magnezone|Flash Cannon|p2a: Sableye","|-damage|p2a: Sableye|202/304","|move|p2a: Sableye|Recover|p2a: Sableye","|-heal|p2a: Sableye|304/304","|","|-damage|p1a: Magnezone|211/281 brn|[from] brn","|turn|13","|","|move|p1a: Magnezone|Flash Cannon|p2a: Sableye","|-damage|p2a: Sableye|205/304","|move|p2a: Sableye|Will-O-Wisp|p1a: Magnezone","|-fail|p1a: Magnezone|brn","|","|-damage|p1a: Magnezone|176/281 brn|[from] brn","|turn|14","|","|move|p1a: Magnezone|Flash Cannon|p2a: Sableye","|-damage|p2a: Sableye|97/304","|move|p2a: Sableye|Recover|p2a: Sableye","|-heal|p2a: Sableye|249/304","|","|-damage|p1a: Magnezone|141/281 brn|[from] brn","|turn|15","|","|move|p1a: Magnezone|Flash Cannon|p2a: Sableye","|-damage|p2a: Sableye|138/304","|move|p2a: Sableye|Recover|p2a: Sableye","|-heal|p2a: Sableye|290/304","|","|-damage|p1a: Magnezone|106/281 brn|[from] brn","|turn|16","|","|switch|p2a: Rotom|Rotom, shiny|241/241","|move|p1a: Magnezone|Flash Cannon|p2a: Rotom","|-resisted|p2a: Rotom","|-damage|p2a: Rotom|145/241","|","|-damage|p1a: Magnezone|71/281 brn|[from] brn","|turn|17","|","|move|p1a: Magnezone|Flash Cannon|p2a: Rotom","|-resisted|p2a: Rotom","|-damage|p2a: Rotom|59/241","|move|p2a: Rotom|Shadow Ball|p1a: Magnezone","|-damage|p1a: Magnezone|0 fnt","|-damage|p2a: Rotom|35/241|[from] item: Life Orb","|faint|p1a: Magnezone","|","|","|switch|p1a: Scizor|Scizor, F|343/343","|turn|18","|","|detailschange|p1a: Scizor|Scizor-Mega, F","|-mega|p1a: Scizor|Scizor|Scizorite","|move|p1a: Scizor|Bullet Punch|p2a: Rotom","|-resisted|p2a: Rotom","|-damage|p2a: Rotom|0 fnt","|faint|p2a: Rotom","|","|","|switch|p2a: Chandelure|Chandelure, F|261/261","|turn|19","|","|switch|p1a: Skarmory|Skarmory, F|334/334","|move|p2a: Chandelure|Fire Blast|p1a: Skarmory","|-supereffective|p1a: Skarmory","|-ability|p1a: Skarmory|Sturdy","|-damage|p1a: Skarmory|1/334","|","|turn|20","|","|switch|p2a: Sableye|Sableye-Mega, M, shiny|290/304","|move|p1a: Skarmory|Brave Bird|p2a: Sableye","|-damage|p2a: Sableye|196/304","|-damage|p1a: Skarmory|0 fnt|[from] recoil|[of] p2a: Sableye","|faint|p1a: Skarmory","|","|","|switch|p1a: Bisharp|Bisharp, F|244/271","|turn|21","|","|move|p1a: Bisharp|Iron Head|p2a: Sableye","|-damage|p2a: Sableye|54/304","|-damage|p1a: Bisharp|217/271|[from] item: Life Orb","|cant|p2a: Sableye|flinch","|","|turn|22","|","|move|p1a: Bisharp|Knock Off|p2a: Sableye","|-damage|p2a: Sableye|0 fnt","|-damage|p1a: Bisharp|190/271|[from] item: Life Orb","|faint|p2a: Sableye","|","|","|switch|p2a: Golurk|Golurk|319/319","|turn|23","|","|switch|p1a: Ferrothorn|Ferrothorn, F|351/351","|switch|p2a: Chandelure|Chandelure, F|261/261","|","|turn|24","|","|switch|p1a: Scizor|Scizor-Mega, F|343/343","|move|p2a: Chandelure|Fire Blast|p1a: Scizor","|-supereffective|p1a: Scizor","|-damage|p1a: Scizor|0 fnt","|faint|p1a: Scizor","|","|","|switch|p1a: Bisharp|Bisharp, F|190/271","|turn|25","|","|move|p1a: Bisharp|Pursuit|p2a: Chandelure|[from]Pursuit","|-supereffective|p2a: Chandelure","|-damage|p2a: Chandelure|0 fnt","|-damage|p1a: Bisharp|163/271|[from] item: Life Orb","|faint|p2a: Chandelure","|","|","|switch|p2a: Golurk|Golurk|319/319","|turn|26","|","|switch|p1a: Ferrothorn|Ferrothorn, F|351/351","|move|p2a: Golurk|Dynamic Punch|p1a: Ferrothorn","|-supereffective|p1a: Ferrothorn","|-damage|p1a: Ferrothorn|141/351","|-damage|p2a: Golurk|280/319|[from] ability: Iron Barbs|[of] p1a: Ferrothorn","|-damage|p2a: Golurk|227/319|[from] item: Rocky Helmet|[of] p1a: Ferrothorn","|-start|p1a: Ferrothorn|confusion","|","|turn|27","|","|move|p2a: Golurk|Stealth Rock|p1a: Ferrothorn","|-sidestart|p1: Guard Choppah|move: Stealth Rock","|-activate|p1a: Ferrothorn|confusion","|-damage|p1a: Ferrothorn|114/351|[from] confusion","|","|turn|28","|","|move|p2a: Golurk|Earthquake|p1a: Ferrothorn","|-damage|p1a: Ferrothorn|0 fnt","|faint|p1a: Ferrothorn","|","|","|switch|p1a: Bisharp|Bisharp, F|163/271","|-damage|p1a: Bisharp|147/271|[from] Stealth Rock","|turn|29","|","|move|p1a: Bisharp|Sucker Punch|p2a: Golurk","|-supereffective|p2a: Golurk","|-damage|p2a: Golurk|0 fnt","|-damage|p1a: Bisharp|120/271|[from] item: Life Orb","|faint|p2a: Golurk","|","|","|switch|p2a: Jellicent|Jellicent, F, shiny|401/401","|turn|30","|","|move|p1a: Bisharp|Knock Off|p2a: Jellicent","|-supereffective|p2a: Jellicent","|-damage|p2a: Jellicent|0 fnt","|-enditem|p2a: Jellicent|Leftovers|[from] move: Knock Off|[of] p1a: Bisharp","|-damage|p1a: Bisharp|93/271|[from] item: Life Orb","|faint|p2a: Jellicent","|","|win|Guard Choppah"],"p1rating":{"entryid":"7425426","serverid":"eos","formatid":"monotype","userid":"guardchoppah","username":"Guard Choppah","w":25,"l":"7","t":"0","gxe":75.7,"r":"1683.3319553746","rd":"71.936269136568","sigma":"0","rptime":"1438938000","rpr":1717.0492759724,"rprd":59.491631423431,"rpsigma":"0","acre":1344.4942505874,"lacre":1344.4942505874,"oldacre":"1322.335053775"},"p2rating":{"entryid":"7076911","serverid":"eos","formatid":"monotype","userid":"zukushiku","username":"Zukushiku","w":"34","l":15,"t":"0","gxe":68.2,"r":"1634.9406093833","rd":"52.160682231716","sigma":"0","rptime":"1438938000","rpr":1644.5841694678,"rprd":50.568513403167,"rpsigma":"0","acre":1337.8317019669,"lacre":1337.8317019669,"oldacre":"1359.9908987793"},"endType":"normal"}