{"seed":[35473,60075,32365,25531],"turns":45,"p1":"Intern Twizz","p2":"Guard Wanderer","p1team":[{"name":"Rotom-Wash","species":"Rotom-Wash","item":"choicescarf","ability":"Levitate","moves":["hydropump","voltswitch","trick","willowisp"],"nature":"Timid","evs":{"hp":0,"atk":0,"def":0,"spa":252,"spd":4,"spe":252},"ivs":{"hp":31,"atk":31,"def":31,"spa":31,"spd":31,"spe":31}},{"name":"Zapdos","species":"Zapdos","item":"leftovers","ability":"Pressure","moves":["toxic","roost","discharge","heatwave"],"nature":"Bold","evs":{"hp":0,"atk":0,"def":252,"spa":56,"spd":200,"spe":0},"ivs":{"hp":31,"atk":31,"def":31,"spa":31,"spd":31,"spe":31}},{"name":"Ampharos","species":"Ampharos","item":"ampharosite","ability":"Static","moves":["cottonguard","rest","sleeptalk","dragonpulse"],"nature":"Bold","evs":{"hp":0,"atk":0,"def":252,"spa":136,"spd":120,"spe":0},"ivs":{"hp":31,"atk":31,"def":31,"spa":31,"spd":31,"spe":31}},{"name":"Raikou","species":"Raikou","item":"leftovers","ability":"Pressure","moves":["substitute","calmmind","extrasensory","thunderbolt"],"nature":"Timid","evs":{"hp":0,"atk":0,"def":0,"spa":252,"spd":4,"spe":252},"ivs":{"hp":31,"atk":31,"def":31,"spa":31,"spd":31,"spe":31}},{"name":"Eelektross","species":"Eelektross","item":"assaultvest","ability":"Levitate","moves":["knockoff","drainpunch","gigadrain","thunderbolt"],"nature":"Brave","evs":{"hp":0,"atk":36,"def":0,"spa":220,"spd":252,"spe":0},"ivs":{"hp":31,"atk":31,"def":31,"spa":31,"spd":31,"spe":31}},{"name":"Magnezone","species":"Magnezone","item":"leftovers","ability":"Sturdy","moves":["flashcannon","thunderbolt","protect","hiddenpowerice"],"nature":"Modest","evs":{"hp":76,"atk":0,"def":180,"spa":252,"spd":0,"spe":0},"ivs":{"hp":31,"atk":30,"def":30,"spa":31,"spd":31,"spe":31}}],"p2team":[{"name":"Weezing","species":"Weezing","item":"sitrusberry","ability":"Levitate","moves":["toxicspikes","willowisp","memento","thief"],"nature":"Careful","evs":{"hp":248,"atk":8,"def":0,"spa":0,"spd":252,"spe":0},"ivs":{"hp":31,"atk":31,"def":31,"spa":31,"spd":31,"spe":31}},{"name":"Tentacruel","species":"Tentacruel","item":"assaultvest","ability":"Liquid Ooze","moves":["scald","acidspray","gigadrain","hex"],"nature":"Timid","evs":{"hp":0,"atk":0,"def":4,"spa":252,"spd":0,"spe":252},"ivs":{"hp":31,"atk":31,"def":31,"spa":31,"spd":31,"spe":31}},{"name":"Skuntank","species":"Skuntank","item":"","ability":"Stench","moves":["snatch","thief","suckerpunch","poisonjab"],"nature":"Adamant","evs":{"hp":248,"atk":252,"def":0,"spa":0,"spd":8,"spe":0},"ivs":{"hp":31,"atk":31,"def":31,"spa":31,"spd":31,"spe":31}},{"name":"Crobat","species":"Crobat","item":"whiteherb","ability":"Infiltrator","moves":["curse","acrobatics","roost","hypnosis"],"nature":"Jolly","evs":{"hp":248,"atk":8,"def":0,"spa":0,"spd":0,"spe":252},"ivs":{"hp":31,"atk":31,"def":31,"spa":31,"spd":31,"spe":31}},{"name":"Gengar","species":"Gengar","item":"choicescarf","ability":"Levitate","moves":["trick","destinybond","venoshock","hex"],"nature":"Timid","evs":{"hp":0,"atk":0,"def":0,"spa":252,"spd":4,"spe":252},"ivs":{"hp":31,"atk":31,"def":31,"spa":31,"spd":31,"spe":31}},{"name":"Amoonguss","species":"Amoonguss","item":"blacksludge","ability":"Regenerator","moves":["spore","gigadrain","gastroacid","stunspore"],"nature":"Calm","evs":{"hp":248,"atk":0,"def":0,"spa":8,"spd":252,"spe":0},"shiny":true,"ivs":{"hp":31,"atk":31,"def":31,"spa":31,"spd":31,"spe":31}}],"log":["|player|p1|Intern Twizz|161","|player|p2|Guard Wanderer|235","|gametype|singles","|gen|6","|tier|Monotype","|rated","|rule|Baton Pass Clause: Limit one Baton Passer, can't pass Spe and other stats simultaneously","|rule|Swagger Clause: Swagger is banned","|rule|Same Type Clause: Pokémon in a team must share a type","|clearpoke","|poke|p1|Rotom-Wash","|poke|p1|Zapdos","|poke|p1|Ampharos, F","|poke|p1|Raikou","|poke|p1|Eelektross, M","|poke|p1|Magnezone","|poke|p2|Weezing, F","|poke|p2|Tentacruel, F","|poke|p2|Skuntank, M","|poke|p2|Crobat, M","|poke|p2|Gengar, M","|poke|p2|Amoonguss, F, shiny","|rule|Sleep Clause Mod: Limit one foe put to sleep","|rule|Species Clause: Limit one of each Pokémon","|rule|OHKO Clause: OHKO moves are banned","|rule|Moody Clause: Moody is banned","|rule|Evasion Moves Clause: Evasion moves are banned","|rule|Endless Battle Clause: Forcing endless battles is banned","|rule|HP Percentage Mod: HP is shown in percentages","|teampreview","|","|start","|switch|p1a: Rotom-Wash|Rotom-Wash|241/241","|switch|p2a: Weezing|Weezing, F|333/333","|turn|1","|","|switch|p2a: Gengar|Gengar, M|261/261","|move|p1a: Rotom-Wash|Trick|p2a: Gengar","|-activate|p1a: Rotom-Wash|move: Trick|[of] p2a: Gengar","|-item|p2a: Gengar|Choice Scarf|[from] move: Trick","|-item|p1a: Rotom-Wash|Choice Scarf|[from] move: Trick","|","|turn|2","|","|switch|p2a: Amoonguss|Amoonguss, F, shiny|431/431","|switch|p1a: Eelektross|Eelektross, M|311/311","|","|turn|3","|","|move|p1a: Eelektross|Knock Off|p2a: Amoonguss","|-damage|p2a: Amoonguss|305/431","|-enditem|p2a: Amoonguss|Black Sludge|[from] move: Knock Off|[of] p1a: Eelektross","|move|p2a: Amoonguss|Spore|p1a: Eelektross","|-status|p1a: Eelektross|slp","|","|turn|4","|","|switch|p1a: Magnezone|Magnezone|300/300","|move|p2a: Amoonguss|Gastro Acid|p1a: Magnezone","|-endability|p1a: Magnezone","|","|turn|5","|","|switch|p2a: Weezing|Weezing, F|333/333","|move|p1a: Magnezone|Protect|p1a: Magnezone","|-fail|p1a: Magnezone","|","|turn|6","|","|move|p1a: Magnezone|Protect|p1a: Magnezone","|-singleturn|p1a: Magnezone|Protect","|move|p2a: Weezing|Will-O-Wisp|p1a: Magnezone","|-activate|p1a: Magnezone|Protect","|","|turn|7","|","|switch|p1a: Rotom-Wash|Rotom-Wash|241/241","|move|p2a: Weezing|Will-O-Wisp|p1a: Rotom-Wash","|-status|p1a: Rotom-Wash|brn","|","|-damage|p1a: Rotom-Wash|211/241 brn|[from] brn","|turn|8","|","|switch|p2a: Tentacruel|Tentacruel, F|301/301","|move|p1a: Rotom-Wash|Hydro Pump|p2a: Tentacruel","|-resisted|p2a: Tentacruel","|-damage|p2a: Tentacruel|257/301","|","|-damage|p1a: Rotom-Wash|181/241 brn|[from] brn","|turn|9","|","|switch|p1a: Magnezone|Magnezone|300/300","|move|p2a: Tentacruel|Acid Spray|p1a: Magnezone","|-immune|p1a: Magnezone|[msg]","|","|turn|10","|","|switch|p2a: Amoonguss|Amoonguss, F, shiny|431/431","|move|p1a: Magnezone|Thunderbolt|p2a: Amoonguss","|-crit|p2a: Amoonguss","|-resisted|p2a: Amoonguss","|-damage|p2a: Amoonguss|327/431","|","|turn|11","|","|move|p1a: Magnezone|Hidden Power|p2a: Amoonguss","|-supereffective|p2a: Amoonguss","|-damage|p2a: Amoonguss|205/431","|move|p2a: Amoonguss|Giga Drain|p1a: Magnezone","|-resisted|p1a: Magnezone","|-damage|p1a: Magnezone|256/300","|-heal|p2a: Amoonguss|227/431|[from] drain|[of] p1a: Magnezone","|","|-heal|p1a: Magnezone|274/300|[from] item: Leftovers","|turn|12","|","|switch|p2a: Weezing|Weezing, F|333/333","|move|p1a: Magnezone|Protect|p1a: Magnezone","|-fail|p1a: Magnezone","|","|-heal|p1a: Magnezone|292/300|[from] item: Leftovers","|turn|13","|","|switch|p1a: Rotom-Wash|Rotom-Wash|181/241 brn","|move|p2a: Weezing|Toxic Spikes|p1a: Rotom-Wash","|-sidestart|p1: Intern Twizz|move: Toxic Spikes","|","|-damage|p1a: Rotom-Wash|151/241 brn|[from] brn","|turn|14","|","|move|p1a: Rotom-Wash|Trick|p2a: Weezing","|-activate|p1a: Rotom-Wash|move: Trick|[of] p2a: Weezing","|-item|p2a: Weezing|Choice Scarf|[from] move: Trick","|-item|p1a: Rotom-Wash|Sitrus Berry|[from] move: Trick","|move|p2a: Weezing|Toxic Spikes|p1a: Rotom-Wash","|-sidestart|p1: Intern Twizz|move: Toxic Spikes","|","|-damage|p1a: Rotom-Wash|121/241 brn|[from] brn","|turn|15","|","|switch|p2a: Skuntank|Skuntank, M|409/409","|move|p1a: Rotom-Wash|Will-O-Wisp|p2a: Skuntank","|-status|p2a: Skuntank|brn","|","|-damage|p1a: Rotom-Wash|91/241 brn|[from] brn","|-damage|p2a: Skuntank|358/409 brn|[from] brn","|-enditem|p1a: Rotom-Wash|Sitrus Berry|[eat]","|-heal|p1a: Rotom-Wash|151/241 brn|[from] item: Sitrus Berry","|turn|16","|","|move|p1a: Rotom-Wash|Volt Switch|p2a: Skuntank","|-crit|p2a: Skuntank","|-damage|p2a: Skuntank|135/409 brn","|","|switch|p1a: Magnezone|Magnezone|292/300","|move|p2a: Skuntank|Poison Jab|p1a: Magnezone","|-immune|p1a: Magnezone|[msg]","|","|-heal|p1a: Magnezone|300/300|[from] item: Leftovers","|-damage|p2a: Skuntank|84/409 brn|[from] brn","|turn|17","|","|move|p2a: Skuntank|Thief|p1a: Magnezone","|-damage|p1a: Magnezone|261/300","|-item|p2a: Skuntank|Leftovers|[from] move: Thief|[of] p1a: Magnezone","|move|p1a: Magnezone|Hidden Power|p2a: Skuntank","|-damage|p2a: Skuntank|0 fnt","|faint|p2a: Skuntank","|","|","|switch|p2a: Tentacruel|Tentacruel, F|257/301","|turn|18","|","|move|p2a: Tentacruel|Scald|p1a: Magnezone","|-damage|p1a: Magnezone|155/300","|move|p1a: Magnezone|Thunderbolt|p2a: Tentacruel","|-supereffective|p2a: Tentacruel","|-damage|p2a: Tentacruel|57/301","|","|turn|19","|","|move|p1a: Magnezone|Protect|p1a: Magnezone","|-singleturn|p1a: Magnezone|Protect","|move|p2a: Tentacruel|Scald|p1a: Magnezone","|-activate|p1a: Magnezone|Protect","|","|turn|20","|","|move|p2a: Tentacruel|Acid Spray|p1a: Magnezone","|-immune|p1a: Magnezone|[msg]","|move|p1a: Magnezone|Thunderbolt|p2a: Tentacruel","|-supereffective|p2a: Tentacruel","|-damage|p2a: Tentacruel|0 fnt","|faint|p2a: Tentacruel","|","|","|switch|p2a: Crobat|Crobat, M|373/373","|turn|21","|","|move|p2a: Crobat|Hypnosis|p1a: Magnezone","|-message|Sleep Clause Mod activated.","|-immune|p1a: Magnezone|[msg]","|move|p1a: Magnezone|Thunderbolt|p2a: Crobat","|-supereffective|p2a: Crobat","|-damage|p2a: Crobat|0 fnt","|faint|p2a: Crobat","|","|","|switch|p2a: Weezing|Weezing, F|333/333","|turn|22","|","|move|p1a: Magnezone|Protect|p1a: Magnezone","|-singleturn|p1a: Magnezone|Protect","|move|p2a: Weezing|Will-O-Wisp|p1a: Magnezone","|-activate|p1a: Magnezone|Protect","|","|turn|23","|","|switch|p1a: Rotom-Wash|Rotom-Wash|151/241 brn","|move|p2a: Weezing|Will-O-Wisp|p1a: Rotom-Wash","|-fail|p1a: Rotom-Wash|brn","|","|-damage|p1a: Rotom-Wash|121/241 brn|[from] brn","|turn|24","|","|switch|p2a: Amoonguss|Amoonguss, F, shiny|370/431","|move|p1a: Rotom-Wash|Will-O-Wisp|p2a: Amoonguss","|-status|p2a: Amoonguss|brn","|","|-damage|p1a: Rotom-Wash|91/241 brn|[from] brn","|-damage|p2a: Amoonguss|317/431 brn|[from] brn","|turn|25","|","|switch|p1a: Zapdos|Zapdos|321/321","|-ability|p1a: Zapdos|Pressure","|move|p2a: Amoonguss|Giga Drain|p1a: Zapdos","|-resisted|p1a: Zapdos","|-damage|p1a: Zapdos|284/321","|-heal|p2a: Amoonguss|336/431 brn|[from] drain|[of] p1a: Zapdos","|","|-heal|p1a: Zapdos|304/321|[from] item: Leftovers","|-damage|p2a: Amoonguss|283/431 brn|[from] brn","|turn|26","|","|switch|p1a: Magnezone|Magnezone|155/300","|switch|p2a: Weezing|Weezing, F|333/333","|","|turn|27","|","|move|p1a: Magnezone|Protect|p1a: Magnezone","|-singleturn|p1a: Magnezone|Protect","|move|p2a: Weezing|Will-O-Wisp|p1a: Magnezone","|-activate|p1a: Magnezone|Protect","|","|turn|28","|","|switch|p2a: Gengar|Gengar, M|261/261","|switch|p1a: Eelektross|Eelektross, M|311/311 slp","|","|turn|29","|","|move|p2a: Gengar|Hex|p1a: Eelektross","|-crit|p1a: Eelektross","|-damage|p1a: Eelektross|113/311 slp","|cant|p1a: Eelektross|slp","|","|turn|30","|","|move|p2a: Gengar|Hex|p1a: Eelektross","|-damage|p1a: Eelektross|0 fnt","|faint|p1a: Eelektross","|","|","|switch|p1a: Rotom-Wash|Rotom-Wash|91/241 brn","|turn|31","|","|switch|p1a: Zapdos|Zapdos|304/321","|-ability|p1a: Zapdos|Pressure","|move|p2a: Gengar|Hex|p1a: Zapdos","|-damage|p1a: Zapdos|207/321","|","|-heal|p1a: Zapdos|227/321|[from] item: Leftovers","|turn|32","|","|switch|p2a: Amoonguss|Amoonguss, F, shiny|426/431 brn","|move|p1a: Zapdos|Discharge|p2a: Amoonguss","|-crit|p2a: Amoonguss","|-resisted|p2a: Amoonguss","|-damage|p2a: Amoonguss|351/431 brn","|","|-heal|p1a: Zapdos|247/321|[from] item: Leftovers","|-damage|p2a: Amoonguss|298/431 brn|[from] brn","|turn|33","|","|switch|p1a: Rotom-Wash|Rotom-Wash|91/241 brn","|move|p2a: Amoonguss|Spore|p1a: Rotom-Wash","|-fail|p1a: Rotom-Wash","|","|-damage|p1a: Rotom-Wash|61/241 brn|[from] brn","|-damage|p2a: Amoonguss|245/431 brn|[from] brn","|turn|34","|","|switch|p1a: Magnezone|Magnezone|155/300","|move|p2a: Amoonguss|Spore|p1a: Magnezone","|-status|p1a: Magnezone|slp","|","|-damage|p2a: Amoonguss|192/431 brn|[from] brn","|turn|35","|","|switch|p1a: Raikou|Raikou|321/321","|-status|p1a: Raikou|tox","|-ability|p1a: Raikou|Pressure","|switch|p2a: Gengar|Gengar, M|261/261","|","|-damage|p1a: Raikou|301/321 tox|[from] psn","|turn|36","|","|move|p2a: Gengar|Hex|p1a: Raikou","|-damage|p1a: Raikou|90/321 tox","|move|p1a: Raikou|Extrasensory|p2a: Gengar","|-supereffective|p2a: Gengar","|-damage|p2a: Gengar|39/261","|","|-heal|p1a: Raikou|110/321 tox|[from] item: Leftovers","|-damage|p1a: Raikou|70/321 tox|[from] psn","|turn|37","|","|move|p2a: Gengar|Hex|p1a: Raikou","|-damage|p1a: Raikou|0 fnt","|faint|p1a: Raikou","|","|","|switch|p1a: Zapdos|Zapdos|247/321","|-ability|p1a: Zapdos|Pressure","|turn|38","|","|switch|p2a: Weezing|Weezing, F|333/333","|move|p1a: Zapdos|Heat Wave|p2a: Weezing","|-damage|p2a: Weezing|251/333","|","|-heal|p1a: Zapdos|267/321|[from] item: Leftovers","|turn|39","|","|switch|p1a: Rotom-Wash|Rotom-Wash|61/241 brn","|move|p2a: Weezing|Will-O-Wisp|p1a: Rotom-Wash","|-fail|p1a: Rotom-Wash|brn","|","|-damage|p1a: Rotom-Wash|31/241 brn|[from] brn","|turn|40","|","|move|p1a: Rotom-Wash|Hydro Pump|p2a: Weezing","|-crit|p2a: Weezing","|-damage|p2a: Weezing|4/333","|move|p2a: Weezing|Will-O-Wisp|p1a: Rotom-Wash","|-fail|p1a: Rotom-Wash|brn","|","|-damage|p1a: Rotom-Wash|1/241 brn|[from] brn","|turn|41","|","|switch|p2a: Amoonguss|Amoonguss, F, shiny|335/431 brn","|move|p1a: Rotom-Wash|Volt Switch|p2a: Amoonguss","|-resisted|p2a: Amoonguss","|-damage|p2a: Amoonguss|289/431 brn","|","|switch|p1a: Zapdos|Zapdos|267/321","|-ability|p1a: Zapdos|Pressure","|","|-heal|p1a: Zapdos|287/321|[from] item: Leftovers","|-damage|p2a: Amoonguss|236/431 brn|[from] brn","|turn|42","|","|move|p1a: Zapdos|Heat Wave|p2a: Amoonguss","|-supereffective|p2a: Amoonguss","|-damage|p2a: Amoonguss|72/431 brn","|move|p2a: Amoonguss|Gastro Acid|p1a: Zapdos","|-endability|p1a: Zapdos","|","|-heal|p1a: Zapdos|307/321|[from] item: Leftovers","|-damage|p2a: Amoonguss|19/431 brn|[from] brn","|turn|43","|","|move|p1a: Zapdos|Discharge|p2a: Amoonguss","|-resisted|p2a: Amoonguss","|-damage|p2a: Amoonguss|0 fnt","|faint|p2a: Amoonguss","|","|-heal|p1a: Zapdos|321/321|[from] item: Leftovers","|","|switch|p2a: Weezing|Weezing, F|4/333","|turn|44","|","|move|p1a: Zapdos|Discharge|p2a: Weezing","|-damage|p2a: Weezing|0 fnt","|faint|p2a: Weezing","|","|","|switch|p2a: Gengar|Gengar, M|39/261","|turn|45","|","|move|p2a: Gengar|Destiny Bond|p2a: Gengar","|-singlemove|p2a: Gengar|Destiny Bond","|move|p1a: Zapdos|Discharge|p2a: Gengar","|-damage|p2a: Gengar|0 fnt","|faint|p2a: Gengar","|-activate|p2a: Gengar|Destiny Bond","|faint|p1a: Zapdos","|","|win|Intern Twizz"],"p1rating":{"entryid":"7448162","serverid":"eos","formatid":"monotype","userid":"interntwizz","username":"Intern Twizz","w":8,"l":"8","t":"0","gxe":50.2,"r":"1464.8595243929","rd":"82.910812222231","sigma":"0","rptime":"1439024400","rpr":1501.4567766858,"rprd":75.055080581497,"rpsigma":"0","acre":1153.3879300297,"lacre":1153.3879300297,"oldacre":"1126.1693366839"},"p2rating":{"entryid":"6731189","serverid":"eos","formatid":"monotype","userid":"guardwanderer","username":"Guard Wanderer","w":"101","l":130,"t":"0","gxe":43.3,"r":"1449.7921848038","rd":"27.278099146195","sigma":"0","rptime":"1439024400","rpr":1449.2131159776,"rprd":26.564089820912,"rpsigma":"0","acre":1129.8647996417,"lacre":1129.8647996417,"oldacre":"1157.0833929875"},"endType":"normal"}