{"seed":[37775,47789,57265,3357],"turns":26,"p1":"Alliance-SeaHutch","p2":"Leade Jk","p1team":[{"name":"Jenna Marbles","species":"garchomp","item":"rockyhelmet","ability":"Rough Skin","moves":["dragontail","earthquake","stealthrock","rest"],"nature":"Lax","evs":{"hp":252,"atk":0,"def":236,"spa":0,"spd":0,"spe":20},"ivs":{"hp":31,"atk":31,"def":31,"spa":31,"spd":31,"spe":31}},{"name":"Gooey ( ͡° ͜ʖ ͡°)","species":"goodra","item":"assaultvest","ability":"Gooey","moves":["dragonpulse","fireblast","earthquake","sludgebomb"],"nature":"Quiet","evs":{"hp":248,"atk":8,"def":0,"spa":252,"spd":0,"spe":0},"ivs":{"hp":31,"atk":31,"def":31,"spa":31,"spd":31,"spe":31}},{"name":"The Mailman","species":"dragonite","item":"choiceband","ability":"Multiscale","moves":["firepunch","outrage","extremespeed","earthquake"],"nature":"Adamant","evs":{"hp":0,"atk":252,"def":0,"spa":0,"spd":4,"spe":252},"ivs":{"hp":31,"atk":31,"def":31,"spa":31,"spd":31,"spe":31}},{"name":"Jet Blue","species":"latios","item":"lifeorb","ability":"Levitate","moves":["dragonpulse","psyshock","defog","surf"],"nature":"Timid","evs":{"hp":0,"atk":0,"def":0,"spa":252,"spd":4,"spe":252},"ivs":{"hp":31,"atk":0,"def":31,"spa":31,"spd":31,"spe":31}},{"name":"Plz Don't Ban Me","species":"altaria","item":"altarianite","ability":"Natural Cure","moves":["healbell","hypervoice","roost","fireblast"],"nature":"Calm","evs":{"hp":248,"atk":0,"def":0,"spa":8,"spd":252,"spe":0},"ivs":{"hp":31,"atk":0,"def":31,"spa":31,"spd":31,"spe":31},"happiness":0},{"name":"Kaneki Ken","species":"kyuremblack","item":"choicescarf","ability":"Teravolt","moves":["outrage","fusionbolt","icebeam","ironhead"],"nature":"Hasty","evs":{"hp":0,"atk":252,"def":0,"spa":4,"spd":0,"spe":252},"ivs":{"hp":31,"atk":31,"def":31,"spa":31,"spd":31,"spe":31}}],"p2team":[{"name":"toges.copy","species":"cobalion","item":"leftovers","ability":"Justified","moves":["stealthrock","taunt","ironhead","thunderwave"],"nature":"Impish","evs":{"hp":252,"atk":0,"def":212,"spa":0,"spd":0,"spe":44},"ivs":{"hp":31,"atk":31,"def":31,"spa":31,"spd":31,"spe":31}},{"name":"beyblade","species":"hitmontop","item":"assaultvest","ability":"Intimidate","moves":["endeavor","highjumpkick","suckerpunch","rapidspin"],"nature":"Careful","evs":{"hp":252,"atk":0,"def":16,"spa":0,"spd":240,"spe":0},"ivs":{"hp":31,"atk":31,"def":31,"spa":31,"spd":31,"spe":31}},{"name":"the.punk","species":"scrafty","item":"leftovers","ability":"Shed Skin","moves":["crunch","drainpunch","bulkup","icepunch"],"nature":"Careful","evs":{"hp":252,"atk":4,"def":0,"spa":0,"spd":252,"spe":0},"ivs":{"hp":31,"atk":31,"def":31,"spa":31,"spd":31,"spe":31}},{"name":"diddy.kong","species":"infernape","item":"focussash","ability":"Blaze","moves":["flamethrower","vacuumwave","encore","nastyplot"],"nature":"Timid","evs":{"hp":0,"atk":0,"def":0,"spa":252,"spd":0,"spe":252},"ivs":{"hp":31,"atk":31,"def":31,"spa":31,"spd":31,"spe":31}},{"name":"beetle.juice","species":"heracross","item":"heracronite","ability":"Moxie","moves":["bulletseed","rockblast","closecombat","pinmissile"],"nature":"Adamant","evs":{"hp":252,"atk":232,"def":24,"spa":0,"spd":0,"spe":0},"ivs":{"hp":31,"atk":31,"def":31,"spa":31,"spd":31,"spe":31}},{"name":"doggy","species":"terrakion","item":"choicescarf","ability":"Justified","moves":["earthquake","ironhead","stoneedge","closecombat"],"nature":"Adamant","evs":{"hp":0,"atk":252,"def":0,"spa":0,"spd":0,"spe":252},"ivs":{"hp":31,"atk":31,"def":31,"spa":31,"spd":31,"spe":31}}],"log":["|player|p1|Alliance-SeaHutch|169","|player|p2|Leade Jk|196","|gametype|singles","|gen|6","|tier|Monotype","|rated","|rule|Baton Pass Clause: Limit one Baton Passer, can't pass Spe and other stats simultaneously","|rule|Swagger Clause: Swagger is banned","|rule|Same Type Clause: Pokémon in a team must share a type","|clearpoke","|poke|p1|Garchomp, M","|poke|p1|Goodra, M","|poke|p1|Dragonite, M","|poke|p1|Latios, M","|poke|p1|Altaria, F","|poke|p1|Kyurem-Black","|poke|p2|Cobalion","|poke|p2|Hitmontop, M","|poke|p2|Scrafty, M","|poke|p2|Infernape, M","|poke|p2|Heracross, M","|poke|p2|Terrakion","|rule|Sleep Clause Mod: Limit one foe put to sleep","|rule|Species Clause: Limit one of each Pokémon","|rule|OHKO Clause: OHKO moves are banned","|rule|Moody Clause: Moody is banned","|rule|Evasion Moves Clause: Evasion moves are banned","|rule|Endless Battle Clause: Forcing endless battles is banned","|rule|HP Percentage Mod: HP is shown in percentages","|teampreview","|","|start","|switch|p1a: Jenna Marbles|Garchomp, M|420/420","|switch|p2a: beetle.juice|Heracross, M|364/364","|turn|1","|","|detailschange|p2a: beetle.juice|Heracross-Mega, M","|-mega|p2a: beetle.juice|Heracross|Heracronite","|move|p1a: Jenna Marbles|Stealth Rock|p2a: beetle.juice","|-sidestart|p2: Leade Jk|move: Stealth Rock","|move|p2a: beetle.juice|Bullet Seed|p1a: Jenna Marbles","|-damage|p1a: Jenna Marbles|390/420","|-damage|p1a: Jenna Marbles|359/420","|-damage|p1a: Jenna Marbles|326/420","|-damage|p1a: Jenna Marbles|296/420","|-damage|p1a: Jenna Marbles|264/420","|-hitcount|p1a: Jenna Marbles|5","|","|turn|2","|","|move|p2a: beetle.juice|Rock Blast|p1a: Jenna Marbles","|-resisted|p1a: Jenna Marbles","|-damage|p1a: Jenna Marbles|249/420","|-resisted|p1a: Jenna Marbles","|-damage|p1a: Jenna Marbles|233/420","|-resisted|p1a: Jenna Marbles","|-damage|p1a: Jenna Marbles|218/420","|-resisted|p1a: Jenna Marbles","|-damage|p1a: Jenna Marbles|203/420","|-resisted|p1a: Jenna Marbles","|-damage|p1a: Jenna Marbles|187/420","|-hitcount|p1a: Jenna Marbles|5","|move|p1a: Jenna Marbles|Dragon Tail|p2a: beetle.juice","|-damage|p2a: beetle.juice|283/364","|drag|p2a: the.punk|Scrafty, M|334/334","|-damage|p2a: the.punk|314/334|[from] Stealth Rock","|","|-heal|p2a: the.punk|334/334|[from] item: Leftovers","|turn|3","|","|move|p1a: Jenna Marbles|Rest|p1a: Jenna Marbles","|-status|p1a: Jenna Marbles|slp","|-heal|p1a: Jenna Marbles|420/420 slp|[silent]","|-status|p1a: Jenna Marbles|slp|[from] move: Rest","|move|p2a: the.punk|Ice Punch|p1a: Jenna Marbles","|-supereffective|p1a: Jenna Marbles","|-damage|p1a: Jenna Marbles|244/420 slp","|-damage|p2a: the.punk|293/334|[from] ability: Rough Skin|[of] p1a: Jenna Marbles","|-damage|p2a: the.punk|238/334|[from] item: Rocky Helmet|[of] p1a: Jenna Marbles","|","|-heal|p2a: the.punk|258/334|[from] item: Leftovers","|turn|4","|","|switch|p1a: Kaneki Ken|Kyurem-Black|391/391","|-ability|p1a: Kaneki Ken|Teravolt","|move|p2a: the.punk|Bulk Up|p2a: the.punk","|-boost|p2a: the.punk|atk|1","|-boost|p2a: the.punk|def|1","|","|-heal|p2a: the.punk|278/334|[from] item: Leftovers","|turn|5","|","|move|p1a: Kaneki Ken|Ice Beam|p2a: the.punk","|-damage|p2a: the.punk|202/334","|move|p2a: the.punk|Drain Punch|p1a: Kaneki Ken","|-supereffective|p1a: Kaneki Ken","|-damage|p1a: Kaneki Ken|131/391","|-heal|p2a: the.punk|332/334|[from] drain|[of] p1a: Kaneki Ken","|","|-heal|p2a: the.punk|334/334|[from] item: Leftovers","|turn|6","|","|switch|p1a: Jenna Marbles|Garchomp, M|244/420 slp","|move|p2a: the.punk|Crunch|p1a: Jenna Marbles","|-damage|p1a: Jenna Marbles|138/420 slp","|-damage|p2a: the.punk|293/334|[from] ability: Rough Skin|[of] p1a: Jenna Marbles","|-damage|p2a: the.punk|238/334|[from] item: Rocky Helmet|[of] p1a: Jenna Marbles","|-unboost|p1a: Jenna Marbles|def|1","|","|-heal|p2a: the.punk|258/334|[from] item: Leftovers","|turn|7","|","|cant|p1a: Jenna Marbles|slp","|move|p2a: the.punk|Ice Punch|p1a: Jenna Marbles","|-supereffective|p1a: Jenna Marbles","|-damage|p1a: Jenna Marbles|0 fnt","|-damage|p2a: the.punk|217/334|[from] ability: Rough Skin|[of] p1a: Jenna Marbles","|-damage|p2a: the.punk|162/334|[from] item: Rocky Helmet|[of] p1a: Jenna Marbles","|faint|p1a: Jenna Marbles","|","|-heal|p2a: the.punk|182/334|[from] item: Leftovers","|","|switch|p1a: Plz Don't Ban Me|Altaria, F|353/353","|turn|8","|","|switch|p2a: toges.copy|Cobalion|386/386","|-damage|p2a: toges.copy|374/386|[from] Stealth Rock","|detailschange|p1a: Plz Don't Ban Me|Altaria-Mega, F","|-mega|p1a: Plz Don't Ban Me|Altaria|Altarianite","|move|p1a: Plz Don't Ban Me|Hyper Voice|p2a: toges.copy","|-damage|p2a: toges.copy|188/386","|","|-heal|p2a: toges.copy|212/386|[from] item: Leftovers","|turn|9","|","|switch|p1a: Gooey ( ͡° ͜ʖ ͡°)|Goodra, M|383/383","|move|p2a: toges.copy|Thunder Wave|p1a: Gooey ( ͡° ͜ʖ ͡°)","|-status|p1a: Gooey ( ͡° ͜ʖ ͡°)|par","|","|-heal|p2a: toges.copy|236/386|[from] item: Leftovers","|turn|10","|","|switch|p2a: beyblade|Hitmontop, M|304/304","|-damage|p2a: beyblade|285/304|[from] Stealth Rock","|-ability|p2a: beyblade|Intimidate","|-unboost|p1a: Gooey ( ͡° ͜ʖ ͡°)|atk|1","|move|p1a: Gooey ( ͡° ͜ʖ ͡°)|Fire Blast|p2a: beyblade","|-damage|p2a: beyblade|225/304","|","|turn|11","|","|move|p2a: beyblade|Rapid Spin|p1a: Gooey ( ͡° ͜ʖ ͡°)","|-damage|p1a: Gooey ( ͡° ͜ʖ ͡°)|363/383 par","|-unboost|p2a: beyblade|spe|1","|-sideend|p2: Leade Jk|Stealth Rock|[from] move: Rapid Spin|[of] p2a: beyblade","|move|p1a: Gooey ( ͡° ͜ʖ ͡°)|Dragon Pulse|p2a: beyblade","|-damage|p2a: beyblade|162/304","|","|turn|12","|","|move|p2a: beyblade|Endeavor|p1a: Gooey ( ͡° ͜ʖ ͡°)","|-damage|p1a: Gooey ( ͡° ͜ʖ ͡°)|162/383 par","|-unboost|p2a: beyblade|spe|1","|move|p1a: Gooey ( ͡° ͜ʖ ͡°)|Dragon Pulse|p2a: beyblade","|-damage|p2a: beyblade|92/304","|","|turn|13","|","|move|p2a: beyblade|Endeavor|p1a: Gooey ( ͡° ͜ʖ ͡°)","|-damage|p1a: Gooey ( ͡° ͜ʖ ͡°)|92/383 par","|-unboost|p2a: beyblade|spe|1","|cant|p1a: Gooey ( ͡° ͜ʖ ͡°)|par","|","|turn|14","|","|move|p2a: beyblade|Sucker Punch|p1a: Gooey ( ͡° ͜ʖ ͡°)","|-crit|p1a: Gooey ( ͡° ͜ʖ ͡°)","|-damage|p1a: Gooey ( ͡° ͜ʖ ͡°)|0 fnt","|-unboost|p2a: beyblade|spe|1","|faint|p1a: Gooey ( ͡° ͜ʖ ͡°)","|","|","|switch|p1a: Plz Don't Ban Me|Altaria-Mega, F|353/353","|turn|15","|","|move|p1a: Plz Don't Ban Me|Hyper Voice|p2a: beyblade","|-crit|p2a: beyblade","|-supereffective|p2a: beyblade","|-damage|p2a: beyblade|0 fnt","|faint|p2a: beyblade","|","|","|switch|p2a: toges.copy|Cobalion|236/386","|turn|16","|","|move|p2a: toges.copy|Thunder Wave|p1a: Plz Don't Ban Me","|-status|p1a: Plz Don't Ban Me|par","|move|p1a: Plz Don't Ban Me|Fire Blast|p2a: toges.copy","|-supereffective|p2a: toges.copy","|-damage|p2a: toges.copy|0 fnt","|faint|p2a: toges.copy","|","|","|switch|p2a: beetle.juice|Heracross-Mega, M|283/364","|turn|17","|","|move|p2a: beetle.juice|Rock Blast|p1a: Plz Don't Ban Me","|-damage|p1a: Plz Don't Ban Me|311/353 par","|-damage|p1a: Plz Don't Ban Me|269/353 par","|-crit|p1a: Plz Don't Ban Me","|-damage|p1a: Plz Don't Ban Me|209/353 par","|-damage|p1a: Plz Don't Ban Me|172/353 par","|-damage|p1a: Plz Don't Ban Me|130/353 par","|-hitcount|p1a: Plz Don't Ban Me|5","|move|p1a: Plz Don't Ban Me|Hyper Voice|p2a: beetle.juice","|-supereffective|p2a: beetle.juice","|-damage|p2a: beetle.juice|7/364","|","|turn|18","|","|move|p2a: beetle.juice|Rock Blast|p1a: Plz Don't Ban Me","|-damage|p1a: Plz Don't Ban Me|93/353 par","|-damage|p1a: Plz Don't Ban Me|56/353 par","|-damage|p1a: Plz Don't Ban Me|16/353 par","|-damage|p1a: Plz Don't Ban Me|0 fnt","|-hitcount|p1a: Plz Don't Ban Me|4","|faint|p1a: Plz Don't Ban Me","|","|","|switch|p1a: Jet Blue|Latios, M|301/301","|turn|19","|","|move|p1a: Jet Blue|Psyshock|p2a: beetle.juice","|-crit|p2a: beetle.juice","|-supereffective|p2a: beetle.juice","|-damage|p2a: beetle.juice|0 fnt","|-damage|p1a: Jet Blue|271/301|[from] item: Life Orb","|faint|p2a: beetle.juice","|","|","|switch|p2a: diddy.kong|Infernape, M|293/293","|turn|20","|","|switch|p1a: Kaneki Ken|Kyurem-Black|131/391","|-ability|p1a: Kaneki Ken|Teravolt","|switch|p2a: the.punk|Scrafty, M|182/334","|","|-heal|p2a: the.punk|202/334|[from] item: Leftovers","|turn|21","|","|move|p1a: Kaneki Ken|Outrage|p2a: the.punk","|-damage|p2a: the.punk|0 fnt","|faint|p2a: the.punk","|","|","|switch|p2a: doggy|Terrakion|323/323","|turn|22","|","|move|p1a: Kaneki Ken|Outrage|p2a: doggy|[from]lockedmove","|-damage|p2a: doggy|34/323","|-start|p1a: Kaneki Ken|confusion|[fatigue]","|move|p2a: doggy|Stone Edge|p1a: Kaneki Ken","|-supereffective|p1a: Kaneki Ken","|-damage|p1a: Kaneki Ken|0 fnt","|faint|p1a: Kaneki Ken","|","|","|switch|p1a: Jet Blue|Latios, M|271/301","|turn|23","|","|move|p2a: doggy|Stone Edge|p1a: Jet Blue","|-damage|p1a: Jet Blue|55/301","|move|p1a: Jet Blue|Psyshock|p2a: doggy","|-supereffective|p2a: doggy","|-damage|p2a: doggy|0 fnt","|-damage|p1a: Jet Blue|25/301|[from] item: Life Orb","|faint|p2a: doggy","|","|","|switch|p2a: diddy.kong|Infernape, M|293/293","|turn|24","|","|move|p2a: diddy.kong|Vacuum Wave|p1a: Jet Blue","|-resisted|p1a: Jet Blue","|-damage|p1a: Jet Blue|0 fnt","|faint|p1a: Jet Blue","|","|","|switch|p1a: The Mailman|Dragonite, M|323/323","|turn|25","|","|move|p2a: diddy.kong|Flamethrower|p1a: The Mailman","|-resisted|p1a: The Mailman","|-damage|p1a: The Mailman|292/323","|move|p1a: The Mailman|Earthquake|p2a: diddy.kong","|-supereffective|p2a: diddy.kong","|-enditem|p2a: diddy.kong|Focus Sash","|-damage|p2a: diddy.kong|1/293","|","|turn|26","|","|move|p2a: diddy.kong|Flamethrower|p1a: The Mailman","|-crit|p1a: The Mailman","|-resisted|p1a: The Mailman","|-damage|p1a: The Mailman|139/323","|move|p1a: The Mailman|Earthquake|p2a: diddy.kong","|-crit|p2a: diddy.kong","|-supereffective|p2a: diddy.kong","|-damage|p2a: diddy.kong|0 fnt","|faint|p2a: diddy.kong","|","|win|Alliance-SeaHutch"],"p1rating":{"entryid":"6933655","serverid":"eos","formatid":"monotype","userid":"allianceseahutch","username":"Alliance-SeaHutch","w":30,"l":"5","t":"0","gxe":77.7,"r":"1722.2033487907","rd":"66.702334317651","sigma":"0","rptime":"1439024400","rpr":1738.260097459,"rprd":64.401693577146,"rpsigma":"0","acre":1366.9118729679,"lacre":1366.9118729679,"oldacre":"1349.8364301956"},"p2rating":{"entryid":"6802202","serverid":"eos","formatid":"monotype","userid":"leadejk","username":"Leade✘ Jk","w":"40","l":22,"t":"0","gxe":63.3,"r":"1609.1668123395","rd":"51.331046077953","sigma":"0","rptime":"1439024400","rpr":1603.5626397683,"rprd":49.549791978682,"rpsigma":"0","acre":1277.3205337665,"lacre":1277.3205337665,"oldacre":"1298.6648372319"},"endType":"normal"}