{"seed":[34222,5731,5577,1639],"turns":23,"p1":"Jake1079","p2":"Infinitereasons","p1team":[{"name":"Aggron","species":"Aggron","item":"aggronite","ability":"Sturdy","moves":["thunderwave","earthquake","ironhead","endeavor"],"nature":"Adamant","evs":{"hp":252,"atk":68,"def":12,"spa":0,"spd":176,"spe":0},"ivs":{"hp":31,"atk":31,"def":31,"spa":31,"spd":31,"spe":31}},{"name":"Metagross","species":"Metagross","item":"lifeorb","ability":"Clear Body","moves":["agility","meteormash","earthquake","zenheadbutt"],"nature":"Adamant","evs":{"hp":4,"atk":252,"def":0,"spa":0,"spd":0,"spe":252},"ivs":{"hp":31,"atk":31,"def":31,"spa":31,"spd":31,"spe":31}},{"name":"Empoleon","species":"Empoleon","item":"choicespecs","ability":"Torrent","moves":["icebeam","scald","flashcannon","signalbeam"],"nature":"Modest","evs":{"hp":252,"atk":0,"def":0,"spa":252,"spd":4,"spe":0},"ivs":{"hp":31,"atk":31,"def":31,"spa":31,"spd":31,"spe":31}},{"name":"Heatran","species":"Heatran","item":"airballoon","ability":"Flash Fire","moves":["darkpulse","earthpower","flamethrower","flashcannon"],"nature":"Modest","evs":{"hp":252,"atk":0,"def":0,"spa":252,"spd":4,"spe":0},"ivs":{"hp":31,"atk":31,"def":31,"spa":31,"spd":31,"spe":31}},{"name":"Scizor","species":"Scizor","item":"leftovers","ability":"Technician","moves":["bugbite","bulletpunch","swordsdance","roost"],"nature":"Adamant","evs":{"hp":252,"atk":252,"def":0,"spa":0,"spd":4,"spe":0},"ivs":{"hp":31,"atk":31,"def":31,"spa":31,"spd":31,"spe":31}},{"name":"Excadrill","species":"Excadrill","item":"choicescarf","ability":"Mold Breaker","moves":["earthquake","rockslide","xscissor","ironhead"],"nature":"Jolly","evs":{"hp":0,"atk":252,"def":0,"spa":0,"spd":4,"spe":252},"ivs":{"hp":31,"atk":31,"def":31,"spa":31,"spd":31,"spe":31}}],"p2team":[{"name":"Moist Mofo","species":"gastrodon","item":"assaultvest","ability":"Storm Drain","moves":["earthpower","scald","icebeam","hiddenpowerfire"],"nature":"Calm","evs":{"hp":252,"atk":0,"def":0,"spa":4,"spd":252,"spe":0},"ivs":{"hp":31,"atk":30,"def":31,"spa":30,"spd":31,"spe":30}},{"name":"Dead Mofo","species":"mamoswine","item":"lifeorb","ability":"Thick Fat","moves":["iciclecrash","earthquake","iceshard","knockoff"],"nature":"Jolly","evs":{"hp":4,"atk":252,"def":0,"spa":0,"spd":0,"spe":252},"ivs":{"hp":31,"atk":31,"def":31,"spa":31,"spd":31,"spe":31}},{"name":"Drill Mofo","species":"excadrill","item":"lifeorb","ability":"Sand Rush","moves":["earthquake","rockslide","ironhead","swordsdance"],"nature":"Adamant","evs":{"hp":0,"atk":252,"def":0,"spa":0,"spd":4,"spe":252},"shiny":true,"ivs":{"hp":31,"atk":31,"def":31,"spa":31,"spd":31,"spe":31}},{"name":"God Mofo","species":"landorus","item":"lifeorb","ability":"Sheer Force","moves":["earthpower","focusblast","psychic","sludgewave"],"nature":"Timid","evs":{"hp":0,"atk":0,"def":0,"spa":252,"spd":4,"spe":252},"ivs":{"hp":31,"atk":31,"def":31,"spa":31,"spd":31,"spe":31}},{"name":"Phat Mofo","species":"hippowdon","item":"leftovers","ability":"Sand Stream","moves":["earthquake","stealthrock","whirlwind","slackoff"],"nature":"Impish","evs":{"hp":252,"atk":4,"def":252,"spa":0,"spd":0,"spe":0},"ivs":{"hp":31,"atk":31,"def":31,"spa":31,"spd":31,"spe":31}},{"name":"Claws Mofo","species":"gliscor","item":"toxicorb","ability":"Poison Heal","moves":["earthquake","protect","toxic","substitute"],"nature":"Impish","evs":{"hp":248,"atk":0,"def":188,"spa":0,"spd":0,"spe":72},"shiny":true,"ivs":{"hp":31,"atk":31,"def":31,"spa":31,"spd":31,"spe":31}}],"log":["|player|p1|Jake1079|150","|player|p2|Infinitereasons|blankinfinite.png","|gametype|singles","|gen|6","|tier|Monotype","|rated","|rule|Baton Pass Clause: Limit one Baton Passer, can't pass Spe and other stats simultaneously","|rule|Swagger Clause: Swagger is banned","|rule|Same Type Clause: Pokémon in a team must share a type","|clearpoke","|poke|p1|Aggron, M","|poke|p1|Metagross","|poke|p1|Empoleon, F","|poke|p1|Heatran, M","|poke|p1|Scizor, F","|poke|p1|Excadrill, F","|poke|p2|Gastrodon, M","|poke|p2|Mamoswine, F","|poke|p2|Excadrill, F, shiny","|poke|p2|Landorus, M","|poke|p2|Hippowdon, M","|poke|p2|Gliscor, F, shiny","|rule|Sleep Clause Mod: Limit one foe put to sleep","|rule|Species Clause: Limit one of each Pokémon","|rule|OHKO Clause: OHKO moves are banned","|rule|Moody Clause: Moody is banned","|rule|Evasion Moves Clause: Evasion moves are banned","|rule|Endless Battle Clause: Forcing endless battles is banned","|rule|HP Percentage Mod: HP is shown in percentages","|teampreview","|","|start","|switch|p1a: Aggron|Aggron, M|344/344","|switch|p2a: Claws Mofo|Gliscor, F, shiny|353/353","|turn|1","|","|detailschange|p1a: Aggron|Aggron-Mega, M","|-mega|p1a: Aggron|Aggron|Aggronite","|move|p2a: Claws Mofo|Earthquake|p1a: Aggron","|-supereffective|p1a: Aggron","|-damage|p1a: Aggron|259/344","|move|p1a: Aggron|Iron Head|p2a: Claws Mofo","|-damage|p2a: Claws Mofo|260/353","|","|-status|p2a: Claws Mofo|tox|[from] item: Toxic Orb","|turn|2","|","|move|p2a: Claws Mofo|Substitute|p2a: Claws Mofo","|-start|p2a: Claws Mofo|Substitute","|-damage|p2a: Claws Mofo|172/353 tox","|move|p1a: Aggron|Iron Head|p2a: Claws Mofo","|-end|p2a: Claws Mofo|Substitute","|","|-heal|p2a: Claws Mofo|216/353 tox|[from] ability: Poison Heal","|turn|3","|","|move|p2a: Claws Mofo|Protect|p2a: Claws Mofo","|-singleturn|p2a: Claws Mofo|Protect","|move|p1a: Aggron|Iron Head|p2a: Claws Mofo","|-activate|p2a: Claws Mofo|Protect","|","|-heal|p2a: Claws Mofo|260/353 tox|[from] ability: Poison Heal","|turn|4","|","|switch|p2a: Moist Mofo|Gastrodon, M|426/426","|move|p1a: Aggron|Iron Head|p2a: Moist Mofo","|-resisted|p2a: Moist Mofo","|-damage|p2a: Moist Mofo|318/426","|","|turn|5","|","|move|p1a: Aggron|Iron Head|p2a: Moist Mofo","|-resisted|p2a: Moist Mofo","|-damage|p2a: Moist Mofo|210/426","|move|p2a: Moist Mofo|Earth Power|p1a: Aggron","|-supereffective|p1a: Aggron","|-damage|p1a: Aggron|111/344","|","|turn|6","|","|move|p1a: Aggron|Endeavor|p2a: Moist Mofo","|-damage|p2a: Moist Mofo|111/426","|move|p2a: Moist Mofo|Earth Power|p1a: Aggron","|-supereffective|p1a: Aggron","|-damage|p1a: Aggron|0 fnt","|faint|p1a: Aggron","|","|","|switch|p1a: Excadrill|Excadrill, F|361/361","|-ability|p1a: Excadrill|Mold Breaker","|turn|7","|","|move|p1a: Excadrill|Iron Head|p2a: Moist Mofo","|-resisted|p2a: Moist Mofo","|-damage|p2a: Moist Mofo|8/426","|move|p2a: Moist Mofo|Earth Power|p1a: Excadrill","|-supereffective|p1a: Excadrill","|-damage|p1a: Excadrill|101/361","|","|turn|8","|","|move|p1a: Excadrill|Iron Head|p2a: Moist Mofo","|-crit|p2a: Moist Mofo","|-resisted|p2a: Moist Mofo","|-damage|p2a: Moist Mofo|0 fnt","|faint|p2a: Moist Mofo","|","|","|switch|p2a: Claws Mofo|Gliscor, F, shiny|260/353 tox","|turn|9","|","|move|p1a: Excadrill|Iron Head|p2a: Claws Mofo","|-damage|p2a: Claws Mofo|167/353 tox","|cant|p2a: Claws Mofo|flinch","|","|-heal|p2a: Claws Mofo|211/353 tox|[from] ability: Poison Heal","|turn|10","|","|move|p2a: Claws Mofo|Protect|p2a: Claws Mofo","|-singleturn|p2a: Claws Mofo|Protect","|move|p1a: Excadrill|Iron Head|p2a: Claws Mofo","|-activate|p2a: Claws Mofo|Protect","|","|-heal|p2a: Claws Mofo|255/353 tox|[from] ability: Poison Heal","|turn|11","|","|move|p1a: Excadrill|Iron Head|p2a: Claws Mofo","|-damage|p2a: Claws Mofo|161/353 tox","|move|p2a: Claws Mofo|Earthquake|p1a: Excadrill","|-supereffective|p1a: Excadrill","|-damage|p1a: Excadrill|0 fnt","|faint|p1a: Excadrill","|","|-heal|p2a: Claws Mofo|205/353 tox|[from] ability: Poison Heal","|","|switch|p1a: Empoleon|Empoleon, F|372/372","|turn|12","|","|switch|p2a: Dead Mofo|Mamoswine, F|362/362","|move|p1a: Empoleon|Scald|p2a: Dead Mofo","|-supereffective|p2a: Dead Mofo","|-damage|p2a: Dead Mofo|0 fnt","|faint|p2a: Dead Mofo","|","|","|switch|p2a: Phat Mofo|Hippowdon, M|420/420","|-weather|Sandstorm","|turn|13","|","|move|p1a: Empoleon|Scald|p2a: Phat Mofo","|-supereffective|p2a: Phat Mofo","|-damage|p2a: Phat Mofo|0 fnt","|faint|p2a: Phat Mofo","|","|-weather|Sandstorm|[upkeep]","|","|switch|p2a: Drill Mofo|Excadrill, F, shiny|361/361","|turn|14","|","|move|p2a: Drill Mofo|Earthquake|p1a: Empoleon","|-supereffective|p1a: Empoleon","|-damage|p1a: Empoleon|0 fnt","|-damage|p2a: Drill Mofo|325/361|[from] item: Life Orb","|faint|p1a: Empoleon","|","|-weather|Sandstorm|[upkeep]","|","|switch|p1a: Heatran|Heatran, M|386/386","|-item|p1a: Heatran|Air Balloon","|turn|15","|","|switch|p2a: God Mofo|Landorus, M|319/319","|move|p1a: Heatran|Earth Power|p2a: God Mofo","|-immune|p2a: God Mofo|[msg]","|","|-weather|Sandstorm|[upkeep]","|turn|16","|","|move|p2a: God Mofo|Focus Blast|p1a: Heatran","|-supereffective|p1a: Heatran","|-damage|p1a: Heatran|0 fnt","|-enditem|p1a: Heatran|Air Balloon","|faint|p1a: Heatran","|","|-weather|Sandstorm|[upkeep]","|","|switch|p1a: Metagross|Metagross|302/302","|turn|17","|","|switch|p2a: Claws Mofo|Gliscor, F, shiny|205/353 tox","|move|p1a: Metagross|Zen Headbutt|p2a: Claws Mofo","|-damage|p2a: Claws Mofo|59/353 tox","|-damage|p1a: Metagross|272/302|[from] item: Life Orb","|","|-weather|none","|-heal|p2a: Claws Mofo|103/353 tox|[from] ability: Poison Heal","|turn|18","|","|move|p2a: Claws Mofo|Protect|p2a: Claws Mofo","|-singleturn|p2a: Claws Mofo|Protect","|move|p1a: Metagross|Zen Headbutt|p2a: Claws Mofo","|-activate|p2a: Claws Mofo|Protect","|","|-heal|p2a: Claws Mofo|147/353 tox|[from] ability: Poison Heal","|turn|19","|","|move|p2a: Claws Mofo|Earthquake|p1a: Metagross","|-supereffective|p1a: Metagross","|-damage|p1a: Metagross|84/302","|move|p1a: Metagross|Zen Headbutt|p2a: Claws Mofo","|-damage|p2a: Claws Mofo|11/353 tox","|-damage|p1a: Metagross|54/302|[from] item: Life Orb","|","|-heal|p2a: Claws Mofo|55/353 tox|[from] ability: Poison Heal","|turn|20","|","|move|p2a: Claws Mofo|Protect|p2a: Claws Mofo","|-singleturn|p2a: Claws Mofo|Protect","|move|p1a: Metagross|Agility|p1a: Metagross","|-boost|p1a: Metagross|spe|2","|","|-heal|p2a: Claws Mofo|99/353 tox|[from] ability: Poison Heal","|turn|21","|","|move|p1a: Metagross|Zen Headbutt|p2a: Claws Mofo","|-damage|p2a: Claws Mofo|0 fnt","|-damage|p1a: Metagross|24/302|[from] item: Life Orb","|faint|p2a: Claws Mofo","|","|","|switch|p2a: Drill Mofo|Excadrill, F, shiny|325/361","|turn|22","|","|move|p1a: Metagross|Earthquake|p2a: Drill Mofo","|-supereffective|p2a: Drill Mofo","|-damage|p2a: Drill Mofo|0 fnt","|-damage|p1a: Metagross|0 fnt|[from] item: Life Orb","|faint|p2a: Drill Mofo","|faint|p1a: Metagross","|","|","|switch|p2a: God Mofo|Landorus, M|319/319","|switch|p1a: Scizor|Scizor, F|344/344","|turn|23","|","|move|p2a: God Mofo|Earth Power|p1a: Scizor","|-crit|p1a: Scizor","|-damage|p1a: Scizor|0 fnt","|faint|p1a: Scizor","|","|win|Infinitereasons"],"p1rating":{"entryid":"7429437","serverid":"eos","formatid":"monotype","userid":"jake1079","username":"Jake1079","w":"17","l":28,"t":"0","gxe":40,"r":"1429.3355216087","rd":"51.736783120287","sigma":"0","rptime":"1439024400","rpr":1422.7955016914,"rprd":51.02826731726,"rpsigma":"0","acre":1015.797804152,"lacre":1015.797804152,"oldacre":"1026.5597441548"},"p2rating":{"entryid":"7206103","serverid":"eos","formatid":"monotype","userid":"infinitereasons","username":"Infinitereasons ☾","w":4,"l":"1","t":"0","gxe":63.4,"r":"1589.7107679471","rd":109.18537775491,"sigma":"0","rptime":1439024400,"rpr":1607.7155498188,"rprd":105.12786178031,"rpsigma":"0","acre":1127.3151068601,"lacre":1127.3151068601,"oldacre":"1108.0753157823"},"endType":"normal"}