{"seed":[41282,42524,57746,9378],"turns":26,"p1":"DSV","p2":"Alliance - Warner","p1team":[{"name":"Weavile","species":"Weavile","item":"lifeorb","ability":"Pressure","moves":["swordsdance","iceshard","iciclecrash","knockoff"],"nature":"Jolly","evs":{"hp":0,"atk":252,"def":0,"spa":0,"spd":4,"spe":252},"ivs":{"hp":31,"atk":31,"def":31,"spa":31,"spd":31,"spe":31}},{"name":"Hoopa-Unbound","species":"Hoopa-Unbound","item":"choicescarf","ability":"Magician","moves":["gunkshot","thunderbolt","hyperspacehole","hyperspacefury"],"nature":"Hasty","evs":{"hp":0,"atk":4,"def":0,"spa":252,"spd":0,"spe":252},"ivs":{"hp":31,"atk":31,"def":31,"spa":31,"spd":31,"spe":31}},{"name":"Mandibuzz","species":"Mandibuzz","item":"leftovers","ability":"Overcoat","moves":["foulplay","roost","taunt","defog"],"nature":"Bold","evs":{"hp":248,"atk":0,"def":136,"spa":0,"spd":108,"spe":16},"ivs":{"hp":31,"atk":31,"def":31,"spa":31,"spd":31,"spe":31}},{"name":"Tyranitar","species":"Tyranitar","item":"leftovers","ability":"Sand Stream","moves":["thunderwave","stealthrock","pursuit","stoneedge"],"nature":"Careful","evs":{"hp":248,"atk":8,"def":0,"spa":0,"spd":252,"spe":0},"ivs":{"hp":31,"atk":31,"def":31,"spa":31,"spd":31,"spe":31}},{"name":"Sharpedo","species":"Sharpedo","item":"lifeorb","ability":"Speed Boost","moves":["protect","icebeam","hydropump","crunch"],"nature":"Lonely","evs":{"hp":0,"atk":208,"def":0,"spa":48,"spd":0,"spe":252},"ivs":{"hp":31,"atk":31,"def":31,"spa":31,"spd":31,"spe":31}},{"name":"Sableye","species":"Sableye","item":"sablenite","ability":"Prankster","moves":["willowisp","foulplay","knockoff","recover"],"nature":"Careful","evs":{"hp":252,"atk":0,"def":112,"spa":0,"spd":144,"spe":0},"ivs":{"hp":31,"atk":31,"def":31,"spa":31,"spd":31,"spe":31}}],"p2team":[{"name":"Scizor","species":"Scizor","item":"choiceband","ability":"Technician","moves":["bulletpunch","uturn","knockoff","pursuit"],"nature":"Adamant","evs":{"hp":248,"atk":252,"def":0,"spa":0,"spd":4,"spe":4},"ivs":{"hp":31,"atk":31,"def":31,"spa":31,"spd":31,"spe":31}},{"name":"Forretress","species":"Forretress","item":"leftovers","ability":"Overcoat","moves":["stealthrock","toxic","rapidspin","voltswitch"],"nature":"Bold","evs":{"hp":252,"atk":0,"def":252,"spa":4,"spd":0,"spe":0},"ivs":{"hp":31,"atk":31,"def":31,"spa":31,"spd":31,"spe":31}},{"name":"Pinsir","species":"Pinsir","item":"pinsirite","ability":"Hyper Cutter","moves":["quickattack","return","swordsdance","earthquake"],"nature":"Jolly","evs":{"hp":0,"atk":252,"def":0,"spa":0,"spd":4,"spe":252},"ivs":{"hp":31,"atk":31,"def":31,"spa":31,"spd":31,"spe":31}},{"name":"Volcarona","species":"Volcarona","item":"sitrusberry","ability":"Flame Body","moves":["fierydance","roost","gigadrain","quiverdance"],"nature":"Timid","evs":{"hp":0,"atk":0,"def":0,"spa":128,"spd":128,"spe":252},"ivs":{"hp":31,"atk":0,"def":31,"spa":31,"spd":31,"spe":31}},{"name":"Heracross","species":"Heracross","item":"choicescarf","ability":"Moxie","moves":["earthquake","megahorn","knockoff","closecombat"],"nature":"Jolly","evs":{"hp":0,"atk":252,"def":0,"spa":0,"spd":4,"spe":252},"ivs":{"hp":31,"atk":31,"def":31,"spa":31,"spd":31,"spe":31}},{"name":"Genesect","species":"Genesect","item":"choicescarf","ability":"Download","moves":["uturn","thunderbolt","icebeam","energyball"],"nature":"Hasty","evs":{"hp":0,"atk":4,"def":0,"spa":252,"spd":0,"spe":252},"ivs":{"hp":31,"atk":31,"def":31,"spa":31,"spd":31,"spe":31}}],"log":["|player|p1|DSV|159","|player|p2|Alliance - Warner|126","|gametype|singles","|gen|6","|tier|Monotype","|rated","|rule|Baton Pass Clause: Limit one Baton Passer, can't pass Spe and other stats simultaneously","|rule|Swagger Clause: Swagger is banned","|rule|Same Type Clause: Pokémon in a team must share a type","|clearpoke","|poke|p1|Weavile, M","|poke|p1|Hoopa-Unbound","|poke|p1|Mandibuzz, F","|poke|p1|Tyranitar, M","|poke|p1|Sharpedo, M","|poke|p1|Sableye, F","|poke|p2|Scizor, F","|poke|p2|Forretress, F","|poke|p2|Pinsir, M","|poke|p2|Volcarona, M","|poke|p2|Heracross, F","|poke|p2|Genesect-*","|rule|Sleep Clause Mod: Limit one foe put to sleep","|rule|Species Clause: Limit one of each Pokémon","|rule|OHKO Clause: OHKO moves are banned","|rule|Moody Clause: Moody is banned","|rule|Evasion Moves Clause: Evasion moves are banned","|rule|Endless Battle Clause: Forcing endless battles is banned","|rule|HP Percentage Mod: HP is shown in percentages","|teampreview","|","|start","|switch|p1a: Sableye|Sableye, F|304/304","|switch|p2a: Genesect|Genesect|283/283","|-boost|p2a: Genesect|atk|1|[from] ability: Download","|turn|1","|","|switch|p2a: Volcarona|Volcarona, M|311/311","|detailschange|p1a: Sableye|Sableye-Mega, F","|-mega|p1a: Sableye|Sableye|Sablenite","|move|p1a: Sableye|Foul Play|p2a: Volcarona","|-damage|p2a: Volcarona|233/311","|","|turn|2","|","|switch|p1a: Tyranitar|Tyranitar, M|403/403","|-weather|Sandstorm","|move|p2a: Volcarona|Quiver Dance|p2a: Volcarona","|-boost|p2a: Volcarona|spa|1","|-boost|p2a: Volcarona|spd|1","|-boost|p2a: Volcarona|spe|1","|","|-weather|Sandstorm|[upkeep]","|-damage|p2a: Volcarona|214/311|[from] sandstorm","|turn|3","|","|switch|p2a: Forretress|Forretress, F|354/354","|move|p1a: Tyranitar|Thunder Wave|p2a: Forretress","|-status|p2a: Forretress|par","|","|-weather|Sandstorm|[upkeep]","|turn|4","|","|switch|p1a: Sableye|Sableye-Mega, F|304/304","|move|p2a: Forretress|Stealth Rock|p1a: Sableye","|move|p1a: Sableye|Stealth Rock|p2a: Forretress|[from]Magic Bounce","|-sidestart|p2: Alliance - Warner|move: Stealth Rock","|","|-weather|Sandstorm|[upkeep]","|-damage|p1a: Sableye|285/304|[from] sandstorm","|turn|5","|","|move|p1a: Sableye|Knock Off|p2a: Forretress","|-damage|p2a: Forretress|291/354 par","|-enditem|p2a: Forretress|Leftovers|[from] move: Knock Off|[of] p1a: Sableye","|move|p2a: Forretress|Rapid Spin|p1a: Sableye","|-immune|p1a: Sableye|[msg]","|","|-weather|Sandstorm|[upkeep]","|-damage|p1a: Sableye|266/304|[from] sandstorm","|turn|6","|","|move|p1a: Sableye|Foul Play|p2a: Forretress","|-damage|p2a: Forretress|240/354 par","|move|p2a: Forretress|Volt Switch|p1a: Sableye","|-damage|p1a: Sableye|238/304","|","|switch|p2a: Pinsir|Pinsir, M|271/271","|-damage|p2a: Pinsir|204/271|[from] Stealth Rock","|","|-weather|none","|turn|7","|","|switch|p1a: Mandibuzz|Mandibuzz, F|423/423","|detailschange|p2a: Pinsir|Pinsir-Mega, M","|-mega|p2a: Pinsir|Pinsir|Pinsirite","|move|p2a: Pinsir|Return|p1a: Mandibuzz","|-damage|p1a: Mandibuzz|228/423","|","|-heal|p1a: Mandibuzz|254/423|[from] item: Leftovers","|turn|8","|","|switch|p2a: Forretress|Forretress, F|240/354 par","|-damage|p2a: Forretress|196/354 par|[from] Stealth Rock","|move|p1a: Mandibuzz|Foul Play|p2a: Forretress","|-damage|p2a: Forretress|141/354 par","|","|-heal|p1a: Mandibuzz|280/423|[from] item: Leftovers","|turn|9","|","|switch|p1a: Sableye|Sableye-Mega, F|238/304","|move|p2a: Forretress|Rapid Spin|p1a: Sableye","|-immune|p1a: Sableye|[msg]","|","|turn|10","|","|move|p1a: Sableye|Recover|p1a: Sableye","|-heal|p1a: Sableye|304/304","|cant|p2a: Forretress|par","|","|turn|11","|","|move|p1a: Sableye|Knock Off|p2a: Forretress","|-damage|p2a: Forretress|101/354 par","|move|p2a: Forretress|Volt Switch|p1a: Sableye","|-damage|p1a: Sableye|277/304","|","|switch|p2a: Volcarona|Volcarona, M|214/311","|-damage|p2a: Volcarona|59/311|[from] Stealth Rock","|-enditem|p2a: Volcarona|Sitrus Berry|[eat]","|-heal|p2a: Volcarona|136/311|[from] item: Sitrus Berry","|","|turn|12","|","|switch|p1a: Tyranitar|Tyranitar, M|403/403","|-weather|Sandstorm","|move|p2a: Volcarona|Fiery Dance|p1a: Tyranitar","|-resisted|p1a: Tyranitar","|-damage|p1a: Tyranitar|373/403","|","|-weather|Sandstorm|[upkeep]","|-damage|p2a: Volcarona|117/311|[from] sandstorm","|-heal|p1a: Tyranitar|398/403|[from] item: Leftovers","|turn|13","|","|move|p2a: Volcarona|Giga Drain|p1a: Tyranitar","|-crit|p1a: Tyranitar","|-supereffective|p1a: Tyranitar","|-damage|p1a: Tyranitar|278/403","|-heal|p2a: Volcarona|177/311|[from] drain|[of] p1a: Tyranitar","|move|p1a: Tyranitar|Stone Edge|p2a: Volcarona","|-supereffective|p2a: Volcarona","|-damage|p2a: Volcarona|0 fnt","|faint|p2a: Volcarona","|","|-weather|Sandstorm|[upkeep]","|-heal|p1a: Tyranitar|303/403|[from] item: Leftovers","|","|switch|p2a: Scizor|Scizor, F|343/343","|-damage|p2a: Scizor|301/343|[from] Stealth Rock","|turn|14","|","|switch|p1a: Sableye|Sableye-Mega, F|277/304","|move|p2a: Scizor|U-turn|p1a: Sableye","|-damage|p1a: Sableye|120/304","|","|switch|p2a: Pinsir|Pinsir-Mega, M|204/271","|-damage|p2a: Pinsir|69/271|[from] Stealth Rock","|","|-weather|Sandstorm|[upkeep]","|-damage|p2a: Pinsir|53/271|[from] sandstorm","|-damage|p1a: Sableye|101/304|[from] sandstorm","|turn|15","|","|switch|p1a: Mandibuzz|Mandibuzz, F|280/423","|move|p2a: Pinsir|Swords Dance|p2a: Pinsir","|-boost|p2a: Pinsir|atk|2","|","|-weather|Sandstorm|[upkeep]","|-damage|p2a: Pinsir|37/271|[from] sandstorm","|-heal|p1a: Mandibuzz|306/423|[from] item: Leftovers","|turn|16","|","|move|p2a: Pinsir|Return|p1a: Mandibuzz","|-damage|p1a: Mandibuzz|0 fnt","|faint|p1a: Mandibuzz","|","|-weather|none","|","|switch|p1a: Weavile|Weavile, M|281/281","|-ability|p1a: Weavile|Pressure","|turn|17","|","|move|p1a: Weavile|Ice Shard|p2a: Pinsir","|-crit|p2a: Pinsir","|-supereffective|p2a: Pinsir","|-damage|p2a: Pinsir|0 fnt","|-damage|p1a: Weavile|253/281|[from] item: Life Orb","|faint|p2a: Pinsir","|","|","|switch|p2a: Scizor|Scizor, F|301/343","|-damage|p2a: Scizor|259/343|[from] Stealth Rock","|turn|18","|","|move|p2a: Scizor|Bullet Punch|p1a: Weavile","|-supereffective|p1a: Weavile","|-damage|p1a: Weavile|0 fnt","|faint|p1a: Weavile","|","|","|switch|p1a: Sharpedo|Sharpedo, M|281/281","|turn|19","|","|switch|p2a: Forretress|Forretress, F|101/354 par","|-damage|p2a: Forretress|57/354 par|[from] Stealth Rock","|move|p1a: Sharpedo|Hydro Pump|p2a: Forretress","|-damage|p2a: Forretress|0 fnt","|-damage|p1a: Sharpedo|253/281|[from] item: Life Orb","|faint|p2a: Forretress","|","|-boost|p1a: Sharpedo|spe|1|[from] ability: Speed Boost","|","|switch|p2a: Heracross|Heracross, F|301/301","|-damage|p2a: Heracross|264/301|[from] Stealth Rock","|turn|20","|","|move|p1a: Sharpedo|Protect|p1a: Sharpedo","|-singleturn|p1a: Sharpedo|Protect","|move|p2a: Heracross|Megahorn|p1a: Sharpedo","|-activate|p1a: Sharpedo|Protect","|","|-boost|p1a: Sharpedo|spe|1|[from] ability: Speed Boost","|turn|21","|","|move|p1a: Sharpedo|Hydro Pump|p2a: Heracross|[miss]","|-miss|p1a: Sharpedo|p2a: Heracross","|move|p2a: Heracross|Megahorn|p1a: Sharpedo|[miss]","|-miss|p2a: Heracross|p1a: Sharpedo","|","|-boost|p1a: Sharpedo|spe|1|[from] ability: Speed Boost","|turn|22","|","|move|p1a: Sharpedo|Hydro Pump|p2a: Heracross","|-crit|p2a: Heracross","|-damage|p2a: Heracross|5/301","|-damage|p1a: Sharpedo|225/281|[from] item: Life Orb","|move|p2a: Heracross|Megahorn|p1a: Sharpedo","|-supereffective|p1a: Sharpedo","|-damage|p1a: Sharpedo|0 fnt","|faint|p1a: Sharpedo","|-boost|p2a: Heracross|atk|1|[from] ability: Moxie","|","|","|switch|p1a: Tyranitar|Tyranitar, M|303/403","|-weather|Sandstorm","|turn|23","|","|move|p2a: Heracross|Megahorn|p1a: Tyranitar","|-supereffective|p1a: Tyranitar","|-damage|p1a: Tyranitar|0 fnt","|faint|p1a: Tyranitar","|-boost|p2a: Heracross|atk|1|[from] ability: Moxie","|","|-weather|Sandstorm|[upkeep]","|-damage|p2a: Heracross|0 fnt|[from] sandstorm","|faint|p2a: Heracross","|","|switch|p1a: Hoopa-Unbound|Hoopa-Unbound|301/301","|switch|p2a: Scizor|Scizor, F|259/343","|-damage|p2a: Scizor|217/343|[from] Stealth Rock","|turn|24","|","|switch|p2a: Genesect|Genesect|283/283","|-damage|p2a: Genesect|248/283|[from] Stealth Rock","|-boost|p2a: Genesect|atk|1|[from] ability: Download","|move|p1a: Hoopa-Unbound|Hyperspace Fury|p2a: Genesect","|-damage|p2a: Genesect|29/283","|-unboost|p1a: Hoopa-Unbound|def|1","|","|-weather|Sandstorm|[upkeep]","|-damage|p1a: Hoopa-Unbound|283/301|[from] sandstorm","|turn|25","|","|move|p2a: Genesect|U-turn|p1a: Hoopa-Unbound","|-supereffective|p1a: Hoopa-Unbound","|-damage|p1a: Hoopa-Unbound|0 fnt","|faint|p1a: Hoopa-Unbound","|","|switch|p2a: Scizor|Scizor, F|217/343","|-damage|p2a: Scizor|175/343|[from] Stealth Rock","|","|-weather|Sandstorm|[upkeep]","|","|switch|p1a: Sableye|Sableye-Mega, F|101/304","|turn|26","|","|move|p2a: Scizor|Bullet Punch|p1a: Sableye","|-damage|p1a: Sableye|0 fnt","|faint|p1a: Sableye","|","|win|Alliance - Warner"],"p1rating":{"entryid":"6124841","serverid":"eos","formatid":"monotype","userid":"dsv","username":"DSV","w":"44","l":19,"t":"0","gxe":72.2,"r":"1691.765799518","rd":"51.12970908302","sigma":"0","rptime":"1439024400","rpr":1681.6121768307,"rprd":49.710922328813,"rpsigma":"0","acre":1343.6373525105,"lacre":1343.6373525105,"oldacre":"1370.7108106103"},"p2rating":{"entryid":"7343610","serverid":"eos","formatid":"monotype","userid":"alliancewarner","username":"Alliance - Warner","w":19,"l":"8","t":"0","gxe":65.8,"r":"1600.9428405602","rd":"67.931389444463","sigma":"0","rptime":"1439024400","rpr":1624.7291122748,"rprd":63.025127929647,"rpsigma":"0","acre":1276.1280837908,"lacre":1276.1280837908,"oldacre":"1242.286261166"},"endType":"normal"}