{"seed":[64080,15749,30768,60247],"turns":21,"p1":"V Psychic","p2":"Sovereign♕Cactus","p1team":[{"name":"Zapdos","species":"Zapdos","item":"leftovers","ability":"Pressure","moves":["roost","defog","heatwave","discharge"],"nature":"Bold","evs":{"hp":248,"atk":0,"def":176,"spa":68,"spd":0,"spe":16},"ivs":{"hp":31,"atk":0,"def":31,"spa":31,"spd":31,"spe":31}},{"name":"Thundurus","species":"Thundurus","item":"lifeorb","ability":"Prankster","moves":["superpower","discharge","knockoff","thunderwave"],"nature":"Naive","evs":{"hp":0,"atk":72,"def":0,"spa":184,"spd":0,"spe":252},"ivs":{"hp":31,"atk":31,"def":31,"spa":31,"spd":31,"spe":31}},{"name":"Rotom-Wash","species":"Rotom-Wash","item":"leftovers","ability":"Levitate","moves":["willowisp","hydropump","voltswitch","painsplit"],"nature":"Calm","evs":{"hp":248,"atk":0,"def":0,"spa":0,"spd":216,"spe":44},"ivs":{"hp":31,"atk":0,"def":31,"spa":31,"spd":31,"spe":31}},{"name":"Magnezone","species":"Magnezone","item":"choicescarf","ability":"Sturdy","moves":["voltswitch","discharge","hiddenpowerice","flashcannon"],"nature":"Timid","evs":{"hp":0,"atk":0,"def":0,"spa":252,"spd":4,"spe":252},"ivs":{"hp":31,"atk":30,"def":30,"spa":31,"spd":31,"spe":31}},{"name":"Manectric","species":"Manectric","item":"manectite","ability":"Static","moves":["voltswitch","discharge","overheat","hiddenpowergrass"],"nature":"Timid","evs":{"hp":0,"atk":0,"def":0,"spa":252,"spd":4,"spe":252},"ivs":{"hp":31,"atk":30,"def":31,"spa":30,"spd":31,"spe":31}},{"name":"Luxray","species":"Luxray","item":"choiceband","ability":"Guts","moves":["wildcharge","crunch","superpower","icefang"],"nature":"Jolly","evs":{"hp":0,"atk":252,"def":0,"spa":0,"spd":4,"spe":252},"shiny":true,"ivs":{"hp":31,"atk":31,"def":31,"spa":31,"spd":31,"spe":31}}],"p2team":[{"name":"Mexican Wannabe","species":"hawlucha","item":"sitrusberry","ability":"Unburden","moves":["acrobatics","highjumpkick","substitute","swordsdance"],"nature":"Adamant","evs":{"hp":0,"atk":252,"def":0,"spa":0,"spd":4,"spe":252},"gender":"M","shiny":true,"ivs":{"hp":31,"atk":31,"def":31,"spa":31,"spd":31,"spe":31}},{"name":"Toxicroak","species":"Toxicroak","item":"lifeorb","ability":"Dry Skin","moves":["fakeout","drainpunch","gunkshot","bulletpunch"],"nature":"Jolly","evs":{"hp":0,"atk":252,"def":0,"spa":0,"spd":4,"spe":252},"ivs":{"hp":31,"atk":31,"def":31,"spa":31,"spd":31,"spe":31}},{"name":"CaesarsMowingInc","species":"infernape","item":"focussash","ability":"Iron Fist","moves":["fakeout","stealthrock","taunt","firepunch"],"nature":"Jolly","evs":{"hp":0,"atk":252,"def":0,"spa":0,"spd":4,"spe":252},"gender":"M","shiny":true,"ivs":{"hp":31,"atk":31,"def":31,"spa":31,"spd":31,"spe":31}},{"name":"Pimp Gallade","species":"gallade","item":"galladite","ability":"Steadfast","moves":["poisonjab","shadowsneak","drainpunch","psychocut"],"nature":"Jolly","evs":{"hp":0,"atk":252,"def":0,"spa":0,"spd":4,"spe":252},"ivs":{"hp":31,"atk":31,"def":31,"spa":31,"spd":31,"spe":31}},{"name":"Tyrone The Racist","species":"terrakion","item":"choicescarf","ability":"Justified","moves":["earthquake","closecombat","rockslide","ironhead"],"nature":"Jolly","evs":{"hp":0,"atk":252,"def":0,"spa":0,"spd":4,"spe":252},"shiny":true,"ivs":{"hp":31,"atk":31,"def":31,"spa":31,"spd":31,"spe":31}},{"name":"My Little Perverts","species":"keldeo","item":"choicespecs","ability":"Justified","moves":["secretsword","scald","icywind","hiddenpowergrass"],"nature":"Timid","evs":{"hp":0,"atk":0,"def":0,"spa":252,"spd":4,"spe":252},"ivs":{"hp":31,"atk":30,"def":31,"spa":30,"spd":31,"spe":31}}],"log":["|player|p1|V Psychic|167","|player|p2|Sovereign♕Cactus|251","|gametype|singles","|gen|6","|tier|Monotype","|rated","|rule|Baton Pass Clause: Limit one Baton Passer, can't pass Spe and other stats simultaneously","|rule|Swagger Clause: Swagger is banned","|rule|Same Type Clause: Pokémon in a team must share a type","|clearpoke","|poke|p1|Zapdos","|poke|p1|Thundurus, M","|poke|p1|Rotom-Wash","|poke|p1|Magnezone","|poke|p1|Manectric, M","|poke|p1|Luxray, F, shiny","|poke|p2|Hawlucha, M, shiny","|poke|p2|Toxicroak, M","|poke|p2|Infernape, M, shiny","|poke|p2|Gallade, M","|poke|p2|Terrakion, shiny","|poke|p2|Keldeo","|rule|Sleep Clause Mod: Limit one foe put to sleep","|rule|Species Clause: Limit one of each Pokémon","|rule|OHKO Clause: OHKO moves are banned","|rule|Moody Clause: Moody is banned","|rule|Evasion Moves Clause: Evasion moves are banned","|rule|Endless Battle Clause: Forcing endless battles is banned","|rule|HP Percentage Mod: HP is shown in percentages","|teampreview","|","|start","|switch|p1a: Rotom-Wash|Rotom-Wash|303/303","|switch|p2a: CaesarsMowingInc|Infernape, M, shiny|293/293","|turn|1","|","|move|p2a: CaesarsMowingInc|Fake Out|p1a: Rotom-Wash","|-damage|p1a: Rotom-Wash|262/303","|cant|p1a: Rotom-Wash|flinch","|","|-heal|p1a: Rotom-Wash|280/303|[from] item: Leftovers","|turn|2","|","|move|p2a: CaesarsMowingInc|Stealth Rock|p1a: Rotom-Wash","|-sidestart|p1: V Psychic|move: Stealth Rock","|move|p1a: Rotom-Wash|Hydro Pump|p2a: CaesarsMowingInc","|-supereffective|p2a: CaesarsMowingInc","|-enditem|p2a: CaesarsMowingInc|Focus Sash","|-damage|p2a: CaesarsMowingInc|1/293","|","|-heal|p1a: Rotom-Wash|298/303|[from] item: Leftovers","|turn|3","|","|move|p2a: CaesarsMowingInc|Fire Punch|p1a: Rotom-Wash","|-resisted|p1a: Rotom-Wash","|-damage|p1a: Rotom-Wash|238/303","|move|p1a: Rotom-Wash|Volt Switch|p2a: CaesarsMowingInc","|-damage|p2a: CaesarsMowingInc|0 fnt","|faint|p2a: CaesarsMowingInc","|","|switch|p1a: Thundurus|Thundurus, M|299/299","|-damage|p1a: Thundurus|225/299|[from] Stealth Rock","|","|","|switch|p2a: Tyrone The Racist|Terrakion, shiny|323/323","|turn|4","|","|move|p1a: Thundurus|Thunder Wave|p2a: Tyrone The Racist","|-status|p2a: Tyrone The Racist|par","|move|p2a: Tyrone The Racist|Rock Slide|p1a: Thundurus","|-supereffective|p1a: Thundurus","|-damage|p1a: Thundurus|0 fnt","|faint|p1a: Thundurus","|","|","|switch|p1a: Luxray|Luxray, F, shiny|301/301","|-damage|p1a: Luxray|264/301|[from] Stealth Rock","|turn|5","|","|move|p1a: Luxray|Superpower|p2a: Tyrone The Racist","|-supereffective|p2a: Tyrone The Racist","|-damage|p2a: Tyrone The Racist|0 fnt","|-unboost|p1a: Luxray|atk|1","|-unboost|p1a: Luxray|def|1","|faint|p2a: Tyrone The Racist","|","|","|switch|p2a: My Little Perverts|Keldeo|323/323","|turn|6","|","|switch|p1a: Rotom-Wash|Rotom-Wash|238/303","|-damage|p1a: Rotom-Wash|201/303|[from] Stealth Rock","|move|p2a: My Little Perverts|Secret Sword|p1a: Rotom-Wash","|-damage|p1a: Rotom-Wash|0 fnt","|faint|p1a: Rotom-Wash","|","|","|switch|p1a: Zapdos|Zapdos|383/383","|-damage|p1a: Zapdos|288/383|[from] Stealth Rock","|-ability|p1a: Zapdos|Pressure","|turn|7","|","|move|p2a: My Little Perverts|Secret Sword|p1a: Zapdos","|-resisted|p1a: Zapdos","|-damage|p1a: Zapdos|183/383","|move|p1a: Zapdos|Defog|p2a: My Little Perverts","|-unboost|p2a: My Little Perverts|evasion|1","|-sideend|p1: V Psychic|Stealth Rock|[from] move: Defog|[of] p1a: Zapdos","|","|-heal|p1a: Zapdos|206/383|[from] item: Leftovers","|turn|8","|","|switch|p2a: Pimp Gallade|Gallade, M|277/277","|move|p1a: Zapdos|Roost|p1a: Zapdos","|-heal|p1a: Zapdos|383/383","|","|turn|9","|","|detailschange|p2a: Pimp Gallade|Gallade-Mega, M","|-mega|p2a: Pimp Gallade|Gallade|Galladite","|move|p2a: Pimp Gallade|Psycho Cut|p1a: Zapdos","|-damage|p1a: Zapdos|251/383","|move|p1a: Zapdos|Discharge|p2a: Pimp Gallade","|-crit|p2a: Pimp Gallade","|-damage|p2a: Pimp Gallade|106/277","|","|-heal|p1a: Zapdos|274/383|[from] item: Leftovers","|turn|10","|","|move|p2a: Pimp Gallade|Psycho Cut|p1a: Zapdos","|-damage|p1a: Zapdos|150/383","|move|p1a: Zapdos|Roost|p1a: Zapdos","|-heal|p1a: Zapdos|342/383","|","|-heal|p1a: Zapdos|365/383|[from] item: Leftovers","|turn|11","|","|move|p2a: Pimp Gallade|Psycho Cut|p1a: Zapdos","|-crit|p1a: Zapdos","|-damage|p1a: Zapdos|170/383","|move|p1a: Zapdos|Discharge|p2a: Pimp Gallade","|-damage|p2a: Pimp Gallade|0 fnt","|faint|p2a: Pimp Gallade","|","|-heal|p1a: Zapdos|193/383|[from] item: Leftovers","|","|switch|p2a: My Little Perverts|Keldeo|323/323","|turn|12","|","|switch|p1a: Luxray|Luxray, F, shiny|264/301","|move|p2a: My Little Perverts|Icy Wind|p1a: Luxray","|-damage|p1a: Luxray|151/301","|-unboost|p1a: Luxray|spe|1","|","|turn|13","|","|move|p2a: My Little Perverts|Icy Wind|p1a: Luxray","|-miss|p2a: My Little Perverts|p1a: Luxray","|move|p1a: Luxray|Wild Charge|p2a: My Little Perverts","|-supereffective|p2a: My Little Perverts","|-damage|p2a: My Little Perverts|0 fnt","|-damage|p1a: Luxray|70/301|[from] recoil|[of] p2a: My Little Perverts","|faint|p2a: My Little Perverts","|","|","|switch|p2a: Toxicroak|Toxicroak, M|307/307","|turn|14","|","|move|p2a: Toxicroak|Fake Out|p1a: Luxray","|-damage|p1a: Luxray|8/301","|-damage|p2a: Toxicroak|277/307|[from] item: Life Orb","|cant|p1a: Luxray|flinch","|","|turn|15","|","|move|p2a: Toxicroak|Drain Punch|p1a: Luxray","|-damage|p1a: Luxray|0 fnt","|-heal|p2a: Toxicroak|281/307|[from] drain|[of] p1a: Luxray","|-damage|p2a: Toxicroak|251/307|[from] item: Life Orb","|faint|p1a: Luxray","|","|","|switch|p1a: Manectric|Manectric, M|281/281","|turn|16","|","|detailschange|p1a: Manectric|Manectric-Mega, M","|-mega|p1a: Manectric|Manectric|Manectite","|-ability|p1a: Manectric|Intimidate","|-unboost|p2a: Toxicroak|atk|1","|move|p1a: Manectric|Discharge|p2a: Toxicroak","|-damage|p2a: Toxicroak|43/307","|move|p2a: Toxicroak|Gunk Shot|p1a: Manectric","|-damage|p1a: Manectric|70/281","|-damage|p2a: Toxicroak|13/307|[from] item: Life Orb","|","|turn|17","|","|move|p1a: Manectric|Volt Switch|p2a: Toxicroak","|-damage|p2a: Toxicroak|0 fnt","|faint|p2a: Toxicroak","|","|switch|p1a: Zapdos|Zapdos|193/383","|-ability|p1a: Zapdos|Pressure","|","|-heal|p1a: Zapdos|216/383|[from] item: Leftovers","|","|switch|p2a: Mexican Wannabe|Hawlucha, M, shiny|297/297","|turn|18","|","|move|p2a: Mexican Wannabe|Substitute|p2a: Mexican Wannabe","|-start|p2a: Mexican Wannabe|Substitute","|-damage|p2a: Mexican Wannabe|223/297","|move|p1a: Zapdos|Discharge|p2a: Mexican Wannabe","|-supereffective|p2a: Mexican Wannabe","|-end|p2a: Mexican Wannabe|Substitute","|","|-heal|p1a: Zapdos|239/383|[from] item: Leftovers","|turn|19","|","|move|p2a: Mexican Wannabe|Substitute|p2a: Mexican Wannabe","|-start|p2a: Mexican Wannabe|Substitute","|-damage|p2a: Mexican Wannabe|149/297","|move|p1a: Zapdos|Discharge|p2a: Mexican Wannabe","|-supereffective|p2a: Mexican Wannabe","|-end|p2a: Mexican Wannabe|Substitute","|","|-heal|p1a: Zapdos|262/383|[from] item: Leftovers","|turn|20","|","|move|p2a: Mexican Wannabe|Substitute|p2a: Mexican Wannabe","|-start|p2a: Mexican Wannabe|Substitute","|-damage|p2a: Mexican Wannabe|75/297","|-enditem|p2a: Mexican Wannabe|Sitrus Berry|[eat]","|-heal|p2a: Mexican Wannabe|149/297|[from] item: Sitrus Berry","|move|p1a: Zapdos|Discharge|p2a: Mexican Wannabe","|-supereffective|p2a: Mexican Wannabe","|-end|p2a: Mexican Wannabe|Substitute","|","|-heal|p1a: Zapdos|285/383|[from] item: Leftovers","|turn|21","|","|move|p2a: Mexican Wannabe|Acrobatics|p1a: Zapdos","|-resisted|p1a: Zapdos","|-damage|p1a: Zapdos|217/383","|move|p1a: Zapdos|Discharge|p2a: Mexican Wannabe","|-supereffective|p2a: Mexican Wannabe","|-damage|p2a: Mexican Wannabe|0 fnt","|faint|p2a: Mexican Wannabe","|","|win|V Psychic"],"p1rating":{"entryid":"7467690","serverid":"eos","formatid":"monotype","userid":"vpsychic","username":"V Psychic","w":13,"l":"5","t":"0","gxe":64.7,"r":"1590.5768731025","rd":"107.81252429981","sigma":"0","rptime":"1439024400","rpr":1616.0922119654,"rprd":73.28836760776,"rpsigma":"0","acre":1234.143979647,"lacre":1234.143979647,"oldacre":"1216.3116797482"},"p2rating":{"entryid":"6867552","serverid":"eos","formatid":"monotype","userid":"sovereigncactus","username":"Sovereign♕Cactus","w":"106","l":130,"t":"0","gxe":44.5,"r":"1460.1073963774","rd":"25","sigma":"0","rptime":"1439024400","rpr":1458.3831515271,"rprd":25,"rpsigma":"0","acre":1095.9943191241,"lacre":1095.9943191241,"oldacre":"1113.8266190229"},"endType":"normal"}