{"seed":[15252,48188,1880,25812],"turns":30,"p1":"Chamрion Яеd","p2":"Amateurized","p1team":[{"name":"Alomomola","species":"Alomomola","item":"rockyhelmet","ability":"Regenerator","moves":["wish","protect","toxic","mirrorcoat"],"nature":"Bold","evs":{"hp":252,"atk":0,"def":252,"spa":0,"spd":4,"spe":0},"ivs":{"hp":31,"atk":0,"def":31,"spa":31,"spd":31,"spe":31}},{"name":"Azumarill","species":"Azumarill","item":"leftovers","ability":"Sap Sipper","moves":["toxic","scald","perishsong","knockoff"],"nature":"Impish","evs":{"hp":252,"atk":0,"def":252,"spa":0,"spd":4,"spe":0},"ivs":{"hp":31,"atk":31,"def":31,"spa":31,"spd":31,"spe":31}},{"name":"Lanturn","species":"Lanturn","item":"leftovers","ability":"Volt Absorb","moves":["voltswitch","toxic","healbell","scald"],"nature":"Calm","evs":{"hp":252,"atk":0,"def":4,"spa":0,"spd":252,"spe":0},"ivs":{"hp":31,"atk":0,"def":31,"spa":31,"spd":31,"spe":31}},{"name":"Keldeo","species":"Keldeo","item":"choicespecs","ability":"Justified","moves":["scald","hydropump","secretsword","icywind"],"nature":"Timid","evs":{"hp":4,"atk":0,"def":0,"spa":252,"spd":0,"spe":252},"ivs":{"hp":31,"atk":0,"def":31,"spa":31,"spd":31,"spe":31}},{"name":"Quagsire","species":"Quagsire","item":"leftovers","ability":"Unaware","moves":["earthquake","scald","toxic","recover"],"nature":"Lax","evs":{"hp":252,"atk":4,"def":252,"spa":0,"spd":0,"spe":0},"ivs":{"hp":31,"atk":31,"def":31,"spa":31,"spd":31,"spe":31}},{"name":"Empoleon","species":"Empoleon","item":"leftovers","ability":"Torrent","moves":["stealthrock","defog","flashcannon","roar"],"nature":"Calm","evs":{"hp":252,"atk":0,"def":56,"spa":0,"spd":200,"spe":0},"ivs":{"hp":31,"atk":0,"def":31,"spa":31,"spd":31,"spe":31}}],"p2team":[{"name":"Maskless Hollow","species":"hoopaunbound","item":"lifeorb","ability":"Magician","moves":["substitute","hyperspacehole","darkpulse","nastyplot"],"nature":"Timid","evs":{"hp":4,"atk":0,"def":0,"spa":252,"spd":0,"spe":252},"ivs":{"hp":31,"atk":31,"def":31,"spa":31,"spd":31,"spe":31}},{"name":"Krookodile","species":"Krookodile","item":"focussash","ability":"Intimidate","moves":["stealthrock","earthquake","knockoff","substitute"],"nature":"Impish","evs":{"hp":248,"atk":8,"def":252,"spa":0,"spd":0,"spe":0},"ivs":{"hp":31,"atk":31,"def":31,"spa":31,"spd":31,"spe":31}},{"name":"Turd-Birds","species":"murkrow","item":"eviolite","ability":"Prankster","moves":["featherdance","perishsong","tailwind","taunt"],"nature":"Calm","evs":{"hp":248,"atk":0,"def":8,"spa":0,"spd":252,"spe":0},"ivs":{"hp":31,"atk":31,"def":31,"spa":31,"spd":31,"spe":31}},{"name":"Triple Collateral","species":"hydreigon","item":"choicescarf","ability":"Levitate","moves":["darkpulse","earthpower","flamethrower","dragonpulse"],"nature":"Timid","evs":{"hp":0,"atk":0,"def":0,"spa":252,"spd":4,"spe":252},"ivs":{"hp":31,"atk":31,"def":31,"spa":31,"spd":31,"spe":31}},{"name":"Sharpedo","species":"Sharpedo","item":"sharpedonite","ability":"Speed Boost","moves":["crunch","waterfall","zenheadbutt","protect"],"nature":"Adamant","evs":{"hp":0,"atk":252,"def":0,"spa":0,"spd":4,"spe":252},"ivs":{"hp":31,"atk":31,"def":31,"spa":31,"spd":31,"spe":31}},{"name":"Pain to kill","species":"mandibuzz","item":"leftovers","ability":"Overcoat","moves":["tailwind","uturn","roost","toxic"],"nature":"Careful","evs":{"hp":248,"atk":0,"def":8,"spa":0,"spd":252,"spe":0},"ivs":{"hp":31,"atk":31,"def":31,"spa":31,"spd":31,"spe":31}}],"log":["|player|p1|Chamрion Яеd|xenru.png","|player|p2|Amateurized|1","|gametype|singles","|gen|6","|tier|Monotype","|rated","|rule|Baton Pass Clause: Limit one Baton Passer, can't pass Spe and other stats simultaneously","|rule|Swagger Clause: Swagger is banned","|rule|Same Type Clause: Pokémon in a team must share a type","|clearpoke","|poke|p1|Alomomola, M","|poke|p1|Azumarill, F","|poke|p1|Lanturn, M","|poke|p1|Keldeo","|poke|p1|Quagsire, F","|poke|p1|Empoleon, F","|poke|p2|Hoopa-Unbound","|poke|p2|Krookodile, M","|poke|p2|Murkrow, M","|poke|p2|Hydreigon, M","|poke|p2|Sharpedo, F","|poke|p2|Mandibuzz, F","|rule|Sleep Clause Mod: Limit one foe put to sleep","|rule|Species Clause: Limit one of each Pokémon","|rule|OHKO Clause: OHKO moves are banned","|rule|Moody Clause: Moody is banned","|rule|Evasion Moves Clause: Evasion moves are banned","|rule|Endless Battle Clause: Forcing endless battles is banned","|rule|HP Percentage Mod: HP is shown in percentages","|teampreview","|","|start","|switch|p1a: Empoleon|Empoleon, F|372/372","|switch|p2a: Turd-Birds|Murkrow, M|323/323","|turn|1","|","|move|p2a: Turd-Birds|Taunt|p1a: Empoleon","|-start|p1a: Empoleon|move: Taunt","|cant|p1a: Empoleon|move: Taunt|Stealth Rock","|","|turn|2","|","|move|p2a: Turd-Birds|Tailwind|p2a: Turd-Birds","|-sidestart|p2: Amateurized|move: Tailwind","|move|p1a: Empoleon|Flash Cannon|p2a: Turd-Birds","|-damage|p2a: Turd-Birds|235/323","|","|turn|3","|","|switch|p1a: Lanturn|Lanturn, M|454/454","|move|p2a: Turd-Birds|Perish Song|p2a: Turd-Birds","|-start|p1a: Lanturn|perish3|[silent]","|-start|p2a: Turd-Birds|perish3|[silent]","|-fieldactivate|move: Perish Song","|","|-start|p2a: Turd-Birds|perish3","|-start|p1a: Lanturn|perish3","|turn|4","|","|move|p2a: Turd-Birds|Taunt|p1a: Lanturn","|-start|p1a: Lanturn|move: Taunt","|move|p1a: Lanturn|Volt Switch|p2a: Turd-Birds","|-supereffective|p2a: Turd-Birds","|-damage|p2a: Turd-Birds|127/323","|","|switch|p1a: Keldeo|Keldeo|324/324","|","|-start|p2a: Turd-Birds|perish2","|turn|5","|","|move|p2a: Turd-Birds|Taunt|p1a: Keldeo","|-start|p1a: Keldeo|move: Taunt","|move|p1a: Keldeo|Icy Wind|p2a: Turd-Birds","|-supereffective|p2a: Turd-Birds","|-damage|p2a: Turd-Birds|0 fnt","|faint|p2a: Turd-Birds","|","|-sideend|p2: Amateurized|move: Tailwind","|","|switch|p2a: Krookodile|Krookodile, M|393/393","|-ability|p2a: Krookodile|Intimidate","|-unboost|p1a: Keldeo|atk|1","|turn|6","|","|move|p1a: Keldeo|Icy Wind|p2a: Krookodile","|-supereffective|p2a: Krookodile","|-damage|p2a: Krookodile|115/393","|-unboost|p2a: Krookodile|spe|1","|move|p2a: Krookodile|Stealth Rock|p1a: Keldeo","|-sidestart|p1: Chamрion Яеd|move: Stealth Rock","|","|turn|7","|","|move|p1a: Keldeo|Icy Wind|p2a: Krookodile","|-supereffective|p2a: Krookodile","|-damage|p2a: Krookodile|0 fnt","|faint|p2a: Krookodile","|","|-end|p1a: Keldeo|move: Taunt","|","|switch|p2a: Sharpedo|Sharpedo, F|281/281","|turn|8","|","|switch|p1a: Alomomola|Alomomola, M|534/534","|-damage|p1a: Alomomola|468/534|[from] Stealth Rock","|move|p2a: Sharpedo|Protect|p2a: Sharpedo","|-fail|p2a: Sharpedo","|","|-boost|p2a: Sharpedo|spe|1|[from] ability: Speed Boost","|turn|9","|","|detailschange|p2a: Sharpedo|Sharpedo-Mega, F","|-mega|p2a: Sharpedo|Sharpedo|Sharpedonite","|move|p2a: Sharpedo|Crunch|p1a: Alomomola","|-crit|p1a: Alomomola","|-damage|p1a: Alomomola|144/534","|-damage|p2a: Sharpedo|235/281|[from] item: Rocky Helmet|[of] p1a: Alomomola","|move|p1a: Alomomola|Toxic|p2a: Sharpedo","|-status|p2a: Sharpedo|tox","|","|-damage|p2a: Sharpedo|218/281 tox|[from] psn","|turn|10","|","|switch|p1a: Quagsire|Quagsire, F|394/394","|-damage|p1a: Quagsire|370/394|[from] Stealth Rock","|move|p2a: Sharpedo|Crunch|p1a: Quagsire","|-damage|p1a: Quagsire|172/394","|","|-heal|p1a: Quagsire|196/394|[from] item: Leftovers","|-damage|p2a: Sharpedo|184/281 tox|[from] psn","|turn|11","|","|move|p2a: Sharpedo|Crunch|p1a: Quagsire","|-damage|p1a: Quagsire|0 fnt","|faint|p1a: Quagsire","|","|-damage|p2a: Sharpedo|133/281 tox|[from] psn","|","|switch|p1a: Empoleon|Empoleon, F|372/372","|-damage|p1a: Empoleon|349/372|[from] Stealth Rock","|turn|12","|","|move|p2a: Sharpedo|Crunch|p1a: Empoleon","|-damage|p1a: Empoleon|112/372","|move|p1a: Empoleon|Defog|p2a: Sharpedo","|-unboost|p2a: Sharpedo|evasion|1","|-sideend|p1: Chamрion Яеd|Stealth Rock|[from] move: Defog|[of] p1a: Empoleon","|","|-heal|p1a: Empoleon|135/372|[from] item: Leftovers","|-damage|p2a: Sharpedo|65/281 tox|[from] psn","|turn|13","|","|move|p2a: Sharpedo|Crunch|p1a: Empoleon","|-damage|p1a: Empoleon|0 fnt","|faint|p1a: Empoleon","|","|-damage|p2a: Sharpedo|0 fnt|[from] psn","|faint|p2a: Sharpedo","|","|switch|p2a: Maskless Hollow|Hoopa-Unbound|302/302","|switch|p1a: Azumarill|Azumarill, F|404/404","|turn|14","|","|move|p2a: Maskless Hollow|Substitute|p2a: Maskless Hollow","|-start|p2a: Maskless Hollow|Substitute","|-damage|p2a: Maskless Hollow|227/302","|move|p1a: Azumarill|Perish Song|p1a: Azumarill","|-start|p1a: Azumarill|perish3|[silent]","|-start|p2a: Maskless Hollow|perish3|[silent]","|-fieldactivate|move: Perish Song","|","|-start|p2a: Maskless Hollow|perish3","|-start|p1a: Azumarill|perish3","|turn|15","|","|move|p2a: Maskless Hollow|Hyperspace Hole|p1a: Azumarill","|-damage|p1a: Azumarill|135/404","|-damage|p2a: Maskless Hollow|197/302|[from] item: Life Orb","|move|p1a: Azumarill|Scald|p2a: Maskless Hollow","|-activate|p2a: Maskless Hollow|Substitute|[damage]","|","|-start|p2a: Maskless Hollow|perish2","|-start|p1a: Azumarill|perish2","|-heal|p1a: Azumarill|160/404|[from] item: Leftovers","|turn|16","|","|switch|p1a: Lanturn|Lanturn, M|454/454","|move|p2a: Maskless Hollow|Hyperspace Hole|p1a: Lanturn","|-damage|p1a: Lanturn|247/454","|-damage|p2a: Maskless Hollow|167/302|[from] item: Life Orb","|","|-start|p2a: Maskless Hollow|perish1","|-heal|p1a: Lanturn|275/454|[from] item: Leftovers","|turn|17","|","|switch|p2a: Pain to kill|Mandibuzz, F|423/423","|move|p1a: Lanturn|Volt Switch|p2a: Pain to kill","|-supereffective|p2a: Pain to kill","|-damage|p2a: Pain to kill|319/423","|","|switch|p1a: Alomomola|Alomomola, M|322/534","|","|-heal|p2a: Pain to kill|345/423|[from] item: Leftovers","|turn|18","|","|move|p2a: Pain to kill|Toxic|p1a: Alomomola","|-status|p1a: Alomomola|tox","|move|p1a: Alomomola|Wish|p1a: Alomomola","|","|-heal|p2a: Pain to kill|371/423|[from] item: Leftovers","|-damage|p1a: Alomomola|289/534 tox|[from] psn","|turn|19","|","|switch|p2a: Maskless Hollow|Hoopa-Unbound|167/302","|switch|p1a: Azumarill|Azumarill, F|160/404","|","|-heal|p1a: Azumarill|404/404|[from] move: Wish|[wisher] Alomomola","|turn|20","|","|move|p2a: Maskless Hollow|Nasty Plot|p2a: Maskless Hollow","|-boost|p2a: Maskless Hollow|spa|2","|move|p1a: Azumarill|Perish Song|p1a: Azumarill","|-start|p1a: Azumarill|perish3|[silent]","|-start|p2a: Maskless Hollow|perish3|[silent]","|-fieldactivate|move: Perish Song","|","|-start|p2a: Maskless Hollow|perish3","|-start|p1a: Azumarill|perish3","|turn|21","|","|switch|p1a: Keldeo|Keldeo|324/324","|move|p2a: Maskless Hollow|Hyperspace Hole|p1a: Keldeo","|-supereffective|p1a: Keldeo","|-damage|p1a: Keldeo|0 fnt","|-damage|p2a: Maskless Hollow|137/302|[from] item: Life Orb","|faint|p1a: Keldeo","|","|-start|p2a: Maskless Hollow|perish2","|","|switch|p1a: Lanturn|Lanturn, M|275/454","|turn|22","|","|move|p2a: Maskless Hollow|Hyperspace Hole|p1a: Lanturn","|-damage|p1a: Lanturn|0 fnt","|-damage|p2a: Maskless Hollow|107/302|[from] item: Life Orb","|faint|p1a: Lanturn","|","|-start|p2a: Maskless Hollow|perish1","|","|switch|p1a: Alomomola|Alomomola, M|467/534 tox","|turn|23","|","|switch|p2a: Triple Collateral|Hydreigon, M|325/325","|move|p1a: Alomomola|Protect|p1a: Alomomola","|-fail|p1a: Alomomola","|","|-damage|p1a: Alomomola|434/534 tox|[from] psn","|turn|24","|","|move|p2a: Triple Collateral|Dragon Pulse|p1a: Alomomola","|-damage|p1a: Alomomola|167/534 tox","|move|p1a: Alomomola|Mirror Coat|p2a: Triple Collateral","|-immune|p2a: Triple Collateral|[msg]","|","|-damage|p1a: Alomomola|101/534 tox|[from] psn","|turn|25","|","|move|p1a: Alomomola|Protect|p1a: Alomomola","|-singleturn|p1a: Alomomola|Protect","|move|p2a: Triple Collateral|Dragon Pulse|p1a: Alomomola","|-activate|p1a: Alomomola|Protect","|","|-damage|p1a: Alomomola|2/534 tox|[from] psn","|turn|26","|","|move|p1a: Alomomola|Protect|p1a: Alomomola","|-fail|p1a: Alomomola","|move|p2a: Triple Collateral|Dragon Pulse|p1a: Alomomola","|-crit|p1a: Alomomola","|-damage|p1a: Alomomola|0 fnt","|faint|p1a: Alomomola","|","|","|switch|p1a: Azumarill|Azumarill, F|404/404","|turn|27","|","|switch|p2a: Pain to kill|Mandibuzz, F|371/423","|move|p1a: Azumarill|Perish Song|p1a: Azumarill","|-start|p1a: Azumarill|perish3|[silent]","|-start|p2a: Pain to kill|perish3|[silent]","|-fieldactivate|move: Perish Song","|","|-start|p2a: Pain to kill|perish3","|-start|p1a: Azumarill|perish3","|-heal|p2a: Pain to kill|397/423|[from] item: Leftovers","|turn|28","|","|move|p2a: Pain to kill|Toxic|p1a: Azumarill","|-status|p1a: Azumarill|tox","|move|p1a: Azumarill|Scald|p2a: Pain to kill","|-crit|p2a: Pain to kill","|-damage|p2a: Pain to kill|336/423","|-status|p2a: Pain to kill|brn","|","|-start|p2a: Pain to kill|perish2","|-start|p1a: Azumarill|perish2","|-heal|p2a: Pain to kill|362/423 brn|[from] item: Leftovers","|-damage|p2a: Pain to kill|310/423 brn|[from] brn","|-damage|p1a: Azumarill|379/404 tox|[from] psn","|turn|29","|","|switch|p2a: Maskless Hollow|Hoopa-Unbound|107/302","|move|p1a: Azumarill|Toxic|p2a: Maskless Hollow","|-status|p2a: Maskless Hollow|tox","|","|-start|p1a: Azumarill|perish1","|-heal|p1a: Azumarill|404/404 tox|[from] item: Leftovers","|-damage|p2a: Maskless Hollow|89/302 tox|[from] psn","|-damage|p1a: Azumarill|354/404 tox|[from] psn","|turn|30","|","|move|p2a: Maskless Hollow|Hyperspace Hole|p1a: Azumarill","|-damage|p1a: Azumarill|85/404 tox","|-damage|p2a: Maskless Hollow|59/302 tox|[from] item: Life Orb","|move|p1a: Azumarill|Knock Off|p2a: Maskless Hollow","|-damage|p2a: Maskless Hollow|0 fnt","|-enditem|p2a: Maskless Hollow|Life Orb|[from] move: Knock Off|[of] p1a: Azumarill","|faint|p2a: Maskless Hollow","|","|-start|p1a: Azumarill|perish0","|faint|p1a: Azumarill","|","|win|Amateurized"],"p1rating":{"entryid":7493640,"formatid":"monotype","userid":"chamiond","username":"Chamрion Яеd","r":1500,"rd":130,"sigma":0,"rpr":1458.1125888795,"rprd":122.01175934141,"rpsigma":0,"rptime":1439024400,"w":0,"l":1,"t":0,"gxe":44.8,"acre":1000,"lacre":1000,"oldacre":1000},"p2rating":{"entryid":"6102252","serverid":"eos","formatid":"monotype","userid":"amateurized","username":"Amateurized","w":20,"l":"17","t":"0","gxe":51.4,"r":"1501.8809588138","rd":"59.181958993811","sigma":"0","rptime":"1439024400","rpr":1510.9289960762,"rprd":58.461641318652,"rpsigma":"0","acre":1198.8181505655,"lacre":1198.8181505655,"oldacre":"1186.057835233"},"endType":"normal"}