{"seed":[28290,1201,64737,14735],"turns":31,"p1":"tinchau","p2":"KGBeast","p1team":[{"name":"Audino","species":"Audino","item":"audinite","ability":"Regenerator","moves":["calmmind","toxic","wish","dazzlinggleam"],"nature":"Bold","evs":{"hp":128,"atk":0,"def":252,"spa":0,"spd":128,"spe":0},"gender":"F","ivs":{"hp":31,"atk":31,"def":31,"spa":31,"spd":31,"spe":31}},{"name":"Meloetta","species":"Meloetta","item":"brightpowder","ability":"Serene Grace","moves":["thunderbolt","psychic","healbell","shadowball"],"nature":"Modest","evs":{"hp":0,"atk":0,"def":0,"spa":252,"spd":0,"spe":252},"ivs":{"hp":31,"atk":31,"def":31,"spa":31,"spd":31,"spe":31}},{"name":"Cinccino","species":"Cinccino","item":"choiceband","ability":"Skill Link","moves":["bulletseed","rockblast","tailslap","uturn"],"nature":"Jolly","evs":{"hp":0,"atk":252,"def":0,"spa":0,"spd":0,"spe":252},"gender":"F","ivs":{"hp":31,"atk":31,"def":31,"spa":31,"spd":31,"spe":31}},{"name":"Staraptor","species":"Staraptor","item":"choicescarf","ability":"Reckless","moves":["bravebird","closecombat","uturn","steelwing"],"nature":"Jolly","evs":{"hp":0,"atk":252,"def":0,"spa":0,"spd":4,"spe":252},"gender":"F","ivs":{"hp":31,"atk":31,"def":31,"spa":31,"spd":31,"spe":31}},{"name":"Furfrou","species":"Furfrou","item":"leftovers","ability":"Fur Coat","moves":["cottonguard","thunderwave","suckerpunch","irontail"],"nature":"Impish","evs":{"hp":252,"atk":0,"def":252,"spa":0,"spd":0,"spe":0},"gender":"F","ivs":{"hp":31,"atk":31,"def":31,"spa":31,"spd":31,"spe":31}},{"name":"Lopunny","species":"Lopunny","item":"assaultvest","ability":"Cute Charm","moves":["drainpunch","firepunch","icepunch","poweruppunch"],"nature":"Careful","evs":{"hp":0,"atk":252,"def":4,"spa":0,"spd":252,"spe":0},"ivs":{"hp":31,"atk":31,"def":31,"spa":31,"spd":31,"spe":31}}],"p2team":[{"name":"Charizard","species":"Charizard","item":"charizarditey","ability":"Blaze","moves":["defog","focusblast","fireblast","solarbeam"],"nature":"Timid","evs":{"hp":0,"atk":0,"def":0,"spa":252,"spd":4,"spe":252},"ivs":{"hp":31,"atk":31,"def":31,"spa":31,"spd":31,"spe":31}},{"name":"Torkoal","species":"Torkoal","item":"leftovers","ability":"White Smoke","moves":["stealthrock","lavaplume","rapidspin","yawn"],"nature":"Bold","evs":{"hp":252,"atk":0,"def":252,"spa":0,"spd":0,"spe":4},"ivs":{"hp":31,"atk":31,"def":31,"spa":31,"spd":31,"spe":31}},{"name":"Darmanitan","species":"Darmanitan","item":"choicescarf","ability":"Sheer Force","moves":["flareblitz","uturn","rockslide","superpower"],"nature":"Jolly","evs":{"hp":0,"atk":252,"def":0,"spa":0,"spd":4,"spe":252},"ivs":{"hp":31,"atk":31,"def":31,"spa":31,"spd":31,"spe":31}},{"name":"Heatran","species":"Heatran","item":"leftovers","ability":"Flash Fire","moves":["lavaplume","toxic","earthpower","flashcannon"],"nature":"Calm","evs":{"hp":248,"atk":0,"def":0,"spa":0,"spd":252,"spe":8},"ivs":{"hp":31,"atk":0,"def":31,"spa":31,"spd":31,"spe":31}},{"name":"Rotom-Heat","species":"Rotom-Heat","item":"choicescarf","ability":"Levitate","moves":["voltswitch","thunderbolt","hiddenpowerice","overheat"],"nature":"Timid","evs":{"hp":0,"atk":0,"def":0,"spa":252,"spd":4,"spe":252},"ivs":{"hp":31,"atk":30,"def":30,"spa":31,"spd":31,"spe":31}},{"name":"Arcanine","species":"Arcanine","item":"leftovers","ability":"Intimidate","moves":["willowisp","flareblitz","extremespeed","morningsun"],"nature":"Impish","evs":{"hp":252,"atk":0,"def":252,"spa":0,"spd":0,"spe":4},"ivs":{"hp":31,"atk":31,"def":31,"spa":31,"spd":31,"spe":31}}],"log":["|player|p1|tinchau|285","|player|p2|KGBeast|kgbeast.png","|gametype|singles","|gen|6","|tier|Monotype","|rated","|rule|Baton Pass Clause: Limit one Baton Passer, can't pass Spe and other stats simultaneously","|rule|Swagger Clause: Swagger is banned","|rule|Same Type Clause: Pokémon in a team must share a type","|clearpoke","|poke|p1|Audino, F","|poke|p1|Meloetta","|poke|p1|Cinccino, F","|poke|p1|Staraptor, F","|poke|p1|Furfrou, F","|poke|p1|Lopunny, F","|poke|p2|Charizard, M","|poke|p2|Torkoal, F","|poke|p2|Darmanitan, M","|poke|p2|Heatran, M","|poke|p2|Rotom-Heat","|poke|p2|Arcanine, F","|rule|Sleep Clause Mod: Limit one foe put to sleep","|rule|Species Clause: Limit one of each Pokémon","|rule|OHKO Clause: OHKO moves are banned","|rule|Moody Clause: Moody is banned","|rule|Evasion Moves Clause: Evasion moves are banned","|rule|Endless Battle Clause: Forcing endless battles is banned","|rule|HP Percentage Mod: HP is shown in percentages","|teampreview","|","|start","|switch|p1a: Cinccino|Cinccino, F|291/291","|switch|p2a: Charizard|Charizard, M|297/297","|turn|1","|","|switch|p2a: Arcanine|Arcanine, F|384/384","|-ability|p2a: Arcanine|Intimidate","|-unboost|p1a: Cinccino|atk|1","|move|p1a: Cinccino|Rock Blast|p2a: Arcanine","|-supereffective|p2a: Arcanine","|-damage|p2a: Arcanine|340/384","|-supereffective|p2a: Arcanine","|-damage|p2a: Arcanine|302/384","|-supereffective|p2a: Arcanine","|-damage|p2a: Arcanine|262/384","|-supereffective|p2a: Arcanine","|-damage|p2a: Arcanine|222/384","|-supereffective|p2a: Arcanine","|-damage|p2a: Arcanine|180/384","|-hitcount|p2a: Arcanine|5","|","|-heal|p2a: Arcanine|204/384|[from] item: Leftovers","|turn|2","|","|move|p1a: Cinccino|Rock Blast|p2a: Arcanine|[miss]","|-miss|p1a: Cinccino|p2a: Arcanine","|move|p2a: Arcanine|Morning Sun|p2a: Arcanine","|-heal|p2a: Arcanine|384/384","|","|turn|3","|","|move|p1a: Cinccino|Rock Blast|p2a: Arcanine","|-supereffective|p2a: Arcanine","|-damage|p2a: Arcanine|338/384","|-supereffective|p2a: Arcanine","|-damage|p2a: Arcanine|298/384","|-supereffective|p2a: Arcanine","|-damage|p2a: Arcanine|258/384","|-supereffective|p2a: Arcanine","|-damage|p2a: Arcanine|214/384","|-supereffective|p2a: Arcanine","|-damage|p2a: Arcanine|170/384","|-hitcount|p2a: Arcanine|5","|move|p2a: Arcanine|Will-O-Wisp|p1a: Cinccino","|-status|p1a: Cinccino|brn","|","|-heal|p2a: Arcanine|194/384|[from] item: Leftovers","|-damage|p1a: Cinccino|255/291 brn|[from] brn","|turn|4","|","|switch|p1a: Meloetta|Meloetta|341/341","|move|p2a: Arcanine|Morning Sun|p2a: Arcanine","|-heal|p2a: Arcanine|384/384","|","|turn|5","|","|switch|p2a: Heatran|Heatran, M|385/385","|move|p1a: Meloetta|Psychic|p2a: Heatran","|-resisted|p2a: Heatran","|-damage|p2a: Heatran|327/385","|","|-heal|p2a: Heatran|351/385|[from] item: Leftovers","|turn|6","|","|move|p1a: Meloetta|Heal Bell|p1a: Meloetta","|-cureteam|p1a: Meloetta|[from] move: HealBell","|move|p2a: Heatran|Toxic|p1a: Meloetta","|-status|p1a: Meloetta|tox","|","|-heal|p2a: Heatran|375/385|[from] item: Leftovers","|-damage|p1a: Meloetta|320/341 tox|[from] psn","|turn|7","|","|move|p1a: Meloetta|Heal Bell|p1a: Meloetta","|-cureteam|p1a: Meloetta|[from] move: HealBell","|move|p2a: Heatran|Lava Plume|p1a: Meloetta","|-damage|p1a: Meloetta|224/341","|","|-heal|p2a: Heatran|385/385|[from] item: Leftovers","|turn|8","|","|switch|p1a: Lopunny|Lopunny, F|271/271","|move|p2a: Heatran|Lava Plume|p1a: Lopunny","|-damage|p1a: Lopunny|210/271","|","|turn|9","|","|switch|p2a: Arcanine|Arcanine, F|384/384","|-ability|p2a: Arcanine|Intimidate","|-unboost|p1a: Lopunny|atk|1","|move|p1a: Lopunny|Power-Up Punch|p2a: Arcanine","|-damage|p2a: Arcanine|366/384","|-boost|p1a: Lopunny|atk|1","|","|-heal|p2a: Arcanine|384/384|[from] item: Leftovers","|turn|10","|","|move|p1a: Lopunny|Power-Up Punch|p2a: Arcanine","|-damage|p2a: Arcanine|355/384","|-boost|p1a: Lopunny|atk|1","|move|p2a: Arcanine|Flare Blitz|p1a: Lopunny","|-damage|p1a: Lopunny|23/271","|-damage|p2a: Arcanine|293/384|[from] recoil|[of] p1a: Lopunny","|","|-heal|p2a: Arcanine|317/384|[from] item: Leftovers","|turn|11","|","|move|p2a: Arcanine|Extreme Speed|p1a: Lopunny","|-damage|p1a: Lopunny|0 fnt","|faint|p1a: Lopunny","|","|-heal|p2a: Arcanine|341/384|[from] item: Leftovers","|","|switch|p1a: Furfrou|Furfrou, F|354/354","|turn|12","|","|switch|p2a: Heatran|Heatran, M|385/385","|move|p1a: Furfrou|Thunder Wave|p2a: Heatran","|-status|p2a: Heatran|par","|","|turn|13","|","|move|p1a: Furfrou|Iron Tail|p2a: Heatran","|-resisted|p2a: Heatran","|-damage|p2a: Heatran|369/385 par","|move|p2a: Heatran|Toxic|p1a: Furfrou","|-status|p1a: Furfrou|tox","|","|-heal|p2a: Heatran|385/385 par|[from] item: Leftovers","|-damage|p1a: Furfrou|332/354 tox|[from] psn","|turn|14","|","|switch|p1a: Meloetta|Meloetta|224/341","|move|p2a: Heatran|Lava Plume|p1a: Meloetta","|-damage|p1a: Meloetta|127/341","|","|turn|15","|","|move|p1a: Meloetta|Shadow Ball|p2a: Heatran","|-damage|p2a: Heatran|315/385 par","|move|p2a: Heatran|Lava Plume|p1a: Meloetta","|-damage|p1a: Meloetta|27/341","|","|-heal|p2a: Heatran|339/385 par|[from] item: Leftovers","|turn|16","|","|move|p1a: Meloetta|Heal Bell|p1a: Meloetta","|-cureteam|p1a: Meloetta|[from] move: HealBell","|cant|p2a: Heatran|par","|","|-heal|p2a: Heatran|363/385 par|[from] item: Leftovers","|turn|17","|","|switch|p1a: Staraptor|Staraptor, F|311/311","|move|p2a: Heatran|Lava Plume|p1a: Staraptor","|-damage|p1a: Staraptor|142/311","|","|-heal|p2a: Heatran|385/385 par|[from] item: Leftovers","|turn|18","|","|switch|p2a: Arcanine|Arcanine, F|341/384","|-ability|p2a: Arcanine|Intimidate","|-unboost|p1a: Staraptor|atk|1","|move|p1a: Staraptor|Close Combat|p2a: Arcanine","|-damage|p2a: Arcanine|268/384","|-unboost|p1a: Staraptor|def|1","|-unboost|p1a: Staraptor|spd|1","|","|-heal|p2a: Arcanine|292/384|[from] item: Leftovers","|turn|19","|","|switch|p1a: Furfrou|Furfrou, F|332/354","|move|p2a: Arcanine|Flare Blitz|p1a: Furfrou","|-crit|p1a: Furfrou","|-damage|p1a: Furfrou|220/354","|-damage|p2a: Arcanine|255/384|[from] recoil|[of] p1a: Furfrou","|","|-heal|p1a: Furfrou|242/354|[from] item: Leftovers","|-heal|p2a: Arcanine|279/384|[from] item: Leftovers","|turn|20","|","|switch|p2a: Rotom-Heat|Rotom-Heat|241/241","|move|p1a: Furfrou|Cotton Guard|p1a: Furfrou","|-boost|p1a: Furfrou|def|3","|","|-heal|p1a: Furfrou|264/354|[from] item: Leftovers","|turn|21","|","|move|p2a: Rotom-Heat|Thunderbolt|p1a: Furfrou","|-damage|p1a: Furfrou|123/354","|move|p1a: Furfrou|Iron Tail|p2a: Rotom-Heat|[miss]","|-miss|p1a: Furfrou|p2a: Rotom-Heat","|","|-heal|p1a: Furfrou|145/354|[from] item: Leftovers","|turn|22","|","|move|p1a: Furfrou|Sucker Punch|p2a: Rotom-Heat","|-damage|p2a: Rotom-Heat|193/241","|move|p2a: Rotom-Heat|Thunderbolt|p1a: Furfrou","|-damage|p1a: Furfrou|6/354","|-status|p1a: Furfrou|par","|","|-heal|p1a: Furfrou|28/354 par|[from] item: Leftovers","|turn|23","|","|move|p1a: Furfrou|Sucker Punch|p2a: Rotom-Heat","|-crit|p2a: Rotom-Heat","|-damage|p2a: Rotom-Heat|124/241","|move|p2a: Rotom-Heat|Thunderbolt|p1a: Furfrou","|-damage|p1a: Furfrou|0 fnt","|faint|p1a: Furfrou","|","|","|switch|p1a: Cinccino|Cinccino, F|255/291","|turn|24","|","|move|p2a: Rotom-Heat|Thunderbolt|p1a: Cinccino","|-damage|p1a: Cinccino|63/291","|move|p1a: Cinccino|Rock Blast|p2a: Rotom-Heat","|-supereffective|p2a: Rotom-Heat","|-damage|p2a: Rotom-Heat|52/241","|-supereffective|p2a: Rotom-Heat","|-damage|p2a: Rotom-Heat|0 fnt","|-hitcount|p2a: Rotom-Heat|2","|faint|p2a: Rotom-Heat","|","|","|switch|p2a: Darmanitan|Darmanitan, M|351/351","|turn|25","|","|move|p2a: Darmanitan|Flare Blitz|p1a: Cinccino","|-damage|p1a: Cinccino|0 fnt","|-damage|p2a: Darmanitan|330/351|[from] recoil|[of] p1a: Cinccino","|faint|p1a: Cinccino","|","|","|switch|p1a: Staraptor|Staraptor, F|142/311","|turn|26","|","|move|p1a: Staraptor|Brave Bird|p2a: Darmanitan","|-damage|p2a: Darmanitan|0 fnt","|-damage|p1a: Staraptor|33/311|[from] recoil|[of] p2a: Darmanitan","|faint|p2a: Darmanitan","|","|","|switch|p2a: Torkoal|Torkoal, F|344/344","|turn|27","|","|switch|p1a: Audino|Audino, F|379/379","|move|p2a: Torkoal|Stealth Rock|p1a: Audino","|-sidestart|p1: tinchau|move: Stealth Rock","|","|turn|28","|","|switch|p2a: Heatran|Heatran, M|385/385 par","|detailschange|p1a: Audino|Audino-Mega, F","|-mega|p1a: Audino|Audino|Audinite","|move|p1a: Audino|Toxic|p2a: Heatran","|-fail|p2a: Heatran","|","|turn|29","|","|move|p1a: Audino|Calm Mind|p1a: Audino","|-boost|p1a: Audino|spa|1","|-boost|p1a: Audino|spd|1","|move|p2a: Heatran|Flash Cannon|p1a: Audino","|-supereffective|p1a: Audino","|-damage|p1a: Audino|253/379","|","|turn|30","|","|move|p1a: Audino|Calm Mind|p1a: Audino","|-boost|p1a: Audino|spa|1","|-boost|p1a: Audino|spd|1","|move|p2a: Heatran|Toxic|p1a: Audino|[miss]","|-miss|p2a: Heatran|p1a: Audino","|","|turn|31","|","|win|KGBeast"],"p1rating":{"entryid":"7491882","serverid":"eos","formatid":"monotype","userid":"tinchau","username":"tinchau","w":"0","l":2,"t":"0","gxe":44.1,"r":"1500","rd":"130","sigma":"0","rptime":"1439024400","rpr":1453.0566044914,"rprd":117.46941191945,"rpsigma":"0","acre":1000,"lacre":1000,"oldacre":"1000"},"p2rating":{"entryid":"6349485","serverid":"eos","formatid":"monotype","userid":"kgbeast","username":"KGBeast","w":66,"l":"34","t":"0","gxe":64.5,"r":"1626.0169202879","rd":"40.725674110957","sigma":"0","rptime":"1439024400","rpr":1613.043647298,"rprd":39.103775894048,"rpsigma":"0","acre":1199.6891156179,"lacre":1199.6891156179,"oldacre":"1186.9791376938"},"endType":"forfeit"}