{"seed":[26046,27153,975,63490],"turns":19,"p1":"Dusk Hoot","p2":"Darkness Photon","p1team":[{"name":"Diancie","species":"Diancie","item":"diancite","ability":"Clear Body","moves":["moonblast","diamondstorm","earthpower","protect"],"nature":"Hasty","evs":{"hp":0,"atk":4,"def":0,"spa":252,"spd":0,"spe":252},"ivs":{"hp":31,"atk":31,"def":31,"spa":31,"spd":31,"spe":31}},{"name":"Rhyperior","species":"Rhyperior","item":"weaknesspolicy","ability":"Solid Rock","moves":["earthquake","smackdown","firepunch","megahorn"],"nature":"Adamant","evs":{"hp":248,"atk":252,"def":0,"spa":0,"spd":8,"spe":0},"ivs":{"hp":31,"atk":31,"def":31,"spa":31,"spd":31,"spe":31}},{"name":"Golem","species":"Golem","item":"weaknesspolicy","ability":"Sturdy","moves":["earthquake","rockblast","suckerpunch","explosion"],"nature":"Adamant","evs":{"hp":0,"atk":252,"def":0,"spa":0,"spd":4,"spe":252},"ivs":{"hp":31,"atk":31,"def":31,"spa":31,"spd":31,"spe":31}},{"name":"Cradily","species":"Cradily","item":"leftovers","ability":"Storm Drain","moves":["gigadrain","toxic","stockpile","recover"],"nature":"Calm","evs":{"hp":252,"atk":0,"def":0,"spa":4,"spd":252,"spe":0},"ivs":{"hp":31,"atk":31,"def":31,"spa":31,"spd":31,"spe":31}},{"name":"Shuckle","species":"Shuckle","item":"leftovers","ability":"Sturdy","moves":["stealthrock","stickyweb","toxic","encore"],"nature":"Calm","evs":{"hp":252,"atk":0,"def":4,"spa":0,"spd":252,"spe":0},"ivs":{"hp":31,"atk":31,"def":31,"spa":31,"spd":31,"spe":31}},{"name":"Aerodactyl","species":"Aerodactyl","item":"lifeorb","ability":"Pressure","moves":["aerialace","stoneedge","earthquake","taunt"],"nature":"Jolly","evs":{"hp":0,"atk":252,"def":0,"spa":0,"spd":4,"spe":252},"ivs":{"hp":31,"atk":31,"def":31,"spa":31,"spd":31,"spe":31}}],"p2team":[{"name":"Rotom-Frost","species":"Rotom-Frost","item":"leftovers","ability":"Levitate","moves":["willowisp","rest","sleeptalk","voltswitch"],"nature":"Bold","evs":{"hp":252,"atk":0,"def":252,"spa":0,"spd":4,"spe":0},"ivs":{"hp":31,"atk":31,"def":31,"spa":31,"spd":31,"spe":31}},{"name":"Kyurem-Black","species":"Kyurem-Black","item":"choiceband","ability":"Teravolt","moves":["fusionbolt","icebeam","rockslide","earthpower"],"nature":"Naughty","evs":{"hp":248,"atk":252,"def":0,"spa":8,"spd":0,"spe":0},"ivs":{"hp":31,"atk":30,"def":31,"spa":30,"spd":31,"spe":30}},{"name":"Avalugg","species":"Avalugg","item":"rockyhelmet","ability":"Sturdy","moves":["recover","gyroball","rapidspin","earthquake"],"nature":"Relaxed","evs":{"hp":252,"atk":4,"def":252,"spa":0,"spd":0,"spe":0},"gender":"M","ivs":{"hp":31,"atk":31,"def":31,"spa":31,"spd":31,"spe":0}},{"name":"Articuno","species":"Articuno","item":"leftovers","ability":"Pressure","moves":["toxic","hurricane","roost","defog"],"nature":"Calm","evs":{"hp":252,"atk":0,"def":0,"spa":4,"spd":252,"spe":0},"ivs":{"hp":31,"atk":31,"def":31,"spa":31,"spd":31,"spe":31}},{"name":"Lapras","species":"Lapras","item":"assaultvest","ability":"Water Absorb","moves":["freezedry","hydropump","hiddenpowerfire","surf"],"nature":"Modest","evs":{"hp":248,"atk":0,"def":0,"spa":252,"spd":8,"spe":0},"ivs":{"hp":31,"atk":30,"def":31,"spa":30,"spd":31,"spe":30}},{"name":"Mamoswine","species":"Mamoswine","item":"choicescarf","ability":"Thick Fat","moves":["earthquake","iciclecrash","knockoff","stoneedge"],"nature":"Jolly","evs":{"hp":4,"atk":252,"def":0,"spa":0,"spd":0,"spe":252},"gender":"M","ivs":{"hp":31,"atk":31,"def":31,"spa":31,"spd":31,"spe":31}}],"log":["|player|p1|Dusk Hoot|169","|player|p2|Darkness Photon|66","|gametype|singles","|gen|6","|tier|Monotype","|rated","|rule|Baton Pass Clause: Limit one Baton Passer, can't pass Spe and other stats simultaneously","|rule|Swagger Clause: Swagger is banned","|rule|Same Type Clause: Pokémon in a team must share a type","|clearpoke","|poke|p1|Diancie","|poke|p1|Rhyperior, F","|poke|p1|Golem, F","|poke|p1|Cradily, F","|poke|p1|Shuckle, F","|poke|p1|Aerodactyl, F","|poke|p2|Rotom-Frost","|poke|p2|Kyurem-Black","|poke|p2|Avalugg, M","|poke|p2|Articuno","|poke|p2|Lapras, F","|poke|p2|Mamoswine, M","|rule|Sleep Clause Mod: Limit one foe put to sleep","|rule|Species Clause: Limit one of each Pokémon","|rule|OHKO Clause: OHKO moves are banned","|rule|Moody Clause: Moody is banned","|rule|Evasion Moves Clause: Evasion moves are banned","|rule|Endless Battle Clause: Forcing endless battles is banned","|rule|HP Percentage Mod: HP is shown in percentages","|teampreview","|","|start","|switch|p1a: Rhyperior|Rhyperior, F|433/433","|switch|p2a: Avalugg|Avalugg, M|394/394","|turn|1","|","|switch|p1a: Cradily|Cradily, F|376/376","|switch|p2a: Rotom-Frost|Rotom-Frost|304/304","|","|turn|2","|","|move|p2a: Rotom-Frost|Will-O-Wisp|p1a: Cradily","|-status|p1a: Cradily|brn","|move|p1a: Cradily|Toxic|p2a: Rotom-Frost","|-status|p2a: Rotom-Frost|tox","|","|-damage|p2a: Rotom-Frost|285/304 tox|[from] psn","|-damage|p1a: Cradily|329/376 brn|[from] brn","|turn|3","|","|move|p2a: Rotom-Frost|Volt Switch|p1a: Cradily","|-resisted|p1a: Cradily","|-damage|p1a: Cradily|302/376 brn","|","|switch|p2a: Lapras|Lapras, F|463/463","|move|p1a: Cradily|Giga Drain|p2a: Lapras","|-supereffective|p2a: Lapras","|-damage|p2a: Lapras|361/463","|-heal|p1a: Cradily|353/376 brn|[from] drain|[of] p2a: Lapras","|","|-heal|p1a: Cradily|376/376 brn|[from] item: Leftovers","|-damage|p1a: Cradily|329/376 brn|[from] brn","|turn|4","|","|move|p2a: Lapras|Freeze-Dry|p1a: Cradily","|-supereffective|p1a: Cradily","|-damage|p1a: Cradily|197/376 brn","|move|p1a: Cradily|Toxic|p2a: Lapras","|-status|p2a: Lapras|tox","|","|-heal|p1a: Cradily|220/376 brn|[from] item: Leftovers","|-damage|p2a: Lapras|333/463 tox|[from] psn","|-damage|p1a: Cradily|173/376 brn|[from] brn","|turn|5","|","|switch|p1a: Shuckle|Shuckle, F|244/244","|move|p2a: Lapras|Freeze-Dry|p1a: Shuckle","|-damage|p1a: Shuckle|205/244","|","|-heal|p1a: Shuckle|220/244|[from] item: Leftovers","|-damage|p2a: Lapras|277/463 tox|[from] psn","|turn|6","|","|switch|p2a: Articuno|Articuno|384/384","|-ability|p2a: Articuno|Pressure","|move|p1a: Shuckle|Stealth Rock|p2a: Articuno","|-sidestart|p2: Darkness Photon|move: Stealth Rock","|","|-heal|p1a: Shuckle|235/244|[from] item: Leftovers","|turn|7","|","|move|p2a: Articuno|Toxic|p1a: Shuckle","|-status|p1a: Shuckle|tox","|move|p1a: Shuckle|Toxic|p2a: Articuno","|-status|p2a: Articuno|tox","|","|-heal|p1a: Shuckle|244/244 tox|[from] item: Leftovers","|-damage|p2a: Articuno|360/384 tox|[from] psn","|-damage|p1a: Shuckle|229/244 tox|[from] psn","|turn|8","|","|move|p2a: Articuno|Defog|p1a: Shuckle","|-unboost|p1a: Shuckle|evasion|1","|-sideend|p2: Darkness Photon|Stealth Rock|[from] move: Defog|[of] p2a: Articuno","|move|p1a: Shuckle|Encore|p2a: Articuno","|-start|p2a: Articuno|Encore","|","|-heal|p2a: Articuno|384/384 tox|[from] item: Leftovers","|-heal|p1a: Shuckle|244/244 tox|[from] item: Leftovers","|-damage|p2a: Articuno|336/384 tox|[from] psn","|-damage|p1a: Shuckle|214/244 tox|[from] psn","|turn|9","|","|switch|p1a: Rhyperior|Rhyperior, F|433/433","|move|p2a: Articuno|Defog|p1a: Rhyperior","|-unboost|p1a: Rhyperior|evasion|1","|","|-heal|p2a: Articuno|360/384 tox|[from] item: Leftovers","|-damage|p2a: Articuno|288/384 tox|[from] psn","|turn|10","|","|switch|p2a: Lapras|Lapras, F|277/463 tox","|move|p1a: Rhyperior|Smack Down|p2a: Lapras","|-supereffective|p2a: Lapras","|-damage|p2a: Lapras|5/463 tox","|","|-damage|p2a: Lapras|0 fnt|[from] psn","|faint|p2a: Lapras","|","|switch|p2a: Mamoswine|Mamoswine, M|362/362","|turn|11","|","|move|p2a: Mamoswine|Icicle Crash|p1a: Rhyperior","|-supereffective|p1a: Rhyperior","|-damage|p1a: Rhyperior|252/433","|-enditem|p1a: Rhyperior|Weakness Policy","|-boost|p1a: Rhyperior|atk|2|[from] item: Weakness Policy","|-boost|p1a: Rhyperior|spa|2|[from] item: Weakness Policy","|move|p1a: Rhyperior|Earthquake|p2a: Mamoswine","|-damage|p2a: Mamoswine|0 fnt","|faint|p2a: Mamoswine","|","|","|switch|p2a: Kyurem-Black|Kyurem-Black|453/453","|-ability|p2a: Kyurem-Black|Teravolt","|turn|12","|","|move|p2a: Kyurem-Black|Ice Beam|p1a: Rhyperior","|-supereffective|p1a: Rhyperior","|-damage|p1a: Rhyperior|0 fnt","|faint|p1a: Rhyperior","|","|","|switch|p1a: Shuckle|Shuckle, F|214/244 tox","|turn|13","|","|switch|p2a: Rotom-Frost|Rotom-Frost|285/304 tox","|move|p1a: Shuckle|Stealth Rock|p2a: Rotom-Frost","|-sidestart|p2: Darkness Photon|move: Stealth Rock","|","|-heal|p2a: Rotom-Frost|304/304 tox|[from] item: Leftovers","|-heal|p1a: Shuckle|229/244 tox|[from] item: Leftovers","|-damage|p2a: Rotom-Frost|285/304 tox|[from] psn","|-damage|p1a: Shuckle|214/244 tox|[from] psn","|turn|14","|","|move|p2a: Rotom-Frost|Will-O-Wisp|p1a: Shuckle","|-fail|p1a: Shuckle","|move|p1a: Shuckle|Encore|p2a: Rotom-Frost","|-start|p2a: Rotom-Frost|Encore","|","|-heal|p2a: Rotom-Frost|304/304 tox|[from] item: Leftovers","|-heal|p1a: Shuckle|229/244 tox|[from] item: Leftovers","|-damage|p2a: Rotom-Frost|266/304 tox|[from] psn","|-damage|p1a: Shuckle|199/244 tox|[from] psn","|turn|15","|","|switch|p2a: Articuno|Articuno|288/384 tox","|-damage|p2a: Articuno|96/384 tox|[from] Stealth Rock","|-ability|p2a: Articuno|Pressure","|switch|p1a: Cradily|Cradily, F|173/376 brn","|","|-heal|p2a: Articuno|120/384 tox|[from] item: Leftovers","|-heal|p1a: Cradily|196/376 brn|[from] item: Leftovers","|-damage|p2a: Articuno|96/384 tox|[from] psn","|-damage|p1a: Cradily|149/376 brn|[from] brn","|turn|16","|","|switch|p1a: Aerodactyl|Aerodactyl, F|301/301","|-ability|p1a: Aerodactyl|Pressure","|move|p2a: Articuno|Defog|p1a: Aerodactyl","|-unboost|p1a: Aerodactyl|evasion|1","|-sideend|p2: Darkness Photon|Stealth Rock|[from] move: Defog|[of] p2a: Articuno","|","|-heal|p2a: Articuno|120/384 tox|[from] item: Leftovers","|-damage|p2a: Articuno|72/384 tox|[from] psn","|turn|17","|","|move|p1a: Aerodactyl|Aerial Ace|p2a: Articuno","|-damage|p2a: Articuno|0 fnt","|-damage|p1a: Aerodactyl|271/301|[from] item: Life Orb","|faint|p2a: Articuno","|","|","|switch|p2a: Avalugg|Avalugg, M|394/394","|turn|18","|","|switch|p1a: Shuckle|Shuckle, F|199/244 tox","|move|p2a: Avalugg|Gyro Ball|p1a: Shuckle","|-supereffective|p1a: Shuckle","|-damage|p1a: Shuckle|179/244 tox","|","|-heal|p1a: Shuckle|194/244 tox|[from] item: Leftovers","|-damage|p1a: Shuckle|179/244 tox|[from] psn","|turn|19","|","|win|Dusk Hoot"],"p1rating":{"entryid":"6278074","serverid":"eos","formatid":"monotype","userid":"duskhoot","username":"Dusk Hoot","w":46,"l":"35","t":"0","gxe":55,"r":"1534.2655770476","rd":"47.464079051416","sigma":"0","rptime":"1439024400","rpr":1538.1177684231,"rprd":46.340977702395,"rpsigma":"0","acre":1152.6518556212,"lacre":1152.6518556212,"oldacre":"1134.2736706771"},"p2rating":{"entryid":"7212353","serverid":"eos","formatid":"monotype","userid":"darknessphoton","username":"Darkness Photon","w":"2","l":7,"t":"0","gxe":35.6,"r":"1409.4173004702","rd":"104.21776836726","sigma":"0","rptime":"1439024400","rpr":1384.7352393728,"rprd":92.060997627298,"rpsigma":"0","acre":1028.2379616357,"lacre":1028.2379616357,"oldacre":"1040"},"endType":"forfeit"}