{"seed":[7688,44488,22823,51515],"turns":23,"p1":"Prof. Nightmare","p2":"Void Chrono - ⒶⒻⓀ","p1team":[{"name":"Smeargle","species":"Smeargle","item":"focussash","ability":"Own Tempo","moves":["spikes","stealthrock","spore","stickyweb"],"nature":"Timid","evs":{"hp":248,"atk":0,"def":0,"spa":0,"spd":8,"spe":252},"shiny":true,"ivs":{"hp":31,"atk":31,"def":31,"spa":31,"spd":31,"spe":31}},{"name":"Ambipom","species":"Ambipom","item":"lifeorb","ability":"Technician","moves":["poweruppunch","fakeout","knockoff","protect"],"nature":"Jolly","evs":{"hp":0,"atk":252,"def":0,"spa":0,"spd":4,"spe":252},"ivs":{"hp":31,"atk":31,"def":31,"spa":31,"spd":31,"spe":31}},{"name":"Meloetta","species":"Meloetta","item":"assaultvest","ability":"Serene Grace","moves":["chargebeam","dazzlinggleam","psyshock","shadowball"],"nature":"Bold","evs":{"hp":252,"atk":0,"def":252,"spa":0,"spd":0,"spe":4},"ivs":{"hp":31,"atk":31,"def":31,"spa":31,"spd":31,"spe":31}},{"name":"Ditto","species":"Ditto","item":"choicescarf","ability":"Imposter","moves":["transform"],"nature":"Bold","evs":{"hp":248,"atk":0,"def":252,"spa":0,"spd":8,"spe":0},"ivs":{"hp":31,"atk":31,"def":31,"spa":31,"spd":31,"spe":31}},{"name":"Chansey","species":"Chansey","item":"eviolite","ability":"Natural Cure","moves":["seismictoss","softboiled","toxic","counter"],"nature":"Bold","evs":{"hp":252,"atk":0,"def":252,"spa":0,"spd":4,"spe":0},"ivs":{"hp":31,"atk":31,"def":31,"spa":31,"spd":31,"spe":31}},{"name":"Lopunny","species":"Lopunny","item":"lopunnite","ability":"Cute Charm","moves":["fakeout","highjumpkick","return","thunderpunch"],"nature":"Jolly","evs":{"hp":0,"atk":252,"def":0,"spa":0,"spd":4,"spe":252},"gender":"F","ivs":{"hp":31,"atk":31,"def":31,"spa":31,"spd":31,"spe":31}}],"p2team":[{"name":"Garchomp","species":"Garchomp","item":"rockyhelmet","ability":"Rough Skin","moves":["stealthrock","earthquake","fireblast","endure"],"nature":"Relaxed","evs":{"hp":248,"atk":0,"def":252,"spa":0,"spd":8,"spe":0},"ivs":{"hp":31,"atk":31,"def":31,"spa":31,"spd":31,"spe":31}},{"name":"Kyurem-Black","species":"Kyurem-Black","item":"lifeorb","ability":"Teravolt","moves":["outrage","fusionbolt","ironhead","icebeam"],"nature":"Naughty","evs":{"hp":192,"atk":252,"def":0,"spa":0,"spd":0,"spe":64},"ivs":{"hp":31,"atk":31,"def":31,"spa":31,"spd":31,"spe":31}},{"name":"Altaria","species":"Altaria","item":"altarianite","ability":"Natural Cure","moves":["frustration","dragondance","roost","healbell"],"nature":"Adamant","evs":{"hp":0,"atk":252,"def":0,"spa":0,"spd":4,"spe":252},"happiness":0,"ivs":{"hp":31,"atk":31,"def":31,"spa":31,"spd":31,"spe":31}},{"name":"Latias","species":"Latias","item":"lifeorb","ability":"Levitate","moves":["defog","healingwish","psyshock","dracometeor"],"nature":"Timid","evs":{"hp":0,"atk":0,"def":0,"spa":252,"spd":4,"spe":252},"ivs":{"hp":31,"atk":31,"def":31,"spa":31,"spd":31,"spe":31}},{"name":"Latios","species":"Latios","item":"choicescarf","ability":"Levitate","moves":["trick","psyshock","dracometeor","hiddenpowerfire"],"nature":"Timid","evs":{"hp":0,"atk":0,"def":0,"spa":252,"spd":4,"spe":252},"ivs":{"hp":31,"atk":30,"def":31,"spa":30,"spd":31,"spe":30}},{"name":"Dragonite","species":"Dragonite","item":"choiceband","ability":"Multiscale","moves":["outrage","firepunch","superpower","extremespeed"],"nature":"Adamant","evs":{"hp":0,"atk":252,"def":0,"spa":0,"spd":4,"spe":252},"ivs":{"hp":31,"atk":31,"def":31,"spa":31,"spd":31,"spe":31}}],"log":["|player|p1|Prof. Nightmare|profnightmare.png","|player|p2|Void Chrono - ⒶⒻⓀ|voidchrono.png","|gametype|singles","|gen|6","|tier|Monotype","|rated","|rule|Baton Pass Clause: Limit one Baton Passer, can't pass Spe and other stats simultaneously","|rule|Swagger Clause: Swagger is banned","|rule|Same Type Clause: Pokémon in a team must share a type","|clearpoke","|poke|p1|Smeargle, F, shiny","|poke|p1|Ambipom, F","|poke|p1|Meloetta","|poke|p1|Ditto","|poke|p1|Chansey, F","|poke|p1|Lopunny, F","|poke|p2|Garchomp, F","|poke|p2|Kyurem-Black","|poke|p2|Altaria, M","|poke|p2|Latias, F","|poke|p2|Latios, M","|poke|p2|Dragonite, F","|rule|Sleep Clause Mod: Limit one foe put to sleep","|rule|Species Clause: Limit one of each Pokémon","|rule|OHKO Clause: OHKO moves are banned","|rule|Moody Clause: Moody is banned","|rule|Evasion Moves Clause: Evasion moves are banned","|rule|Endless Battle Clause: Forcing endless battles is banned","|rule|HP Percentage Mod: HP is shown in percentages","|teampreview","|","|start","|switch|p1a: Smeargle|Smeargle, F, shiny|313/313","|switch|p2a: Garchomp|Garchomp, F|419/419","|turn|1","|","|move|p1a: Smeargle|Spore|p2a: Garchomp","|-status|p2a: Garchomp|slp","|cant|p2a: Garchomp|slp","|","|turn|2","|","|move|p1a: Smeargle|Sticky Web|p2a: Garchomp","|-sidestart|p2: Void Chrono - ⒶⒻⓀ|move: Sticky Web","|cant|p2a: Garchomp|slp","|","|turn|3","|","|move|p1a: Smeargle|Stealth Rock|p2a: Garchomp","|-sidestart|p2: Void Chrono - ⒶⒻⓀ|move: Stealth Rock","|-curestatus|p2a: Garchomp|slp","|move|p2a: Garchomp|Earthquake|p1a: Smeargle","|-enditem|p1a: Smeargle|Focus Sash","|-damage|p1a: Smeargle|1/313","|","|turn|4","|","|move|p1a: Smeargle|Spore|p2a: Garchomp","|-status|p2a: Garchomp|slp","|cant|p2a: Garchomp|slp","|","|turn|5","|","|move|p1a: Smeargle|Spikes|p2a: Garchomp","|-sidestart|p2: Void Chrono - ⒶⒻⓀ|Spikes","|cant|p2a: Garchomp|slp","|","|turn|6","|","|switch|p2a: Latias|Latias, F|301/301","|-damage|p2a: Latias|264/301|[from] Stealth Rock","|move|p1a: Smeargle|Spikes|p2a: Latias","|-sidestart|p2: Void Chrono - ⒶⒻⓀ|Spikes","|","|turn|7","|","|switch|p1a: Ambipom|Ambipom, F|291/291","|move|p2a: Latias|Defog|p1a: Ambipom","|-unboost|p1a: Ambipom|evasion|1","|-sideend|p2: Void Chrono - ⒶⒻⓀ|Spikes|[from] move: Defog|[of] p2a: Latias","|-sideend|p2: Void Chrono - ⒶⒻⓀ|Stealth Rock|[from] move: Defog|[of] p2a: Latias","|-sideend|p2: Void Chrono - ⒶⒻⓀ|Sticky Web|[from] move: Defog|[of] p2a: Latias","|","|turn|8","|","|switch|p2a: Garchomp|Garchomp, F|419/419 slp","|move|p1a: Ambipom|Fake Out|p2a: Garchomp","|-damage|p2a: Garchomp|340/419 slp","|-damage|p1a: Ambipom|255/291|[from] ability: Rough Skin|[of] p2a: Garchomp","|-damage|p1a: Ambipom|207/291|[from] item: Rocky Helmet|[of] p2a: Garchomp","|-damage|p1a: Ambipom|178/291|[from] item: Life Orb","|","|turn|9","|","|move|p1a: Ambipom|Knock Off|p2a: Garchomp","|-damage|p2a: Garchomp|248/419 slp","|-damage|p1a: Ambipom|142/291|[from] ability: Rough Skin|[of] p2a: Garchomp","|-damage|p1a: Ambipom|94/291|[from] item: Rocky Helmet|[of] p2a: Garchomp","|-enditem|p2a: Garchomp|Rocky Helmet|[from] move: Knock Off|[of] p1a: Ambipom","|-damage|p1a: Ambipom|65/291|[from] item: Life Orb","|-curestatus|p2a: Garchomp|slp","|move|p2a: Garchomp|Earthquake|p1a: Ambipom","|-damage|p1a: Ambipom|0 fnt","|faint|p1a: Ambipom","|","|","|switch|p1a: Chansey|Chansey, F|704/704","|turn|10","|","|switch|p2a: Kyurem-Black|Kyurem-Black|439/439","|-ability|p2a: Kyurem-Black|Teravolt","|move|p1a: Chansey|Counter|p2a: Kyurem-Black","|-fail|p2a: Kyurem-Black","|","|turn|11","|","|switch|p1a: Smeargle|Smeargle, F, shiny|1/313","|move|p2a: Kyurem-Black|Outrage|p1a: Smeargle","|-damage|p1a: Smeargle|0 fnt","|-damage|p2a: Kyurem-Black|396/439|[from] item: Life Orb","|faint|p1a: Smeargle","|","|","|switch|p1a: Chansey|Chansey, F|704/704","|turn|12","|","|move|p2a: Kyurem-Black|Outrage|p1a: Chansey|[from]lockedmove","|-damage|p1a: Chansey|252/704","|-damage|p2a: Kyurem-Black|353/439|[from] item: Life Orb","|-start|p2a: Kyurem-Black|confusion|[fatigue]","|move|p1a: Chansey|Soft-Boiled|p1a: Chansey","|-heal|p1a: Chansey|604/704","|","|turn|13","|","|switch|p2a: Garchomp|Garchomp, F|248/419","|move|p1a: Chansey|Soft-Boiled|p1a: Chansey","|-heal|p1a: Chansey|704/704","|","|turn|14","|","|switch|p2a: Kyurem-Black|Kyurem-Black|353/439","|-ability|p2a: Kyurem-Black|Teravolt","|move|p1a: Chansey|Toxic|p2a: Kyurem-Black","|-status|p2a: Kyurem-Black|tox","|","|-damage|p2a: Kyurem-Black|326/439 tox|[from] psn","|turn|15","|","|move|p2a: Kyurem-Black|Outrage|p1a: Chansey","|-damage|p1a: Chansey|176/704","|-damage|p2a: Kyurem-Black|283/439 tox|[from] item: Life Orb","|move|p1a: Chansey|Soft-Boiled|p1a: Chansey","|-heal|p1a: Chansey|528/704","|","|-damage|p2a: Kyurem-Black|229/439 tox|[from] psn","|turn|16","|","|switch|p1a: Meloetta|Meloetta|404/404","|move|p2a: Kyurem-Black|Outrage|p1a: Meloetta|[from]lockedmove","|-damage|p1a: Meloetta|91/404","|-damage|p2a: Kyurem-Black|186/439 tox|[from] item: Life Orb","|","|-damage|p2a: Kyurem-Black|105/439 tox|[from] psn","|turn|17","|","|move|p2a: Kyurem-Black|Outrage|p1a: Meloetta|[from]lockedmove","|-damage|p1a: Meloetta|0 fnt","|-damage|p2a: Kyurem-Black|62/439 tox|[from] item: Life Orb","|-start|p2a: Kyurem-Black|confusion|[fatigue]","|faint|p1a: Meloetta","|","|-damage|p2a: Kyurem-Black|0 fnt|[from] psn","|faint|p2a: Kyurem-Black","|","|switch|p2a: Dragonite|Dragonite, F|323/323","|switch|p1a: Chansey|Chansey, F|528/704","|turn|18","|","|move|p2a: Dragonite|Outrage|p1a: Chansey","|-crit|p1a: Chansey","|-damage|p1a: Chansey|0 fnt","|faint|p1a: Chansey","|","|","|switch|p1a: Ditto|Ditto|299/299","|-transform|p1a: Ditto|p2a: Dragonite","|turn|19","|","|move|p1a: Ditto|Outrage|p2a: Dragonite","|-supereffective|p2a: Dragonite","|-damage|p2a: Dragonite|68/323","|move|p2a: Dragonite|Outrage|p1a: Ditto|[from]lockedmove","|-supereffective|p1a: Ditto","|-damage|p1a: Ditto|0 fnt","|-start|p2a: Dragonite|confusion|[fatigue]","|faint|p1a: Ditto","|","|","|switch|p1a: Lopunny|Lopunny, F|271/271","|turn|20","|","|switch|p2a: Garchomp|Garchomp, F|248/419","|detailschange|p1a: Lopunny|Lopunny-Mega, F","|-mega|p1a: Lopunny|Lopunny|Lopunnite","|move|p1a: Lopunny|Fake Out|p2a: Garchomp","|-damage|p2a: Garchomp|194/419","|-damage|p1a: Lopunny|238/271|[from] ability: Rough Skin|[of] p2a: Garchomp","|","|turn|21","|","|move|p1a: Lopunny|High Jump Kick|p2a: Garchomp","|-damage|p2a: Garchomp|1/419","|-damage|p1a: Lopunny|205/271|[from] ability: Rough Skin|[of] p2a: Garchomp","|move|p2a: Garchomp|Earthquake|p1a: Lopunny","|-damage|p1a: Lopunny|36/271","|","|turn|22","|","|move|p2a: Garchomp|Endure|p2a: Garchomp","|-singleturn|p2a: Garchomp|move: Endure","|move|p1a: Lopunny|High Jump Kick|p2a: Garchomp","|-activate|p2a: Garchomp|move: Endure","|-damage|p2a: Garchomp|1/419","|-damage|p1a: Lopunny|3/271|[from] ability: Rough Skin|[of] p2a: Garchomp","|","|turn|23","|","|move|p2a: Garchomp|Endure|p2a: Garchomp","|-fail|p2a: Garchomp","|move|p1a: Lopunny|Return|p2a: Garchomp","|-damage|p2a: Garchomp|0 fnt","|-damage|p1a: Lopunny|0 fnt|[from] ability: Rough Skin|[of] p2a: Garchomp","|faint|p1a: Lopunny","|faint|p2a: Garchomp","|","|win|Void Chrono - ⒶⒻⓀ"],"p1rating":{"entryid":"6844732","serverid":"eos","formatid":"monotype","userid":"profnightmare","username":"Prof. Nightmare","w":"16","l":23,"t":"0","gxe":43.3,"r":"1461.1607449416","rd":"61.80420050335","sigma":"0","rptime":"1439024400","rpr":1448.3787899371,"rprd":60.237517453502,"rpsigma":"0","acre":1040.9184291202,"lacre":1040.9184291202,"oldacre":"1049.2222231149"},"p2rating":{"entryid":"5810362","serverid":"eos","formatid":"monotype","userid":"voidchrono","username":"Void Chrono ת_תת_ת","w":133,"l":"72","t":"0","gxe":64.3,"r":"1602.8165612669","rd":"31.64912856797","sigma":"0","rptime":"1439024400","rpr":1610.76119069,"rprd":31.205606809955,"rpsigma":"0","acre":1262.5085704462,"lacre":1262.5085704462,"oldacre":"1250.5663931728"},"endType":"normal"}