{"seed":[31500,63664,11518,50069],"turns":26,"p1":"Traine X DUDE","p2":"Apex Infinite","p1team":[{"name":"Manectric","species":"Manectric","item":"manectite","ability":"Static","moves":["thunderbolt","hiddenpowerice","flamethrower","voltswitch"],"nature":"Timid","evs":{"hp":0,"atk":0,"def":0,"spa":252,"spd":4,"spe":252},"ivs":{"atk":30,"def":30,"hp":31,"spe":31,"spa":31,"spd":31}},{"name":"Magnezone","species":"Magnezone","item":"choicescarf","ability":"Magnet Pull","moves":["discharge","hiddenpowerfire","flashcannon","voltswitch"],"nature":"Timid","evs":{"hp":0,"atk":0,"def":0,"spa":252,"spd":4,"spe":252},"ivs":{"atk":30,"spa":30,"spe":30,"hp":31,"def":31,"spd":31}},{"name":"Zapdos","species":"Zapdos","item":"leftovers","ability":"Pressure","moves":["thunderbolt","roost","hiddenpowerwater","heatwave"],"nature":"Bold","evs":{"hp":248,"atk":0,"def":176,"spa":68,"spd":0,"spe":16},"ivs":{"atk":30,"def":30,"spa":30,"hp":31,"spe":31,"spd":31}},{"name":"Galvantula","species":"Galvantula","item":"focussash","ability":"Compound Eyes","moves":["stickyweb","thunder","voltswitch","bugbuzz"],"nature":"Timid","evs":{"hp":0,"atk":0,"def":0,"spa":252,"spd":4,"spe":252},"ivs":{"hp":31,"atk":31,"def":31,"spa":31,"spd":31,"spe":31}},{"name":"Rotom-Wash","species":"Rotom-Wash","item":"leftovers","ability":"Levitate","moves":["willowisp","voltswitch","hydropump","thunderbolt"],"nature":"Calm","evs":{"hp":248,"atk":0,"def":0,"spa":8,"spd":252,"spe":0},"ivs":{"hp":31,"atk":31,"def":31,"spa":31,"spd":31,"spe":31}},{"name":"Raikou","species":"Raikou","item":"assaultvest","ability":"Pressure","moves":["aurasphere","hiddenpowergrass","thunderbolt","extrasensory"],"nature":"Rash","evs":{"hp":0,"atk":0,"def":0,"spa":252,"spd":4,"spe":252},"ivs":{"hp":31,"atk":30,"def":31,"spa":30,"spd":31,"spe":31},"shiny":true}],"p2team":[{"name":"Moist Mofo","species":"gastrodon","item":"assaultvest","ability":"Storm Drain","moves":["earthpower","scald","icebeam","hiddenpowerfire"],"nature":"Calm","evs":{"hp":252,"atk":0,"def":0,"spa":4,"spd":252,"spe":0},"ivs":{"hp":31,"atk":30,"def":31,"spa":30,"spd":31,"spe":30}},{"name":"Dead Mofo","species":"mamoswine","item":"lifeorb","ability":"Thick Fat","moves":["iciclecrash","earthquake","iceshard","knockoff"],"nature":"Jolly","evs":{"hp":4,"atk":252,"def":0,"spa":0,"spd":0,"spe":252},"ivs":{"hp":31,"atk":31,"def":31,"spa":31,"spd":31,"spe":31}},{"name":"Drill Mofo","species":"excadrill","item":"lifeorb","ability":"Sand Rush","moves":["earthquake","rockslide","ironhead","swordsdance"],"nature":"Adamant","evs":{"hp":0,"atk":252,"def":0,"spa":0,"spd":4,"spe":252},"shiny":true,"ivs":{"hp":31,"atk":31,"def":31,"spa":31,"spd":31,"spe":31}},{"name":"God Mofo","species":"landorus","item":"lifeorb","ability":"Sheer Force","moves":["earthpower","focusblast","psychic","sludgewave"],"nature":"Timid","evs":{"hp":0,"atk":0,"def":0,"spa":252,"spd":4,"spe":252},"ivs":{"hp":31,"atk":31,"def":31,"spa":31,"spd":31,"spe":31}},{"name":"Phat Mofo","species":"hippowdon","item":"leftovers","ability":"Sand Stream","moves":["earthquake","stealthrock","whirlwind","slackoff"],"nature":"Impish","evs":{"hp":252,"atk":4,"def":252,"spa":0,"spd":0,"spe":0},"ivs":{"hp":31,"atk":31,"def":31,"spa":31,"spd":31,"spe":31}},{"name":"Claws Mofo","species":"gliscor","item":"toxicorb","ability":"Poison Heal","moves":["earthquake","protect","toxic","substitute"],"nature":"Impish","evs":{"hp":248,"atk":0,"def":188,"spa":0,"spd":0,"spe":72},"shiny":true,"ivs":{"hp":31,"atk":31,"def":31,"spa":31,"spd":31,"spe":31}}],"log":["|player|p1|Traine X DUDE|248","|player|p2|Apex Infinite|blankinfinite.png","|gametype|singles","|gen|6","|tier|Monotype","|rated","|rule|Baton Pass Clause: Limit one Baton Passer, can't pass Spe and other stats simultaneously","|rule|Swagger Clause: Swagger is banned","|rule|Same Type Clause: Pokémon in a team must share a type","|clearpoke","|poke|p1|Manectric, M","|poke|p1|Magnezone","|poke|p1|Zapdos","|poke|p1|Galvantula, F","|poke|p1|Rotom-Wash","|poke|p1|Raikou, shiny","|poke|p2|Gastrodon, M","|poke|p2|Mamoswine, F","|poke|p2|Excadrill, F, shiny","|poke|p2|Landorus, M","|poke|p2|Hippowdon, F","|poke|p2|Gliscor, M, shiny","|rule|Sleep Clause Mod: Limit one foe put to sleep","|rule|Species Clause: Limit one of each Pokémon","|rule|OHKO Clause: OHKO moves are banned","|rule|Moody Clause: Moody is banned","|rule|Evasion Moves Clause: Evasion moves are banned","|rule|Endless Battle Clause: Forcing endless battles is banned","|rule|HP Percentage Mod: HP is shown in percentages","|teampreview","|","|start","|switch|p1a: Galvantula|Galvantula, F|281/281","|switch|p2a: Phat Mofo|Hippowdon, F|420/420","|-weather|Sandstorm","|turn|1","|","|move|p1a: Galvantula|Sticky Web|p2a: Phat Mofo","|-sidestart|p2: Apex Infinite|move: Sticky Web","|move|p2a: Phat Mofo|Stealth Rock|p1a: Galvantula","|-sidestart|p1: Traine X DUDE|move: Stealth Rock","|","|-weather|Sandstorm|[upkeep]","|-damage|p1a: Galvantula|264/281|[from] sandstorm","|turn|2","|","|move|p1a: Galvantula|Bug Buzz|p2a: Phat Mofo","|-damage|p2a: Phat Mofo|254/420","|-unboost|p2a: Phat Mofo|spd|1","|move|p2a: Phat Mofo|Earthquake|p1a: Galvantula","|-crit|p1a: Galvantula","|-damage|p1a: Galvantula|0 fnt","|faint|p1a: Galvantula","|","|-weather|Sandstorm|[upkeep]","|-heal|p2a: Phat Mofo|280/420|[from] item: Leftovers","|","|switch|p1a: Manectric|Manectric, M|281/281","|-damage|p1a: Manectric|246/281|[from] Stealth Rock","|turn|3","|","|switch|p2a: Moist Mofo|Gastrodon, M|426/426","|-activate|p2a: Moist Mofo|move: Sticky Web","|-unboost|p2a: Moist Mofo|spe|1","|detailschange|p1a: Manectric|Manectric-Mega, M","|-mega|p1a: Manectric|Manectric|Manectite","|-ability|p1a: Manectric|Intimidate","|-unboost|p2a: Moist Mofo|atk|1","|move|p1a: Manectric|Hidden Power|p2a: Moist Mofo","|-damage|p2a: Moist Mofo|383/426","|","|-weather|Sandstorm|[upkeep]","|-damage|p1a: Manectric|229/281|[from] sandstorm","|turn|4","|","|switch|p1a: Raikou|Raikou, shiny|321/321","|-damage|p1a: Raikou|281/321|[from] Stealth Rock","|-ability|p1a: Raikou|Pressure","|move|p2a: Moist Mofo|Earth Power|p1a: Raikou","|-supereffective|p1a: Raikou","|-damage|p1a: Raikou|125/321","|-unboost|p1a: Raikou|spd|1","|","|-weather|Sandstorm|[upkeep]","|-damage|p1a: Raikou|105/321|[from] sandstorm","|turn|5","|","|move|p1a: Raikou|Hidden Power|p2a: Moist Mofo","|-supereffective|p2a: Moist Mofo","|-damage|p2a: Moist Mofo|223/426","|move|p2a: Moist Mofo|Earth Power|p1a: Raikou","|-supereffective|p1a: Raikou","|-damage|p1a: Raikou|0 fnt","|faint|p1a: Raikou","|","|-weather|none","|","|switch|p1a: Magnezone|Magnezone|281/281","|-damage|p1a: Magnezone|264/281|[from] Stealth Rock","|turn|6","|","|move|p1a: Magnezone|Flash Cannon|p2a: Moist Mofo","|-resisted|p2a: Moist Mofo","|-damage|p2a: Moist Mofo|185/426","|move|p2a: Moist Mofo|Earth Power|p1a: Magnezone","|-supereffective|p1a: Magnezone","|-damage|p1a: Magnezone|0 fnt","|faint|p1a: Magnezone","|","|","|switch|p1a: Zapdos|Zapdos|383/383","|-damage|p1a: Zapdos|288/383|[from] Stealth Rock","|-ability|p1a: Zapdos|Pressure","|turn|7","|","|move|p1a: Zapdos|Heat Wave|p2a: Moist Mofo","|-resisted|p2a: Moist Mofo","|-damage|p2a: Moist Mofo|159/426","|move|p2a: Moist Mofo|Ice Beam|p1a: Zapdos","|-crit|p1a: Zapdos","|-supereffective|p1a: Zapdos","|-damage|p1a: Zapdos|78/383","|","|-heal|p1a: Zapdos|101/383|[from] item: Leftovers","|turn|8","|","|move|p1a: Zapdos|Roost|p1a: Zapdos","|-heal|p1a: Zapdos|293/383","|move|p2a: Moist Mofo|Ice Beam|p1a: Zapdos","|-damage|p1a: Zapdos|224/383","|","|-heal|p1a: Zapdos|247/383|[from] item: Leftovers","|turn|9","|","|move|p1a: Zapdos|Heat Wave|p2a: Moist Mofo","|-resisted|p2a: Moist Mofo","|-damage|p2a: Moist Mofo|132/426","|move|p2a: Moist Mofo|Ice Beam|p1a: Zapdos","|-supereffective|p1a: Zapdos","|-damage|p1a: Zapdos|105/383","|","|-heal|p1a: Zapdos|128/383|[from] item: Leftovers","|turn|10","|","|move|p1a: Zapdos|Heat Wave|p2a: Moist Mofo","|-resisted|p2a: Moist Mofo","|-damage|p2a: Moist Mofo|108/426","|move|p2a: Moist Mofo|Earth Power|p1a: Zapdos","|-immune|p1a: Zapdos|[msg]","|","|-heal|p1a: Zapdos|151/383|[from] item: Leftovers","|turn|11","|","|move|p1a: Zapdos|Roost|p1a: Zapdos","|-heal|p1a: Zapdos|343/383","|move|p2a: Moist Mofo|Ice Beam|p1a: Zapdos","|-damage|p1a: Zapdos|276/383","|","|-heal|p1a: Zapdos|299/383|[from] item: Leftovers","|turn|12","|","|move|p1a: Zapdos|Heat Wave|p2a: Moist Mofo","|-resisted|p2a: Moist Mofo","|-damage|p2a: Moist Mofo|83/426","|move|p2a: Moist Mofo|Ice Beam|p1a: Zapdos","|-supereffective|p1a: Zapdos","|-damage|p1a: Zapdos|161/383","|","|-heal|p1a: Zapdos|184/383|[from] item: Leftovers","|turn|13","|","|move|p1a: Zapdos|Heat Wave|p2a: Moist Mofo","|-resisted|p2a: Moist Mofo","|-damage|p2a: Moist Mofo|56/426","|-status|p2a: Moist Mofo|brn","|move|p2a: Moist Mofo|Ice Beam|p1a: Zapdos","|-supereffective|p1a: Zapdos","|-damage|p1a: Zapdos|40/383","|","|-heal|p1a: Zapdos|63/383|[from] item: Leftovers","|-damage|p2a: Moist Mofo|3/426 brn|[from] brn","|turn|14","|","|move|p1a: Zapdos|Heat Wave|p2a: Moist Mofo","|-resisted|p2a: Moist Mofo","|-damage|p2a: Moist Mofo|0 fnt","|faint|p2a: Moist Mofo","|","|-heal|p1a: Zapdos|86/383|[from] item: Leftovers","|","|switch|p2a: Dead Mofo|Mamoswine, F|362/362","|-activate|p2a: Dead Mofo|move: Sticky Web","|-unboost|p2a: Dead Mofo|spe|1","|turn|15","|","|move|p2a: Dead Mofo|Ice Shard|p1a: Zapdos","|-supereffective|p1a: Zapdos","|-damage|p1a: Zapdos|0 fnt","|-damage|p2a: Dead Mofo|326/362|[from] item: Life Orb","|faint|p1a: Zapdos","|","|","|switch|p1a: Rotom-Wash|Rotom-Wash|303/303","|-damage|p1a: Rotom-Wash|266/303|[from] Stealth Rock","|turn|16","|","|move|p1a: Rotom-Wash|Hydro Pump|p2a: Dead Mofo","|-supereffective|p2a: Dead Mofo","|-damage|p2a: Dead Mofo|0 fnt","|faint|p2a: Dead Mofo","|","|-heal|p1a: Rotom-Wash|284/303|[from] item: Leftovers","|","|switch|p2a: Claws Mofo|Gliscor, M, shiny|353/353","|turn|17","|","|switch|p1a: Manectric|Manectric-Mega, M|229/281","|-damage|p1a: Manectric|194/281|[from] Stealth Rock","|-ability|p1a: Manectric|Intimidate","|-unboost|p2a: Claws Mofo|atk|1","|move|p2a: Claws Mofo|Protect|p2a: Claws Mofo","|-fail|p2a: Claws Mofo","|","|-status|p2a: Claws Mofo|tox|[from] item: Toxic Orb","|turn|18","|","|switch|p2a: Phat Mofo|Hippowdon, F|280/420","|-activate|p2a: Phat Mofo|move: Sticky Web","|-unboost|p2a: Phat Mofo|spe|1","|-weather|Sandstorm","|move|p1a: Manectric|Hidden Power|p2a: Phat Mofo","|-supereffective|p2a: Phat Mofo","|-damage|p2a: Phat Mofo|86/420","|","|-weather|Sandstorm|[upkeep]","|-damage|p1a: Manectric|177/281|[from] sandstorm","|-heal|p2a: Phat Mofo|112/420|[from] item: Leftovers","|turn|19","|","|move|p1a: Manectric|Hidden Power|p2a: Phat Mofo","|-supereffective|p2a: Phat Mofo","|-damage|p2a: Phat Mofo|0 fnt","|faint|p2a: Phat Mofo","|","|-weather|Sandstorm|[upkeep]","|-damage|p1a: Manectric|160/281|[from] sandstorm","|","|switch|p2a: Drill Mofo|Excadrill, F, shiny|361/361","|-activate|p2a: Drill Mofo|move: Sticky Web","|-unboost|p2a: Drill Mofo|spe|1","|turn|20","|","|move|p1a: Manectric|Flamethrower|p2a: Drill Mofo","|-supereffective|p2a: Drill Mofo","|-damage|p2a: Drill Mofo|45/361","|move|p2a: Drill Mofo|Earthquake|p1a: Manectric","|-crit|p1a: Manectric","|-supereffective|p1a: Manectric","|-damage|p1a: Manectric|0 fnt","|-damage|p2a: Drill Mofo|9/361|[from] item: Life Orb","|faint|p1a: Manectric","|","|-weather|Sandstorm|[upkeep]","|","|switch|p1a: Rotom-Wash|Rotom-Wash|284/303","|-damage|p1a: Rotom-Wash|247/303|[from] Stealth Rock","|turn|21","|","|move|p2a: Drill Mofo|Rock Slide|p1a: Rotom-Wash","|-damage|p1a: Rotom-Wash|121/303","|-damage|p2a: Drill Mofo|0 fnt|[from] item: Life Orb","|faint|p2a: Drill Mofo","|cant|p1a: Rotom-Wash|flinch","|","|-weather|Sandstorm|[upkeep]","|-damage|p1a: Rotom-Wash|103/303|[from] sandstorm","|-heal|p1a: Rotom-Wash|121/303|[from] item: Leftovers","|","|switch|p2a: Claws Mofo|Gliscor, M, shiny|353/353 tox","|turn|22","|","|move|p2a: Claws Mofo|Toxic|p1a: Rotom-Wash","|-status|p1a: Rotom-Wash|tox","|move|p1a: Rotom-Wash|Hydro Pump|p2a: Claws Mofo|[miss]","|-miss|p1a: Rotom-Wash|p2a: Claws Mofo","|","|-weather|none","|-heal|p1a: Rotom-Wash|139/303 tox|[from] item: Leftovers","|-damage|p1a: Rotom-Wash|121/303 tox|[from] psn","|turn|23","|","|move|p2a: Claws Mofo|Substitute|p2a: Claws Mofo","|-start|p2a: Claws Mofo|Substitute","|-damage|p2a: Claws Mofo|265/353 tox","|move|p1a: Rotom-Wash|Hydro Pump|p2a: Claws Mofo","|-supereffective|p2a: Claws Mofo","|-end|p2a: Claws Mofo|Substitute","|","|-heal|p1a: Rotom-Wash|139/303 tox|[from] item: Leftovers","|-heal|p2a: Claws Mofo|309/353 tox|[from] ability: Poison Heal","|-damage|p1a: Rotom-Wash|103/303 tox|[from] psn","|turn|24","|","|move|p2a: Claws Mofo|Substitute|p2a: Claws Mofo","|-start|p2a: Claws Mofo|Substitute","|-damage|p2a: Claws Mofo|221/353 tox","|move|p1a: Rotom-Wash|Hydro Pump|p2a: Claws Mofo","|-supereffective|p2a: Claws Mofo","|-end|p2a: Claws Mofo|Substitute","|","|-heal|p1a: Rotom-Wash|121/303 tox|[from] item: Leftovers","|-heal|p2a: Claws Mofo|265/353 tox|[from] ability: Poison Heal","|-damage|p1a: Rotom-Wash|67/303 tox|[from] psn","|turn|25","|","|move|p2a: Claws Mofo|Protect|p2a: Claws Mofo","|-singleturn|p2a: Claws Mofo|Protect","|move|p1a: Rotom-Wash|Hydro Pump|p2a: Claws Mofo","|-activate|p2a: Claws Mofo|Protect","|","|-heal|p1a: Rotom-Wash|85/303 tox|[from] item: Leftovers","|-heal|p2a: Claws Mofo|309/353 tox|[from] ability: Poison Heal","|-damage|p1a: Rotom-Wash|13/303 tox|[from] psn","|turn|26","|","|move|p2a: Claws Mofo|Substitute|p2a: Claws Mofo","|-start|p2a: Claws Mofo|Substitute","|-damage|p2a: Claws Mofo|221/353 tox","|move|p1a: Rotom-Wash|Hydro Pump|p2a: Claws Mofo","|-supereffective|p2a: Claws Mofo","|-end|p2a: Claws Mofo|Substitute","|","|-heal|p1a: Rotom-Wash|31/303 tox|[from] item: Leftovers","|-heal|p2a: Claws Mofo|265/353 tox|[from] ability: Poison Heal","|-damage|p1a: Rotom-Wash|0 fnt|[from] psn","|faint|p1a: Rotom-Wash","|","|win|Apex Infinite"],"p1rating":{"entryid":"7269993","serverid":"eos","formatid":"monotype","userid":"trainexdude","username":"Traine X DUDE","w":"2","l":7,"t":"0","gxe":35.2,"r":"1414.8883453044","rd":"95.981865462194","sigma":"0","rptime":"1439024400","rpr":1381.6379455462,"rprd":90.266119705821,"rpsigma":"0","acre":1021.457336739,"lacre":1021.457336739,"oldacre":"1035.5608451936"},"p2rating":{"entryid":"7491485","serverid":"eos","formatid":"monotype","userid":"apexinfinite","username":"Apex✦Infinite","w":2,"l":"0","t":"0","gxe":59.3,"r":"1500","rd":"130","sigma":"0","rptime":"1439024400","rpr":1575.0178943288,"rprd":116.7748518509,"rpsigma":"0","acre":1091.5326198138,"lacre":1091.5326198138,"oldacre":"1063.5038828633"},"endType":"normal"}