{"seed":[58028,42708,16775,29611],"turns":31,"p1":"Chief Sokka","p2":"Mawile Is bae","p1team":[{"name":"Druddigon","species":"Druddigon","item":"leftovers","ability":"Rough Skin","moves":["glare","dragontail","rest","sleeptalk"],"nature":"Careful","evs":{"hp":252,"atk":0,"def":4,"spa":0,"spd":252,"spe":0},"ivs":{"hp":31,"atk":31,"def":31,"spa":31,"spd":31,"spe":31}},{"name":"Dragonite","species":"Dragonite","item":"weaknesspolicy","ability":"Multiscale","moves":["dragondance","dragonclaw","extremespeed","earthquake"],"nature":"Adamant","evs":{"hp":0,"atk":252,"def":0,"spa":0,"spd":4,"spe":252},"ivs":{"hp":31,"atk":31,"def":31,"spa":31,"spd":31,"spe":31}},{"name":"Garchomp","species":"Garchomp","item":"rockyhelmet","ability":"Rough Skin","moves":["stealthrock","earthquake","dragontail","fireblast"],"nature":"Impish","evs":{"hp":252,"atk":0,"def":164,"spa":0,"spd":76,"spe":16},"ivs":{"hp":31,"atk":31,"def":31,"spa":31,"spd":31,"spe":31}},{"name":"Dragalge","species":"Dragalge","item":"choicespecs","ability":"Adaptability","moves":["dracometeor","sludgewave","focusblast","dragonpulse"],"nature":"Modest","evs":{"hp":188,"atk":0,"def":0,"spa":252,"spd":0,"spe":68},"ivs":{"hp":31,"atk":31,"def":31,"spa":31,"spd":31,"spe":31}},{"name":"Latios","species":"Latios","item":"latiosite","ability":"Levitate","moves":["calmmind","dragonpulse","roost","psyshock"],"nature":"Bold","evs":{"hp":248,"atk":0,"def":252,"spa":8,"spd":0,"spe":0},"ivs":{"hp":31,"atk":31,"def":31,"spa":31,"spd":31,"spe":31}},{"name":"Goodra","species":"Goodra","item":"assaultvest","ability":"Sap Sipper","moves":["fireblast","dracometeor","icebeam","sludgewave"],"nature":"Modest","evs":{"hp":248,"atk":0,"def":0,"spa":252,"spd":8,"spe":0},"ivs":{"hp":31,"atk":31,"def":31,"spa":31,"spd":31,"spe":31}}],"p2team":[{"name":"Lisbeth","species":"chansey","item":"eviolite","ability":"Natural Cure","moves":["aromatherapy","thunderwave","softboiled","seismictoss"],"nature":"Bold","evs":{"hp":248,"atk":0,"def":252,"spa":0,"spd":8,"spe":0},"ivs":{"hp":31,"atk":31,"def":31,"spa":31,"spd":31,"spe":31}},{"name":"Asuna","species":"lopunny","item":"lopunnite","ability":"Limber","moves":["highjumpkick","fakeout","return","icepunch"],"nature":"Jolly","evs":{"hp":0,"atk":252,"def":0,"spa":0,"spd":4,"spe":252},"ivs":{"hp":31,"atk":31,"def":31,"spa":31,"spd":31,"spe":31}},{"name":"Kirito","species":"staraptor","item":"leftovers","ability":"Intimidate","moves":["bravebird","closecombat","roost","return"],"nature":"Impish","evs":{"hp":248,"atk":40,"def":200,"spa":0,"spd":0,"spe":20},"ivs":{"hp":31,"atk":31,"def":31,"spa":31,"spd":31,"spe":31}},{"name":"Klein","species":"porygon2","item":"eviolite","ability":"Download","moves":["icebeam","toxic","triattack","recover"],"nature":"Bold","evs":{"hp":248,"atk":0,"def":252,"spa":8,"spd":0,"spe":0},"ivs":{"hp":31,"atk":31,"def":31,"spa":31,"spd":31,"spe":31}},{"name":"Silica","species":"meloetta","item":"choicespecs","ability":"Serene Grace","moves":["hypervoice","psyshock","dazzlinggleam","focusblast"],"nature":"Modest","evs":{"hp":0,"atk":0,"def":0,"spa":252,"spd":8,"spe":248},"ivs":{"hp":31,"atk":31,"def":31,"spa":31,"spd":31,"spe":31}},{"name":"Diggersby","species":"Diggersby","item":"lifeorb","ability":"Huge Power","moves":["quickattack","swordsdance","return","earthquake"],"nature":"Jolly","evs":{"hp":0,"atk":252,"def":0,"spa":0,"spd":4,"spe":252},"ivs":{"hp":31,"atk":31,"def":31,"spa":31,"spd":31,"spe":31}}],"log":["|player|p1|Chief Sokka|chiefsokka.gif","|player|p2|Mawile Is bae|159","|gametype|singles","|gen|6","|tier|Monotype","|rated","|rule|Baton Pass Clause: Limit one Baton Passer, can't pass Spe and other stats simultaneously","|rule|Swagger Clause: Swagger is banned","|rule|Same Type Clause: Pokémon in a team must share a type","|clearpoke","|poke|p1|Druddigon, M","|poke|p1|Dragonite, M","|poke|p1|Garchomp, F","|poke|p1|Dragalge, F","|poke|p1|Latios, M","|poke|p1|Goodra, M","|poke|p2|Chansey, F","|poke|p2|Lopunny, F","|poke|p2|Staraptor, M","|poke|p2|Porygon2","|poke|p2|Meloetta","|poke|p2|Diggersby, F","|rule|Sleep Clause Mod: Limit one foe put to sleep","|rule|Species Clause: Limit one of each Pokémon","|rule|OHKO Clause: OHKO moves are banned","|rule|Moody Clause: Moody is banned","|rule|Evasion Moves Clause: Evasion moves are banned","|rule|Endless Battle Clause: Forcing endless battles is banned","|rule|HP Percentage Mod: HP is shown in percentages","|teampreview","|","|start","|switch|p1a: Druddigon|Druddigon, M|358/358","|switch|p2a: Asuna|Lopunny, F|271/271","|turn|1","|","|detailschange|p2a: Asuna|Lopunny-Mega, F","|-mega|p2a: Asuna|Lopunny|Lopunnite","|move|p2a: Asuna|High Jump Kick|p1a: Druddigon","|-damage|p1a: Druddigon|120/358","|-damage|p2a: Asuna|238/271|[from] ability: Rough Skin|[of] p1a: Druddigon","|move|p1a: Druddigon|Glare|p2a: Asuna","|-status|p2a: Asuna|par","|","|-heal|p1a: Druddigon|142/358|[from] item: Leftovers","|turn|2","|","|move|p1a: Druddigon|Rest|p1a: Druddigon","|-status|p1a: Druddigon|slp","|-heal|p1a: Druddigon|358/358 slp|[silent]","|-status|p1a: Druddigon|slp|[from] move: Rest","|move|p2a: Asuna|Ice Punch|p1a: Druddigon","|-supereffective|p1a: Druddigon","|-damage|p1a: Druddigon|168/358 slp","|-damage|p2a: Asuna|205/271 par|[from] ability: Rough Skin|[of] p1a: Druddigon","|","|-heal|p1a: Druddigon|190/358 slp|[from] item: Leftovers","|turn|3","|","|cant|p1a: Druddigon|slp","|move|p1a: Druddigon|Sleep Talk|p1a: Druddigon","|move|p1a: Druddigon|Dragon Tail|p2a: Asuna|[from]Sleep Talk|[miss]","|-miss|p1a: Druddigon|p2a: Asuna","|move|p2a: Asuna|Return|p1a: Druddigon","|-damage|p1a: Druddigon|0 fnt","|-damage|p2a: Asuna|172/271 par|[from] ability: Rough Skin|[of] p1a: Druddigon","|faint|p1a: Druddigon","|","|","|switch|p1a: Garchomp|Garchomp, F|420/420","|turn|4","|","|switch|p2a: Kirito|Staraptor, M|373/373","|-ability|p2a: Kirito|Intimidate","|-unboost|p1a: Garchomp|atk|1","|move|p1a: Garchomp|Earthquake|p2a: Kirito","|-immune|p2a: Kirito|[msg]","|","|turn|5","|","|switch|p2a: Klein|Porygon2|373/373","|-boost|p2a: Klein|spa|1|[from] ability: Download","|move|p1a: Garchomp|Stealth Rock|p2a: Klein","|-sidestart|p2: Mawile Is bae|move: Stealth Rock","|","|turn|6","|","|switch|p1a: Dragalge|Dragalge, F|318/318","|move|p2a: Klein|Ice Beam|p1a: Dragalge","|-supereffective|p1a: Dragalge","|-damage|p1a: Dragalge|126/318","|","|turn|7","|","|switch|p2a: Lisbeth|Chansey, F|703/703","|-damage|p2a: Lisbeth|616/703|[from] Stealth Rock","|switch|p1a: Goodra|Goodra, M|383/383","|","|turn|8","|","|switch|p1a: Garchomp|Garchomp, F|420/420","|move|p2a: Lisbeth|Seismic Toss|p1a: Garchomp","|-damage|p1a: Garchomp|320/420","|-damage|p2a: Lisbeth|529/703|[from] ability: Rough Skin|[of] p1a: Garchomp","|-damage|p2a: Lisbeth|412/703|[from] item: Rocky Helmet|[of] p1a: Garchomp","|","|turn|9","|","|switch|p2a: Klein|Porygon2|373/373","|-damage|p2a: Klein|327/373|[from] Stealth Rock","|-boost|p2a: Klein|spa|1|[from] ability: Download","|move|p1a: Garchomp|Dragon Tail|p2a: Klein","|-damage|p2a: Klein|284/373","|drag|p2a: Diggersby|Diggersby, F|311/311","|-damage|p2a: Diggersby|292/311|[from] Stealth Rock","|","|turn|10","|","|move|p2a: Diggersby|Earthquake|p1a: Garchomp","|-damage|p1a: Garchomp|90/420","|-damage|p2a: Diggersby|261/311|[from] item: Life Orb","|move|p1a: Garchomp|Dragon Tail|p2a: Diggersby","|-damage|p2a: Diggersby|143/311","|drag|p2a: Kirito|Staraptor, M|373/373","|-damage|p2a: Kirito|280/373|[from] Stealth Rock","|-ability|p2a: Kirito|Intimidate","|-unboost|p1a: Garchomp|atk|1","|","|-heal|p2a: Kirito|303/373|[from] item: Leftovers","|turn|11","|","|move|p2a: Kirito|Return|p1a: Garchomp","|-damage|p1a: Garchomp|0 fnt","|-damage|p2a: Kirito|257/373|[from] ability: Rough Skin|[of] p1a: Garchomp","|-damage|p2a: Kirito|195/373|[from] item: Rocky Helmet|[of] p1a: Garchomp","|faint|p1a: Garchomp","|","|-heal|p2a: Kirito|218/373|[from] item: Leftovers","|","|switch|p1a: Goodra|Goodra, M|383/383","|turn|12","|","|switch|p2a: Lisbeth|Chansey, F|412/703","|-damage|p2a: Lisbeth|325/703|[from] Stealth Rock","|move|p1a: Goodra|Ice Beam|p2a: Lisbeth","|-damage|p2a: Lisbeth|255/703","|-status|p2a: Lisbeth|frz","|","|turn|13","|","|switch|p1a: Latios|Latios, M|363/363","|cant|p2a: Lisbeth|frz","|","|turn|14","|","|switch|p2a: Silica|Meloetta|341/341","|-damage|p2a: Silica|299/341|[from] Stealth Rock","|detailschange|p1a: Latios|Latios-Mega, M","|-mega|p1a: Latios|Latios|Latiosite","|move|p1a: Latios|Calm Mind|p1a: Latios","|-boost|p1a: Latios|spa|1","|-boost|p1a: Latios|spd|1","|","|turn|15","|","|move|p2a: Silica|Hyper Voice|p1a: Latios","|-damage|p1a: Latios|209/363","|move|p1a: Latios|Calm Mind|p1a: Latios","|-boost|p1a: Latios|spa|1","|-boost|p1a: Latios|spd|1","|","|turn|16","|","|move|p2a: Silica|Hyper Voice|p1a: Latios","|-damage|p1a: Latios|97/363","|move|p1a: Latios|Roost|p1a: Latios","|-heal|p1a: Latios|279/363","|","|turn|17","|","|switch|p2a: Lisbeth|Chansey, F|255/703","|-damage|p2a: Lisbeth|168/703|[from] Stealth Rock","|move|p1a: Latios|Calm Mind|p1a: Latios","|-boost|p1a: Latios|spa|1","|-boost|p1a: Latios|spd|1","|","|turn|18","|","|move|p1a: Latios|Psyshock|p2a: Lisbeth","|-damage|p2a: Lisbeth|0 fnt","|faint|p2a: Lisbeth","|","|","|switch|p2a: Asuna|Lopunny-Mega, F|172/271 par","|-damage|p2a: Asuna|156/271 par|[from] Stealth Rock","|turn|19","|","|cant|p2a: Asuna|par","|move|p1a: Latios|Psyshock|p2a: Asuna","|-supereffective|p2a: Asuna","|-damage|p2a: Asuna|0 fnt","|faint|p2a: Asuna","|","|","|switch|p2a: Diggersby|Diggersby, F|143/311","|-damage|p2a: Diggersby|124/311|[from] Stealth Rock","|turn|20","|","|move|p2a: Diggersby|Quick Attack|p1a: Latios","|-damage|p1a: Latios|200/363","|-damage|p2a: Diggersby|93/311|[from] item: Life Orb","|move|p1a: Latios|Dragon Pulse|p2a: Diggersby","|-damage|p2a: Diggersby|0 fnt","|faint|p2a: Diggersby","|","|","|switch|p2a: Kirito|Staraptor, M|218/373","|-damage|p2a: Kirito|125/373|[from] Stealth Rock","|-ability|p2a: Kirito|Intimidate","|-unboost|p1a: Latios|atk|1","|turn|21","|","|move|p1a: Latios|Dragon Pulse|p2a: Kirito","|-damage|p2a: Kirito|0 fnt","|faint|p2a: Kirito","|","|","|switch|p2a: Silica|Meloetta|299/341","|-damage|p2a: Silica|257/341|[from] Stealth Rock","|turn|22","|","|move|p2a: Silica|Hyper Voice|p1a: Latios","|-damage|p1a: Latios|115/363","|move|p1a: Latios|Roost|p1a: Latios","|-heal|p1a: Latios|297/363","|","|turn|23","|","|move|p2a: Silica|Hyper Voice|p1a: Latios","|-crit|p1a: Latios","|-damage|p1a: Latios|0 fnt","|faint|p1a: Latios","|","|","|switch|p1a: Goodra|Goodra, M|383/383","|turn|24","|","|switch|p2a: Klein|Porygon2|284/373","|-damage|p2a: Klein|238/373|[from] Stealth Rock","|-boost|p2a: Klein|atk|1|[from] ability: Download","|move|p1a: Goodra|Sludge Wave|p2a: Klein","|-damage|p2a: Klein|155/373","|","|turn|25","|","|move|p1a: Goodra|Draco Meteor|p2a: Klein","|-damage|p2a: Klein|2/373","|-unboost|p1a: Goodra|spa|2","|move|p2a: Klein|Recover|p2a: Klein","|-heal|p2a: Klein|189/373","|","|turn|26","|","|switch|p1a: Dragalge|Dragalge, F|126/318","|move|p2a: Klein|Recover|p2a: Klein","|-heal|p2a: Klein|373/373","|","|turn|27","|","|move|p2a: Klein|Recover|p2a: Klein","|-fail|p2a: Klein","|move|p1a: Dragalge|Draco Meteor|p2a: Klein","|-damage|p2a: Klein|101/373","|-unboost|p1a: Dragalge|spa|2","|","|turn|28","|","|move|p2a: Klein|Recover|p2a: Klein","|-heal|p2a: Klein|288/373","|move|p1a: Dragalge|Draco Meteor|p2a: Klein","|-crit|p2a: Klein","|-damage|p2a: Klein|0 fnt","|-unboost|p1a: Dragalge|spa|2","|faint|p2a: Klein","|","|","|switch|p2a: Silica|Meloetta|257/341","|-damage|p2a: Silica|215/341|[from] Stealth Rock","|turn|29","|","|move|p2a: Silica|Hyper Voice|p1a: Dragalge","|-damage|p1a: Dragalge|0 fnt","|faint|p1a: Dragalge","|","|","|switch|p1a: Dragonite|Dragonite, M|323/323","|turn|30","|","|move|p2a: Silica|Hyper Voice|p1a: Dragonite","|-damage|p1a: Dragonite|193/323","|move|p1a: Dragonite|Dragon Claw|p2a: Silica","|-damage|p2a: Silica|17/341","|","|turn|31","|","|move|p1a: Dragonite|Extreme Speed|p2a: Silica","|-damage|p2a: Silica|0 fnt","|faint|p2a: Silica","|","|win|Chief Sokka"],"p1rating":{"entryid":"7438657","serverid":"eos","formatid":"monotype","userid":"chiefsokka","username":"Chief Sokka","w":8,"l":"3","t":"0","gxe":62.8,"r":"1570.4322083263","rd":"88.527458818001","sigma":"0","rptime":"1439024400","rpr":1601.1226092342,"rprd":84.134499507646,"rpsigma":"0","acre":1151.1010739462,"lacre":1151.1010739462,"oldacre":"1135.3774863725"},"p2rating":{"entryid":7495005,"formatid":"monotype","userid":"mawileisbae","username":"Mawile Is bae","r":1500,"rd":130,"sigma":0,"rpr":1466.3947507044,"rprd":122.5684108491,"rpsigma":0,"rptime":1439024400,"w":0,"l":1,"t":0,"gxe":45.8,"acre":1000,"lacre":1000,"oldacre":1000},"endType":"normal"}