{"seed":[59079,48987,65235,18509],"turns":24,"p1":"Guard Choppah","p2":"Crystal Erza","p1team":[{"name":"Skarmory","species":"Skarmory","item":"rockyhelmet","ability":"Sturdy","moves":["defog","bravebird","roost","spikes"],"nature":"Impish","evs":{"hp":252,"atk":4,"def":252,"spa":0,"spd":0,"spe":0},"ivs":{"hp":31,"atk":31,"def":31,"spa":31,"spd":31,"spe":31}},{"name":"Heatran","species":"Heatran","item":"leftovers","ability":"Flash Fire","moves":["toxic","lavaplume","flashcannon","protect"],"nature":"Calm","evs":{"hp":252,"atk":0,"def":0,"spa":4,"spd":252,"spe":0},"ivs":{"hp":31,"atk":31,"def":31,"spa":31,"spd":31,"spe":31}},{"name":"Ferrothorn","species":"Ferrothorn","item":"rockyhelmet","ability":"Iron Barbs","moves":["leechseed","powerwhip","toxic","stealthrock"],"nature":"Careful","evs":{"hp":248,"atk":8,"def":0,"spa":0,"spd":252,"spe":0},"ivs":{"hp":31,"atk":31,"def":31,"spa":31,"spd":31,"spe":31}},{"name":"Scizor","species":"Scizor","item":"scizorite","ability":"Technician","moves":["roost","bulletpunch","swordsdance","aerialace"],"nature":"Impish","evs":{"hp":248,"atk":0,"def":252,"spa":0,"spd":8,"spe":0},"ivs":{"hp":31,"atk":31,"def":31,"spa":31,"spd":31,"spe":31}},{"name":"Bisharp","species":"Bisharp","item":"lifeorb","ability":"Defiant","moves":["knockoff","ironhead","suckerpunch","pursuit"],"nature":"Jolly","evs":{"hp":0,"atk":252,"def":0,"spa":0,"spd":4,"spe":252},"ivs":{"hp":31,"atk":31,"def":31,"spa":31,"spd":31,"spe":31}},{"name":"Magnezone","species":"Magnezone","item":"choicescarf","ability":"Magnet Pull","moves":["thunderbolt","voltswitch","flashcannon","hiddenpowerfire"],"nature":"Timid","evs":{"hp":0,"atk":0,"def":0,"spa":252,"spd":4,"spe":252},"ivs":{"hp":31,"atk":30,"def":31,"spa":30,"spd":31,"spe":30}}],"p2team":[{"name":"Swampert","species":"Swampert","item":"leftovers","ability":"Damp","moves":["stealthrock","toxic","earthquake","waterfall"],"nature":"Careful","evs":{"hp":252,"atk":4,"def":0,"spa":0,"spd":252,"spe":0},"gender":"M","ivs":{"hp":31,"atk":31,"def":31,"spa":31,"spd":31,"spe":31}},{"name":"Azumarill","species":"Azumarill","item":"sitrusberry","ability":"Huge Power","moves":["aquajet","bellydrum","playrough","icepunch"],"nature":"Adamant","evs":{"hp":248,"atk":252,"def":0,"spa":0,"spd":8,"spe":0},"gender":"F","ivs":{"hp":31,"atk":31,"def":31,"spa":31,"spd":31,"spe":31}},{"name":"Gyarados","species":"Gyarados","item":"gyaradosite","ability":"Intimidate","moves":["dragondance","earthquake","crunch","waterfall"],"nature":"Adamant","evs":{"hp":0,"atk":252,"def":0,"spa":0,"spd":4,"spe":252},"gender":"M","shiny":true,"ivs":{"hp":31,"atk":31,"def":31,"spa":31,"spd":31,"spe":31}},{"name":"Rotom-Wash","species":"Rotom-Wash","item":"leftovers","ability":"Levitate","moves":["confuseray","discharge","willowisp","hydropump"],"nature":"Calm","evs":{"hp":252,"atk":0,"def":0,"spa":4,"spd":252,"spe":0},"ivs":{"hp":31,"atk":31,"def":31,"spa":31,"spd":31,"spe":31}},{"name":"Milotic","species":"Milotic","item":"assaultvest","ability":"Competitive","moves":["scald","dragontail","icebeam","hiddenpowerground"],"nature":"Modest","evs":{"hp":248,"atk":0,"def":0,"spa":252,"spd":8,"spe":0},"gender":"F","ivs":{"hp":31,"atk":31,"def":31,"spa":30,"spd":30,"spe":31}},{"name":"Keldeo-Resolute","species":"Keldeo-Resolute","item":"leftovers","ability":"Justified","moves":["substitute","calmmind","scald","secretsword"],"nature":"Timid","evs":{"hp":0,"atk":0,"def":4,"spa":252,"spd":0,"spe":252},"ivs":{"hp":31,"atk":31,"def":31,"spa":31,"spd":31,"spe":31}}],"log":["|player|p1|Guard Choppah|146","|player|p2|Crystal Erza|crystalerza.gif","|gametype|singles","|gen|6","|tier|Monotype","|rated","|rule|Baton Pass Clause: Limit one Baton Passer, can't pass Spe and other stats simultaneously","|rule|Swagger Clause: Swagger is banned","|rule|Same Type Clause: Pokémon in a team must share a type","|clearpoke","|poke|p1|Skarmory, M","|poke|p1|Heatran, F","|poke|p1|Ferrothorn, M","|poke|p1|Scizor, M","|poke|p1|Bisharp, M","|poke|p1|Magnezone","|poke|p2|Swampert, M","|poke|p2|Azumarill, F","|poke|p2|Gyarados, M, shiny","|poke|p2|Rotom-Wash","|poke|p2|Milotic, F","|poke|p2|Keldeo-Resolute","|rule|Sleep Clause Mod: Limit one foe put to sleep","|rule|Species Clause: Limit one of each Pokémon","|rule|OHKO Clause: OHKO moves are banned","|rule|Moody Clause: Moody is banned","|rule|Evasion Moves Clause: Evasion moves are banned","|rule|Endless Battle Clause: Forcing endless battles is banned","|rule|HP Percentage Mod: HP is shown in percentages","|teampreview","|","|start","|switch|p1a: Ferrothorn|Ferrothorn, M|351/351","|switch|p2a: Swampert|Swampert, M|404/404","|turn|1","|","|move|p2a: Swampert|Stealth Rock|p1a: Ferrothorn","|-sidestart|p1: Guard Choppah|move: Stealth Rock","|move|p1a: Ferrothorn|Power Whip|p2a: Swampert","|-supereffective|p2a: Swampert","|-damage|p2a: Swampert|0 fnt","|faint|p2a: Swampert","|","|","|switch|p2a: Keldeo-Resolute|Keldeo-Resolute|323/323","|turn|2","|","|switch|p1a: Scizor|Scizor, M|343/343","|-damage|p1a: Scizor|301/343|[from] Stealth Rock","|move|p2a: Keldeo-Resolute|Substitute|p2a: Keldeo-Resolute","|-start|p2a: Keldeo-Resolute|Substitute","|-damage|p2a: Keldeo-Resolute|243/323","|","|-heal|p2a: Keldeo-Resolute|263/323|[from] item: Leftovers","|turn|3","|","|detailschange|p1a: Scizor|Scizor-Mega, M","|-mega|p1a: Scizor|Scizor|Scizorite","|move|p2a: Keldeo-Resolute|Calm Mind|p2a: Keldeo-Resolute","|-boost|p2a: Keldeo-Resolute|spa|1","|-boost|p2a: Keldeo-Resolute|spd|1","|move|p1a: Scizor|Aerial Ace|p2a: Keldeo-Resolute","|-supereffective|p2a: Keldeo-Resolute","|-end|p2a: Keldeo-Resolute|Substitute","|","|-heal|p2a: Keldeo-Resolute|283/323|[from] item: Leftovers","|turn|4","|","|move|p2a: Keldeo-Resolute|Scald|p1a: Scizor","|-damage|p1a: Scizor|106/343","|move|p1a: Scizor|Aerial Ace|p2a: Keldeo-Resolute","|-supereffective|p2a: Keldeo-Resolute","|-damage|p2a: Keldeo-Resolute|49/323","|","|-heal|p2a: Keldeo-Resolute|69/323|[from] item: Leftovers","|turn|5","|","|move|p1a: Scizor|Bullet Punch|p2a: Keldeo-Resolute","|-resisted|p2a: Keldeo-Resolute","|-damage|p2a: Keldeo-Resolute|15/323","|move|p2a: Keldeo-Resolute|Scald|p1a: Scizor","|-damage|p1a: Scizor|0 fnt","|faint|p1a: Scizor","|","|-heal|p2a: Keldeo-Resolute|35/323|[from] item: Leftovers","|","|switch|p1a: Magnezone|Magnezone|281/281","|-damage|p1a: Magnezone|264/281|[from] Stealth Rock","|turn|6","|","|move|p1a: Magnezone|Volt Switch|p2a: Keldeo-Resolute","|-crit|p2a: Keldeo-Resolute","|-supereffective|p2a: Keldeo-Resolute","|-damage|p2a: Keldeo-Resolute|0 fnt","|faint|p2a: Keldeo-Resolute","|","|switch|p1a: Bisharp|Bisharp, M|271/271","|-damage|p1a: Bisharp|255/271|[from] Stealth Rock","|","|","|switch|p2a: Rotom-Wash|Rotom-Wash|304/304","|turn|7","|","|move|p1a: Bisharp|Knock Off|p2a: Rotom-Wash","|-damage|p2a: Rotom-Wash|113/304","|-enditem|p2a: Rotom-Wash|Leftovers|[from] move: Knock Off|[of] p1a: Bisharp","|-damage|p1a: Bisharp|228/271|[from] item: Life Orb","|move|p2a: Rotom-Wash|Will-O-Wisp|p1a: Bisharp","|-status|p1a: Bisharp|brn","|","|-damage|p1a: Bisharp|195/271 brn|[from] brn","|turn|8","|","|move|p1a: Bisharp|Knock Off|p2a: Rotom-Wash","|-damage|p2a: Rotom-Wash|45/304","|-damage|p1a: Bisharp|168/271 brn|[from] item: Life Orb","|move|p2a: Rotom-Wash|Confuse Ray|p1a: Bisharp","|-start|p1a: Bisharp|confusion","|","|-damage|p1a: Bisharp|135/271 brn|[from] brn","|turn|9","|","|-activate|p1a: Bisharp|confusion","|-damage|p1a: Bisharp|108/271 brn|[from] confusion","|move|p2a: Rotom-Wash|Hydro Pump|p1a: Bisharp|[miss]","|-miss|p2a: Rotom-Wash|p1a: Bisharp","|","|-damage|p1a: Bisharp|75/271 brn|[from] brn","|turn|10","|","|-activate|p1a: Bisharp|confusion","|-damage|p1a: Bisharp|43/271 brn|[from] confusion","|move|p2a: Rotom-Wash|Hydro Pump|p1a: Bisharp","|-damage|p1a: Bisharp|0 fnt","|faint|p1a: Bisharp","|","|","|switch|p1a: Magnezone|Magnezone|264/281","|-damage|p1a: Magnezone|247/281|[from] Stealth Rock","|turn|11","|","|move|p1a: Magnezone|Volt Switch|p2a: Rotom-Wash","|-damage|p2a: Rotom-Wash|0 fnt","|faint|p2a: Rotom-Wash","|","|switch|p1a: Ferrothorn|Ferrothorn, M|351/351","|-damage|p1a: Ferrothorn|330/351|[from] Stealth Rock","|","|","|switch|p2a: Gyarados|Gyarados, M, shiny|331/331","|-ability|p2a: Gyarados|Intimidate","|-unboost|p1a: Ferrothorn|atk|1","|turn|12","|","|move|p2a: Gyarados|Dragon Dance|p2a: Gyarados","|-boost|p2a: Gyarados|atk|1","|-boost|p2a: Gyarados|spe|1","|move|p1a: Ferrothorn|Power Whip|p2a: Gyarados","|-damage|p2a: Gyarados|213/331","|","|turn|13","|","|move|p2a: Gyarados|Dragon Dance|p2a: Gyarados","|-boost|p2a: Gyarados|atk|1","|-boost|p2a: Gyarados|spe|1","|move|p1a: Ferrothorn|Leech Seed|p2a: Gyarados","|-start|p2a: Gyarados|move: Leech Seed","|","|-damage|p2a: Gyarados|172/331|[from] Leech Seed|[of] p1a: Ferrothorn","|-heal|p1a: Ferrothorn|351/351|[silent]","|turn|14","|","|detailschange|p2a: Gyarados|Gyarados-Mega, M, shiny","|-mega|p2a: Gyarados|Gyarados|Gyaradosite","|-ability|p2a: Gyarados|Mold Breaker","|move|p2a: Gyarados|Earthquake|p1a: Ferrothorn","|-damage|p1a: Ferrothorn|117/351","|move|p1a: Ferrothorn|Toxic|p2a: Gyarados","|-status|p2a: Gyarados|tox","|","|-damage|p2a: Gyarados|131/331 tox|[from] Leech Seed|[of] p1a: Ferrothorn","|-heal|p1a: Ferrothorn|158/351|[silent]","|-damage|p2a: Gyarados|111/331 tox|[from] psn","|turn|15","|","|switch|p1a: Skarmory|Skarmory, M|334/334","|-damage|p1a: Skarmory|293/334|[from] Stealth Rock","|move|p2a: Gyarados|Earthquake|p1a: Skarmory","|-immune|p1a: Skarmory|[msg]","|","|-damage|p2a: Gyarados|70/331 tox|[from] Leech Seed|[of] p1a: Skarmory","|-heal|p1a: Skarmory|334/334|[silent]","|-damage|p2a: Gyarados|30/331 tox|[from] psn","|turn|16","|","|move|p2a: Gyarados|Waterfall|p1a: Skarmory","|-damage|p1a: Skarmory|139/334","|-damage|p2a: Gyarados|0 fnt|[from] item: Rocky Helmet|[of] p1a: Skarmory","|faint|p2a: Gyarados","|move|p1a: Skarmory|Spikes|p2: Gyarados","|-sidestart|p2: Crystal Erza|Spikes","|","|","|switch|p2a: Azumarill|Azumarill, F|403/403","|-damage|p2a: Azumarill|353/403|[from] Spikes","|turn|17","|","|move|p1a: Skarmory|Brave Bird|p2a: Azumarill","|-damage|p2a: Azumarill|205/403","|-damage|p1a: Skarmory|90/334|[from] recoil|[of] p2a: Azumarill","|move|p2a: Azumarill|Belly Drum|p2a: Azumarill","|-damage|p2a: Azumarill|4/403","|-setboost|p2a: Azumarill|atk|6|[from] move: Belly Drum","|-enditem|p2a: Azumarill|Sitrus Berry|[eat]","|-heal|p2a: Azumarill|104/403|[from] item: Sitrus Berry","|","|turn|18","|","|move|p2a: Azumarill|Aqua Jet|p1a: Skarmory","|-damage|p1a: Skarmory|0 fnt","|-damage|p2a: Azumarill|37/403|[from] item: Rocky Helmet|[of] p1a: Skarmory","|faint|p1a: Skarmory","|","|","|switch|p1a: Ferrothorn|Ferrothorn, M|158/351","|-damage|p1a: Ferrothorn|137/351|[from] Stealth Rock","|turn|19","|","|move|p2a: Azumarill|Ice Punch|p1a: Ferrothorn","|-damage|p1a: Ferrothorn|0 fnt","|-damage|p2a: Azumarill|0 fnt|[from] ability: Iron Barbs|[of] p1a: Ferrothorn","|faint|p2a: Azumarill","|faint|p1a: Ferrothorn","|","|","|switch|p2a: Milotic|Milotic, F|393/393","|switch|p1a: Heatran|Heatran, F|386/386","|-damage|p2a: Milotic|344/393|[from] Spikes","|-damage|p1a: Heatran|338/386|[from] Stealth Rock","|turn|20","|","|move|p2a: Milotic|Hidden Power|p1a: Heatran","|-supereffective|p1a: Heatran","|-damage|p1a: Heatran|138/386","|move|p1a: Heatran|Toxic|p2a: Milotic","|-status|p2a: Milotic|tox","|","|-heal|p1a: Heatran|162/386|[from] item: Leftovers","|-damage|p2a: Milotic|320/393 tox|[from] psn","|turn|21","|","|move|p1a: Heatran|Protect|p1a: Heatran","|-singleturn|p1a: Heatran|Protect","|move|p2a: Milotic|Hidden Power|p1a: Heatran","|-activate|p1a: Heatran|Protect","|","|-heal|p1a: Heatran|186/386|[from] item: Leftovers","|-damage|p2a: Milotic|272/393 tox|[from] psn","|turn|22","|","|move|p1a: Heatran|Protect|p1a: Heatran","|-fail|p1a: Heatran","|move|p2a: Milotic|Hidden Power|p1a: Heatran","|-supereffective|p1a: Heatran","|-damage|p1a: Heatran|10/386","|","|-heal|p1a: Heatran|34/386|[from] item: Leftovers","|-damage|p2a: Milotic|200/393 tox|[from] psn","|turn|23","|","|move|p1a: Heatran|Flash Cannon|p2a: Milotic","|-resisted|p2a: Milotic","|-damage|p2a: Milotic|169/393 tox","|move|p2a: Milotic|Dragon Tail|p1a: Heatran","|-resisted|p1a: Heatran","|-damage|p1a: Heatran|21/386","|drag|p1a: Magnezone|Magnezone|247/281","|-damage|p1a: Magnezone|230/281|[from] Stealth Rock","|","|-damage|p2a: Milotic|73/393 tox|[from] psn","|turn|24","|","|move|p1a: Magnezone|Thunderbolt|p2a: Milotic","|-supereffective|p2a: Milotic","|-damage|p2a: Milotic|0 fnt","|faint|p2a: Milotic","|","|win|Guard Choppah"],"p1rating":{"entryid":"7425426","serverid":"eos","formatid":"monotype","userid":"guardchoppah","username":"Guard Choppah","w":23,"l":"5","t":"0","gxe":76.6,"r":"1683.3319553746","rd":"71.936269136568","sigma":"0","rptime":"1438938000","rpr":1726.1765589444,"rprd":63.16227758439,"rpsigma":"0","acre":1353.8470754562,"lacre":1353.8470754562,"oldacre":"1339.8460111533"},"p2rating":{"entryid":"5933778","serverid":"eos","formatid":"monotype","userid":"crystalerza","username":"Crystal Erza","w":"11","l":6,"t":"0","gxe":62.2,"r":"1611.3881579512","rd":"84.840736917123","sigma":"0","rptime":"1438938000","rpr":1596.0483184893,"rprd":82.622094105531,"rpsigma":"0","acre":1214.8268729015,"lacre":1214.8268729015,"oldacre":"1232.3282032801"},"endType":"normal"}