{"seed":[2890,4970,50256,38841],"turns":27,"p1":"DSV","p2":"Infinitereasons","p1team":[{"name":"Yanmega","species":"Yanmega","item":"lifeorb","ability":"Speed Boost","moves":["airslash","bugbuzz","ancientpower","protect"],"nature":"Modest","evs":{"hp":8,"atk":0,"def":0,"spa":252,"spd":0,"spe":248},"ivs":{"hp":31,"atk":31,"def":31,"spa":31,"spd":31,"spe":31}},{"name":"Scizor","species":"Scizor","item":"leftovers","ability":"Technician","moves":["uturn","roost","defog","bulletpunch"],"nature":"Impish","evs":{"hp":252,"atk":4,"def":252,"spa":0,"spd":0,"spe":0},"ivs":{"hp":31,"atk":31,"def":31,"spa":31,"spd":31,"spe":31}},{"name":"Genesect","species":"Genesect","item":"choicescarf","ability":"Download","moves":["thunderbolt","icebeam","uturn","ironhead"],"nature":"Hasty","evs":{"hp":0,"atk":250,"def":0,"spa":8,"spd":0,"spe":250},"ivs":{"hp":31,"atk":31,"def":31,"spa":31,"spd":31,"spe":31}},{"name":"Volcarona","species":"Volcarona","item":"lumberry","ability":"Flame Body","moves":["gigadrain","quiverdance","hiddenpowerground","fierydance"],"nature":"Modest","evs":{"hp":0,"atk":0,"def":0,"spa":252,"spd":4,"spe":252},"ivs":{"hp":31,"atk":31,"def":31,"spa":30,"spd":30,"spe":31}},{"name":"Galvantula","species":"Galvantula","item":"focussash","ability":"Compound Eyes","moves":["thunder","stickyweb","hiddenpowerice","energyball"],"nature":"Timid","evs":{"hp":0,"atk":0,"def":0,"spa":252,"spd":4,"spe":252},"ivs":{"hp":31,"atk":30,"def":30,"spa":31,"spd":31,"spe":31}},{"name":"Heracross","species":"Heracross","item":"heracronite","ability":"Swarm","moves":["closecombat","rockblast","bulletseed","earthquake"],"nature":"Jolly","evs":{"hp":0,"atk":252,"def":0,"spa":0,"spd":4,"spe":252},"ivs":{"hp":31,"atk":31,"def":31,"spa":31,"spd":31,"spe":31}}],"p2team":[{"name":"Moist Mofo","species":"gastrodon","item":"assaultvest","ability":"Storm Drain","moves":["earthpower","scald","icebeam","hiddenpowerfire"],"nature":"Calm","evs":{"hp":252,"atk":0,"def":0,"spa":4,"spd":252,"spe":0},"ivs":{"hp":31,"atk":30,"def":31,"spa":30,"spd":31,"spe":30}},{"name":"Dead Mofo","species":"mamoswine","item":"lifeorb","ability":"Thick Fat","moves":["iciclecrash","earthquake","iceshard","knockoff"],"nature":"Jolly","evs":{"hp":4,"atk":252,"def":0,"spa":0,"spd":0,"spe":252},"ivs":{"hp":31,"atk":31,"def":31,"spa":31,"spd":31,"spe":31}},{"name":"Drill Mofo","species":"excadrill","item":"lifeorb","ability":"Sand Rush","moves":["earthquake","rockslide","ironhead","swordsdance"],"nature":"Adamant","evs":{"hp":0,"atk":252,"def":0,"spa":0,"spd":4,"spe":252},"shiny":true,"ivs":{"hp":31,"atk":31,"def":31,"spa":31,"spd":31,"spe":31}},{"name":"God Mofo","species":"landorus","item":"lifeorb","ability":"Sheer Force","moves":["earthpower","focusblast","psychic","sludgewave"],"nature":"Timid","evs":{"hp":0,"atk":0,"def":0,"spa":252,"spd":4,"spe":252},"ivs":{"hp":31,"atk":31,"def":31,"spa":31,"spd":31,"spe":31}},{"name":"Phat Mofo","species":"hippowdon","item":"leftovers","ability":"Sand Stream","moves":["earthquake","stealthrock","whirlwind","slackoff"],"nature":"Impish","evs":{"hp":252,"atk":4,"def":252,"spa":0,"spd":0,"spe":0},"ivs":{"hp":31,"atk":31,"def":31,"spa":31,"spd":31,"spe":31}},{"name":"Claws Mofo","species":"gliscor","item":"toxicorb","ability":"Poison Heal","moves":["earthquake","protect","toxic","substitute"],"nature":"Impish","evs":{"hp":248,"atk":0,"def":188,"spa":0,"spd":0,"spe":72},"shiny":true,"ivs":{"hp":31,"atk":31,"def":31,"spa":31,"spd":31,"spe":31}}],"log":["|player|p1|DSV|159","|player|p2|Infinitereasons|blankinfinite.png","|gametype|singles","|gen|6","|tier|Monotype","|rated","|rule|Baton Pass Clause: Limit one Baton Passer, can't pass Spe and other stats simultaneously","|rule|Swagger Clause: Swagger is banned","|rule|Same Type Clause: Pokémon in a team must share a type","|clearpoke","|poke|p1|Yanmega, M","|poke|p1|Scizor, M","|poke|p1|Genesect-*","|poke|p1|Volcarona, M","|poke|p1|Galvantula, F","|poke|p1|Heracross, F","|poke|p2|Gastrodon, F","|poke|p2|Mamoswine, M","|poke|p2|Excadrill, F, shiny","|poke|p2|Landorus, M","|poke|p2|Hippowdon, M","|poke|p2|Gliscor, M, shiny","|rule|Sleep Clause Mod: Limit one foe put to sleep","|rule|Species Clause: Limit one of each Pokémon","|rule|OHKO Clause: OHKO moves are banned","|rule|Moody Clause: Moody is banned","|rule|Evasion Moves Clause: Evasion moves are banned","|rule|Endless Battle Clause: Forcing endless battles is banned","|rule|HP Percentage Mod: HP is shown in percentages","|teampreview","|","|start","|switch|p1a: Heracross|Heracross, F|301/301","|switch|p2a: Claws Mofo|Gliscor, M, shiny|353/353","|turn|1","|","|detailschange|p1a: Heracross|Heracross-Mega, F","|-mega|p1a: Heracross|Heracross|Heracronite","|move|p1a: Heracross|Bullet Seed|p2a: Claws Mofo","|-damage|p2a: Claws Mofo|325/353","|-damage|p2a: Claws Mofo|298/353","|-damage|p2a: Claws Mofo|273/353","|-damage|p2a: Claws Mofo|248/353","|-damage|p2a: Claws Mofo|223/353","|-hitcount|p2a: Claws Mofo|5","|move|p2a: Claws Mofo|Substitute|p2a: Claws Mofo","|-start|p2a: Claws Mofo|Substitute","|-damage|p2a: Claws Mofo|135/353","|","|-status|p2a: Claws Mofo|tox|[from] item: Toxic Orb","|turn|2","|","|move|p1a: Heracross|Bullet Seed|p2a: Claws Mofo","|-crit|p2a: Claws Mofo","|-activate|p2a: Claws Mofo|Substitute|[damage]","|-activate|p2a: Claws Mofo|Substitute|[damage]","|-end|p2a: Claws Mofo|Substitute","|-damage|p2a: Claws Mofo|109/353 tox","|-damage|p2a: Claws Mofo|84/353 tox","|-hitcount|p2a: Claws Mofo|5","|move|p2a: Claws Mofo|Toxic|p1a: Heracross","|-status|p1a: Heracross|tox","|","|-damage|p1a: Heracross|283/301 tox|[from] psn","|-heal|p2a: Claws Mofo|128/353 tox|[from] ability: Poison Heal","|turn|3","|","|switch|p1a: Genesect|Genesect|283/283","|-boost|p1a: Genesect|spa|1|[from] ability: Download","|move|p2a: Claws Mofo|Protect|p2a: Claws Mofo","|-fail|p2a: Claws Mofo","|","|-heal|p2a: Claws Mofo|172/353 tox|[from] ability: Poison Heal","|turn|4","|","|move|p2a: Claws Mofo|Protect|p2a: Claws Mofo","|-singleturn|p2a: Claws Mofo|Protect","|move|p1a: Genesect|Ice Beam|p2a: Claws Mofo","|-activate|p2a: Claws Mofo|Protect","|","|-heal|p2a: Claws Mofo|216/353 tox|[from] ability: Poison Heal","|turn|5","|","|switch|p2a: Moist Mofo|Gastrodon, F|426/426","|move|p1a: Genesect|Ice Beam|p2a: Moist Mofo","|-damage|p2a: Moist Mofo|360/426","|","|turn|6","|","|switch|p1a: Heracross|Heracross-Mega, F|283/301 tox","|move|p2a: Moist Mofo|Hidden Power|p1a: Heracross","|-supereffective|p1a: Heracross","|-damage|p1a: Heracross|199/301 tox","|","|-damage|p1a: Heracross|181/301 tox|[from] psn","|turn|7","|","|switch|p2a: Claws Mofo|Gliscor, M, shiny|216/353 tox","|move|p1a: Heracross|Bullet Seed|p2a: Claws Mofo","|-crit|p2a: Claws Mofo","|-damage|p2a: Claws Mofo|177/353 tox","|-damage|p2a: Claws Mofo|151/353 tox","|-damage|p2a: Claws Mofo|127/353 tox","|-damage|p2a: Claws Mofo|103/353 tox","|-damage|p2a: Claws Mofo|76/353 tox","|-hitcount|p2a: Claws Mofo|5","|","|-damage|p1a: Heracross|145/301 tox|[from] psn","|-heal|p2a: Claws Mofo|120/353 tox|[from] ability: Poison Heal","|turn|8","|","|switch|p1a: Genesect|Genesect|283/283","|-boost|p1a: Genesect|spa|1|[from] ability: Download","|move|p2a: Claws Mofo|Protect|p2a: Claws Mofo","|-fail|p2a: Claws Mofo","|","|-heal|p2a: Claws Mofo|164/353 tox|[from] ability: Poison Heal","|turn|9","|","|move|p2a: Claws Mofo|Protect|p2a: Claws Mofo","|-singleturn|p2a: Claws Mofo|Protect","|move|p1a: Genesect|U-turn|p2a: Claws Mofo","|-activate|p2a: Claws Mofo|Protect","|","|-heal|p2a: Claws Mofo|208/353 tox|[from] ability: Poison Heal","|turn|10","|","|switch|p2a: Dead Mofo|Mamoswine, M|362/362","|move|p1a: Genesect|U-turn|p2a: Dead Mofo","|-damage|p2a: Dead Mofo|226/362","|","|switch|p1a: Scizor|Scizor, M|344/344","|","|turn|11","|","|move|p2a: Dead Mofo|Earthquake|p1a: Scizor","|-damage|p1a: Scizor|179/344","|-damage|p2a: Dead Mofo|190/362|[from] item: Life Orb","|move|p1a: Scizor|U-turn|p2a: Dead Mofo","|-damage|p2a: Dead Mofo|64/362","|","|switch|p1a: Genesect|Genesect|283/283","|-boost|p1a: Genesect|spa|1|[from] ability: Download","|","|turn|12","|","|move|p1a: Genesect|U-turn|p2a: Dead Mofo","|-damage|p2a: Dead Mofo|0 fnt","|faint|p2a: Dead Mofo","|","|switch|p1a: Galvantula|Galvantula, F|281/281","|","|","|switch|p2a: Claws Mofo|Gliscor, M, shiny|208/353 tox","|turn|13","|","|move|p1a: Galvantula|Hidden Power|p2a: Claws Mofo","|-supereffective|p2a: Claws Mofo","|-damage|p2a: Claws Mofo|0 fnt","|faint|p2a: Claws Mofo","|","|","|switch|p2a: Moist Mofo|Gastrodon, F|360/426","|turn|14","|","|move|p1a: Galvantula|Energy Ball|p2a: Moist Mofo","|-supereffective|p2a: Moist Mofo","|-damage|p2a: Moist Mofo|172/426","|-unboost|p2a: Moist Mofo|spd|1","|move|p2a: Moist Mofo|Scald|p1a: Galvantula","|-damage|p1a: Galvantula|139/281","|-status|p1a: Galvantula|brn","|","|-damage|p1a: Galvantula|104/281 brn|[from] brn","|turn|15","|","|move|p1a: Galvantula|Sticky Web|p2a: Moist Mofo","|-sidestart|p2: Infinitereasons|move: Sticky Web","|move|p2a: Moist Mofo|Scald|p1a: Galvantula","|-damage|p1a: Galvantula|0 fnt","|faint|p1a: Galvantula","|","|","|switch|p1a: Heracross|Heracross-Mega, F|145/301 tox","|turn|16","|","|move|p1a: Heracross|Bullet Seed|p2a: Moist Mofo","|-supereffective|p2a: Moist Mofo","|-damage|p2a: Moist Mofo|0 fnt","|-hitcount|p2a: Moist Mofo|1","|faint|p2a: Moist Mofo","|","|-damage|p1a: Heracross|127/301 tox|[from] psn","|","|switch|p2a: God Mofo|Landorus, M|319/319","|turn|17","|","|move|p2a: God Mofo|Psychic|p1a: Heracross","|-supereffective|p1a: Heracross","|-damage|p1a: Heracross|0 fnt","|faint|p1a: Heracross","|","|","|switch|p1a: Genesect|Genesect|283/283","|-boost|p1a: Genesect|spa|1|[from] ability: Download","|turn|18","|","|switch|p2a: Drill Mofo|Excadrill, F, shiny|361/361","|-activate|p2a: Drill Mofo|move: Sticky Web","|-unboost|p2a: Drill Mofo|spe|1","|move|p1a: Genesect|Ice Beam|p2a: Drill Mofo","|-damage|p2a: Drill Mofo|192/361","|","|turn|19","|","|switch|p1a: Yanmega|Yanmega, M|315/315","|move|p2a: Drill Mofo|Rock Slide|p1a: Yanmega","|-supereffective|p1a: Yanmega","|-damage|p1a: Yanmega|0 fnt","|-damage|p2a: Drill Mofo|156/361|[from] item: Life Orb","|faint|p1a: Yanmega","|","|","|switch|p1a: Genesect|Genesect|283/283","|-boost|p1a: Genesect|atk|1|[from] ability: Download","|turn|20","|","|switch|p2a: Phat Mofo|Hippowdon, M|420/420","|-activate|p2a: Phat Mofo|move: Sticky Web","|-unboost|p2a: Phat Mofo|spe|1","|-weather|Sandstorm","|move|p1a: Genesect|Iron Head|p2a: Phat Mofo","|-damage|p2a: Phat Mofo|297/420","|","|-weather|Sandstorm|[upkeep]","|-heal|p2a: Phat Mofo|323/420|[from] item: Leftovers","|turn|21","|","|switch|p1a: Volcarona|Volcarona, M|311/311","|move|p2a: Phat Mofo|Earthquake|p1a: Volcarona","|-damage|p1a: Volcarona|121/311","|","|-weather|Sandstorm|[upkeep]","|-damage|p1a: Volcarona|102/311|[from] sandstorm","|-heal|p2a: Phat Mofo|349/420|[from] item: Leftovers","|turn|22","|","|move|p1a: Volcarona|Giga Drain|p2a: Phat Mofo","|-supereffective|p2a: Phat Mofo","|-damage|p2a: Phat Mofo|101/420","|-heal|p1a: Volcarona|226/311|[from] drain|[of] p2a: Phat Mofo","|move|p2a: Phat Mofo|Earthquake|p1a: Volcarona","|-damage|p1a: Volcarona|48/311","|","|-weather|Sandstorm|[upkeep]","|-damage|p1a: Volcarona|29/311|[from] sandstorm","|-heal|p2a: Phat Mofo|127/420|[from] item: Leftovers","|turn|23","|","|switch|p2a: God Mofo|Landorus, M|319/319","|move|p1a: Volcarona|Fiery Dance|p2a: God Mofo","|-damage|p2a: God Mofo|132/319","|","|-weather|Sandstorm|[upkeep]","|-damage|p1a: Volcarona|10/311|[from] sandstorm","|turn|24","|","|move|p2a: God Mofo|Earth Power|p1a: Volcarona","|-damage|p1a: Volcarona|0 fnt","|faint|p1a: Volcarona","|","|-weather|none","|","|switch|p1a: Genesect|Genesect|283/283","|-boost|p1a: Genesect|spa|1|[from] ability: Download","|turn|25","|","|move|p1a: Genesect|Ice Beam|p2a: God Mofo","|-supereffective|p2a: God Mofo","|-damage|p2a: God Mofo|0 fnt","|faint|p2a: God Mofo","|","|","|switch|p2a: Phat Mofo|Hippowdon, M|127/420","|-activate|p2a: Phat Mofo|move: Sticky Web","|-unboost|p2a: Phat Mofo|spe|1","|-weather|Sandstorm","|turn|26","|","|move|p1a: Genesect|Ice Beam|p2a: Phat Mofo","|-supereffective|p2a: Phat Mofo","|-damage|p2a: Phat Mofo|0 fnt","|faint|p2a: Phat Mofo","|","|-weather|Sandstorm|[upkeep]","|","|switch|p2a: Drill Mofo|Excadrill, F, shiny|156/361","|-activate|p2a: Drill Mofo|move: Sticky Web","|-unboost|p2a: Drill Mofo|spe|1","|turn|27","|","|move|p1a: Genesect|Ice Beam|p2a: Drill Mofo","|-damage|p2a: Drill Mofo|0 fnt","|faint|p2a: Drill Mofo","|","|win|DSV"],"p1rating":{"entryid":"6124841","serverid":"eos","formatid":"monotype","userid":"dsv","username":"DSV","w":44,"l":"18","t":"0","gxe":73.1,"r":"1691.765799518","rd":"51.12970908302","sigma":"0","rptime":"1439024400","rpr":1690.2767661649,"rprd":50.173105084995,"rpsigma":"0","acre":1370.7108106103,"lacre":1370.7108106103,"oldacre":"1355.9851684307"},"p2rating":{"entryid":"7206103","serverid":"eos","formatid":"monotype","userid":"infinitereasons","username":"Infinitereasons ☾","w":"12","l":3,"t":"0","gxe":72.4,"r":"1589.7107679471","rd":"109.18537775491","sigma":"0","rptime":"1439024400","rpr":1685.6194803628,"rprd":79.124089362698,"rpsigma":"0","acre":1243.7357611408,"lacre":1243.7357611408,"oldacre":"1262.1428138652"},"endType":"normal"}