{"seed":[46338,10393,881,45091],"turns":23,"p1":"Stezzy","p2":"Alliance ♋ akaFila","p1team":[{"name":"Celebi","species":"Celebi","item":"lifeorb","ability":"Natural Cure","moves":["swordsdance","seedbomb","zenheadbutt","suckerpunch"],"nature":"Jolly","evs":{"hp":0,"atk":252,"def":0,"spa":0,"spd":4,"spe":252},"ivs":{"hp":31,"atk":31,"def":31,"spa":31,"spd":31,"spe":31}},{"name":"Salad","species":"roserade","item":"focussash","ability":"Technician","moves":["sleeppowder","leafstorm","sludgebomb","hiddenpowerfire"],"nature":"Timid","evs":{"hp":0,"atk":0,"def":0,"spa":252,"spd":4,"spe":252},"gender":"F","ivs":{"hp":31,"atk":30,"def":31,"spa":30,"spd":31,"spe":30}},{"name":"Serperior","species":"Serperior","item":"leftovers","ability":"Contrary","moves":["leafstorm","substitute","glare","leechseed"],"nature":"Modest","evs":{"hp":252,"atk":0,"def":0,"spa":252,"spd":0,"spe":4},"gender":"F","shiny":true,"ivs":{"hp":31,"atk":31,"def":31,"spa":31,"spd":31,"spe":31}},{"name":"Torterra","species":"Torterra","item":"leftovers","ability":"Shell Armor","moves":["crunch","earthquake","ironhead","woodhammer"],"nature":"Adamant","evs":{"hp":248,"atk":252,"def":0,"spa":0,"spd":8,"spe":0},"gender":"M","ivs":{"hp":31,"atk":31,"def":31,"spa":31,"spd":31,"spe":31}},{"name":"Breloom","species":"Breloom","item":"lifeorb","ability":"Technician","moves":["bulletseed","machpunch","spore","stoneedge"],"nature":"Jolly","evs":{"hp":0,"atk":252,"def":0,"spa":0,"spd":4,"spe":252},"gender":"M","ivs":{"hp":31,"atk":31,"def":31,"spa":31,"spd":31,"spe":31}},{"name":"Ferrothorn","species":"Ferrothorn","item":"rockyhelmet","ability":"Iron Barbs","moves":["leechseed","protect","thunderwave","toxic"],"nature":"Bold","evs":{"hp":248,"atk":0,"def":252,"spa":0,"spd":8,"spe":0},"gender":"M","ivs":{"hp":31,"atk":31,"def":31,"spa":31,"spd":31,"spe":31}}],"p2team":[{"name":"LukAtMahDicks","species":"anorith","item":"choicescarf","ability":"Swift Swim","moves":["xscissor","rockslide","brickbreak","aquajet"],"nature":"Adamant","evs":{"hp":0,"atk":252,"def":0,"spa":0,"spd":4,"spe":252},"shiny":true,"ivs":{"hp":31,"atk":31,"def":31,"spa":31,"spd":31,"spe":31}},{"name":"CatchThisTackle","species":"dwebble","item":"liechiberry","ability":"Sturdy","moves":["shellsmash","xscissor","stoneedge","earthquake"],"nature":"Adamant","evs":{"hp":0,"atk":252,"def":0,"spa":0,"spd":4,"spe":252},"shiny":true,"ivs":{"hp":31,"atk":31,"def":31,"spa":31,"spd":31,"spe":31}},{"name":"BootyCrackOfTerror","species":"golem","item":"custapberry","ability":"Sturdy","moves":["stealthrock","earthquake","endure","explosion"],"nature":"Adamant","evs":{"hp":248,"atk":252,"def":0,"spa":0,"spd":8,"spe":0},"shiny":true,"ivs":{"hp":31,"atk":31,"def":31,"spa":31,"spd":31,"spe":31}},{"name":"GoldenShowers4Life","species":"lileep","item":"eviolite","ability":"Storm Drain","moves":["toxic","stockpile","recover","protect"],"nature":"Calm","evs":{"hp":248,"atk":0,"def":8,"spa":0,"spd":252,"spe":0},"shiny":true,"ivs":{"hp":31,"atk":31,"def":31,"spa":31,"spd":31,"spe":31}},{"name":"MahNigga","species":"aron","item":"shellbell","ability":"Sturdy","moves":["endeavor","ironhead","roar","sandstorm"],"nature":"Impish","evs":{"hp":248,"atk":8,"def":252,"spa":0,"spd":0,"spe":0},"shiny":true,"level":1,"ivs":{"hp":31,"atk":31,"def":31,"spa":31,"spd":31,"spe":31}},{"name":"TotesFab","species":"amaura","item":"choicespecs","ability":"Refrigerate","moves":["naturepower","ancientpower","earthpower","discharge"],"nature":"Modest","evs":{"hp":248,"atk":0,"def":0,"spa":252,"spd":8,"spe":0},"shiny":true,"ivs":{"hp":31,"atk":31,"def":31,"spa":31,"spd":31,"spe":31}}],"log":["|player|p1|Stezzy|75","|player|p2|Alliance ♋ akaFila|allianceakafila.gif","|gametype|singles","|gen|6","|tier|Monotype","|rated","|rule|Baton Pass Clause: Limit one Baton Passer, can't pass Spe and other stats simultaneously","|rule|Swagger Clause: Swagger is banned","|rule|Same Type Clause: Pokémon in a team must share a type","|clearpoke","|poke|p1|Celebi","|poke|p1|Roserade, F","|poke|p1|Serperior, F, shiny","|poke|p1|Torterra, M","|poke|p1|Breloom, M","|poke|p1|Ferrothorn, M","|poke|p2|Anorith, M, shiny","|poke|p2|Dwebble, M, shiny","|poke|p2|Golem, M, shiny","|poke|p2|Lileep, F, shiny","|poke|p2|Aron, L1, F, shiny","|poke|p2|Amaura, F, shiny","|rule|Sleep Clause Mod: Limit one foe put to sleep","|rule|Species Clause: Limit one of each Pokémon","|rule|OHKO Clause: OHKO moves are banned","|rule|Moody Clause: Moody is banned","|rule|Evasion Moves Clause: Evasion moves are banned","|rule|Endless Battle Clause: Forcing endless battles is banned","|rule|HP Percentage Mod: HP is shown in percentages","|teampreview","|","|start","|switch|p1a: Ferrothorn|Ferrothorn, M|351/351","|switch|p2a: MahNigga|Aron, L1, F, shiny|12/12","|turn|1","|","|move|p1a: Ferrothorn|Leech Seed|p2a: MahNigga","|-start|p2a: MahNigga|move: Leech Seed","|move|p2a: MahNigga|Endeavor|p1a: Ferrothorn","|-damage|p1a: Ferrothorn|12/351","|-damage|p2a: MahNigga|11/12|[from] ability: Iron Barbs|[of] p1a: Ferrothorn","|-damage|p2a: MahNigga|9/12|[from] item: Rocky Helmet|[of] p1a: Ferrothorn","|-heal|p2a: MahNigga|12/12|[from] item: Shell Bell|[of] p1a: Ferrothorn","|","|-damage|p2a: MahNigga|11/12|[from] Leech Seed|[of] p1a: Ferrothorn","|-heal|p1a: Ferrothorn|13/351|[silent]","|turn|2","|","|switch|p2a: BootyCrackOfTerror|Golem, M, shiny|363/363","|move|p1a: Ferrothorn|Thunder Wave|p2a: BootyCrackOfTerror","|-immune|p2a: BootyCrackOfTerror|[msg]","|","|turn|3","|","|move|p2a: BootyCrackOfTerror|Earthquake|p1a: Ferrothorn","|-damage|p1a: Ferrothorn|0 fnt","|faint|p1a: Ferrothorn","|","|","|switch|p1a: Serperior|Serperior, F, shiny|354/354","|turn|4","|","|move|p1a: Serperior|Leaf Storm|p2a: BootyCrackOfTerror","|-supereffective|p2a: BootyCrackOfTerror","|-ability|p2a: BootyCrackOfTerror|Sturdy","|-damage|p2a: BootyCrackOfTerror|1/363","|-boost|p1a: Serperior|spa|2","|move|p2a: BootyCrackOfTerror|Stealth Rock|p1a: Serperior","|-sidestart|p1: Stezzy|move: Stealth Rock","|","|turn|5","|-enditem|p2a: BootyCrackOfTerror|Custap Berry|[eat]","|-activate|p2a: BootyCrackOfTerror|Custap Berry","|","|move|p2a: BootyCrackOfTerror|Explosion|p1a: Serperior","|-damage|p1a: Serperior|53/354","|faint|p2a: BootyCrackOfTerror","|move|p1a: Serperior|Leaf Storm|p2: BootyCrackOfTerror|[notarget]","|-notarget","|","|-heal|p1a: Serperior|75/354|[from] item: Leftovers","|","|switch|p2a: LukAtMahDicks|Anorith, M, shiny|231/231","|turn|6","|","|move|p2a: LukAtMahDicks|X-Scissor|p1a: Serperior","|-supereffective|p1a: Serperior","|-damage|p1a: Serperior|0 fnt","|faint|p1a: Serperior","|","|","|switch|p1a: Torterra|Torterra, M|393/393","|-damage|p1a: Torterra|369/393|[from] Stealth Rock","|turn|7","|","|switch|p2a: MahNigga|Aron, L1, F, shiny|11/12","|move|p1a: Torterra|Wood Hammer|p2a: MahNigga","|-damage|p2a: MahNigga|0 fnt","|-damage|p1a: Torterra|365/393|[from] recoil|[of] p2a: MahNigga","|faint|p2a: MahNigga","|","|-heal|p1a: Torterra|389/393|[from] item: Leftovers","|","|switch|p2a: TotesFab|Amaura, F, shiny|357/357","|turn|8","|","|move|p1a: Torterra|Iron Head|p2a: TotesFab","|-supereffective|p2a: TotesFab","|-damage|p2a: TotesFab|0 fnt","|faint|p2a: TotesFab","|","|-heal|p1a: Torterra|393/393|[from] item: Leftovers","|","|switch|p2a: GoldenShowers4Life|Lileep, F, shiny|335/335","|turn|9","|","|move|p1a: Torterra|Iron Head|p2a: GoldenShowers4Life","|-supereffective|p2a: GoldenShowers4Life","|-damage|p2a: GoldenShowers4Life|173/335","|move|p2a: GoldenShowers4Life|Toxic|p1a: Torterra","|-status|p1a: Torterra|tox","|","|-damage|p1a: Torterra|369/393 tox|[from] psn","|turn|10","|","|move|p2a: GoldenShowers4Life|Protect|p2a: GoldenShowers4Life","|-singleturn|p2a: GoldenShowers4Life|Protect","|move|p1a: Torterra|Iron Head|p2a: GoldenShowers4Life","|-activate|p2a: GoldenShowers4Life|Protect","|","|-heal|p1a: Torterra|393/393 tox|[from] item: Leftovers","|-damage|p1a: Torterra|345/393 tox|[from] psn","|turn|11","|","|move|p1a: Torterra|Iron Head|p2a: GoldenShowers4Life","|-supereffective|p2a: GoldenShowers4Life","|-damage|p2a: GoldenShowers4Life|21/335","|move|p2a: GoldenShowers4Life|Recover|p2a: GoldenShowers4Life","|-heal|p2a: GoldenShowers4Life|189/335","|","|-heal|p1a: Torterra|369/393 tox|[from] item: Leftovers","|-damage|p1a: Torterra|297/393 tox|[from] psn","|turn|12","|","|switch|p1a: Salad|Roserade, F|261/261","|-damage|p1a: Salad|229/261|[from] Stealth Rock","|move|p2a: GoldenShowers4Life|Protect|p2a: GoldenShowers4Life","|-fail|p2a: GoldenShowers4Life","|","|turn|13","|","|move|p1a: Salad|Sludge Bomb|p2a: GoldenShowers4Life","|-damage|p2a: GoldenShowers4Life|105/335","|move|p2a: GoldenShowers4Life|Recover|p2a: GoldenShowers4Life","|-heal|p2a: GoldenShowers4Life|273/335","|","|turn|14","|","|move|p2a: GoldenShowers4Life|Protect|p2a: GoldenShowers4Life","|-singleturn|p2a: GoldenShowers4Life|Protect","|move|p1a: Salad|Sludge Bomb|p2a: GoldenShowers4Life","|-activate|p2a: GoldenShowers4Life|Protect","|","|turn|15","|","|switch|p2a: CatchThisTackle|Dwebble, M, shiny|241/241","|move|p1a: Salad|Sludge Bomb|p2a: CatchThisTackle","|-resisted|p2a: CatchThisTackle","|-damage|p2a: CatchThisTackle|75/241","|-status|p2a: CatchThisTackle|psn","|","|-damage|p2a: CatchThisTackle|45/241 psn|[from] psn","|-enditem|p2a: CatchThisTackle|Liechi Berry|[eat]","|-boost|p2a: CatchThisTackle|atk|1|[from] item: Liechi Berry","|turn|16","|","|move|p1a: Salad|Sludge Bomb|p2a: CatchThisTackle","|-resisted|p2a: CatchThisTackle","|-damage|p2a: CatchThisTackle|0 fnt","|faint|p2a: CatchThisTackle","|","|","|switch|p2a: LukAtMahDicks|Anorith, M, shiny|231/231","|turn|17","|","|move|p2a: LukAtMahDicks|X-Scissor|p1a: Salad","|-damage|p1a: Salad|54/261","|move|p1a: Salad|Sleep Powder|p2a: LukAtMahDicks","|-status|p2a: LukAtMahDicks|slp","|","|turn|18","|","|cant|p2a: LukAtMahDicks|slp","|move|p1a: Salad|Sludge Bomb|p2a: LukAtMahDicks","|-resisted|p2a: LukAtMahDicks","|-damage|p2a: LukAtMahDicks|104/231 slp","|","|turn|19","|","|cant|p2a: LukAtMahDicks|slp","|move|p1a: Salad|Sludge Bomb|p2a: LukAtMahDicks","|-resisted|p2a: LukAtMahDicks","|-damage|p2a: LukAtMahDicks|0 fnt","|faint|p2a: LukAtMahDicks","|","|","|switch|p2a: GoldenShowers4Life|Lileep, F, shiny|273/335","|turn|20","|","|move|p1a: Salad|Sludge Bomb|p2a: GoldenShowers4Life","|-damage|p2a: GoldenShowers4Life|183/335","|move|p2a: GoldenShowers4Life|Recover|p2a: GoldenShowers4Life","|-heal|p2a: GoldenShowers4Life|335/335","|","|turn|21","|","|move|p1a: Salad|Sludge Bomb|p2a: GoldenShowers4Life","|-damage|p2a: GoldenShowers4Life|253/335","|-status|p2a: GoldenShowers4Life|psn","|move|p2a: GoldenShowers4Life|Toxic|p1a: Salad","|-immune|p1a: Salad|[msg]","|","|-damage|p2a: GoldenShowers4Life|212/335 psn|[from] psn","|turn|22","|","|move|p1a: Salad|Leaf Storm|p2a: GoldenShowers4Life","|-damage|p2a: GoldenShowers4Life|101/335 psn","|-unboost|p1a: Salad|spa|2","|move|p2a: GoldenShowers4Life|Toxic|p1a: Salad","|-immune|p1a: Salad|[msg]","|","|-damage|p2a: GoldenShowers4Life|60/335 psn|[from] psn","|turn|23","|","|move|p1a: Salad|Leaf Storm|p2a: GoldenShowers4Life","|-damage|p2a: GoldenShowers4Life|0 fnt","|-unboost|p1a: Salad|spa|2","|faint|p2a: GoldenShowers4Life","|","|win|Stezzy"],"p1rating":{"entryid":"6504046","serverid":"eos","formatid":"monotype","userid":"stezzy","username":"Stezzy","w":1,"l":"2","t":"0","gxe":46,"r":1420.0911876827,"rd":123.80313809391,"sigma":"0","rptime":1439024400,"rpr":1467.9822141438,"rprd":117.14068593267,"rpsigma":"0","acre":1053.0096420326,"lacre":1053.0096420326,"oldacre":"1000"},"p2rating":{"entryid":"6670496","serverid":"eos","formatid":"monotype","userid":"allianceakafila","username":"Alliance ♋ akaFila","w":"25","l":29,"t":"0","gxe":46.1,"r":"1502.4299266273","rd":"52.895525045387","sigma":"0","rptime":"1439024400","rpr":1470.6315909574,"rprd":50.404641116452,"rpsigma":"0","acre":1084.1274645095,"lacre":1084.1274645095,"oldacre":"1117.2584907799"},"endType":"normal"}