{"seed":[54367,63568,33158,33538],"turns":27,"p1":"Knight Miku","p2":"Jake1079","p1team":[{"name":"Ampharos","species":"Ampharos","item":"ampharosite","ability":"Static","moves":["toxic","healbell","powergem","dragonpulse"],"nature":"Calm","evs":{"hp":248,"atk":0,"def":0,"spa":8,"spd":252,"spe":0},"gender":"M","shiny":true,"ivs":{"hp":31,"atk":31,"def":31,"spa":31,"spd":31,"spe":31}},{"name":"Rotom-Wash","species":"Rotom-Wash","item":"leftovers","ability":"Levitate","moves":["willowisp","voltswitch","hydropump","painsplit"],"nature":"Bold","evs":{"hp":252,"atk":0,"def":252,"spa":4,"spd":0,"spe":0},"ivs":{"hp":31,"atk":31,"def":31,"spa":31,"spd":31,"spe":31}},{"name":"Chappi","species":"magnezone","item":"choicespecs","ability":"Sturdy","moves":["hiddenpowergrass","flashcannon","signalbeam","discharge"],"nature":"Modest","evs":{"hp":252,"atk":0,"def":0,"spa":252,"spd":4,"spe":0},"ivs":{"hp":31,"atk":30,"def":31,"spa":30,"spd":31,"spe":31}},{"name":"Thundurus","species":"Thundurus","item":"lifeorb","ability":"Prankster","moves":["thunderwave","uturn","grassknot","taunt"],"nature":"Hasty","evs":{"hp":0,"atk":20,"def":0,"spa":252,"spd":4,"spe":232},"ivs":{"hp":31,"atk":31,"def":31,"spa":31,"spd":31,"spe":31}},{"name":"Raikou","species":"Raikou","item":"leftovers","ability":"Pressure","moves":["calmmind","extrasensory","thunderbolt","hiddenpowerground"],"nature":"Timid","evs":{"hp":0,"atk":0,"def":0,"spa":252,"spd":4,"spe":252},"ivs":{"hp":31,"atk":31,"def":31,"spa":30,"spd":30,"spe":31}},{"name":"Zapdos","species":"Zapdos","item":"leftovers","ability":"Pressure","moves":["heatwave","roost","defog","discharge"],"nature":"Modest","evs":{"hp":252,"atk":0,"def":0,"spa":252,"spd":4,"spe":0},"ivs":{"hp":31,"atk":31,"def":31,"spa":31,"spd":31,"spe":31}}],"p2team":[{"name":"Aggron","species":"Aggron","item":"aggronite","ability":"Sturdy","moves":["thunderwave","earthquake","ironhead","endeavor"],"nature":"Adamant","evs":{"hp":252,"atk":68,"def":12,"spa":0,"spd":176,"spe":0},"ivs":{"hp":31,"atk":31,"def":31,"spa":31,"spd":31,"spe":31}},{"name":"Empoleon","species":"Empoleon","item":"choicespecs","ability":"Torrent","moves":["icebeam","scald","flashcannon","hiddenpowerfire"],"nature":"Modest","evs":{"hp":252,"atk":0,"def":0,"spa":252,"spd":4,"spe":0},"ivs":{"hp":31,"atk":30,"def":31,"spa":30,"spd":31,"spe":30}},{"name":"Heatran","species":"Heatran","item":"airballoon","ability":"Flash Fire","moves":["darkpulse","earthpower","flamethrower","flashcannon"],"nature":"Modest","evs":{"hp":252,"atk":0,"def":0,"spa":252,"spd":4,"spe":0},"ivs":{"hp":31,"atk":31,"def":31,"spa":31,"spd":31,"spe":31}},{"name":"Excadrill","species":"Excadrill","item":"choicescarf","ability":"Mold Breaker","moves":["earthquake","rockslide","xscissor","ironhead"],"nature":"Jolly","evs":{"hp":0,"atk":252,"def":0,"spa":0,"spd":4,"spe":252},"ivs":{"hp":31,"atk":31,"def":31,"spa":31,"spd":31,"spe":31}},{"name":"Doublade","species":"Doublade","item":"eviolite","ability":"No Guard","moves":["swordsdance","shadowsneak","sacredsword","shadowclaw"],"nature":"Adamant","evs":{"hp":248,"atk":252,"def":0,"spa":0,"spd":8,"spe":0},"ivs":{"hp":31,"atk":31,"def":31,"spa":31,"spd":31,"spe":31}},{"name":"Ferrothorn","species":"Ferrothorn","item":"rockyhelmet","ability":"Iron Barbs","moves":["gyroball","leechseed","thunderwave","protect"],"nature":"Relaxed","evs":{"hp":248,"atk":8,"def":252,"spa":0,"spd":0,"spe":0},"ivs":{"hp":31,"atk":31,"def":31,"spa":31,"spd":31,"spe":0}}],"log":["|player|p1|Knight Miku|23","|player|p2|Jake1079|150","|gametype|singles","|gen|6","|tier|Monotype","|rated","|rule|Baton Pass Clause: Limit one Baton Passer, can't pass Spe and other stats simultaneously","|rule|Swagger Clause: Swagger is banned","|rule|Same Type Clause: Pokémon in a team must share a type","|clearpoke","|poke|p1|Ampharos, M, shiny","|poke|p1|Rotom-Wash","|poke|p1|Magnezone","|poke|p1|Thundurus, M","|poke|p1|Raikou","|poke|p1|Zapdos","|poke|p2|Aggron, M","|poke|p2|Empoleon, F","|poke|p2|Heatran, F","|poke|p2|Excadrill, F","|poke|p2|Doublade, F","|poke|p2|Ferrothorn, F","|rule|Sleep Clause Mod: Limit one foe put to sleep","|rule|Species Clause: Limit one of each Pokémon","|rule|OHKO Clause: OHKO moves are banned","|rule|Moody Clause: Moody is banned","|rule|Evasion Moves Clause: Evasion moves are banned","|rule|Endless Battle Clause: Forcing endless battles is banned","|rule|HP Percentage Mod: HP is shown in percentages","|teampreview","|","|start","|switch|p1a: Thundurus|Thundurus, M|299/299","|switch|p2a: Aggron|Aggron, M|344/344","|turn|1","|","|detailschange|p2a: Aggron|Aggron-Mega, M","|-mega|p2a: Aggron|Aggron|Aggronite","|move|p1a: Thundurus|Taunt|p2a: Aggron","|-start|p2a: Aggron|move: Taunt","|move|p2a: Aggron|Iron Head|p1a: Thundurus","|-resisted|p1a: Thundurus","|-damage|p1a: Thundurus|194/299","|","|turn|2","|","|move|p1a: Thundurus|Grass Knot|p2a: Aggron","|-resisted|p2a: Aggron","|-damage|p2a: Aggron|261/344","|-damage|p1a: Thundurus|165/299|[from] item: Life Orb","|move|p2a: Aggron|Iron Head|p1a: Thundurus","|-resisted|p1a: Thundurus","|-damage|p1a: Thundurus|53/299","|","|turn|3","|","|move|p1a: Thundurus|U-turn|p2a: Aggron","|-resisted|p2a: Aggron","|-damage|p2a: Aggron|240/344","|-damage|p1a: Thundurus|24/299|[from] item: Life Orb","|","|switch|p1a: Raikou|Raikou|321/321","|-ability|p1a: Raikou|Pressure","|move|p2a: Aggron|Iron Head|p1a: Raikou","|-resisted|p1a: Raikou","|-damage|p1a: Raikou|231/321","|","|-heal|p1a: Raikou|251/321|[from] item: Leftovers","|-end|p2a: Aggron|move: Taunt","|turn|4","|","|switch|p1a: Rotom-Wash|Rotom-Wash|304/304","|move|p2a: Aggron|Earthquake|p1a: Rotom-Wash","|-immune|p1a: Rotom-Wash|[msg]","|","|turn|5","|","|move|p1a: Rotom-Wash|Volt Switch|p2a: Aggron","|-crit|p2a: Aggron","|-damage|p2a: Aggron|116/344","|","|switch|p1a: Zapdos|Zapdos|384/384","|-ability|p1a: Zapdos|Pressure","|move|p2a: Aggron|Iron Head|p1a: Zapdos","|-resisted|p1a: Zapdos","|-damage|p1a: Zapdos|300/384","|","|-heal|p1a: Zapdos|324/384|[from] item: Leftovers","|turn|6","|","|move|p1a: Zapdos|Heat Wave|p2a: Aggron","|-crit|p2a: Aggron","|-supereffective|p2a: Aggron","|-damage|p2a: Aggron|0 fnt","|faint|p2a: Aggron","|","|-heal|p1a: Zapdos|348/384|[from] item: Leftovers","|","|switch|p2a: Heatran|Heatran, F|386/386","|-item|p2a: Heatran|Air Balloon","|turn|7","|","|move|p1a: Zapdos|Discharge|p2a: Heatran","|-damage|p2a: Heatran|244/386","|-enditem|p2a: Heatran|Air Balloon","|move|p2a: Heatran|Flamethrower|p1a: Zapdos","|-damage|p1a: Zapdos|161/384","|","|-heal|p1a: Zapdos|185/384|[from] item: Leftovers","|turn|8","|","|switch|p1a: Rotom-Wash|Rotom-Wash|304/304","|move|p2a: Heatran|Flamethrower|p1a: Rotom-Wash","|-resisted|p1a: Rotom-Wash","|-damage|p1a: Rotom-Wash|216/304","|","|-heal|p1a: Rotom-Wash|235/304|[from] item: Leftovers","|turn|9","|","|move|p1a: Rotom-Wash|Volt Switch|p2a: Heatran","|-damage|p2a: Heatran|159/386","|","|switch|p1a: Ampharos|Ampharos, M, shiny|383/383","|move|p2a: Heatran|Dark Pulse|p1a: Ampharos","|-damage|p1a: Ampharos|305/383","|","|turn|10","|","|detailschange|p1a: Ampharos|Ampharos-Mega, M, shiny","|-mega|p1a: Ampharos|Ampharos|Ampharosite","|-ability|p1a: Ampharos|Mold Breaker","|move|p2a: Heatran|Flamethrower|p1a: Ampharos","|-resisted|p1a: Ampharos","|-damage|p1a: Ampharos|240/383","|move|p1a: Ampharos|Power Gem|p2a: Heatran","|-damage|p2a: Heatran|73/386","|","|turn|11","|","|switch|p1a: Rotom-Wash|Rotom-Wash|235/304","|move|p2a: Heatran|Earth Power|p1a: Rotom-Wash","|-immune|p1a: Rotom-Wash|[msg]","|","|-heal|p1a: Rotom-Wash|254/304|[from] item: Leftovers","|turn|12","|","|move|p1a: Rotom-Wash|Volt Switch|p2a: Heatran","|-damage|p2a: Heatran|0 fnt","|faint|p2a: Heatran","|","|switch|p1a: Zapdos|Zapdos|185/384","|-ability|p1a: Zapdos|Pressure","|","|-heal|p1a: Zapdos|209/384|[from] item: Leftovers","|","|switch|p2a: Empoleon|Empoleon, F|372/372","|turn|13","|","|move|p1a: Zapdos|Roost|p1a: Zapdos","|-heal|p1a: Zapdos|384/384","|move|p2a: Empoleon|Scald|p1a: Zapdos","|-damage|p1a: Zapdos|167/384","|","|-heal|p1a: Zapdos|191/384|[from] item: Leftovers","|turn|14","|","|switch|p1a: Rotom-Wash|Rotom-Wash|254/304","|move|p2a: Empoleon|Scald|p1a: Rotom-Wash","|-resisted|p1a: Rotom-Wash","|-damage|p1a: Rotom-Wash|156/304","|","|-heal|p1a: Rotom-Wash|175/304|[from] item: Leftovers","|turn|15","|","|move|p1a: Rotom-Wash|Volt Switch|p2a: Empoleon","|-supereffective|p2a: Empoleon","|-damage|p2a: Empoleon|216/372","|","|switch|p1a: Thundurus|Thundurus, M|24/299","|move|p2a: Empoleon|Scald|p1a: Thundurus","|-damage|p1a: Thundurus|0 fnt","|faint|p1a: Thundurus","|","|","|switch|p1a: Zapdos|Zapdos|191/384","|-ability|p1a: Zapdos|Pressure","|turn|16","|","|move|p1a: Zapdos|Discharge|p2a: Empoleon","|-supereffective|p2a: Empoleon","|-damage|p2a: Empoleon|0 fnt","|faint|p2a: Empoleon","|","|-heal|p1a: Zapdos|215/384|[from] item: Leftovers","|","|switch|p2a: Excadrill|Excadrill, F|361/361","|-ability|p2a: Excadrill|Mold Breaker","|turn|17","|","|switch|p1a: Chappi|Magnezone|344/344","|move|p2a: Excadrill|Rock Slide|p1a: Chappi","|-resisted|p1a: Chappi","|-damage|p1a: Chappi|302/344","|","|turn|18","|","|switch|p2a: Ferrothorn|Ferrothorn, F|351/351","|switch|p1a: Rotom-Wash|Rotom-Wash|175/304","|","|-heal|p1a: Rotom-Wash|194/304|[from] item: Leftovers","|turn|19","|","|move|p1a: Rotom-Wash|Pain Split|p2a: Ferrothorn","|-sethp|p2a: Ferrothorn|272/351|p1a: Rotom-Wash|272/304|[from] move: Pain Split","|move|p2a: Ferrothorn|Leech Seed|p1a: Rotom-Wash","|-start|p1a: Rotom-Wash|move: Leech Seed","|","|-heal|p1a: Rotom-Wash|291/304|[from] item: Leftovers","|-damage|p1a: Rotom-Wash|253/304|[from] Leech Seed|[of] p2a: Ferrothorn","|-heal|p2a: Ferrothorn|310/351|[silent]","|turn|20","|","|move|p1a: Rotom-Wash|Volt Switch|p2a: Ferrothorn","|-resisted|p2a: Ferrothorn","|-damage|p2a: Ferrothorn|269/351","|","|switch|p1a: Zapdos|Zapdos|215/384","|-ability|p1a: Zapdos|Pressure","|move|p2a: Ferrothorn|Gyro Ball|p1a: Zapdos","|-resisted|p1a: Zapdos","|-damage|p1a: Zapdos|128/384","|","|-heal|p1a: Zapdos|152/384|[from] item: Leftovers","|turn|21","|","|move|p1a: Zapdos|Roost|p1a: Zapdos","|-heal|p1a: Zapdos|344/384","|move|p2a: Ferrothorn|Leech Seed|p1a: Zapdos","|-start|p1a: Zapdos|move: Leech Seed","|","|-heal|p1a: Zapdos|368/384|[from] item: Leftovers","|-damage|p1a: Zapdos|320/384|[from] Leech Seed|[of] p2a: Ferrothorn","|-heal|p2a: Ferrothorn|317/351|[silent]","|turn|22","|","|move|p1a: Zapdos|Heat Wave|p2a: Ferrothorn","|-supereffective|p2a: Ferrothorn","|-damage|p2a: Ferrothorn|0 fnt","|faint|p2a: Ferrothorn","|","|-heal|p1a: Zapdos|344/384|[from] item: Leftovers","|","|switch|p2a: Doublade|Doublade, F|321/321","|turn|23","|","|move|p1a: Zapdos|Heat Wave|p2a: Doublade","|-supereffective|p2a: Doublade","|-damage|p2a: Doublade|53/321","|move|p2a: Doublade|Swords Dance|p2a: Doublade","|-boost|p2a: Doublade|atk|2","|","|-heal|p1a: Zapdos|368/384|[from] item: Leftovers","|-damage|p1a: Zapdos|320/384|[from] Leech Seed|[of] p2a: Doublade","|-heal|p2a: Doublade|101/321|[silent]","|turn|24","|","|move|p1a: Zapdos|Heat Wave|p2a: Doublade","|-supereffective|p2a: Doublade","|-damage|p2a: Doublade|0 fnt","|faint|p2a: Doublade","|","|-heal|p1a: Zapdos|344/384|[from] item: Leftovers","|","|switch|p2a: Excadrill|Excadrill, F|361/361","|-ability|p2a: Excadrill|Mold Breaker","|turn|25","|","|move|p2a: Excadrill|Rock Slide|p1a: Zapdos","|-supereffective|p1a: Zapdos","|-damage|p1a: Zapdos|122/384","|move|p1a: Zapdos|Heat Wave|p2a: Excadrill","|-supereffective|p2a: Excadrill","|-damage|p2a: Excadrill|41/361","|","|-heal|p1a: Zapdos|146/384|[from] item: Leftovers","|-damage|p1a: Zapdos|98/384|[from] Leech Seed|[of] p2a: Excadrill","|-heal|p2a: Excadrill|89/361|[silent]","|turn|26","|","|move|p2a: Excadrill|Rock Slide|p1a: Zapdos","|-supereffective|p1a: Zapdos","|-damage|p1a: Zapdos|0 fnt","|faint|p1a: Zapdos","|","|","|switch|p1a: Rotom-Wash|Rotom-Wash|253/304","|turn|27","|","|move|p2a: Excadrill|Rock Slide|p1a: Rotom-Wash","|-damage|p1a: Rotom-Wash|189/304","|move|p1a: Rotom-Wash|Hydro Pump|p2a: Excadrill","|-supereffective|p2a: Excadrill","|-damage|p2a: Excadrill|0 fnt","|faint|p2a: Excadrill","|","|win|Knight Miku"],"p1rating":{"entryid":"7210042","serverid":"eos","formatid":"monotype","userid":"knightmiku","username":"Knight♕Miku","w":15,"l":"8","t":"0","gxe":58.5,"r":"1539.5572481533","rd":"74.174281847184","sigma":"0","rptime":"1439024400","rpr":1566.0939057269,"rprd":67.679870738293,"rpsigma":"0","acre":1181.2824211342,"lacre":1181.2824211342,"oldacre":"1162.5274938402"},"p2rating":{"entryid":"7429437","serverid":"eos","formatid":"monotype","userid":"jake1079","username":"Jake1079","w":"24","l":40,"t":"0","gxe":41,"r":"1429.3355216087","rd":"51.736783120287","sigma":"0","rptime":"1439024400","rpr":1431.2030779181,"rprd":44.325998755676,"rpsigma":"0","acre":1058.0475113369,"lacre":1058.0475113369,"oldacre":"1073.8610319602"},"endType":"normal"}