{"seed":[40540,44044,45235,51403],"turns":27,"p1":"Dusk Hoot","p2":"Intern Twizz","p1team":[{"name":"Aerodactyl","species":"Aerodactyl","item":"lifeorb","ability":"Pressure","moves":["aerialace","stoneedge","earthquake","taunt"],"nature":"Jolly","evs":{"hp":0,"atk":252,"def":0,"spa":0,"spd":4,"spe":252},"ivs":{"hp":31,"atk":31,"def":31,"spa":31,"spd":31,"spe":31}},{"name":"Shuckle","species":"Shuckle","item":"leftovers","ability":"Sturdy","moves":["stickyweb","stealthrock","toxic","encore"],"nature":"Calm","evs":{"hp":252,"atk":0,"def":4,"spa":0,"spd":252,"spe":0},"ivs":{"hp":31,"atk":31,"def":31,"spa":31,"spd":31,"spe":31}},{"name":"Diancie","species":"Diancie","item":"diancite","ability":"Clear Body","moves":["moonblast","diamondstorm","protect","earthpower"],"nature":"Hasty","evs":{"hp":0,"atk":0,"def":0,"spa":252,"spd":0,"spe":252},"ivs":{"hp":31,"atk":31,"def":31,"spa":31,"spd":31,"spe":31}},{"name":"Rhyperior","species":"Rhyperior","item":"expertbelt","ability":"Solid Rock","moves":["smackdown","earthquake","firepunch","megahorn"],"nature":"Adamant","evs":{"hp":248,"atk":252,"def":0,"spa":0,"spd":8,"spe":0},"ivs":{"hp":31,"atk":31,"def":31,"spa":31,"spd":31,"spe":31}},{"name":"Golem","species":"Golem","item":"weaknesspolicy","ability":"Sturdy","moves":["earthquake","rockblast","suckerpunch","rockpolish"],"nature":"Adamant","evs":{"hp":0,"atk":252,"def":0,"spa":0,"spd":4,"spe":252},"ivs":{"hp":31,"atk":31,"def":31,"spa":31,"spd":31,"spe":31}},{"name":"Cradily","species":"Cradily","item":"leftovers","ability":"Storm Drain","moves":["gigadrain","toxic","stockpile","recover"],"nature":"Calm","evs":{"hp":252,"atk":0,"def":0,"spa":4,"spd":252,"spe":0},"ivs":{"hp":31,"atk":31,"def":31,"spa":31,"spd":31,"spe":31}}],"p2team":[{"name":"Rotom-Wash","species":"Rotom-Wash","item":"choicescarf","ability":"Levitate","moves":["hydropump","voltswitch","trick","willowisp"],"nature":"Timid","evs":{"hp":0,"atk":0,"def":0,"spa":252,"spd":4,"spe":252},"ivs":{"hp":31,"atk":31,"def":31,"spa":31,"spd":31,"spe":31}},{"name":"Zapdos","species":"Zapdos","item":"leftovers","ability":"Pressure","moves":["toxic","roost","discharge","heatwave"],"nature":"Bold","evs":{"hp":0,"atk":0,"def":252,"spa":56,"spd":200,"spe":0},"ivs":{"hp":31,"atk":31,"def":31,"spa":31,"spd":31,"spe":31}},{"name":"Ampharos","species":"Ampharos","item":"ampharosite","ability":"Static","moves":["cottonguard","rest","sleeptalk","dragonpulse"],"nature":"Bold","evs":{"hp":0,"atk":0,"def":252,"spa":136,"spd":120,"spe":0},"ivs":{"hp":31,"atk":31,"def":31,"spa":31,"spd":31,"spe":31}},{"name":"Raikou","species":"Raikou","item":"leftovers","ability":"Pressure","moves":["substitute","calmmind","extrasensory","thunderbolt"],"nature":"Timid","evs":{"hp":0,"atk":0,"def":0,"spa":252,"spd":4,"spe":252},"ivs":{"hp":31,"atk":31,"def":31,"spa":31,"spd":31,"spe":31}},{"name":"Eelektross","species":"Eelektross","item":"assaultvest","ability":"Levitate","moves":["knockoff","drainpunch","gigadrain","thunderbolt"],"nature":"Brave","evs":{"hp":0,"atk":36,"def":0,"spa":220,"spd":252,"spe":0},"ivs":{"hp":31,"atk":31,"def":31,"spa":31,"spd":31,"spe":31}},{"name":"Magnezone","species":"Magnezone","item":"leftovers","ability":"Sturdy","moves":["flashcannon","thunderbolt","protect","hiddenpowerice"],"nature":"Modest","evs":{"hp":76,"atk":0,"def":180,"spa":252,"spd":0,"spe":0},"ivs":{"hp":31,"atk":30,"def":30,"spa":31,"spd":31,"spe":31}}],"log":["|player|p1|Dusk Hoot|169","|player|p2|Intern Twizz|161","|gametype|singles","|gen|6","|tier|Monotype","|rated","|rule|Baton Pass Clause: Limit one Baton Passer, can't pass Spe and other stats simultaneously","|rule|Swagger Clause: Swagger is banned","|rule|Same Type Clause: Pokémon in a team must share a type","|clearpoke","|poke|p1|Aerodactyl, F","|poke|p1|Shuckle, M","|poke|p1|Diancie","|poke|p1|Rhyperior, F","|poke|p1|Golem, F","|poke|p1|Cradily, F","|poke|p2|Rotom-Wash","|poke|p2|Zapdos","|poke|p2|Ampharos, M","|poke|p2|Raikou","|poke|p2|Eelektross, M","|poke|p2|Magnezone","|rule|Sleep Clause Mod: Limit one foe put to sleep","|rule|Species Clause: Limit one of each Pokémon","|rule|OHKO Clause: OHKO moves are banned","|rule|Moody Clause: Moody is banned","|rule|Evasion Moves Clause: Evasion moves are banned","|rule|Endless Battle Clause: Forcing endless battles is banned","|rule|HP Percentage Mod: HP is shown in percentages","|teampreview","|","|start","|switch|p1a: Shuckle|Shuckle, M|244/244","|switch|p2a: Rotom-Wash|Rotom-Wash|241/241","|turn|1","|","|move|p2a: Rotom-Wash|Trick|p1a: Shuckle","|-activate|p2a: Rotom-Wash|move: Trick|[of] p1a: Shuckle","|-item|p1a: Shuckle|Choice Scarf|[from] move: Trick","|-item|p2a: Rotom-Wash|Leftovers|[from] move: Trick","|move|p1a: Shuckle|Toxic|p2a: Rotom-Wash","|-status|p2a: Rotom-Wash|tox","|","|-damage|p2a: Rotom-Wash|226/241 tox|[from] psn","|turn|2","|","|switch|p1a: Rhyperior|Rhyperior, F|433/433","|move|p2a: Rotom-Wash|Will-O-Wisp|p1a: Rhyperior","|-status|p1a: Rhyperior|brn","|","|-heal|p2a: Rotom-Wash|241/241 tox|[from] item: Leftovers","|-damage|p2a: Rotom-Wash|211/241 tox|[from] psn","|-damage|p1a: Rhyperior|379/433 brn|[from] brn","|turn|3","|","|move|p2a: Rotom-Wash|Hydro Pump|p1a: Rhyperior","|-supereffective|p1a: Rhyperior","|-damage|p1a: Rhyperior|0 fnt","|faint|p1a: Rhyperior","|","|-heal|p2a: Rotom-Wash|226/241 tox|[from] item: Leftovers","|-damage|p2a: Rotom-Wash|181/241 tox|[from] psn","|","|switch|p1a: Shuckle|Shuckle, M|244/244","|turn|4","|","|move|p2a: Rotom-Wash|Will-O-Wisp|p1a: Shuckle","|-status|p1a: Shuckle|brn","|move|p1a: Shuckle|Stealth Rock|p2a: Rotom-Wash","|-sidestart|p2: Intern Twizz|move: Stealth Rock","|","|-heal|p2a: Rotom-Wash|196/241 tox|[from] item: Leftovers","|-damage|p2a: Rotom-Wash|136/241 tox|[from] psn","|-damage|p1a: Shuckle|214/244 brn|[from] brn","|turn|5","|","|move|p2a: Rotom-Wash|Volt Switch|p1a: Shuckle","|-damage|p1a: Shuckle|174/244 brn","|","|switch|p2a: Magnezone|Magnezone|300/300","|-damage|p2a: Magnezone|282/300|[from] Stealth Rock","|move|p1a: Shuckle|Stealth Rock|p2a: Magnezone","|-fail|p2a: Magnezone","|","|-heal|p2a: Magnezone|300/300|[from] item: Leftovers","|-damage|p1a: Shuckle|144/244 brn|[from] brn","|turn|6","|","|move|p2a: Magnezone|Flash Cannon|p1a: Shuckle","|-supereffective|p1a: Shuckle","|-damage|p1a: Shuckle|10/244 brn","|move|p1a: Shuckle|Stealth Rock|p2a: Magnezone","|-fail|p2a: Magnezone","|","|-damage|p1a: Shuckle|0 fnt|[from] brn","|faint|p1a: Shuckle","|","|switch|p1a: Golem|Golem, F|301/301","|turn|7","|","|move|p1a: Golem|Earthquake|p2a: Magnezone","|-supereffective|p2a: Magnezone","|-ability|p2a: Magnezone|Sturdy","|-damage|p2a: Magnezone|1/300","|move|p2a: Magnezone|Flash Cannon|p1a: Golem","|-supereffective|p1a: Golem","|-ability|p1a: Golem|Sturdy","|-damage|p1a: Golem|1/301","|-enditem|p1a: Golem|Weakness Policy","|-boost|p1a: Golem|atk|2|[from] item: Weakness Policy","|-boost|p1a: Golem|spa|2|[from] item: Weakness Policy","|","|-heal|p2a: Magnezone|19/300|[from] item: Leftovers","|turn|8","|","|move|p2a: Magnezone|Protect|p2a: Magnezone","|-singleturn|p2a: Magnezone|Protect","|move|p1a: Golem|Rock Blast|p2a: Magnezone","|-activate|p2a: Magnezone|Protect","|","|-heal|p2a: Magnezone|37/300|[from] item: Leftovers","|turn|9","|","|move|p1a: Golem|Rock Blast|p2a: Magnezone","|-resisted|p2a: Magnezone","|-damage|p2a: Magnezone|4/300","|-resisted|p2a: Magnezone","|-damage|p2a: Magnezone|0 fnt","|-hitcount|p2a: Magnezone|2","|faint|p2a: Magnezone","|","|","|switch|p2a: Raikou|Raikou|321/321","|-damage|p2a: Raikou|281/321|[from] Stealth Rock","|-ability|p2a: Raikou|Pressure","|turn|10","|","|move|p1a: Golem|Sucker Punch|p2a: Raikou","|-damage|p2a: Raikou|30/321","|move|p2a: Raikou|Extrasensory|p1a: Golem","|-damage|p1a: Golem|0 fnt","|faint|p1a: Golem","|","|-heal|p2a: Raikou|50/321|[from] item: Leftovers","|","|switch|p1a: Aerodactyl|Aerodactyl, F|301/301","|-ability|p1a: Aerodactyl|Pressure","|turn|11","|","|move|p1a: Aerodactyl|Earthquake|p2a: Raikou","|-supereffective|p2a: Raikou","|-damage|p2a: Raikou|0 fnt","|-damage|p1a: Aerodactyl|271/301|[from] item: Life Orb","|faint|p2a: Raikou","|","|","|switch|p2a: Rotom-Wash|Rotom-Wash|136/241 tox","|-damage|p2a: Rotom-Wash|106/241 tox|[from] Stealth Rock","|turn|12","|","|switch|p1a: Cradily|Cradily, F|376/376","|move|p2a: Rotom-Wash|Volt Switch|p1a: Cradily","|-resisted|p1a: Cradily","|-damage|p1a: Cradily|341/376","|","|switch|p2a: Zapdos|Zapdos|321/321","|-damage|p2a: Zapdos|241/321|[from] Stealth Rock","|-ability|p2a: Zapdos|Pressure","|","|-heal|p2a: Zapdos|261/321|[from] item: Leftovers","|-heal|p1a: Cradily|364/376|[from] item: Leftovers","|turn|13","|","|move|p2a: Zapdos|Toxic|p1a: Cradily|[miss]","|-miss|p2a: Zapdos|p1a: Cradily","|move|p1a: Cradily|Toxic|p2a: Zapdos","|-status|p2a: Zapdos|tox","|","|-heal|p2a: Zapdos|281/321 tox|[from] item: Leftovers","|-heal|p1a: Cradily|376/376|[from] item: Leftovers","|-damage|p2a: Zapdos|261/321 tox|[from] psn","|turn|14","|","|switch|p1a: Aerodactyl|Aerodactyl, F|271/301","|-ability|p1a: Aerodactyl|Pressure","|move|p2a: Zapdos|Toxic|p1a: Aerodactyl","|-status|p1a: Aerodactyl|tox","|","|-heal|p2a: Zapdos|281/321 tox|[from] item: Leftovers","|-damage|p1a: Aerodactyl|253/301 tox|[from] psn","|-damage|p2a: Zapdos|241/321 tox|[from] psn","|turn|15","|","|move|p1a: Aerodactyl|Stone Edge|p2a: Zapdos|[miss]","|-miss|p1a: Aerodactyl|p2a: Zapdos","|move|p2a: Zapdos|Roost|p2a: Zapdos","|-heal|p2a: Zapdos|321/321 tox","|","|-damage|p1a: Aerodactyl|217/301 tox|[from] psn","|-damage|p2a: Zapdos|261/321 tox|[from] psn","|turn|16","|","|move|p1a: Aerodactyl|Stone Edge|p2a: Zapdos","|-supereffective|p2a: Zapdos","|-damage|p2a: Zapdos|0 fnt","|-damage|p1a: Aerodactyl|187/301 tox|[from] item: Life Orb","|faint|p2a: Zapdos","|","|-damage|p1a: Aerodactyl|133/301 tox|[from] psn","|","|switch|p2a: Ampharos|Ampharos, M|321/321","|-damage|p2a: Ampharos|281/321|[from] Stealth Rock","|turn|17","|","|detailschange|p2a: Ampharos|Ampharos-Mega, M","|-mega|p2a: Ampharos|Ampharos|Ampharosite","|-ability|p2a: Ampharos|Mold Breaker","|move|p1a: Aerodactyl|Earthquake|p2a: Ampharos","|-supereffective|p2a: Ampharos","|-damage|p2a: Ampharos|96/321","|-damage|p1a: Aerodactyl|103/301 tox|[from] item: Life Orb","|move|p2a: Ampharos|Dragon Pulse|p1a: Aerodactyl","|-damage|p1a: Aerodactyl|0 fnt","|faint|p1a: Aerodactyl","|","|","|switch|p1a: Diancie|Diancie|241/241","|turn|18","|","|detailschange|p1a: Diancie|Diancie-Mega","|-mega|p1a: Diancie|Diancie|Diancite","|move|p1a: Diancie|Moonblast|p2a: Ampharos","|-supereffective|p2a: Ampharos","|-damage|p2a: Ampharos|0 fnt","|faint|p2a: Ampharos","|","|","|switch|p2a: Rotom-Wash|Rotom-Wash|106/241 tox","|-damage|p2a: Rotom-Wash|76/241 tox|[from] Stealth Rock","|turn|19","|","|move|p1a: Diancie|Protect|p1a: Diancie","|-singleturn|p1a: Diancie|Protect","|move|p2a: Rotom-Wash|Hydro Pump|p1a: Diancie","|-activate|p1a: Diancie|Protect","|","|-heal|p2a: Rotom-Wash|91/241 tox|[from] item: Leftovers","|-damage|p2a: Rotom-Wash|76/241 tox|[from] psn","|turn|20","|","|switch|p1a: Cradily|Cradily, F|376/376","|move|p2a: Rotom-Wash|Hydro Pump|p1a: Cradily","|-boost|p1a: Cradily|spa|1|[from] ability: Storm Drain","|","|-heal|p2a: Rotom-Wash|91/241 tox|[from] item: Leftovers","|-damage|p2a: Rotom-Wash|61/241 tox|[from] psn","|turn|21","|","|move|p2a: Rotom-Wash|Will-O-Wisp|p1a: Cradily","|-status|p1a: Cradily|brn","|move|p1a: Cradily|Stockpile|p1a: Cradily","|-start|p1a: Cradily|stockpile1","|-boost|p1a: Cradily|def|1","|-boost|p1a: Cradily|spd|1","|","|-heal|p2a: Rotom-Wash|76/241 tox|[from] item: Leftovers","|-damage|p2a: Rotom-Wash|31/241 tox|[from] psn","|-damage|p1a: Cradily|329/376 brn|[from] brn","|turn|22","|","|move|p2a: Rotom-Wash|Volt Switch|p1a: Cradily","|-resisted|p1a: Cradily","|-damage|p1a: Cradily|304/376 brn","|","|switch|p2a: Eelektross|Eelektross, M|311/311","|-damage|p2a: Eelektross|273/311|[from] Stealth Rock","|move|p1a: Cradily|Stockpile|p1a: Cradily","|-start|p1a: Cradily|stockpile2","|-boost|p1a: Cradily|def|1","|-boost|p1a: Cradily|spd|1","|","|-heal|p1a: Cradily|327/376 brn|[from] item: Leftovers","|-damage|p1a: Cradily|280/376 brn|[from] brn","|turn|23","|","|move|p2a: Eelektross|Knock Off|p1a: Cradily","|-damage|p1a: Cradily|227/376 brn","|-enditem|p1a: Cradily|Leftovers|[from] move: Knock Off|[of] p2a: Eelektross","|move|p1a: Cradily|Toxic|p2a: Eelektross","|-status|p2a: Eelektross|tox","|","|-damage|p1a: Cradily|180/376 brn|[from] brn","|-damage|p2a: Eelektross|254/311 tox|[from] psn","|turn|24","|","|move|p1a: Cradily|Giga Drain|p2a: Eelektross","|-damage|p2a: Eelektross|187/311 tox","|-heal|p1a: Cradily|214/376 brn|[from] drain|[of] p2a: Eelektross","|move|p2a: Eelektross|Drain Punch|p1a: Cradily","|-supereffective|p1a: Cradily","|-damage|p1a: Cradily|132/376 brn","|-heal|p2a: Eelektross|228/311 tox|[from] drain|[of] p1a: Cradily","|","|-damage|p1a: Cradily|85/376 brn|[from] brn","|-damage|p2a: Eelektross|190/311 tox|[from] psn","|turn|25","|","|switch|p2a: Rotom-Wash|Rotom-Wash|31/241 tox","|-damage|p2a: Rotom-Wash|1/241 tox|[from] Stealth Rock","|move|p1a: Cradily|Recover|p1a: Cradily","|-heal|p1a: Cradily|273/376 brn","|","|-heal|p2a: Rotom-Wash|16/241 tox|[from] item: Leftovers","|-damage|p2a: Rotom-Wash|1/241 tox|[from] psn","|-damage|p1a: Cradily|226/376 brn|[from] brn","|turn|26","|","|move|p2a: Rotom-Wash|Trick|p1a: Cradily","|-activate|p2a: Rotom-Wash|move: Trick|[of] p1a: Cradily","|-item|p1a: Cradily|Leftovers|[from] move: Trick","|move|p1a: Cradily|Giga Drain|p2a: Rotom-Wash","|-supereffective|p2a: Rotom-Wash","|-damage|p2a: Rotom-Wash|0 fnt","|-heal|p1a: Cradily|227/376 brn|[from] drain|[of] p2a: Rotom-Wash","|faint|p2a: Rotom-Wash","|","|-heal|p1a: Cradily|250/376 brn|[from] item: Leftovers","|-damage|p1a: Cradily|203/376 brn|[from] brn","|","|switch|p2a: Eelektross|Eelektross, M|190/311 tox","|-damage|p2a: Eelektross|152/311 tox|[from] Stealth Rock","|turn|27","|","|win|Dusk Hoot"],"p1rating":{"entryid":"6278074","serverid":"eos","formatid":"monotype","userid":"duskhoot","username":"Dusk Hoot","w":48,"l":"35","t":"0","gxe":56.6,"r":"1534.2655770476","rd":"47.464079051416","sigma":"0","rptime":"1439024400","rpr":1550.1402500112,"rprd":45.6083957797,"rpsigma":"0","acre":1203.1584110943,"lacre":1203.1584110943,"oldacre":"1178.5486488974"},"p2rating":{"entryid":"7448162","serverid":"eos","formatid":"monotype","userid":"interntwizz","username":"Intern Twizz","w":"9","l":9,"t":"0","gxe":50.2,"r":"1464.8595243929","rd":"82.910812222231","sigma":"0","rptime":"1439024400","rpr":1501.8498821151,"rprd":72.107414671924,"rpsigma":"0","acre":1148.5151461763,"lacre":1148.5151461763,"oldacre":"1173.1249083732"},"endType":"forfeit"}