{"seed":[8156,15248,35442,9165],"turns":23,"p1":"Alliance ♋ akaFila","p2":"V Psychic","p1team":[{"name":"LukAtMahDicks","species":"anorith","item":"choicescarf","ability":"Swift Swim","moves":["xscissor","rockslide","brickbreak","aquajet"],"nature":"Adamant","evs":{"hp":0,"atk":252,"def":0,"spa":0,"spd":4,"spe":252},"shiny":true,"ivs":{"hp":31,"atk":31,"def":31,"spa":31,"spd":31,"spe":31}},{"name":"CatchThisTackle","species":"dwebble","item":"liechiberry","ability":"Sturdy","moves":["shellsmash","xscissor","stoneedge","earthquake"],"nature":"Adamant","evs":{"hp":0,"atk":252,"def":0,"spa":0,"spd":4,"spe":252},"shiny":true,"ivs":{"hp":31,"atk":31,"def":31,"spa":31,"spd":31,"spe":31}},{"name":"BootyCrackOfTerror","species":"golem","item":"custapberry","ability":"Sturdy","moves":["stealthrock","earthquake","endure","explosion"],"nature":"Adamant","evs":{"hp":248,"atk":252,"def":0,"spa":0,"spd":8,"spe":0},"shiny":true,"ivs":{"hp":31,"atk":31,"def":31,"spa":31,"spd":31,"spe":31}},{"name":"GoldenShowers4Life","species":"lileep","item":"eviolite","ability":"Storm Drain","moves":["toxic","stockpile","recover","protect"],"nature":"Calm","evs":{"hp":248,"atk":0,"def":8,"spa":0,"spd":252,"spe":0},"shiny":true,"ivs":{"hp":31,"atk":31,"def":31,"spa":31,"spd":31,"spe":31}},{"name":"MahNigga","species":"aron","item":"shellbell","ability":"Sturdy","moves":["endeavor","ironhead","roar","sandstorm"],"nature":"Impish","evs":{"hp":248,"atk":8,"def":252,"spa":0,"spd":0,"spe":0},"shiny":true,"level":1,"ivs":{"hp":31,"atk":31,"def":31,"spa":31,"spd":31,"spe":31}},{"name":"TotesFab","species":"amaura","item":"choicespecs","ability":"Refrigerate","moves":["naturepower","ancientpower","earthpower","discharge"],"nature":"Modest","evs":{"hp":248,"atk":0,"def":0,"spa":252,"spd":8,"spe":0},"shiny":true,"ivs":{"hp":31,"atk":31,"def":31,"spa":31,"spd":31,"spe":31}}],"p2team":[{"name":"Zapdos","species":"Zapdos","item":"leftovers","ability":"Pressure","moves":["roost","defog","heatwave","discharge"],"nature":"Bold","evs":{"hp":248,"atk":0,"def":176,"spa":68,"spd":0,"spe":16},"ivs":{"hp":31,"atk":0,"def":31,"spa":31,"spd":31,"spe":31}},{"name":"Thundurus","species":"Thundurus","item":"lifeorb","ability":"Prankster","moves":["superpower","discharge","knockoff","psychic"],"nature":"Naive","evs":{"hp":0,"atk":72,"def":0,"spa":184,"spd":0,"spe":252},"ivs":{"hp":31,"atk":31,"def":31,"spa":31,"spd":31,"spe":31}},{"name":"Rotom-Wash","species":"Rotom-Wash","item":"leftovers","ability":"Levitate","moves":["willowisp","hydropump","voltswitch","painsplit"],"nature":"Calm","evs":{"hp":248,"atk":0,"def":0,"spa":0,"spd":216,"spe":44},"ivs":{"hp":31,"atk":0,"def":31,"spa":31,"spd":31,"spe":31}},{"name":"Magnezone","species":"Magnezone","item":"choicescarf","ability":"Sturdy","moves":["voltswitch","discharge","hiddenpowerice","flashcannon"],"nature":"Timid","evs":{"hp":0,"atk":0,"def":0,"spa":252,"spd":4,"spe":252},"ivs":{"hp":31,"atk":30,"def":30,"spa":31,"spd":31,"spe":31}},{"name":"Manectric","species":"Manectric","item":"manectite","ability":"Static","moves":["voltswitch","discharge","overheat","hiddenpowergrass"],"nature":"Timid","evs":{"hp":0,"atk":0,"def":0,"spa":252,"spd":4,"spe":252},"ivs":{"hp":31,"atk":30,"def":31,"spa":30,"spd":31,"spe":31}},{"name":"Luxray","species":"Luxray","item":"choiceband","ability":"Guts","moves":["wildcharge","crunch","superpower","icefang"],"nature":"Jolly","evs":{"hp":0,"atk":252,"def":0,"spa":0,"spd":4,"spe":252},"shiny":true,"ivs":{"hp":31,"atk":31,"def":31,"spa":31,"spd":31,"spe":31}}],"log":["|player|p1|Alliance ♋ akaFila|allianceakafila.gif","|player|p2|V Psychic|167","|gametype|singles","|gen|6","|tier|Monotype","|rated","|rule|Baton Pass Clause: Limit one Baton Passer, can't pass Spe and other stats simultaneously","|rule|Swagger Clause: Swagger is banned","|rule|Same Type Clause: Pokémon in a team must share a type","|clearpoke","|poke|p1|Anorith, F, shiny","|poke|p1|Dwebble, M, shiny","|poke|p1|Golem, F, shiny","|poke|p1|Lileep, F, shiny","|poke|p1|Aron, L1, M, shiny","|poke|p1|Amaura, M, shiny","|poke|p2|Zapdos","|poke|p2|Thundurus, M","|poke|p2|Rotom-Wash","|poke|p2|Magnezone","|poke|p2|Manectric, F","|poke|p2|Luxray, M, shiny","|rule|Sleep Clause Mod: Limit one foe put to sleep","|rule|Species Clause: Limit one of each Pokémon","|rule|OHKO Clause: OHKO moves are banned","|rule|Moody Clause: Moody is banned","|rule|Evasion Moves Clause: Evasion moves are banned","|rule|Endless Battle Clause: Forcing endless battles is banned","|rule|HP Percentage Mod: HP is shown in percentages","|teampreview","|","|start","|switch|p1a: MahNigga|Aron, L1, M, shiny|12/12","|switch|p2a: Rotom-Wash|Rotom-Wash|303/303","|turn|1","|","|move|p2a: Rotom-Wash|Will-O-Wisp|p1a: MahNigga","|-status|p1a: MahNigga|brn","|move|p1a: MahNigga|Sandstorm|p1a: MahNigga","|-weather|Sandstorm","|","|-weather|Sandstorm|[upkeep]","|-damage|p2a: Rotom-Wash|285/303|[from] sandstorm","|-heal|p2a: Rotom-Wash|303/303|[from] item: Leftovers","|-damage|p1a: MahNigga|11/12 brn|[from] brn","|turn|2","|","|move|p2a: Rotom-Wash|Volt Switch|p1a: MahNigga","|-damage|p1a: MahNigga|0 fnt","|faint|p1a: MahNigga","|","|switch|p2a: Magnezone|Magnezone|281/281","|","|-weather|Sandstorm|[upkeep]","|","|switch|p1a: CatchThisTackle|Dwebble, M, shiny|241/241","|turn|3","|","|move|p2a: Magnezone|Flash Cannon|p1a: CatchThisTackle","|-supereffective|p1a: CatchThisTackle","|-ability|p1a: CatchThisTackle|Sturdy","|-damage|p1a: CatchThisTackle|1/241","|-enditem|p1a: CatchThisTackle|Liechi Berry|[eat]","|-boost|p1a: CatchThisTackle|atk|1|[from] item: Liechi Berry","|move|p1a: CatchThisTackle|Shell Smash|p1a: CatchThisTackle","|-unboost|p1a: CatchThisTackle|def|1","|-unboost|p1a: CatchThisTackle|spd|1","|-boost|p1a: CatchThisTackle|atk|2","|-boost|p1a: CatchThisTackle|spa|2","|-boost|p1a: CatchThisTackle|spe|2","|","|-weather|Sandstorm|[upkeep]","|turn|4","|","|move|p1a: CatchThisTackle|Earthquake|p2a: Magnezone","|-supereffective|p2a: Magnezone","|-ability|p2a: Magnezone|Sturdy","|-damage|p2a: Magnezone|1/281","|move|p2a: Magnezone|Flash Cannon|p1a: CatchThisTackle","|-crit|p1a: CatchThisTackle","|-supereffective|p1a: CatchThisTackle","|-damage|p1a: CatchThisTackle|0 fnt","|faint|p1a: CatchThisTackle","|","|-weather|Sandstorm|[upkeep]","|","|switch|p1a: LukAtMahDicks|Anorith, F, shiny|231/231","|turn|5","|","|switch|p2a: Rotom-Wash|Rotom-Wash|303/303","|move|p1a: LukAtMahDicks|Aqua Jet|p2a: Rotom-Wash","|-resisted|p2a: Rotom-Wash","|-damage|p2a: Rotom-Wash|284/303","|","|-weather|none","|-heal|p2a: Rotom-Wash|302/303|[from] item: Leftovers","|turn|6","|","|switch|p1a: GoldenShowers4Life|Lileep, F, shiny|335/335","|move|p2a: Rotom-Wash|Hydro Pump|p1a: GoldenShowers4Life","|-boost|p1a: GoldenShowers4Life|spa|1|[from] ability: Storm Drain","|","|-heal|p2a: Rotom-Wash|303/303|[from] item: Leftovers","|turn|7","|","|move|p2a: Rotom-Wash|Will-O-Wisp|p1a: GoldenShowers4Life","|-status|p1a: GoldenShowers4Life|brn","|move|p1a: GoldenShowers4Life|Toxic|p2a: Rotom-Wash","|-status|p2a: Rotom-Wash|tox","|","|-damage|p2a: Rotom-Wash|285/303 tox|[from] psn","|-damage|p1a: GoldenShowers4Life|294/335 brn|[from] brn","|turn|8","|","|switch|p2a: Magnezone|Magnezone|1/281","|move|p1a: GoldenShowers4Life|Stockpile|p1a: GoldenShowers4Life","|-start|p1a: GoldenShowers4Life|stockpile1","|-boost|p1a: GoldenShowers4Life|def|1","|-boost|p1a: GoldenShowers4Life|spd|1","|","|-damage|p1a: GoldenShowers4Life|253/335 brn|[from] brn","|turn|9","|","|move|p2a: Magnezone|Flash Cannon|p1a: GoldenShowers4Life","|-supereffective|p1a: GoldenShowers4Life","|-damage|p1a: GoldenShowers4Life|149/335 brn","|move|p1a: GoldenShowers4Life|Recover|p1a: GoldenShowers4Life","|-heal|p1a: GoldenShowers4Life|317/335 brn","|","|-damage|p1a: GoldenShowers4Life|276/335 brn|[from] brn","|turn|10","|","|move|p2a: Magnezone|Flash Cannon|p1a: GoldenShowers4Life","|-supereffective|p1a: GoldenShowers4Life","|-damage|p1a: GoldenShowers4Life|180/335 brn","|-unboost|p1a: GoldenShowers4Life|spd|1","|move|p1a: GoldenShowers4Life|Recover|p1a: GoldenShowers4Life","|-heal|p1a: GoldenShowers4Life|335/335 brn","|","|-damage|p1a: GoldenShowers4Life|294/335 brn|[from] brn","|turn|11","|","|switch|p1a: BootyCrackOfTerror|Golem, F, shiny|363/363","|move|p2a: Magnezone|Flash Cannon|p1a: BootyCrackOfTerror","|-supereffective|p1a: BootyCrackOfTerror","|-ability|p1a: BootyCrackOfTerror|Sturdy","|-damage|p1a: BootyCrackOfTerror|1/363","|","|turn|12","|-enditem|p1a: BootyCrackOfTerror|Custap Berry|[eat]","|-activate|p1a: BootyCrackOfTerror|Custap Berry","|","|move|p1a: BootyCrackOfTerror|Stealth Rock|p2a: Magnezone","|-sidestart|p2: V Psychic|move: Stealth Rock","|move|p2a: Magnezone|Flash Cannon|p1a: BootyCrackOfTerror","|-supereffective|p1a: BootyCrackOfTerror","|-damage|p1a: BootyCrackOfTerror|0 fnt","|faint|p1a: BootyCrackOfTerror","|","|","|switch|p1a: LukAtMahDicks|Anorith, F, shiny|231/231","|turn|13","|","|switch|p2a: Rotom-Wash|Rotom-Wash|285/303 tox","|-damage|p2a: Rotom-Wash|248/303 tox|[from] Stealth Rock","|move|p1a: LukAtMahDicks|Rock Slide|p2a: Rotom-Wash","|-damage|p2a: Rotom-Wash|133/303 tox","|","|-heal|p2a: Rotom-Wash|151/303 tox|[from] item: Leftovers","|-damage|p2a: Rotom-Wash|133/303 tox|[from] psn","|turn|14","|","|move|p1a: LukAtMahDicks|Rock Slide|p2a: Rotom-Wash","|-damage|p2a: Rotom-Wash|13/303 tox","|cant|p2a: Rotom-Wash|flinch","|","|-heal|p2a: Rotom-Wash|31/303 tox|[from] item: Leftovers","|-damage|p2a: Rotom-Wash|0 fnt|[from] psn","|faint|p2a: Rotom-Wash","|","|switch|p2a: Manectric|Manectric, F|281/281","|-damage|p2a: Manectric|246/281|[from] Stealth Rock","|turn|15","|","|switch|p1a: GoldenShowers4Life|Lileep, F, shiny|294/335 brn","|detailschange|p2a: Manectric|Manectric-Mega, F","|-mega|p2a: Manectric|Manectric|Manectite","|-ability|p2a: Manectric|Intimidate","|-unboost|p1a: GoldenShowers4Life|atk|1","|move|p2a: Manectric|Discharge|p1a: GoldenShowers4Life","|-resisted|p1a: GoldenShowers4Life","|-damage|p1a: GoldenShowers4Life|259/335 brn","|","|-damage|p1a: GoldenShowers4Life|218/335 brn|[from] brn","|turn|16","|","|move|p2a: Manectric|Overheat|p1a: GoldenShowers4Life|[miss]","|-miss|p2a: Manectric|p1a: GoldenShowers4Life","|move|p1a: GoldenShowers4Life|Stockpile|p1a: GoldenShowers4Life","|-start|p1a: GoldenShowers4Life|stockpile1","|-boost|p1a: GoldenShowers4Life|def|1","|-boost|p1a: GoldenShowers4Life|spd|1","|","|-damage|p1a: GoldenShowers4Life|177/335 brn|[from] brn","|turn|17","|","|switch|p2a: Luxray|Luxray, M, shiny|301/301","|-damage|p2a: Luxray|264/301|[from] Stealth Rock","|move|p1a: GoldenShowers4Life|Recover|p1a: GoldenShowers4Life","|-heal|p1a: GoldenShowers4Life|335/335 brn","|","|-damage|p1a: GoldenShowers4Life|294/335 brn|[from] brn","|turn|18","|","|move|p2a: Luxray|Superpower|p1a: GoldenShowers4Life","|-supereffective|p1a: GoldenShowers4Life","|-damage|p1a: GoldenShowers4Life|72/335 brn","|-unboost|p2a: Luxray|atk|1","|-unboost|p2a: Luxray|def|1","|move|p1a: GoldenShowers4Life|Stockpile|p1a: GoldenShowers4Life","|-start|p1a: GoldenShowers4Life|stockpile2","|-boost|p1a: GoldenShowers4Life|def|1","|-boost|p1a: GoldenShowers4Life|spd|1","|","|-damage|p1a: GoldenShowers4Life|31/335 brn|[from] brn","|turn|19","|","|move|p2a: Luxray|Superpower|p1a: GoldenShowers4Life","|-supereffective|p1a: GoldenShowers4Life","|-damage|p1a: GoldenShowers4Life|0 fnt","|-unboost|p2a: Luxray|atk|1","|-unboost|p2a: Luxray|def|1","|faint|p1a: GoldenShowers4Life","|","|","|switch|p1a: LukAtMahDicks|Anorith, F, shiny|231/231","|turn|20","|","|switch|p2a: Manectric|Manectric-Mega, F|246/281","|-damage|p2a: Manectric|211/281|[from] Stealth Rock","|-ability|p2a: Manectric|Intimidate","|-unboost|p1a: LukAtMahDicks|atk|1","|move|p1a: LukAtMahDicks|Rock Slide|p2a: Manectric","|-damage|p2a: Manectric|114/281","|","|turn|21","|","|move|p2a: Manectric|Discharge|p1a: LukAtMahDicks","|-damage|p1a: LukAtMahDicks|0 fnt","|faint|p1a: LukAtMahDicks","|","|","|switch|p1a: TotesFab|Amaura, M, shiny|357/357","|turn|22","|","|move|p2a: Manectric|Volt Switch|p1a: TotesFab","|-damage|p1a: TotesFab|185/357","|","|switch|p2a: Luxray|Luxray, M, shiny|264/301","|-damage|p2a: Luxray|227/301|[from] Stealth Rock","|move|p1a: TotesFab|Nature Power|p2a: Luxray","|move|p1a: TotesFab|Tri Attack|p2a: Luxray|[from]Nature Power","|-damage|p2a: Luxray|0 fnt","|faint|p2a: Luxray","|","|","|switch|p2a: Thundurus|Thundurus, M|299/299","|-damage|p2a: Thundurus|225/299|[from] Stealth Rock","|turn|23","|","|move|p2a: Thundurus|Superpower|p1a: TotesFab","|-supereffective|p1a: TotesFab","|-damage|p1a: TotesFab|0 fnt","|-unboost|p2a: Thundurus|atk|1","|-unboost|p2a: Thundurus|def|1","|-damage|p2a: Thundurus|196/299|[from] item: Life Orb","|faint|p1a: TotesFab","|","|win|V Psychic"],"p1rating":{"entryid":"6670496","serverid":"eos","formatid":"monotype","userid":"allianceakafila","username":"Alliance ♋ akaFila","w":"25","l":28,"t":"0","gxe":47,"r":"1502.4299266273","rd":"52.895525045387","sigma":"0","rptime":"1439024400","rpr":1476.9773104003,"rprd":50.864106584597,"rpsigma":"0","acre":1117.2584907799,"lacre":1117.2584907799,"oldacre":"1143.843770724"},"p2rating":{"entryid":"7467690","serverid":"eos","formatid":"monotype","userid":"vpsychic","username":"V Psychic","w":8,"l":"4","t":"0","gxe":59.1,"r":"1590.5768731025","rd":"107.81252429981","sigma":"0","rptime":"1439024400","rpr":1571.0998606658,"rprd":83.035755894343,"rpsigma":"0","acre":1148.3681434494,"lacre":1148.3681434494,"oldacre":"1121.7828635053"},"endType":"normal"}