{"seed":[56115,18952,33318,61194],"turns":26,"p1":"Factionless","p2":"GL♅Reshiram","p1team":[{"name":"Ninetales","species":"Ninetales","item":"heatrock","ability":"Drought","moves":["solarbeam","flamethrower","confuseray","willowisp"],"nature":"Calm","evs":{"hp":252,"atk":0,"def":4,"spa":0,"spd":252,"spe":0},"ivs":{"hp":31,"atk":31,"def":31,"spa":31,"spd":31,"spe":31}},{"name":"R-K-9","species":"arcanine","item":"focussash","ability":"Intimidate","moves":["flareblitz","outrage","wildcharge","extremespeed"],"nature":"Adamant","evs":{"hp":0,"atk":252,"def":0,"spa":0,"spd":4,"spe":252},"gender":"M","ivs":{"hp":31,"atk":31,"def":31,"spa":31,"spd":31,"spe":31}},{"name":"Grumpy Cat","species":"entei","item":"assaultvest","ability":"Pressure","moves":["sacredfire","extremespeed","stoneedge","ironhead"],"nature":"Adamant","evs":{"hp":6,"atk":252,"def":0,"spa":0,"spd":0,"spe":252},"shiny":true,"ivs":{"hp":31,"atk":31,"def":31,"spa":31,"spd":31,"spe":31}},{"name":"RKO","species":"victini","item":"whiteherb","ability":"Victory Star","moves":["vcreate","boltstrike","taunt","psychic"],"nature":"Jolly","evs":{"hp":0,"atk":252,"def":0,"spa":0,"spd":4,"spe":252},"ivs":{"hp":31,"atk":31,"def":31,"spa":31,"spd":31,"spe":31}},{"name":"Smaug","species":"charizard","item":"charizarditey","ability":"Blaze","moves":["ancientpower","fireblast","dragonpulse","airslash"],"nature":"Jolly","evs":{"hp":132,"atk":124,"def":0,"spa":0,"spd":0,"spe":252},"gender":"M","shiny":true,"ivs":{"hp":31,"atk":31,"def":31,"spa":31,"spd":31,"spe":31}},{"name":"Monkey Deez Nuts","species":"infernape","item":"focussash","ability":"Blaze","moves":["closecombat","hiddenpowerice","fireblast","earthquake"],"nature":"Jolly","evs":{"hp":0,"atk":252,"def":0,"spa":0,"spd":5,"spe":252},"gender":"M","ivs":{"hp":31,"atk":30,"def":30,"spa":31,"spd":31,"spe":31}}],"p2team":[{"name":"Heatran","species":"Heatran","item":"assaultvest","ability":"Flash Fire","moves":["firespin","earthpower","dragonpulse","flashcannon"],"nature":"Mild","evs":{"hp":108,"atk":0,"def":0,"spa":252,"spd":148,"spe":0},"ivs":{"hp":31,"atk":31,"def":31,"spa":31,"spd":31,"spe":31}},{"name":"Delphox","species":"Delphox","item":"lumberry","ability":"Blaze","moves":["calmmind","fireblast","sunnyday","solarbeam"],"nature":"Timid","evs":{"hp":0,"atk":0,"def":4,"spa":252,"spd":0,"spe":252},"ivs":{"hp":31,"atk":31,"def":31,"spa":31,"spd":31,"spe":31}},{"name":"Torkoal","species":"Torkoal","item":"leftovers","ability":"Shell Armor","moves":["protect","toxic","lavaplume","rapidspin"],"nature":"Bold","evs":{"hp":252,"atk":0,"def":252,"spa":4,"spd":0,"spe":0},"ivs":{"hp":31,"atk":31,"def":31,"spa":31,"spd":31,"spe":31}},{"name":"Rotom-Heat","species":"Rotom-Heat","item":"lightclay","ability":"Levitate","moves":["voltswitch","painsplit","reflect","lightscreen"],"nature":"Timid","evs":{"hp":236,"atk":0,"def":8,"spa":4,"spd":8,"spe":252},"ivs":{"hp":31,"atk":31,"def":31,"spa":31,"spd":31,"spe":31}},{"name":"Infernape","species":"Infernape","item":"lifeorb","ability":"Iron Fist","moves":["firepunch","machpunch","thunderpunch","uturn"],"nature":"Jolly","evs":{"hp":4,"atk":252,"def":0,"spa":0,"spd":0,"spe":252},"ivs":{"hp":31,"atk":31,"def":31,"spa":31,"spd":31,"spe":31}},{"name":"Charizard","species":"Charizard","item":"charizarditex","ability":"Blaze","moves":["dragondance","roost","dragonclaw","earthquake"],"nature":"Adamant","evs":{"hp":176,"atk":252,"def":0,"spa":0,"spd":0,"spe":80},"ivs":{"hp":31,"atk":31,"def":31,"spa":31,"spd":31,"spe":31}}],"log":["|player|p1|Factionless|167","|player|p2|GL♅Reshiram|68","|gametype|singles","|gen|6","|tier|Monotype","|rated","|rule|Baton Pass Clause: Limit one Baton Passer, can't pass Spe and other stats simultaneously","|rule|Swagger Clause: Swagger is banned","|rule|Same Type Clause: Pokémon in a team must share a type","|clearpoke","|poke|p1|Ninetales, M","|poke|p1|Arcanine, M","|poke|p1|Entei, shiny","|poke|p1|Victini","|poke|p1|Charizard, M, shiny","|poke|p1|Infernape, M","|poke|p2|Heatran, F","|poke|p2|Delphox, F","|poke|p2|Torkoal, M","|poke|p2|Rotom-Heat","|poke|p2|Infernape, F","|poke|p2|Charizard, F","|rule|Sleep Clause Mod: Limit one foe put to sleep","|rule|Species Clause: Limit one of each Pokémon","|rule|OHKO Clause: OHKO moves are banned","|rule|Moody Clause: Moody is banned","|rule|Evasion Moves Clause: Evasion moves are banned","|rule|Endless Battle Clause: Forcing endless battles is banned","|rule|HP Percentage Mod: HP is shown in percentages","|teampreview","|","|start","|switch|p1a: Smaug|Charizard, M, shiny|330/330","|switch|p2a: Rotom-Heat|Rotom-Heat|300/300","|turn|1","|","|detailschange|p1a: Smaug|Charizard-Mega-Y, M, shiny","|-mega|p1a: Smaug|Charizard|Charizardite Y","|-weather|SunnyDay","|move|p1a: Smaug|Ancient Power|p2a: Rotom-Heat","|-supereffective|p2a: Rotom-Heat","|-damage|p2a: Rotom-Heat|184/300","|move|p2a: Rotom-Heat|Light Screen|p2a: Rotom-Heat","|-sidestart|p2: GL♅Reshiram|move: Light Screen","|","|-weather|SunnyDay|[upkeep]","|turn|2","|","|move|p1a: Smaug|Ancient Power|p2a: Rotom-Heat","|-supereffective|p2a: Rotom-Heat","|-damage|p2a: Rotom-Heat|121/300","|move|p2a: Rotom-Heat|Reflect|p2a: Rotom-Heat","|-sidestart|p2: GL♅Reshiram|Reflect","|","|-weather|SunnyDay|[upkeep]","|turn|3","|","|move|p1a: Smaug|Ancient Power|p2a: Rotom-Heat","|-crit|p2a: Rotom-Heat","|-supereffective|p2a: Rotom-Heat","|-damage|p2a: Rotom-Heat|0 fnt","|faint|p2a: Rotom-Heat","|","|-weather|SunnyDay|[upkeep]","|","|switch|p2a: Charizard|Charizard, F|341/341","|turn|4","|","|detailschange|p2a: Charizard|Charizard-Mega-X, F","|-mega|p2a: Charizard|Charizard|Charizardite X","|move|p1a: Smaug|Ancient Power|p2a: Charizard","|-supereffective|p2a: Charizard","|-damage|p2a: Charizard|270/341","|move|p2a: Charizard|Dragon Dance|p2a: Charizard","|-boost|p2a: Charizard|atk|1","|-boost|p2a: Charizard|spe|1","|","|-weather|SunnyDay|[upkeep]","|turn|5","|","|move|p2a: Charizard|Dragon Dance|p2a: Charizard","|-boost|p2a: Charizard|atk|1","|-boost|p2a: Charizard|spe|1","|move|p1a: Smaug|Dragon Pulse|p2a: Charizard","|-supereffective|p2a: Charizard","|-damage|p2a: Charizard|172/341","|","|-weather|none","|turn|6","|","|move|p2a: Charizard|Dragon Claw|p1a: Smaug","|-damage|p1a: Smaug|0 fnt","|faint|p1a: Smaug","|","|","|switch|p1a: Monkey Deez Nuts|Infernape, M|293/293","|turn|7","|","|move|p2a: Charizard|Roost|p2a: Charizard","|-heal|p2a: Charizard|341/341","|move|p1a: Monkey Deez Nuts|Earthquake|p2a: Charizard","|-supereffective|p2a: Charizard","|-damage|p2a: Charizard|252/341","|","|turn|8","|","|move|p2a: Charizard|Earthquake|p1a: Monkey Deez Nuts","|-supereffective|p1a: Monkey Deez Nuts","|-enditem|p1a: Monkey Deez Nuts|Focus Sash","|-damage|p1a: Monkey Deez Nuts|1/293","|move|p1a: Monkey Deez Nuts|Hidden Power|p2a: Charizard","|-damage|p2a: Charizard|227/341","|","|-sideend|p2: GL♅Reshiram|move: Light Screen","|turn|9","|","|move|p2a: Charizard|Dragon Claw|p1a: Monkey Deez Nuts","|-damage|p1a: Monkey Deez Nuts|0 fnt","|faint|p1a: Monkey Deez Nuts","|","|-sideend|p2: GL♅Reshiram|Reflect","|","|switch|p1a: R-K-9|Arcanine, M|321/321","|-ability|p1a: R-K-9|Intimidate","|-unboost|p2a: Charizard|atk|1","|turn|10","|","|move|p2a: Charizard|Earthquake|p1a: R-K-9","|-supereffective|p1a: R-K-9","|-enditem|p1a: R-K-9|Focus Sash","|-damage|p1a: R-K-9|1/321","|move|p1a: R-K-9|Outrage|p2a: Charizard","|-supereffective|p2a: Charizard","|-damage|p2a: Charizard|0 fnt","|faint|p2a: Charizard","|","|","|switch|p2a: Infernape|Infernape, F|294/294","|turn|11","|","|move|p2a: Infernape|U-turn|p1a: R-K-9","|-resisted|p1a: R-K-9","|-damage|p1a: R-K-9|0 fnt","|-damage|p2a: Infernape|265/294|[from] item: Life Orb","|faint|p1a: R-K-9","|","|switch|p2a: Heatran|Heatran, F|350/350","|","|","|switch|p1a: Ninetales|Ninetales, M|350/350","|-weather|SunnyDay","|turn|12","|","|move|p1a: Ninetales|Confuse Ray|p2a: Heatran","|-start|p2a: Heatran|confusion","|-activate|p2a: Heatran|confusion","|-damage|p2a: Heatran|320/350|[from] confusion","|","|-weather|SunnyDay|[upkeep]","|turn|13","|","|switch|p1a: RKO|Victini|341/341","|-end|p2a: Heatran|confusion","|move|p2a: Heatran|Earth Power|p1a: RKO","|-supereffective|p1a: RKO","|-damage|p1a: RKO|87/341","|","|-weather|SunnyDay|[upkeep]","|turn|14","|","|move|p1a: RKO|Bolt Strike|p2a: Heatran","|-damage|p2a: Heatran|190/350","|move|p2a: Heatran|Earth Power|p1a: RKO","|-supereffective|p1a: RKO","|-damage|p1a: RKO|0 fnt","|faint|p1a: RKO","|","|-weather|SunnyDay|[upkeep]","|","|switch|p1a: Ninetales|Ninetales, M|350/350","|turn|15","|","|move|p1a: Ninetales|Confuse Ray|p2a: Heatran","|-start|p2a: Heatran|confusion","|-activate|p2a: Heatran|confusion","|-damage|p2a: Heatran|158/350|[from] confusion","|","|-weather|SunnyDay|[upkeep]","|turn|16","|","|move|p1a: Ninetales|Solar Beam|p2a: Heatran|[still]","|-prepare|p1a: Ninetales|Solar Beam|p2a: Heatran","|-anim|p1a: Ninetales|Solar Beam|p2a: Heatran","|-resisted|p2a: Heatran","|-damage|p2a: Heatran|148/350","|-end|p2a: Heatran|confusion","|move|p2a: Heatran|Earth Power|p1a: Ninetales","|-supereffective|p1a: Ninetales","|-damage|p1a: Ninetales|178/350","|","|-weather|SunnyDay|[upkeep]","|turn|17","|","|move|p1a: Ninetales|Confuse Ray|p2a: Heatran","|-start|p2a: Heatran|confusion","|-activate|p2a: Heatran|confusion","|-damage|p2a: Heatran|119/350|[from] confusion","|","|-weather|SunnyDay|[upkeep]","|turn|18","|","|switch|p1a: Grumpy Cat|Entei, shiny|372/372","|-ability|p1a: Grumpy Cat|Pressure","|-end|p2a: Heatran|confusion","|move|p2a: Heatran|Earth Power|p1a: Grumpy Cat","|-supereffective|p1a: Grumpy Cat","|-damage|p1a: Grumpy Cat|178/372","|","|-weather|SunnyDay|[upkeep]","|turn|19","|","|switch|p2a: Torkoal|Torkoal, M|344/344","|move|p1a: Grumpy Cat|Stone Edge|p2a: Torkoal","|-supereffective|p2a: Torkoal","|-damage|p2a: Torkoal|206/344","|","|-weather|none","|-heal|p2a: Torkoal|227/344|[from] item: Leftovers","|turn|20","|","|move|p2a: Torkoal|Protect|p2a: Torkoal","|-singleturn|p2a: Torkoal|Protect","|move|p1a: Grumpy Cat|Stone Edge|p2a: Torkoal","|-activate|p2a: Torkoal|Protect","|","|-heal|p2a: Torkoal|248/344|[from] item: Leftovers","|turn|21","|","|move|p1a: Grumpy Cat|Stone Edge|p2a: Torkoal","|-supereffective|p2a: Torkoal","|-damage|p2a: Torkoal|104/344","|move|p2a: Torkoal|Toxic|p1a: Grumpy Cat","|-status|p1a: Grumpy Cat|tox","|","|-heal|p2a: Torkoal|125/344|[from] item: Leftovers","|-damage|p1a: Grumpy Cat|155/372 tox|[from] psn","|turn|22","|","|move|p2a: Torkoal|Protect|p2a: Torkoal","|-singleturn|p2a: Torkoal|Protect","|move|p1a: Grumpy Cat|Sacred Fire|p2a: Torkoal","|-activate|p2a: Torkoal|Protect","|","|-heal|p2a: Torkoal|146/344|[from] item: Leftovers","|-damage|p1a: Grumpy Cat|109/372 tox|[from] psn","|turn|23","|","|switch|p2a: Heatran|Heatran, F|119/350","|move|p1a: Grumpy Cat|Extreme Speed|p2a: Heatran","|-resisted|p2a: Heatran","|-damage|p2a: Heatran|71/350","|","|-damage|p1a: Grumpy Cat|40/372 tox|[from] psn","|turn|24","|","|switch|p2a: Torkoal|Torkoal, M|146/344","|move|p1a: Grumpy Cat|Stone Edge|p2a: Torkoal","|-supereffective|p2a: Torkoal","|-damage|p2a: Torkoal|0 fnt","|faint|p2a: Torkoal","|","|-damage|p1a: Grumpy Cat|0 fnt|[from] psn","|faint|p1a: Grumpy Cat","|","|switch|p2a: Infernape|Infernape, F|265/294","|switch|p1a: Ninetales|Ninetales, M|178/350","|-weather|SunnyDay","|turn|25","|","|move|p2a: Infernape|Thunder Punch|p1a: Ninetales","|-damage|p1a: Ninetales|25/350","|-damage|p2a: Infernape|236/294|[from] item: Life Orb","|move|p1a: Ninetales|Confuse Ray|p2a: Infernape","|-start|p2a: Infernape|confusion","|","|-weather|SunnyDay|[upkeep]","|turn|26","|","|-activate|p2a: Infernape|confusion","|move|p2a: Infernape|Mach Punch|p1a: Ninetales","|-damage|p1a: Ninetales|0 fnt","|-damage|p2a: Infernape|207/294|[from] item: Life Orb","|faint|p1a: Ninetales","|","|win|GL♅Reshiram"],"p1rating":{"entryid":"7495680","serverid":"eos","formatid":"monotype","userid":"factionless","username":"Factionless","w":"1","l":1,"t":"0","gxe":51.4,"r":"1500","rd":"130","sigma":"0","rptime":"1439024400","rpr":1511.2091759294,"rprd":116.0239722389,"rpsigma":"0","acre":1034.3858112499,"lacre":1034.3858112499,"oldacre":"1049.1277650566"},"p2rating":{"entryid":"6886801","serverid":"eos","formatid":"monotype","userid":"glreshiram","username":"GL♅Reshiram","w":17,"l":"16","t":"0","gxe":50.3,"r":"1476.9386202871","rd":"62.64757143868","sigma":"0","rptime":"1439024400","rpr":1502.2249241215,"rprd":59.466197048119,"rpsigma":"0","acre":1123.3048322769,"lacre":1123.3048322769,"oldacre":"1102.0862618797"},"endType":"normal"}