{"seed":[53732,53738,43567,48982],"turns":28,"p1":"Traine✘ gFonseca","p2":"Shinzy","p1team":[{"name":"Alomomola","species":"Alomomola","item":"leftovers","ability":"Regenerator","moves":["scald","wish","protect","mirrorcoat"],"nature":"Bold","evs":{"hp":104,"atk":0,"def":248,"spa":0,"spd":156,"spe":0},"ivs":{"hp":31,"atk":0,"def":31,"spa":31,"spd":31,"spe":31}},{"name":"Azumarill","species":"Azumarill","item":"leftovers","ability":"Sap Sipper","moves":["toxic","perishsong","protect","scald"],"nature":"Sassy","evs":{"hp":252,"atk":0,"def":216,"spa":0,"spd":40,"spe":0},"ivs":{"hp":31,"atk":0,"def":31,"spa":31,"spd":31,"spe":0}},{"name":"Lanturn","species":"Lanturn","item":"leftovers","ability":"Volt Absorb","moves":["healbell","scald","voltswitch","toxic"],"nature":"Calm","evs":{"hp":40,"atk":0,"def":252,"spa":0,"spd":216,"spe":0},"ivs":{"hp":31,"atk":0,"def":31,"spa":31,"spd":31,"spe":31}},{"name":"Tentacruel","species":"Tentacruel","item":"blacksludge","ability":"Liquid Ooze","moves":["scald","rapidspin","acidspray","toxicspikes"],"nature":"Calm","evs":{"hp":252,"atk":0,"def":0,"spa":0,"spd":252,"spe":4},"ivs":{"hp":31,"atk":0,"def":31,"spa":31,"spd":31,"spe":31}},{"name":"Quagsire","species":"Quagsire","item":"leftovers","ability":"Unaware","moves":["recover","toxic","scald","earthquake"],"nature":"Relaxed","evs":{"hp":252,"atk":0,"def":252,"spa":0,"spd":4,"spe":0},"ivs":{"hp":31,"atk":31,"def":31,"spa":31,"spd":31,"spe":31}},{"name":"Empoleon","species":"Empoleon","item":"leftovers","ability":"Torrent","moves":["scald","toxic","stealthrock","roar"],"nature":"Calm","evs":{"hp":252,"atk":0,"def":0,"spa":0,"spd":252,"spe":4},"ivs":{"hp":31,"atk":0,"def":31,"spa":31,"spd":31,"spe":31}}],"p2team":[{"name":"Forretress","species":"Forretress","item":"rockyhelmet","ability":"Sturdy","moves":["rapidspin","stealthrock","spikes","toxicspikes"],"nature":"Bold","evs":{"hp":248,"atk":0,"def":252,"spa":0,"spd":8,"spe":0},"ivs":{"hp":31,"atk":31,"def":31,"spa":31,"spd":31,"spe":31}},{"name":"Ferrothorn","species":"Ferrothorn","item":"rockyhelmet","ability":"Iron Barbs","moves":["bulletseed","ironhead","knockoff","thunderwave"],"nature":"Adamant","evs":{"hp":248,"atk":252,"def":0,"spa":0,"spd":8,"spe":0},"ivs":{"hp":31,"atk":31,"def":31,"spa":31,"spd":31,"spe":31}},{"name":"Doublade","species":"Doublade","item":"eviolite","ability":"No Guard","moves":["flashcannon","nightslash","shadowsneak","sacredsword"],"nature":"Naughty","evs":{"hp":248,"atk":252,"def":0,"spa":8,"spd":0,"spe":0},"ivs":{"hp":31,"atk":31,"def":31,"spa":31,"spd":31,"spe":31}},{"name":"Metagross","species":"Metagross","item":"airballoon","ability":"Clear Body","moves":["meteormash","earthquake","bulletpunch","thunderpunch"],"nature":"Adamant","evs":{"hp":248,"atk":252,"def":0,"spa":0,"spd":8,"spe":0},"ivs":{"hp":31,"atk":31,"def":31,"spa":31,"spd":31,"spe":31}},{"name":"Jirachi","species":"Jirachi","item":"choicescarf","ability":"Serene Grace","moves":["ironhead","drainpunch","moonblast","healingwish"],"nature":"Hasty","evs":{"hp":0,"atk":252,"def":0,"spa":4,"spd":0,"spe":252},"shiny":true,"ivs":{"hp":31,"atk":31,"def":31,"spa":31,"spd":31,"spe":31}},{"name":"Escavalier","species":"Escavalier","item":"lifeorb","ability":"Shell Armor","moves":["bugbuzz","drillrun","megahorn","knockoff"],"nature":"Lonely","evs":{"hp":248,"atk":252,"def":0,"spa":8,"spd":0,"spe":0},"ivs":{"hp":31,"atk":31,"def":31,"spa":31,"spd":31,"spe":31}}],"log":["|player|p1|Traine✘ gFonseca|1","|player|p2|Shinzy|170","|gametype|singles","|gen|6","|tier|Monotype","|rated","|rule|Baton Pass Clause: Limit one Baton Passer, can't pass Spe and other stats simultaneously","|rule|Swagger Clause: Swagger is banned","|rule|Same Type Clause: Pokémon in a team must share a type","|clearpoke","|poke|p1|Alomomola, F","|poke|p1|Azumarill, F","|poke|p1|Lanturn, F","|poke|p1|Tentacruel, F","|poke|p1|Quagsire, F","|poke|p1|Empoleon, M","|poke|p2|Forretress, F","|poke|p2|Ferrothorn, F","|poke|p2|Doublade, F","|poke|p2|Metagross","|poke|p2|Jirachi, shiny","|poke|p2|Escavalier, M","|rule|Sleep Clause Mod: Limit one foe put to sleep","|rule|Species Clause: Limit one of each Pokémon","|rule|OHKO Clause: OHKO moves are banned","|rule|Moody Clause: Moody is banned","|rule|Evasion Moves Clause: Evasion moves are banned","|rule|Endless Battle Clause: Forcing endless battles is banned","|rule|HP Percentage Mod: HP is shown in percentages","|teampreview","|","|start","|switch|p1a: Empoleon|Empoleon, M|372/372","|switch|p2a: Forretress|Forretress, F|353/353","|turn|1","|","|move|p1a: Empoleon|Scald|p2a: Forretress","|-damage|p2a: Forretress|212/353","|move|p2a: Forretress|Toxic Spikes|p1a: Empoleon","|-sidestart|p1: Traine✘ gFonseca|move: Toxic Spikes","|","|turn|2","|","|move|p1a: Empoleon|Scald|p2a: Forretress","|-damage|p2a: Forretress|55/353","|move|p2a: Forretress|Stealth Rock|p1a: Empoleon","|-sidestart|p1: Traine✘ gFonseca|move: Stealth Rock","|","|turn|3","|","|switch|p2a: Ferrothorn|Ferrothorn, F|351/351","|move|p1a: Empoleon|Stealth Rock|p2a: Ferrothorn","|-sidestart|p2: Shinzy|move: Stealth Rock","|","|turn|4","|","|move|p2a: Ferrothorn|Thunder Wave|p1a: Empoleon","|-status|p1a: Empoleon|par","|move|p1a: Empoleon|Roar|p2a: Ferrothorn","|drag|p2a: Escavalier|Escavalier, M|343/343","|-damage|p2a: Escavalier|301/343|[from] Stealth Rock","|","|turn|5","|","|move|p2a: Escavalier|Knock Off|p1a: Empoleon","|-damage|p1a: Empoleon|187/372 par","|-enditem|p1a: Empoleon|Leftovers|[from] move: Knock Off|[of] p2a: Escavalier","|-damage|p2a: Escavalier|267/343|[from] item: Life Orb","|move|p1a: Empoleon|Scald|p2a: Escavalier","|-damage|p2a: Escavalier|165/343","|-status|p2a: Escavalier|brn","|","|-damage|p2a: Escavalier|123/343 brn|[from] brn","|turn|6","|","|move|p2a: Escavalier|Drill Run|p1a: Empoleon","|-crit|p1a: Empoleon","|-supereffective|p1a: Empoleon","|-damage|p1a: Empoleon|0 fnt","|-damage|p2a: Escavalier|89/343 brn|[from] item: Life Orb","|faint|p1a: Empoleon","|","|-damage|p2a: Escavalier|47/343 brn|[from] brn","|","|switch|p1a: Tentacruel|Tentacruel, F|364/364","|-damage|p1a: Tentacruel|319/364|[from] Stealth Rock","|-sideend|p1: Traine✘ gFonseca|move: Toxic Spikes|[of] p1a: Tentacruel","|turn|7","|","|move|p1a: Tentacruel|Rapid Spin|p2a: Escavalier","|-resisted|p2a: Escavalier","|-damage|p2a: Escavalier|43/343 brn","|-sideend|p1: Traine✘ gFonseca|Stealth Rock|[from] move: Rapid Spin|[of] p1a: Tentacruel","|move|p2a: Escavalier|Megahorn|p1a: Tentacruel","|-resisted|p1a: Tentacruel","|-damage|p1a: Tentacruel|209/364","|-damage|p2a: Escavalier|9/343 brn|[from] item: Life Orb","|","|-heal|p1a: Tentacruel|231/364|[from] item: Black Sludge","|-damage|p2a: Escavalier|0 fnt|[from] brn","|faint|p2a: Escavalier","|","|switch|p2a: Jirachi|Jirachi, shiny|341/341","|-damage|p2a: Jirachi|320/341|[from] Stealth Rock","|turn|8","|","|switch|p1a: Alomomola|Alomomola, F|497/497","|move|p2a: Jirachi|Iron Head|p1a: Alomomola","|-resisted|p1a: Alomomola","|-damage|p1a: Alomomola|448/497","|","|-heal|p1a: Alomomola|479/497|[from] item: Leftovers","|turn|9","|","|switch|p2a: Ferrothorn|Ferrothorn, F|351/351","|-damage|p2a: Ferrothorn|330/351|[from] Stealth Rock","|move|p1a: Alomomola|Scald|p2a: Ferrothorn","|-resisted|p2a: Ferrothorn","|-damage|p2a: Ferrothorn|309/351","|","|-heal|p1a: Alomomola|497/497|[from] item: Leftovers","|turn|10","|","|move|p1a: Alomomola|Scald|p2a: Ferrothorn","|-resisted|p2a: Ferrothorn","|-damage|p2a: Ferrothorn|288/351","|move|p2a: Ferrothorn|Knock Off|p1a: Alomomola","|-damage|p1a: Alomomola|411/497","|-enditem|p1a: Alomomola|Leftovers|[from] move: Knock Off|[of] p2a: Ferrothorn","|","|turn|11","|","|move|p1a: Alomomola|Scald|p2a: Ferrothorn","|-resisted|p2a: Ferrothorn","|-damage|p2a: Ferrothorn|269/351","|-status|p2a: Ferrothorn|brn","|move|p2a: Ferrothorn|Iron Head|p1a: Alomomola","|-resisted|p1a: Alomomola","|-damage|p1a: Alomomola|383/497","|","|-damage|p2a: Ferrothorn|226/351 brn|[from] brn","|turn|12","|","|move|p1a: Alomomola|Wish|p1a: Alomomola","|move|p2a: Ferrothorn|Bullet Seed|p1a: Alomomola","|-supereffective|p1a: Alomomola","|-damage|p1a: Alomomola|349/497","|-supereffective|p1a: Alomomola","|-damage|p1a: Alomomola|316/497","|-supereffective|p1a: Alomomola","|-damage|p1a: Alomomola|285/497","|-supereffective|p1a: Alomomola","|-damage|p1a: Alomomola|249/497","|-hitcount|p1a: Alomomola|4","|","|-damage|p2a: Ferrothorn|183/351 brn|[from] brn","|turn|13","|","|move|p1a: Alomomola|Protect|p1a: Alomomola","|-singleturn|p1a: Alomomola|Protect","|move|p2a: Ferrothorn|Bullet Seed|p1a: Alomomola","|-activate|p1a: Alomomola|Protect","|","|-heal|p1a: Alomomola|497/497|[from] move: Wish|[wisher] Alomomola","|-damage|p2a: Ferrothorn|140/351 brn|[from] brn","|turn|14","|","|move|p1a: Alomomola|Scald|p2a: Ferrothorn","|-resisted|p2a: Ferrothorn","|-damage|p2a: Ferrothorn|120/351 brn","|move|p2a: Ferrothorn|Thunder Wave|p1a: Alomomola","|-status|p1a: Alomomola|par","|","|-damage|p2a: Ferrothorn|77/351 brn|[from] brn","|turn|15","|","|switch|p2a: Doublade|Doublade, F|321/321","|-damage|p2a: Doublade|301/321|[from] Stealth Rock","|cant|p1a: Alomomola|par","|","|turn|16","|","|switch|p1a: Lanturn|Lanturn, F|401/401","|move|p2a: Doublade|Sacred Sword|p1a: Lanturn","|-damage|p1a: Lanturn|294/401","|","|-heal|p1a: Lanturn|319/401|[from] item: Leftovers","|turn|17","|","|move|p1a: Lanturn|Heal Bell|p1a: Lanturn","|-cureteam|p1a: Lanturn|[from] move: HealBell","|move|p2a: Doublade|Night Slash|p1a: Lanturn","|-damage|p1a: Lanturn|230/401","|","|-heal|p1a: Lanturn|255/401|[from] item: Leftovers","|turn|18","|","|move|p1a: Lanturn|Scald|p2a: Doublade","|-damage|p2a: Doublade|195/321","|-status|p2a: Doublade|brn","|move|p2a: Doublade|Flash Cannon|p1a: Lanturn","|-resisted|p1a: Lanturn","|-damage|p1a: Lanturn|245/401","|","|-heal|p1a: Lanturn|270/401|[from] item: Leftovers","|-damage|p2a: Doublade|155/321 brn|[from] brn","|turn|19","|","|move|p1a: Lanturn|Scald|p2a: Doublade","|-damage|p2a: Doublade|52/321 brn","|move|p2a: Doublade|Sacred Sword|p1a: Lanturn","|-damage|p1a: Lanturn|209/401","|","|-heal|p1a: Lanturn|234/401|[from] item: Leftovers","|-damage|p2a: Doublade|12/321 brn|[from] brn","|turn|20","|","|switch|p1a: Alomomola|Alomomola, F|497/497","|move|p2a: Doublade|Shadow Sneak|p1a: Alomomola","|-damage|p1a: Alomomola|469/497","|","|-damage|p2a: Doublade|0 fnt|[from] brn","|faint|p2a: Doublade","|","|switch|p2a: Forretress|Forretress, F|55/353","|-damage|p2a: Forretress|11/353|[from] Stealth Rock","|turn|21","|","|move|p1a: Alomomola|Wish|p1a: Alomomola","|move|p2a: Forretress|Rapid Spin|p1a: Alomomola","|-damage|p1a: Alomomola|457/497","|-sideend|p2: Shinzy|Stealth Rock|[from] move: Rapid Spin|[of] p2a: Forretress","|","|turn|22","|","|switch|p1a: Tentacruel|Tentacruel, F|231/364","|move|p2a: Forretress|Toxic Spikes|p1a: Tentacruel","|-sidestart|p1: Traine✘ gFonseca|move: Toxic Spikes","|","|-heal|p1a: Tentacruel|364/364|[from] move: Wish|[wisher] Alomomola","|turn|23","|","|move|p1a: Tentacruel|Scald|p2a: Forretress","|-damage|p2a: Forretress|0 fnt","|faint|p2a: Forretress","|","|","|switch|p2a: Metagross|Metagross|363/363","|-item|p2a: Metagross|Air Balloon","|turn|24","|","|move|p1a: Tentacruel|Scald|p2a: Metagross","|-damage|p2a: Metagross|279/363","|-enditem|p2a: Metagross|Air Balloon","|-status|p2a: Metagross|brn","|move|p2a: Metagross|Thunder Punch|p1a: Tentacruel","|-supereffective|p1a: Tentacruel","|-damage|p1a: Tentacruel|213/364","|-status|p1a: Tentacruel|par","|","|-heal|p1a: Tentacruel|235/364 par|[from] item: Black Sludge","|-damage|p2a: Metagross|234/363 brn|[from] brn","|turn|25","|","|move|p2a: Metagross|Thunder Punch|p1a: Tentacruel","|-crit|p1a: Tentacruel","|-supereffective|p1a: Tentacruel","|-damage|p1a: Tentacruel|29/364 par","|move|p1a: Tentacruel|Rapid Spin|p2a: Metagross","|-resisted|p2a: Metagross","|-damage|p2a: Metagross|230/363 brn","|-sideend|p1: Traine✘ gFonseca|Toxic Spikes|[from] move: Rapid Spin|[of] p1a: Tentacruel","|","|-heal|p1a: Tentacruel|51/364 par|[from] item: Black Sludge","|-damage|p2a: Metagross|185/363 brn|[from] brn","|turn|26","|","|switch|p1a: Lanturn|Lanturn, F|234/401","|move|p2a: Metagross|Bullet Punch|p1a: Lanturn","|-resisted|p1a: Lanturn","|-damage|p1a: Lanturn|222/401","|","|-heal|p1a: Lanturn|247/401|[from] item: Leftovers","|-damage|p2a: Metagross|140/363 brn|[from] brn","|turn|27","|","|move|p2a: Metagross|Thunder Punch|p1a: Lanturn","|-heal|p1a: Lanturn|347/401|[from] ability: Volt Absorb|[of] p2a: Metagross","|move|p1a: Lanturn|Heal Bell|p1a: Lanturn","|-cureteam|p1a: Lanturn|[from] move: HealBell","|","|-heal|p1a: Lanturn|372/401|[from] item: Leftovers","|-damage|p2a: Metagross|95/363 brn|[from] brn","|turn|28","|","|win|Traine✘ gFonseca"],"p1rating":{"entryid":7498818,"formatid":"monotype","userid":"trainegfonseca","username":"Traine✘ gFonseca","r":1500,"rd":130,"sigma":0,"rpr":1540.1606143388,"rprd":122.8583080769,"rpsigma":0,"rptime":1439024400,"w":1,"l":0,"t":0,"gxe":55,"acre":1040,"lacre":1040,"oldacre":1000},"p2rating":{"entryid":7498819,"formatid":"monotype","userid":"shinzy","username":"Shinzy","r":1500,"rd":130,"sigma":0,"rpr":1459.8393856612,"rprd":122.8583080769,"rpsigma":0,"rptime":1439024400,"w":0,"l":1,"t":0,"gxe":45,"acre":1000,"lacre":1000,"oldacre":1000},"endType":"forfeit"}