{"seed":[2496,7507,9259,43384],"turns":34,"p1":"LightOfAKnowing","p2":"GTX♅Bzumzum","p1team":[{"name":"Roserade","species":"Roserade","item":"choicescarf","ability":"Technician","moves":["weatherball","sludgebomb","gigadrain","sleeppowder"],"nature":"Timid","evs":{"hp":0,"atk":0,"def":0,"spa":252,"spd":4,"spe":252},"ivs":{"hp":31,"atk":30,"def":30,"spa":31,"spd":31,"spe":31}},{"name":"Ludicolo","species":"Ludicolo","item":"damprock","ability":"Swift Swim","moves":["raindance","icebeam","scald","focusblast"],"nature":"Modest","evs":{"hp":0,"atk":0,"def":0,"spa":252,"spd":4,"spe":252},"ivs":{"hp":31,"atk":31,"def":31,"spa":31,"spd":31,"spe":31}},{"name":"Ferrothorn","species":"Ferrothorn","item":"rockyhelmet","ability":"Iron Barbs","moves":["leechseed","powerwhip","ironhead","stealthrock"],"nature":"Impish","evs":{"hp":248,"atk":8,"def":252,"spa":0,"spd":0,"spe":0},"ivs":{"hp":31,"atk":31,"def":31,"spa":31,"spd":31,"spe":31}},{"name":"Sawsbuck","species":"Sawsbuck","item":"heatrock","ability":"Chlorophyll","moves":["sunnyday","hornleech","frustration","jumpkick"],"nature":"Adamant","evs":{"hp":0,"atk":252,"def":0,"spa":0,"spd":4,"spe":252},"happiness":0,"ivs":{"hp":31,"atk":31,"def":31,"spa":31,"spd":31,"spe":31}},{"name":"Venusaur","species":"Venusaur","item":"venusaurite","ability":"Chlorophyll","moves":["sleeppowder","synthesis","sludgebomb","energyball"],"nature":"Modest","evs":{"hp":0,"atk":0,"def":0,"spa":252,"spd":4,"spe":252},"ivs":{"hp":31,"atk":31,"def":31,"spa":31,"spd":31,"spe":31}},{"name":"Cradily","species":"Cradily","item":"leftovers","ability":"Storm Drain","moves":["ancientpower","stockpile","gigadrain","recover"],"nature":"Modest","evs":{"hp":248,"atk":0,"def":0,"spa":252,"spd":8,"spe":0},"ivs":{"hp":31,"atk":31,"def":31,"spa":31,"spd":31,"spe":31}}],"p2team":[{"name":"Elec","species":"manectric","item":"manectite","ability":"Lightning Rod","moves":["thunderbolt","hiddenpowergrass","voltswitch","overheat"],"nature":"Timid","evs":{"hp":0,"atk":0,"def":0,"spa":252,"spd":4,"spe":252},"gender":"M","ivs":{"hp":31,"atk":30,"def":31,"spa":30,"spd":31,"spe":31}},{"name":"Water-Safe","species":"rotomwash","item":"chestoberry","ability":"Levitate","moves":["hydropump","hex","willowisp","rest"],"nature":"Calm","evs":{"hp":248,"atk":0,"def":0,"spa":8,"spd":252,"spe":0},"ivs":{"hp":31,"atk":31,"def":31,"spa":31,"spd":31,"spe":31}},{"name":"MY ZONE!!!","species":"magnezone","item":"choicespecs","ability":"Sturdy","moves":["hiddenpowerice","flashcannon","triattack","signalbeam"],"nature":"Modest","evs":{"hp":248,"atk":0,"def":0,"spa":252,"spd":8,"spe":0},"ivs":{"hp":31,"atk":30,"def":30,"spa":31,"spd":31,"spe":31},"shiny":true},{"name":"Thundernor","species":"eelektross","item":"leftovers","ability":"Levitate","moves":["coil","drainpunch","knockoff","uturn"],"nature":"","gender":"M","shiny":true,"evs":{"hp":0,"atk":0,"def":0,"spa":0,"spd":0,"spe":0},"ivs":{"hp":31,"atk":31,"def":31,"spa":31,"spd":31,"spe":31}},{"name":"Zapz","species":"zapdos","item":"leftovers","ability":"Pressure","moves":["heatwave","roost","extrasensory","defog"],"nature":"Modest","evs":{"hp":252,"atk":0,"def":0,"spa":252,"spd":4,"spe":0},"shiny":true,"ivs":{"hp":31,"atk":31,"def":31,"spa":31,"spd":31,"spe":31}},{"name":"Plugg-in Failure","species":"electivire","item":"choicescarf","ability":"Vital Spirit","moves":["crosschop","earthquake","icepunch","rockslide"],"nature":"Adamant","evs":{"hp":0,"atk":252,"def":0,"spa":0,"spd":4,"spe":252},"gender":"M","shiny":true,"ivs":{"hp":31,"atk":31,"def":31,"spa":31,"spd":31,"spe":31}}],"log":["|player|p1|LightOfAKnowing|lightofaknowing.png","|player|p2|GTX♅Bzumzum|225","|gametype|singles","|gen|6","|tier|Monotype","|rated","|rule|Baton Pass Clause: Limit one Baton Passer, can't pass Spe and other stats simultaneously","|rule|Swagger Clause: Swagger is banned","|rule|Same Type Clause: Pokémon in a team must share a type","|clearpoke","|poke|p1|Roserade, F","|poke|p1|Ludicolo, M","|poke|p1|Ferrothorn, M","|poke|p1|Sawsbuck, M","|poke|p1|Venusaur, M","|poke|p1|Cradily, F","|poke|p2|Manectric, M","|poke|p2|Rotom-Wash","|poke|p2|Magnezone, shiny","|poke|p2|Eelektross, M, shiny","|poke|p2|Zapdos, shiny","|poke|p2|Electivire, M, shiny","|rule|Sleep Clause Mod: Limit one foe put to sleep","|rule|Species Clause: Limit one of each Pokémon","|rule|OHKO Clause: OHKO moves are banned","|rule|Moody Clause: Moody is banned","|rule|Evasion Moves Clause: Evasion moves are banned","|rule|Endless Battle Clause: Forcing endless battles is banned","|rule|HP Percentage Mod: HP is shown in percentages","|teampreview","|","|start","|switch|p1a: Ludicolo|Ludicolo, M|301/301","|switch|p2a: Zapz|Zapdos, shiny|384/384","|-ability|p2a: Zapz|Pressure","|turn|1","|","|move|p1a: Ludicolo|Rain Dance|p1a: Ludicolo","|-weather|RainDance","|move|p2a: Zapz|Extrasensory|p1a: Ludicolo","|-damage|p1a: Ludicolo|201/301","|","|-weather|RainDance|[upkeep]","|turn|2","|","|switch|p2a: Water-Safe|Rotom-Wash|303/303","|move|p1a: Ludicolo|Ice Beam|p2a: Water-Safe","|-resisted|p2a: Water-Safe","|-damage|p2a: Water-Safe|272/303","|","|-weather|RainDance|[upkeep]","|turn|3","|","|move|p1a: Ludicolo|Scald|p2a: Water-Safe","|-crit|p2a: Water-Safe","|-resisted|p2a: Water-Safe","|-damage|p2a: Water-Safe|178/303","|move|p2a: Water-Safe|Will-O-Wisp|p1a: Ludicolo|[miss]","|-miss|p2a: Water-Safe|p1a: Ludicolo","|","|-weather|RainDance|[upkeep]","|turn|4","|","|move|p1a: Ludicolo|Scald|p2a: Water-Safe","|-resisted|p2a: Water-Safe","|-damage|p2a: Water-Safe|113/303","|move|p2a: Water-Safe|Will-O-Wisp|p1a: Ludicolo","|-status|p1a: Ludicolo|brn","|","|-weather|RainDance|[upkeep]","|-damage|p1a: Ludicolo|164/301 brn|[from] brn","|turn|5","|","|switch|p2a: Zapz|Zapdos, shiny|384/384","|-ability|p2a: Zapz|Pressure","|move|p1a: Ludicolo|Scald|p2a: Zapz","|-crit|p2a: Zapz","|-damage|p2a: Zapz|74/384","|-status|p2a: Zapz|brn","|","|-weather|RainDance|[upkeep]","|-heal|p2a: Zapz|98/384 brn|[from] item: Leftovers","|-damage|p1a: Ludicolo|127/301 brn|[from] brn","|-damage|p2a: Zapz|50/384 brn|[from] brn","|turn|6","|","|move|p1a: Ludicolo|Ice Beam|p2a: Zapz","|-supereffective|p2a: Zapz","|-damage|p2a: Zapz|0 fnt","|faint|p2a: Zapz","|","|-weather|RainDance|[upkeep]","|-damage|p1a: Ludicolo|90/301 brn|[from] brn","|","|switch|p2a: Water-Safe|Rotom-Wash|113/303","|turn|7","|","|move|p1a: Ludicolo|Scald|p2a: Water-Safe","|-resisted|p2a: Water-Safe","|-damage|p2a: Water-Safe|52/303","|-status|p2a: Water-Safe|brn","|move|p2a: Water-Safe|Hex|p1a: Ludicolo","|-damage|p1a: Ludicolo|0 fnt","|faint|p1a: Ludicolo","|","|-weather|RainDance|[upkeep]","|-damage|p2a: Water-Safe|15/303 brn|[from] brn","|","|switch|p1a: Ferrothorn|Ferrothorn, M|351/351","|turn|8","|","|move|p2a: Water-Safe|Rest|p2a: Water-Safe","|-status|p2a: Water-Safe|slp","|-heal|p2a: Water-Safe|303/303 slp|[silent]","|-status|p2a: Water-Safe|slp|[from] move: Rest","|-enditem|p2a: Water-Safe|Chesto Berry|[eat]","|-curestatus|p2a: Water-Safe|slp","|move|p1a: Ferrothorn|Stealth Rock|p2a: Water-Safe","|-sidestart|p2: GTX♅Bzumzum|move: Stealth Rock","|","|-weather|none","|turn|9","|","|move|p2a: Water-Safe|Will-O-Wisp|p1a: Ferrothorn","|-status|p1a: Ferrothorn|brn","|move|p1a: Ferrothorn|Power Whip|p2a: Water-Safe","|-supereffective|p2a: Water-Safe","|-damage|p2a: Water-Safe|183/303","|","|-damage|p1a: Ferrothorn|308/351 brn|[from] brn","|turn|10","|","|move|p2a: Water-Safe|Hex|p1a: Ferrothorn","|-damage|p1a: Ferrothorn|212/351 brn","|move|p1a: Ferrothorn|Leech Seed|p2a: Water-Safe","|-start|p2a: Water-Safe|move: Leech Seed","|","|-damage|p2a: Water-Safe|146/303|[from] Leech Seed|[of] p1a: Ferrothorn","|-heal|p1a: Ferrothorn|249/351 brn|[silent]","|-damage|p1a: Ferrothorn|206/351 brn|[from] brn","|turn|11","|","|move|p2a: Water-Safe|Rest|p2a: Water-Safe","|-status|p2a: Water-Safe|slp","|-heal|p2a: Water-Safe|303/303 slp|[silent]","|-status|p2a: Water-Safe|slp|[from] move: Rest","|move|p1a: Ferrothorn|Power Whip|p2a: Water-Safe","|-supereffective|p2a: Water-Safe","|-damage|p2a: Water-Safe|182/303 slp","|","|-damage|p2a: Water-Safe|145/303 slp|[from] Leech Seed|[of] p1a: Ferrothorn","|-heal|p1a: Ferrothorn|243/351 brn|[silent]","|-damage|p1a: Ferrothorn|200/351 brn|[from] brn","|turn|12","|","|cant|p2a: Water-Safe|slp","|move|p1a: Ferrothorn|Power Whip|p2a: Water-Safe","|-supereffective|p2a: Water-Safe","|-damage|p2a: Water-Safe|13/303 slp","|","|-damage|p2a: Water-Safe|0 fnt|[from] Leech Seed|[of] p1a: Ferrothorn","|-heal|p1a: Ferrothorn|213/351 brn|[silent]","|-damage|p1a: Ferrothorn|170/351 brn|[from] brn","|faint|p2a: Water-Safe","|","|switch|p2a: Thundernor|Eelektross, M, shiny|311/311","|-damage|p2a: Thundernor|273/311|[from] Stealth Rock","|turn|13","|","|move|p2a: Thundernor|Coil|p2a: Thundernor","|-boost|p2a: Thundernor|atk|1","|-boost|p2a: Thundernor|def|1","|-boost|p2a: Thundernor|accuracy|1","|move|p1a: Ferrothorn|Leech Seed|p2a: Thundernor","|-start|p2a: Thundernor|move: Leech Seed","|","|-heal|p2a: Thundernor|292/311|[from] item: Leftovers","|-damage|p2a: Thundernor|254/311|[from] Leech Seed|[of] p1a: Ferrothorn","|-heal|p1a: Ferrothorn|208/351 brn|[silent]","|-damage|p1a: Ferrothorn|165/351 brn|[from] brn","|turn|14","|","|move|p2a: Thundernor|U-turn|p1a: Ferrothorn","|-damage|p1a: Ferrothorn|106/351 brn","|-damage|p2a: Thundernor|216/311|[from] ability: Iron Barbs|[of] p1a: Ferrothorn","|-damage|p2a: Thundernor|165/311|[from] item: Rocky Helmet|[of] p1a: Ferrothorn","|","|switch|p2a: MY ZONE!!!|Magnezone, shiny|343/343","|-damage|p2a: MY ZONE!!!|322/343|[from] Stealth Rock","|move|p1a: Ferrothorn|Power Whip|p2a: MY ZONE!!!","|-resisted|p2a: MY ZONE!!!","|-damage|p2a: MY ZONE!!!|294/343","|","|-damage|p1a: Ferrothorn|63/351 brn|[from] brn","|turn|15","|","|move|p2a: MY ZONE!!!|Flash Cannon|p1a: Ferrothorn","|-resisted|p1a: Ferrothorn","|-damage|p1a: Ferrothorn|0 fnt","|faint|p1a: Ferrothorn","|","|","|switch|p1a: Roserade|Roserade, F|261/261","|turn|16","|","|move|p1a: Roserade|Sleep Powder|p2a: MY ZONE!!!","|-status|p2a: MY ZONE!!!|slp","|cant|p2a: MY ZONE!!!|slp","|","|turn|17","|","|switch|p1a: Sawsbuck|Sawsbuck, M|301/301","|cant|p2a: MY ZONE!!!|slp","|","|turn|18","|","|move|p1a: Sawsbuck|Sunny Day|p1a: Sawsbuck","|-weather|SunnyDay","|cant|p2a: MY ZONE!!!|slp","|","|-weather|SunnyDay|[upkeep]","|turn|19","|","|move|p1a: Sawsbuck|Jump Kick|p2a: MY ZONE!!!","|-supereffective|p2a: MY ZONE!!!","|-damage|p2a: MY ZONE!!!|104/343 slp","|-curestatus|p2a: MY ZONE!!!|slp","|move|p2a: MY ZONE!!!|Flash Cannon|p1a: Sawsbuck","|-damage|p1a: Sawsbuck|0 fnt","|faint|p1a: Sawsbuck","|","|-weather|SunnyDay|[upkeep]","|","|switch|p1a: Venusaur|Venusaur, M|301/301","|turn|20","|","|move|p1a: Venusaur|Energy Ball|p2a: MY ZONE!!!","|-resisted|p2a: MY ZONE!!!","|-damage|p2a: MY ZONE!!!|20/343","|move|p2a: MY ZONE!!!|Flash Cannon|p1a: Venusaur","|-damage|p1a: Venusaur|66/301","|","|-weather|SunnyDay|[upkeep]","|turn|21","|","|move|p1a: Venusaur|Energy Ball|p2a: MY ZONE!!!","|-resisted|p2a: MY ZONE!!!","|-damage|p2a: MY ZONE!!!|0 fnt","|faint|p2a: MY ZONE!!!","|","|-weather|SunnyDay|[upkeep]","|","|switch|p2a: Elec|Manectric, M|281/281","|-damage|p2a: Elec|246/281|[from] Stealth Rock","|turn|22","|","|detailschange|p1a: Venusaur|Venusaur-Mega, M","|-mega|p1a: Venusaur|Venusaur|Venusaurite","|detailschange|p2a: Elec|Manectric-Mega, M","|-mega|p2a: Elec|Manectric|Manectite","|-ability|p2a: Elec|Intimidate","|-unboost|p1a: Venusaur|atk|1","|move|p1a: Venusaur|Synthesis|p1a: Venusaur","|-heal|p1a: Venusaur|267/301","|move|p2a: Elec|Thunderbolt|p1a: Venusaur","|-resisted|p1a: Venusaur","|-damage|p1a: Venusaur|201/301","|","|-weather|SunnyDay|[upkeep]","|turn|23","|","|move|p2a: Elec|Overheat|p1a: Venusaur","|-supereffective|p1a: Venusaur","|-damage|p1a: Venusaur|0 fnt","|-unboost|p2a: Elec|spa|2","|faint|p1a: Venusaur","|","|-weather|SunnyDay|[upkeep]","|","|switch|p1a: Cradily|Cradily, F|375/375","|turn|24","|","|move|p2a: Elec|Thunderbolt|p1a: Cradily","|-resisted|p1a: Cradily","|-damage|p1a: Cradily|336/375","|move|p1a: Cradily|Stockpile|p1a: Cradily","|-start|p1a: Cradily|stockpile1","|-boost|p1a: Cradily|def|1","|-boost|p1a: Cradily|spd|1","|","|-weather|SunnyDay|[upkeep]","|-heal|p1a: Cradily|359/375|[from] item: Leftovers","|turn|25","|","|move|p2a: Elec|Volt Switch|p1a: Cradily","|-resisted|p1a: Cradily","|-damage|p1a: Cradily|338/375","|","|switch|p2a: Thundernor|Eelektross, M, shiny|165/311","|-damage|p2a: Thundernor|127/311|[from] Stealth Rock","|move|p1a: Cradily|Stockpile|p1a: Cradily","|-start|p1a: Cradily|stockpile2","|-boost|p1a: Cradily|def|1","|-boost|p1a: Cradily|spd|1","|","|-weather|none","|-heal|p2a: Thundernor|146/311|[from] item: Leftovers","|-heal|p1a: Cradily|361/375|[from] item: Leftovers","|turn|26","|","|move|p2a: Thundernor|Coil|p2a: Thundernor","|-boost|p2a: Thundernor|atk|1","|-boost|p2a: Thundernor|def|1","|-boost|p2a: Thundernor|accuracy|1","|move|p1a: Cradily|Ancient Power|p2a: Thundernor","|-damage|p2a: Thundernor|35/311","|","|-heal|p2a: Thundernor|54/311|[from] item: Leftovers","|-heal|p1a: Cradily|375/375|[from] item: Leftovers","|turn|27","|","|move|p2a: Thundernor|Drain Punch|p1a: Cradily","|-supereffective|p1a: Cradily","|-damage|p1a: Cradily|263/375","|-heal|p2a: Thundernor|110/311|[from] drain|[of] p1a: Cradily","|move|p1a: Cradily|Ancient Power|p2a: Thundernor","|-damage|p2a: Thundernor|10/311","|","|-heal|p2a: Thundernor|29/311|[from] item: Leftovers","|-heal|p1a: Cradily|286/375|[from] item: Leftovers","|turn|28","|","|move|p2a: Thundernor|Drain Punch|p1a: Cradily","|-supereffective|p1a: Cradily","|-damage|p1a: Cradily|178/375","|-heal|p2a: Thundernor|83/311|[from] drain|[of] p1a: Cradily","|move|p1a: Cradily|Giga Drain|p2a: Thundernor","|-damage|p2a: Thundernor|0 fnt","|-heal|p1a: Cradily|220/375|[from] drain|[of] p2a: Thundernor","|faint|p2a: Thundernor","|","|-heal|p1a: Cradily|243/375|[from] item: Leftovers","|","|switch|p2a: Plugg-in Failure|Electivire, M, shiny|291/291","|-damage|p2a: Plugg-in Failure|255/291|[from] Stealth Rock","|turn|29","|","|move|p2a: Plugg-in Failure|Ice Punch|p1a: Cradily","|-supereffective|p1a: Cradily","|-damage|p1a: Cradily|137/375","|move|p1a: Cradily|Giga Drain|p2a: Plugg-in Failure","|-damage|p2a: Plugg-in Failure|135/291","|-heal|p1a: Cradily|197/375|[from] drain|[of] p2a: Plugg-in Failure","|","|-heal|p1a: Cradily|220/375|[from] item: Leftovers","|turn|30","|","|move|p2a: Plugg-in Failure|Ice Punch|p1a: Cradily","|-supereffective|p1a: Cradily","|-damage|p1a: Cradily|120/375","|-status|p1a: Cradily|frz","|cant|p1a: Cradily|frz","|","|-heal|p1a: Cradily|143/375 frz|[from] item: Leftovers","|turn|31","|","|move|p2a: Plugg-in Failure|Ice Punch|p1a: Cradily","|-supereffective|p1a: Cradily","|-damage|p1a: Cradily|51/375 frz","|cant|p1a: Cradily|frz","|","|-heal|p1a: Cradily|74/375 frz|[from] item: Leftovers","|turn|32","|","|move|p2a: Plugg-in Failure|Ice Punch|p1a: Cradily","|-supereffective|p1a: Cradily","|-damage|p1a: Cradily|0 fnt","|faint|p1a: Cradily","|","|","|switch|p1a: Roserade|Roserade, F|261/261","|turn|33","|","|move|p1a: Roserade|Sludge Bomb|p2a: Plugg-in Failure","|-damage|p2a: Plugg-in Failure|0 fnt","|faint|p2a: Plugg-in Failure","|","|","|switch|p2a: Elec|Manectric-Mega, M|246/281","|-damage|p2a: Elec|211/281|[from] Stealth Rock","|-ability|p2a: Elec|Intimidate","|-unboost|p1a: Roserade|atk|1","|turn|34","|","|move|p1a: Roserade|Sludge Bomb|p2a: Elec","|-damage|p2a: Elec|24/281","|move|p2a: Elec|Overheat|p1a: Roserade","|-supereffective|p1a: Roserade","|-damage|p1a: Roserade|0 fnt","|-unboost|p2a: Elec|spa|2","|faint|p1a: Roserade","|","|win|GTX♅Bzumzum"],"p1rating":{"entryid":"6481865","serverid":"eos","formatid":"monotype","userid":"lightofaknowing","username":"Light-Of-A-Knowing","w":"116","l":157,"t":"0","gxe":41,"r":"1434.7480712357","rd":"30.943436751248","sigma":"0","rptime":"1439024400","rpr":1431.0109488287,"rprd":30.634900974092,"rpsigma":"0","acre":1065.1382104727,"lacre":1065.1382104727,"oldacre":"1096.1527216442"},"p2rating":{"entryid":"6857825","serverid":"eos","formatid":"monotype","userid":"gtxbzumzum","username":"GTX♅Bzumzum","w":25,"l":"93","t":"0","gxe":22.6,"r":"1265.3810950017","rd":"37.484576131452","sigma":"0","rptime":"1439024400","rpr":1267.8281172118,"rprd":37.061215733452,"rpsigma":"0","acre":1050.7957706892,"lacre":1050.7957706892,"oldacre":"1000"},"endType":"normal"}