{"seed":[18061,65480,30323,3556],"turns":20,"p1":"ZAUHARANT대한하라개미","p2":"GTX♅Fractals","p1team":[{"name":"ラティオス","species":"latios","item":"choicescarf","ability":"Levitate","moves":["shadowball","dragonpulse","psyshock","icebeam"],"nature":"Timid","evs":{"hp":0,"atk":0,"def":4,"spa":252,"spd":0,"spe":252},"ivs":{"hp":31,"atk":0,"def":31,"spa":31,"spd":31,"spe":31}},{"name":"キュレム","species":"kyuremblack","item":"lifeorb","ability":"Teravolt","moves":["icebeam","outrage","fusionbolt","ironhead"],"nature":"Naive","evs":{"hp":0,"atk":100,"def":0,"spa":180,"spd":0,"spe":228},"shiny":true,"ivs":{"hp":31,"atk":31,"def":31,"spa":31,"spd":31,"spe":31}},{"name":"ボーマンダ","species":"salamence","item":"choicescarf","ability":"Moxie","moves":["outrage","aerialace","steelwing","earthquake"],"nature":"Jolly","evs":{"hp":0,"atk":252,"def":4,"spa":0,"spd":0,"spe":252},"ivs":{"hp":31,"atk":31,"def":31,"spa":31,"spd":31,"spe":31}},{"name":"サザンドラ","species":"hydreigon","item":"lifeorb","ability":"Levitate","moves":["darkpulse","flamethrower","dracometeor","flashcannon"],"nature":"Timid","evs":{"hp":0,"atk":0,"def":4,"spa":252,"spd":0,"spe":252},"shiny":true,"ivs":{"hp":31,"atk":31,"def":31,"spa":31,"spd":31,"spe":31}},{"name":"ガブリアス","species":"garchomp","item":"rockyhelmet","ability":"Rough Skin","moves":["stealthrock","earthquake","dragontail","endure"],"nature":"Impish","evs":{"hp":252,"atk":0,"def":232,"spa":0,"spd":24,"spe":0},"ivs":{"hp":31,"atk":31,"def":31,"spa":31,"spd":31,"spe":31}},{"name":"ラティアス","species":"latias","item":"latiasite","ability":"Levitate","moves":["calmmind","recover","psyshock","dragonbreath"],"nature":"Bold","evs":{"hp":252,"atk":0,"def":224,"spa":0,"spd":0,"spe":32},"ivs":{"hp":31,"atk":0,"def":31,"spa":31,"spd":31,"spe":31}}],"p2team":[{"name":"Rotom-Wash","species":"Rotom-Wash","item":"enigmaberry","ability":"Levitate","moves":["darkpulse","painsplit","toxic","confuseray"],"nature":"Calm","evs":{"hp":248,"atk":0,"def":0,"spa":8,"spd":252,"spe":0},"ivs":{"hp":31,"atk":31,"def":31,"spa":31,"spd":31,"spe":31}},{"name":"Keldeo","species":"Keldeo","item":"fistplate","ability":"Justified","moves":["sacredsword","secretsword","stoneedge","scald"],"nature":"Hasty","evs":{"hp":0,"atk":4,"def":0,"spa":252,"spd":0,"spe":252},"ivs":{"hp":31,"atk":31,"def":31,"spa":31,"spd":31,"spe":31}},{"name":"Cloyster","species":"Cloyster","item":"focussash","ability":"Skill Link","moves":["iciclespear","rapidspin","rockblast","shellsmash"],"nature":"Adamant","evs":{"hp":0,"atk":252,"def":0,"spa":0,"spd":4,"spe":252},"ivs":{"hp":31,"atk":31,"def":31,"spa":31,"spd":31,"spe":31}},{"name":"Azumarill","species":"Azumarill","item":"sitrusberry","ability":"Huge Power","moves":["hydropump","bellydrum","aquajet","bodyslam"],"nature":"Lonely","evs":{"hp":252,"atk":252,"def":0,"spa":4,"spd":0,"spe":0},"ivs":{"hp":31,"atk":31,"def":31,"spa":31,"spd":31,"spe":31}},{"name":"Gyarados","species":"Gyarados","item":"gyaradosite","ability":"Moxie","moves":["aquatail","dragondance","crunch","ironhead"],"nature":"Adamant","evs":{"hp":0,"atk":252,"def":0,"spa":0,"spd":4,"spe":252},"ivs":{"hp":31,"atk":31,"def":31,"spa":31,"spd":31,"spe":31}},{"name":"Samurott","species":"Samurott","item":"expertbelt","ability":"Shell Armor","moves":["dragontail","airslash","megahorn","hydropump"],"nature":"Rash","evs":{"hp":248,"atk":8,"def":0,"spa":252,"spd":0,"spe":0},"ivs":{"hp":31,"atk":31,"def":31,"spa":31,"spd":31,"spe":31}}],"log":["|player|p1|ZAUHARANT대한하라개미|25","|player|p2|GTX♅Fractals|209","|gametype|singles","|gen|6","|tier|Monotype","|rated","|rule|Baton Pass Clause: Limit one Baton Passer, can't pass Spe and other stats simultaneously","|rule|Swagger Clause: Swagger is banned","|rule|Same Type Clause: Pokémon in a team must share a type","|clearpoke","|poke|p1|Latios, M","|poke|p1|Kyurem-Black, shiny","|poke|p1|Salamence, F","|poke|p1|Hydreigon, M, shiny","|poke|p1|Garchomp, F","|poke|p1|Latias, F","|poke|p2|Rotom-Wash","|poke|p2|Keldeo","|poke|p2|Cloyster, M","|poke|p2|Azumarill, M","|poke|p2|Gyarados, F","|poke|p2|Samurott, M","|rule|Sleep Clause Mod: Limit one foe put to sleep","|rule|Species Clause: Limit one of each Pokémon","|rule|OHKO Clause: OHKO moves are banned","|rule|Moody Clause: Moody is banned","|rule|Evasion Moves Clause: Evasion moves are banned","|rule|Endless Battle Clause: Forcing endless battles is banned","|rule|HP Percentage Mod: HP is shown in percentages","|teampreview","|","|start","|switch|p1a: キュレム|Kyurem-Black, shiny|391/391","|switch|p2a: Keldeo|Keldeo|323/323","|-ability|p1a: キュレム|Teravolt","|turn|1","|","|switch|p1a: ラティオス|Latios, M|301/301","|move|p2a: Keldeo|Secret Sword|p1a: ラティオス","|-resisted|p1a: ラティオス","|-damage|p1a: ラティオス|200/301","|","|turn|2","|","|switch|p2a: Samurott|Samurott, M|393/393","|move|p1a: ラティオス|Psyshock|p2a: Samurott","|-damage|p2a: Samurott|227/393","|","|turn|3","|","|switch|p1a: ガブリアス|Garchomp, F|420/420","|move|p2a: Samurott|Megahorn|p1a: ガブリアス","|-damage|p1a: ガブリアス|344/420","|-damage|p2a: Samurott|178/393|[from] ability: Rough Skin|[of] p1a: ガブリアス","|-damage|p2a: Samurott|113/393|[from] item: Rocky Helmet|[of] p1a: ガブリアス","|","|turn|4","|","|move|p1a: ガブリアス|Stealth Rock|p2a: Samurott","|-sidestart|p2: GTX♅Fractals|move: Stealth Rock","|move|p2a: Samurott|Dragon Tail|p1a: ガブリアス","|-supereffective|p1a: ガブリアス","|-damage|p1a: ガブリアス|248/420","|-damage|p2a: Samurott|64/393|[from] ability: Rough Skin|[of] p1a: ガブリアス","|-damage|p2a: Samurott|0 fnt|[from] item: Rocky Helmet|[of] p1a: ガブリアス","|faint|p2a: Samurott","|","|","|switch|p2a: Rotom-Wash|Rotom-Wash|303/303","|-damage|p2a: Rotom-Wash|266/303|[from] Stealth Rock","|turn|5","|","|switch|p1a: サザンドラ|Hydreigon, M, shiny|325/325","|move|p2a: Rotom-Wash|Dark Pulse|p1a: サザンドラ","|-resisted|p1a: サザンドラ","|-damage|p1a: サザンドラ|286/325","|","|turn|6","|","|move|p1a: サザンドラ|Dark Pulse|p2a: Rotom-Wash","|-damage|p2a: Rotom-Wash|132/303","|-damage|p1a: サザンドラ|254/325|[from] item: Life Orb","|move|p2a: Rotom-Wash|Confuse Ray|p1a: サザンドラ","|-start|p1a: サザンドラ|confusion","|","|turn|7","|","|-activate|p1a: サザンドラ|confusion","|-damage|p1a: サザンドラ|212/325|[from] confusion","|move|p2a: Rotom-Wash|Toxic|p1a: サザンドラ","|-status|p1a: サザンドラ|tox","|","|-damage|p1a: サザンドラ|192/325 tox|[from] psn","|turn|8","|","|-activate|p1a: サザンドラ|confusion","|-damage|p1a: サザンドラ|149/325 tox|[from] confusion","|move|p2a: Rotom-Wash|Dark Pulse|p1a: サザンドラ","|-resisted|p1a: サザンドラ","|-damage|p1a: サザンドラ|113/325 tox","|","|-damage|p1a: サザンドラ|73/325 tox|[from] psn","|turn|9","|","|-activate|p1a: サザンドラ|confusion","|-damage|p1a: サザンドラ|29/325 tox|[from] confusion","|move|p2a: Rotom-Wash|Dark Pulse|p1a: サザンドラ","|-resisted|p1a: サザンドラ","|-damage|p1a: サザンドラ|0 fnt","|faint|p1a: サザンドラ","|","|","|switch|p1a: ラティアス|Latias, F|364/364","|turn|10","|","|detailschange|p1a: ラティアス|Latias-Mega, F","|-mega|p1a: ラティアス|Latias|Latiasite","|move|p1a: ラティアス|Calm Mind|p1a: ラティアス","|-boost|p1a: ラティアス|spa|1","|-boost|p1a: ラティアス|spd|1","|move|p2a: Rotom-Wash|Confuse Ray|p1a: ラティアス","|-start|p1a: ラティアス|confusion","|","|turn|11","|","|-activate|p1a: ラティアス|confusion","|-damage|p1a: ラティアス|347/364|[from] confusion","|move|p2a: Rotom-Wash|Toxic|p1a: ラティアス","|-status|p1a: ラティアス|tox","|","|-damage|p1a: ラティアス|325/364 tox|[from] psn","|turn|12","|","|-end|p1a: ラティアス|confusion","|move|p1a: ラティアス|Calm Mind|p1a: ラティアス","|-boost|p1a: ラティアス|spa|1","|-boost|p1a: ラティアス|spd|1","|move|p2a: Rotom-Wash|Pain Split|p1a: ラティアス","|-sethp|p1a: ラティアス|228/364 tox|p2a: Rotom-Wash|228/303|[from] move: Pain Split","|","|-damage|p1a: ラティアス|184/364 tox|[from] psn","|turn|13","|","|move|p1a: ラティアス|Psyshock|p2a: Rotom-Wash","|-damage|p2a: Rotom-Wash|0 fnt","|faint|p2a: Rotom-Wash","|","|-damage|p1a: ラティアス|118/364 tox|[from] psn","|","|switch|p2a: Keldeo|Keldeo|323/323","|-damage|p2a: Keldeo|303/323|[from] Stealth Rock","|turn|14","|","|move|p2a: Keldeo|Sacred Sword|p1a: ラティアス","|-resisted|p1a: ラティアス","|-damage|p1a: ラティアス|85/364 tox","|move|p1a: ラティアス|Psyshock|p2a: Keldeo","|-supereffective|p2a: Keldeo","|-damage|p2a: Keldeo|0 fnt","|faint|p2a: Keldeo","|","|-damage|p1a: ラティアス|0 fnt|[from] psn","|faint|p1a: ラティアス","|","|switch|p1a: キュレム|Kyurem-Black, shiny|391/391","|switch|p2a: Cloyster|Cloyster, M|241/241","|-ability|p1a: キュレム|Teravolt","|-damage|p2a: Cloyster|181/241|[from] Stealth Rock","|turn|15","|","|move|p1a: キュレム|Fusion Bolt|p2a: Cloyster","|-supereffective|p2a: Cloyster","|-damage|p2a: Cloyster|0 fnt","|-damage|p1a: キュレム|352/391|[from] item: Life Orb","|faint|p2a: Cloyster","|","|","|switch|p2a: Gyarados|Gyarados, F|331/331","|-damage|p2a: Gyarados|249/331|[from] Stealth Rock","|turn|16","|","|switch|p1a: ガブリアス|Garchomp, F|248/420","|detailschange|p2a: Gyarados|Gyarados-Mega, F","|-mega|p2a: Gyarados|Gyarados|Gyaradosite","|-ability|p2a: Gyarados|Mold Breaker","|move|p2a: Gyarados|Dragon Dance|p2a: Gyarados","|-boost|p2a: Gyarados|atk|1","|-boost|p2a: Gyarados|spe|1","|","|turn|17","|","|move|p2a: Gyarados|Crunch|p1a: ガブリアス","|-damage|p1a: ガブリアス|38/420","|-damage|p2a: Gyarados|208/331|[from] ability: Rough Skin|[of] p1a: ガブリアス","|-damage|p2a: Gyarados|153/331|[from] item: Rocky Helmet|[of] p1a: ガブリアス","|-unboost|p1a: ガブリアス|def|1","|move|p1a: ガブリアス|Dragon Tail|p2a: Gyarados","|-damage|p2a: Gyarados|66/331","|drag|p2a: Azumarill|Azumarill, M|404/404","|-damage|p2a: Azumarill|354/404|[from] Stealth Rock","|","|turn|18","|","|move|p2a: Azumarill|Aqua Jet|p1a: ガブリアス","|-damage|p1a: ガブリアス|0 fnt","|-damage|p2a: Azumarill|304/404|[from] ability: Rough Skin|[of] p1a: ガブリアス","|-damage|p2a: Azumarill|237/404|[from] item: Rocky Helmet|[of] p1a: ガブリアス","|faint|p1a: ガブリアス","|","|","|switch|p1a: キュレム|Kyurem-Black, shiny|352/391","|-ability|p1a: キュレム|Teravolt","|turn|19","|","|move|p1a: キュレム|Fusion Bolt|p2a: Azumarill","|-supereffective|p2a: Azumarill","|-damage|p2a: Azumarill|0 fnt","|-damage|p1a: キュレム|313/391|[from] item: Life Orb","|faint|p2a: Azumarill","|","|","|switch|p2a: Gyarados|Gyarados-Mega, F|66/331","|-damage|p2a: Gyarados|25/331|[from] Stealth Rock","|-ability|p2a: Gyarados|Mold Breaker","|turn|20","|","|move|p1a: キュレム|Fusion Bolt|p2a: Gyarados","|-supereffective|p2a: Gyarados","|-damage|p2a: Gyarados|0 fnt","|-damage|p1a: キュレム|274/391|[from] item: Life Orb","|faint|p2a: Gyarados","|","|win|ZAUHARANT대한하라개미"],"p1rating":{"entryid":"7483151","serverid":"eos","formatid":"monotype","userid":"zauharant","username":"ZAUHARANT대한하라개미","w":3,"l":"1","t":"0","gxe":57.6,"r":"1500","rd":"130","sigma":"0","rptime":"1439024400","rpr":1559.9848551086,"rprd":106.30301116426,"rpsigma":"0","acre":1107.1244418887,"lacre":1107.1244418887,"oldacre":"1082.7399720327"},"p2rating":{"entryid":"7471026","serverid":"eos","formatid":"monotype","userid":"gtxfractals","username":"GTX♅Fractals","w":"2","l":3,"t":"0","gxe":43.7,"r":"1554.0016168585","rd":"116.93886904838","sigma":"0","rptime":"1439024400","rpr":1450.0017605237,"rprd":102.82507366678,"rpsigma":"0","acre":1027.7680385573,"lacre":1027.7680385573,"oldacre":"1042.2014603433"},"endType":"normal"}