{"seed":[49225,12963,39520,11390],"turns":25,"p1":"V Psychic","p2":"uuuuuuuuuuuuuuuuuu","p1team":[{"name":"Zapdos","species":"Zapdos","item":"leftovers","ability":"Pressure","moves":["roost","defog","heatwave","discharge"],"nature":"Bold","evs":{"hp":248,"atk":0,"def":176,"spa":68,"spd":0,"spe":16},"ivs":{"hp":31,"atk":0,"def":31,"spa":31,"spd":31,"spe":31}},{"name":"Thundurus","species":"Thundurus","item":"lifeorb","ability":"Prankster","moves":["superpower","discharge","knockoff","thunderwave"],"nature":"Naive","evs":{"hp":0,"atk":72,"def":0,"spa":184,"spd":0,"spe":252},"ivs":{"hp":31,"atk":31,"def":31,"spa":31,"spd":31,"spe":31}},{"name":"Rotom-Wash","species":"Rotom-Wash","item":"leftovers","ability":"Levitate","moves":["willowisp","hydropump","voltswitch","painsplit"],"nature":"Calm","evs":{"hp":248,"atk":0,"def":0,"spa":0,"spd":216,"spe":44},"ivs":{"hp":31,"atk":0,"def":31,"spa":31,"spd":31,"spe":31}},{"name":"Magnezone","species":"Magnezone","item":"choicescarf","ability":"Sturdy","moves":["voltswitch","discharge","hiddenpowerice","flashcannon"],"nature":"Timid","evs":{"hp":0,"atk":0,"def":0,"spa":252,"spd":4,"spe":252},"ivs":{"hp":31,"atk":30,"def":30,"spa":31,"spd":31,"spe":31}},{"name":"Manectric","species":"Manectric","item":"manectite","ability":"Static","moves":["voltswitch","discharge","overheat","hiddenpowergrass"],"nature":"Timid","evs":{"hp":0,"atk":0,"def":0,"spa":252,"spd":4,"spe":252},"ivs":{"hp":31,"atk":30,"def":31,"spa":30,"spd":31,"spe":31}},{"name":"Luxray","species":"Luxray","item":"choiceband","ability":"Guts","moves":["wildcharge","crunch","superpower","icefang"],"nature":"Jolly","evs":{"hp":0,"atk":252,"def":0,"spa":0,"spd":4,"spe":252},"shiny":true,"ivs":{"hp":31,"atk":31,"def":31,"spa":31,"spd":31,"spe":31}}],"p2team":[{"name":"bgv hjgu980ijhb","species":"landorus","item":"lifeorb","ability":"Sheer Force","moves":["earthpower","sludgewave","hiddenpowerwater","knockoff"],"nature":"Naive","evs":{"hp":0,"atk":4,"def":0,"spa":252,"spd":0,"spe":252},"ivs":{"hp":31,"atk":30,"def":30,"spa":30,"spd":31,"spe":31},"shiny":true},{"name":"hbhiuojknb jikn b","species":"garchomp","item":"choiceband","ability":"Rough Skin","moves":["earthquake","outrage","firefang","dualchop"],"nature":"Jolly","evs":{"hp":0,"atk":252,"def":0,"spa":0,"spd":4,"spe":252},"ivs":{"hp":31,"atk":31,"def":31,"spa":31,"spd":31,"spe":31}},{"name":"dfijajshbkijdnopka","species":"sandslash","item":"choiceband","ability":"Sand Rush","moves":["earthquake","return","knockoff","poisonjab"],"nature":"Jolly","evs":{"hp":0,"atk":252,"def":0,"spa":0,"spd":4,"spe":252},"ivs":{"hp":31,"atk":31,"def":31,"spa":31,"spd":31,"spe":31}},{"name":"kgkliijhukgjcxfhjk","species":"golem","item":"custapberry","ability":"Sturdy","moves":["firepunch","explosion","stealthrock","earthquake"],"nature":"Adamant","evs":{"hp":248,"atk":252,"def":0,"spa":0,"spd":8,"spe":0},"shiny":true,"ivs":{"hp":31,"atk":31,"def":31,"spa":31,"spd":31,"spe":31}},{"name":"gvhbjohbvghuhu8ijh","species":"hippowdon","item":"leftovers","ability":"Sand Stream","moves":["earthquake","crunch","slackoff","whirlwind"],"nature":"Impish","evs":{"hp":248,"atk":8,"def":252,"spa":0,"spd":0,"spe":0},"ivs":{"hp":31,"atk":31,"def":31,"spa":31,"spd":31,"spe":31}},{"name":"cleansed","species":"excadrill","item":"leftovers","ability":"Mold Breaker","moves":["earthquake","ironhead","rapidspin","stealthrock"],"nature":"Careful","evs":{"hp":252,"atk":4,"def":0,"spa":0,"spd":252,"spe":0},"ivs":{"hp":31,"atk":31,"def":31,"spa":31,"spd":31,"spe":31}}],"log":["|player|p1|V Psychic|167","|player|p2|uuuuuuuuuuuuuuuuuu|271","|gametype|singles","|gen|6","|tier|Monotype","|rated","|rule|Baton Pass Clause: Limit one Baton Passer, can't pass Spe and other stats simultaneously","|rule|Swagger Clause: Swagger is banned","|rule|Same Type Clause: Pokémon in a team must share a type","|clearpoke","|poke|p1|Zapdos","|poke|p1|Thundurus, M","|poke|p1|Rotom-Wash","|poke|p1|Magnezone","|poke|p1|Manectric, F","|poke|p1|Luxray, M, shiny","|poke|p2|Landorus, M, shiny","|poke|p2|Garchomp, M","|poke|p2|Sandslash, M","|poke|p2|Golem, M, shiny","|poke|p2|Hippowdon, F","|poke|p2|Excadrill, M","|rule|Sleep Clause Mod: Limit one foe put to sleep","|rule|Species Clause: Limit one of each Pokémon","|rule|OHKO Clause: OHKO moves are banned","|rule|Moody Clause: Moody is banned","|rule|Evasion Moves Clause: Evasion moves are banned","|rule|Endless Battle Clause: Forcing endless battles is banned","|rule|HP Percentage Mod: HP is shown in percentages","|teampreview","|","|start","|switch|p1a: Rotom-Wash|Rotom-Wash|303/303","|switch|p2a: kgkliijhukgjcxfhjk|Golem, M, shiny|363/363","|turn|1","|","|move|p1a: Rotom-Wash|Will-O-Wisp|p2a: kgkliijhukgjcxfhjk","|-status|p2a: kgkliijhukgjcxfhjk|brn","|move|p2a: kgkliijhukgjcxfhjk|Stealth Rock|p1a: Rotom-Wash","|-sidestart|p1: V Psychic|move: Stealth Rock","|","|-damage|p2a: kgkliijhukgjcxfhjk|318/363 brn|[from] brn","|turn|2","|","|move|p1a: Rotom-Wash|Hydro Pump|p2a: kgkliijhukgjcxfhjk","|-supereffective|p2a: kgkliijhukgjcxfhjk","|-damage|p2a: kgkliijhukgjcxfhjk|0 fnt","|faint|p2a: kgkliijhukgjcxfhjk","|","|","|switch|p2a: gvhbjohbvghuhu8ijh|Hippowdon, F|419/419","|-weather|Sandstorm","|turn|3","|","|move|p1a: Rotom-Wash|Hydro Pump|p2a: gvhbjohbvghuhu8ijh","|-supereffective|p2a: gvhbjohbvghuhu8ijh","|-damage|p2a: gvhbjohbvghuhu8ijh|35/419","|move|p2a: gvhbjohbvghuhu8ijh|Crunch|p1a: Rotom-Wash","|-damage|p1a: Rotom-Wash|233/303","|","|-weather|Sandstorm|[upkeep]","|-damage|p1a: Rotom-Wash|215/303|[from] sandstorm","|-heal|p1a: Rotom-Wash|233/303|[from] item: Leftovers","|-heal|p2a: gvhbjohbvghuhu8ijh|61/419|[from] item: Leftovers","|turn|4","|","|move|p1a: Rotom-Wash|Hydro Pump|p2a: gvhbjohbvghuhu8ijh","|-supereffective|p2a: gvhbjohbvghuhu8ijh","|-damage|p2a: gvhbjohbvghuhu8ijh|0 fnt","|faint|p2a: gvhbjohbvghuhu8ijh","|","|-weather|Sandstorm|[upkeep]","|-damage|p1a: Rotom-Wash|215/303|[from] sandstorm","|-heal|p1a: Rotom-Wash|233/303|[from] item: Leftovers","|","|switch|p2a: dfijajshbkijdnopka|Sandslash, M|291/291","|turn|5","|","|move|p2a: dfijajshbkijdnopka|Knock Off|p1a: Rotom-Wash","|-damage|p1a: Rotom-Wash|99/303","|-enditem|p1a: Rotom-Wash|Leftovers|[from] move: Knock Off|[of] p2a: dfijajshbkijdnopka","|move|p1a: Rotom-Wash|Will-O-Wisp|p2a: dfijajshbkijdnopka","|-status|p2a: dfijajshbkijdnopka|brn","|","|-weather|Sandstorm|[upkeep]","|-damage|p1a: Rotom-Wash|81/303|[from] sandstorm","|-damage|p2a: dfijajshbkijdnopka|255/291 brn|[from] brn","|turn|6","|","|switch|p2a: hbhiuojknb jikn b|Garchomp, M|357/357","|move|p1a: Rotom-Wash|Pain Split|p2a: hbhiuojknb jikn b","|-sethp|p2a: hbhiuojknb jikn b|219/357|p1a: Rotom-Wash|219/303|[from] move: Pain Split","|","|-weather|Sandstorm|[upkeep]","|-damage|p1a: Rotom-Wash|201/303|[from] sandstorm","|turn|7","|","|switch|p1a: Luxray|Luxray, M, shiny|301/301","|-damage|p1a: Luxray|264/301|[from] Stealth Rock","|move|p2a: hbhiuojknb jikn b|Dual Chop|p1a: Luxray","|-damage|p1a: Luxray|135/301","|-damage|p1a: Luxray|0 fnt","|-hitcount|p1a: Luxray|2","|faint|p1a: Luxray","|","|-weather|none","|","|switch|p1a: Magnezone|Magnezone|281/281","|-damage|p1a: Magnezone|264/281|[from] Stealth Rock","|turn|8","|","|switch|p2a: cleansed|Excadrill, M|424/424","|-ability|p2a: cleansed|Mold Breaker","|move|p1a: Magnezone|Hidden Power|p2a: cleansed","|-damage|p2a: cleansed|356/424","|","|-heal|p2a: cleansed|382/424|[from] item: Leftovers","|turn|9","|","|switch|p1a: Zapdos|Zapdos|383/383","|-damage|p1a: Zapdos|288/383|[from] Stealth Rock","|-ability|p1a: Zapdos|Pressure","|move|p2a: cleansed|Earthquake|p1a: Zapdos","|-immune|p1a: Zapdos|[msg]","|","|-heal|p1a: Zapdos|311/383|[from] item: Leftovers","|-heal|p2a: cleansed|408/424|[from] item: Leftovers","|turn|10","|","|move|p1a: Zapdos|Heat Wave|p2a: cleansed","|-supereffective|p2a: cleansed","|-damage|p2a: cleansed|230/424","|move|p2a: cleansed|Iron Head|p1a: Zapdos","|-resisted|p1a: Zapdos","|-damage|p1a: Zapdos|258/383","|","|-heal|p1a: Zapdos|281/383|[from] item: Leftovers","|-heal|p2a: cleansed|256/424|[from] item: Leftovers","|turn|11","|","|switch|p2a: hbhiuojknb jikn b|Garchomp, M|219/357","|move|p1a: Zapdos|Defog|p2a: hbhiuojknb jikn b","|-unboost|p2a: hbhiuojknb jikn b|evasion|1","|-sideend|p1: V Psychic|Stealth Rock|[from] move: Defog|[of] p1a: Zapdos","|","|-heal|p1a: Zapdos|304/383|[from] item: Leftovers","|turn|12","|","|switch|p1a: Thundurus|Thundurus, M|299/299","|move|p2a: hbhiuojknb jikn b|Outrage|p1a: Thundurus","|-damage|p1a: Thundurus|0 fnt","|faint|p1a: Thundurus","|","|","|switch|p1a: Magnezone|Magnezone|264/281","|turn|13","|","|move|p1a: Magnezone|Hidden Power|p2a: hbhiuojknb jikn b","|-supereffective|p2a: hbhiuojknb jikn b","|-damage|p2a: hbhiuojknb jikn b|0 fnt","|faint|p2a: hbhiuojknb jikn b","|","|","|switch|p2a: cleansed|Excadrill, M|256/424","|-ability|p2a: cleansed|Mold Breaker","|turn|14","|","|switch|p1a: Zapdos|Zapdos|304/383","|-ability|p1a: Zapdos|Pressure","|move|p2a: cleansed|Stealth Rock|p1a: Zapdos","|-sidestart|p1: V Psychic|move: Stealth Rock","|","|-heal|p1a: Zapdos|327/383|[from] item: Leftovers","|-heal|p2a: cleansed|282/424|[from] item: Leftovers","|turn|15","|","|switch|p2a: dfijajshbkijdnopka|Sandslash, M|255/291 brn","|move|p1a: Zapdos|Defog|p2a: dfijajshbkijdnopka","|-unboost|p2a: dfijajshbkijdnopka|evasion|1","|-sideend|p1: V Psychic|Stealth Rock|[from] move: Defog|[of] p1a: Zapdos","|","|-heal|p1a: Zapdos|350/383|[from] item: Leftovers","|-damage|p2a: dfijajshbkijdnopka|219/291 brn|[from] brn","|turn|16","|","|switch|p1a: Rotom-Wash|Rotom-Wash|201/303","|move|p2a: dfijajshbkijdnopka|Knock Off|p1a: Rotom-Wash","|-damage|p1a: Rotom-Wash|159/303","|","|-damage|p2a: dfijajshbkijdnopka|183/291 brn|[from] brn","|turn|17","|","|move|p2a: dfijajshbkijdnopka|Knock Off|p1a: Rotom-Wash","|-damage|p1a: Rotom-Wash|116/303","|move|p1a: Rotom-Wash|Hydro Pump|p2a: dfijajshbkijdnopka","|-crit|p2a: dfijajshbkijdnopka","|-supereffective|p2a: dfijajshbkijdnopka","|-damage|p2a: dfijajshbkijdnopka|0 fnt","|faint|p2a: dfijajshbkijdnopka","|","|","|switch|p2a: bgv hjgu980ijhb|Landorus, M, shiny|319/319","|turn|18","|","|move|p2a: bgv hjgu980ijhb|Sludge Wave|p1a: Rotom-Wash","|-damage|p1a: Rotom-Wash|0 fnt","|faint|p1a: Rotom-Wash","|","|","|switch|p1a: Manectric|Manectric, F|281/281","|turn|19","|","|switch|p2a: cleansed|Excadrill, M|282/424","|-ability|p2a: cleansed|Mold Breaker","|detailschange|p1a: Manectric|Manectric-Mega, F","|-mega|p1a: Manectric|Manectric|Manectite","|-ability|p1a: Manectric|Intimidate","|-unboost|p2a: cleansed|atk|1","|move|p1a: Manectric|Overheat|p2a: cleansed","|-supereffective|p2a: cleansed","|-damage|p2a: cleansed|0 fnt","|-unboost|p1a: Manectric|spa|2","|faint|p2a: cleansed","|","|","|switch|p2a: bgv hjgu980ijhb|Landorus, M, shiny|319/319","|turn|20","|","|move|p1a: Manectric|Overheat|p2a: bgv hjgu980ijhb","|-damage|p2a: bgv hjgu980ijhb|216/319","|-unboost|p1a: Manectric|spa|2","|move|p2a: bgv hjgu980ijhb|Knock Off|p1a: Manectric","|-damage|p1a: Manectric|182/281","|-damage|p2a: bgv hjgu980ijhb|185/319|[from] item: Life Orb","|","|turn|21","|","|move|p1a: Manectric|Overheat|p2a: bgv hjgu980ijhb","|-damage|p2a: bgv hjgu980ijhb|111/319","|-unboost|p1a: Manectric|spa|2","|move|p2a: bgv hjgu980ijhb|Knock Off|p1a: Manectric","|-damage|p1a: Manectric|83/281","|-damage|p2a: bgv hjgu980ijhb|80/319|[from] item: Life Orb","|","|turn|22","|","|switch|p1a: Zapdos|Zapdos|350/383","|-ability|p1a: Zapdos|Pressure","|move|p2a: bgv hjgu980ijhb|Knock Off|p1a: Zapdos","|-damage|p1a: Zapdos|254/383","|-enditem|p1a: Zapdos|Leftovers|[from] move: Knock Off|[of] p2a: bgv hjgu980ijhb","|-damage|p2a: bgv hjgu980ijhb|49/319|[from] item: Life Orb","|","|turn|23","|","|move|p2a: bgv hjgu980ijhb|Knock Off|p1a: Zapdos","|-damage|p1a: Zapdos|190/383","|-damage|p2a: bgv hjgu980ijhb|18/319|[from] item: Life Orb","|move|p1a: Zapdos|Heat Wave|p2a: bgv hjgu980ijhb","|-miss|p1a: Zapdos|p2a: bgv hjgu980ijhb","|","|turn|24","|","|move|p2a: bgv hjgu980ijhb|Sludge Wave|p1a: Zapdos","|-damage|p1a: Zapdos|0 fnt","|faint|p1a: Zapdos","|","|","|switch|p1a: Magnezone|Magnezone|264/281","|turn|25","|","|move|p1a: Magnezone|Hidden Power|p2a: bgv hjgu980ijhb","|-supereffective|p2a: bgv hjgu980ijhb","|-damage|p2a: bgv hjgu980ijhb|0 fnt","|faint|p2a: bgv hjgu980ijhb","|","|win|V Psychic"],"p1rating":{"entryid":"7467690","serverid":"eos","formatid":"monotype","userid":"vpsychic","username":"V Psychic","w":17,"l":"6","t":"0","gxe":65.8,"r":"1590.5768731025","rd":"107.81252429981","sigma":"0","rptime":"1439024400","rpr":1625.0573275493,"rprd":67.755691146212,"rpsigma":"0","acre":1265.5690754373,"lacre":1265.5690754373,"oldacre":"1251.8473286004"},"p2rating":{"entryid":"7492373","serverid":"eos","formatid":"monotype","userid":"uuuuuuuuuuuuuuuuuu","username":"uuuuuuuuuuuuuuuuuu","w":"2","l":1,"t":"0","gxe":54.1,"r":"1500","rd":"130","sigma":"0","rptime":"1439024400","rpr":1532.5734570419,"rprd":111.65488256088,"rpsigma":"0","acre":1070.634321236,"lacre":1070.634321236,"oldacre":"1082.9525427144"},"endType":"normal"}