{"seed":[2261,37915,40369,92],"turns":45,"p1":"InfernalxCrown","p2":"Traine X DUDE","p1team":[{"name":"Aegislash","species":"Aegislash","item":"weaknesspolicy","ability":"Stance Change","moves":["shadowball","shadowsneak","kingsshield","sacredsword"],"nature":"Brave","evs":{"hp":252,"atk":76,"def":0,"spa":176,"spd":4,"spe":0},"ivs":{"hp":31,"atk":31,"def":31,"spa":31,"spd":31,"spe":0},"shiny":true},{"name":"Sableye","species":"Sableye","item":"leftovers","ability":"Prankster","moves":["willowisp","recover","taunt","knockoff"],"nature":"Careful","evs":{"hp":252,"atk":0,"def":84,"spa":0,"spd":168,"spe":4},"ivs":{"hp":31,"atk":0,"def":31,"spa":31,"spd":31,"spe":31}},{"name":"Golurk","species":"Golurk","item":"focussash","ability":"No Guard","moves":["stealthrock","curse","dynamicpunch","stoneedge"],"nature":"Adamant","evs":{"hp":4,"atk":252,"def":0,"spa":0,"spd":0,"spe":252},"shiny":true,"ivs":{"hp":31,"atk":31,"def":31,"spa":31,"spd":31,"spe":31}},{"name":"Jellicent","species":"Jellicent","item":"leftovers","ability":"Cursed Body","moves":["acidarmor","toxic","recover","scald"],"nature":"Calm","evs":{"hp":252,"atk":0,"def":4,"spa":0,"spd":252,"spe":0},"gender":"M","ivs":{"hp":31,"atk":0,"def":31,"spa":31,"spd":31,"spe":31}},{"name":"Chandelure","species":"Chandelure","item":"choicescarf","ability":"Infiltrator","moves":["flamethrower","shadowball","energyball","trick"],"nature":"Timid","evs":{"hp":0,"atk":0,"def":4,"spa":252,"spd":0,"spe":252},"ivs":{"hp":31,"atk":0,"def":31,"spa":31,"spd":31,"spe":31},"shiny":true},{"name":"Gengar","species":"Gengar","item":"choicespecs","ability":"Levitate","moves":["dazzlinggleam","shadowball","thunderbolt","sludgewave"],"nature":"Timid","evs":{"hp":4,"atk":0,"def":0,"spa":252,"spd":0,"spe":252},"ivs":{"hp":31,"atk":0,"def":31,"spa":31,"spd":31,"spe":31}}],"p2team":[{"name":"Give Up.","species":"salamence","item":"choicescarf","ability":"Moxie","moves":["outrage","zenheadbutt","earthquake","firefang"],"nature":"Jolly","evs":{"hp":0,"atk":252,"def":0,"spa":0,"spd":4,"spe":252},"ivs":{"hp":31,"atk":31,"def":31,"spa":31,"spd":31,"spe":31}},{"name":"Done Yet?","species":"dragonite","item":"weaknesspolicy","ability":"Multiscale","moves":["dragondance","dragonclaw","extremespeed","roost"],"nature":"Adamant","evs":{"hp":0,"atk":252,"def":0,"spa":0,"spd":4,"spe":252},"shiny":true,"ivs":{"hp":31,"atk":31,"def":31,"spa":31,"spd":31,"spe":31}},{"name":"It's Over.","species":"garchomp","item":"garchompite","ability":"Sand Veil","moves":["earthquake","poisonjab","outrage","crunch"],"nature":"Jolly","evs":{"hp":0,"atk":252,"def":0,"spa":0,"spd":0,"spe":252},"ivs":{"hp":31,"atk":31,"def":31,"spa":31,"spd":31,"spe":31}},{"name":"Come On!","species":"kingdra","item":"razorclaw","ability":"Sniper","moves":["focusenergy","dracometeor","scald","hiddenpowergrass"],"nature":"Modest","evs":{"hp":248,"atk":0,"def":0,"spa":252,"spd":8,"spe":0},"shiny":true,"ivs":{"atk":30,"spa":30,"hp":31,"def":31,"spe":31,"spd":31}},{"name":"Get Ready!","species":"goodra","item":"leftovers","ability":"Hydration","moves":["raindance","rest","acidarmor","infestation"],"nature":"Bold","evs":{"hp":252,"atk":0,"def":252,"spa":0,"spd":4,"spe":0},"shiny":true,"ivs":{"hp":31,"atk":31,"def":31,"spa":31,"spd":31,"spe":31}},{"name":"Did I Lose?","species":"hydreigon","item":"choicespecs","ability":"Levitate","moves":["earthpower","darkpulse","dracometeor","fireblast"],"nature":"Timid","evs":{"hp":0,"atk":0,"def":0,"spa":252,"spd":4,"spe":252},"shiny":true,"ivs":{"hp":31,"atk":31,"def":31,"spa":31,"spd":31,"spe":31}}],"log":["|player|p1|InfernalxCrown|infernalxcrown.png","|player|p2|Traine X DUDE|248","|gametype|singles","|gen|6","|tier|Monotype","|rated","|rule|Baton Pass Clause: Limit one Baton Passer, can't pass Spe and other stats simultaneously","|rule|Swagger Clause: Swagger is banned","|rule|Same Type Clause: Pokémon in a team must share a type","|clearpoke","|poke|p1|Aegislash, F, shiny","|poke|p1|Sableye, F","|poke|p1|Golurk, shiny","|poke|p1|Jellicent, M","|poke|p1|Chandelure, F, shiny","|poke|p1|Gengar, M","|poke|p2|Salamence, F","|poke|p2|Dragonite, F, shiny","|poke|p2|Garchomp, M","|poke|p2|Kingdra, M, shiny","|poke|p2|Goodra, M, shiny","|poke|p2|Hydreigon, M, shiny","|rule|Sleep Clause Mod: Limit one foe put to sleep","|rule|Species Clause: Limit one of each Pokémon","|rule|OHKO Clause: OHKO moves are banned","|rule|Moody Clause: Moody is banned","|rule|Evasion Moves Clause: Evasion moves are banned","|rule|Endless Battle Clause: Forcing endless battles is banned","|rule|HP Percentage Mod: HP is shown in percentages","|teampreview","|","|start","|switch|p1a: Sableye|Sableye, F|304/304","|switch|p2a: Get Ready!|Goodra, M, shiny|384/384","|turn|1","|","|switch|p1a: Jellicent|Jellicent, M|404/404","|move|p2a: Get Ready!|Infestation|p1a: Jellicent","|-crit|p1a: Jellicent","|-resisted|p1a: Jellicent","|-damage|p1a: Jellicent|395/404","|-activate|p1a: Jellicent|move: Infestation|[of] p2a: Get Ready!","|","|-heal|p1a: Jellicent|404/404|[from] item: Leftovers","|-damage|p1a: Jellicent|354/404|[from] move: Infestation|[partiallytrapped]","|turn|2","|","|move|p2a: Get Ready!|Rain Dance|p2a: Get Ready!","|-weather|RainDance","|move|p1a: Jellicent|Toxic|p2a: Get Ready!","|-status|p2a: Get Ready!|tox","|","|-weather|RainDance|[upkeep]","|-curestatus|p2a: Get Ready!|tox","|-heal|p1a: Jellicent|379/404|[from] item: Leftovers","|-damage|p1a: Jellicent|329/404|[from] move: Infestation|[partiallytrapped]","|turn|3","|","|move|p2a: Get Ready!|Acid Armor|p2a: Get Ready!","|-boost|p2a: Get Ready!|def|2","|move|p1a: Jellicent|Toxic|p2a: Get Ready!","|-status|p2a: Get Ready!|tox","|","|-weather|RainDance|[upkeep]","|-curestatus|p2a: Get Ready!|tox","|-heal|p1a: Jellicent|354/404|[from] item: Leftovers","|-damage|p1a: Jellicent|304/404|[from] move: Infestation|[partiallytrapped]","|turn|4","|","|move|p2a: Get Ready!|Acid Armor|p2a: Get Ready!","|-boost|p2a: Get Ready!|def|2","|move|p1a: Jellicent|Acid Armor|p1a: Jellicent","|-boost|p1a: Jellicent|def|2","|","|-weather|RainDance|[upkeep]","|-heal|p1a: Jellicent|329/404|[from] item: Leftovers","|-damage|p1a: Jellicent|279/404|[from] move: Infestation|[partiallytrapped]","|turn|5","|","|move|p2a: Get Ready!|Acid Armor|p2a: Get Ready!","|-boost|p2a: Get Ready!|def|2","|move|p1a: Jellicent|Acid Armor|p1a: Jellicent","|-boost|p1a: Jellicent|def|2","|","|-weather|RainDance|[upkeep]","|-heal|p1a: Jellicent|304/404|[from] item: Leftovers","|-end|p1a: Jellicent|Infestation|[partiallytrapped]","|turn|6","|","|move|p2a: Get Ready!|Infestation|p1a: Jellicent","|-crit|p1a: Jellicent","|-resisted|p1a: Jellicent","|-damage|p1a: Jellicent|295/404","|-activate|p1a: Jellicent|move: Infestation|[of] p2a: Get Ready!","|move|p1a: Jellicent|Recover|p1a: Jellicent","|-heal|p1a: Jellicent|404/404","|","|-weather|none","|-damage|p1a: Jellicent|354/404|[from] move: Infestation|[partiallytrapped]","|turn|7","|","|move|p2a: Get Ready!|Rain Dance|p2a: Get Ready!","|-weather|RainDance","|move|p1a: Jellicent|Acid Armor|p1a: Jellicent","|-boost|p1a: Jellicent|def|2","|","|-weather|RainDance|[upkeep]","|-heal|p1a: Jellicent|379/404|[from] item: Leftovers","|-damage|p1a: Jellicent|329/404|[from] move: Infestation|[partiallytrapped]","|turn|8","|","|move|p2a: Get Ready!|Infestation|p1a: Jellicent","|-resisted|p1a: Jellicent","|-damage|p1a: Jellicent|323/404","|move|p1a: Jellicent|Scald|p2a: Get Ready!","|-resisted|p2a: Get Ready!","|-damage|p2a: Get Ready!|342/384","|","|-weather|RainDance|[upkeep]","|-heal|p2a: Get Ready!|366/384|[from] item: Leftovers","|-heal|p1a: Jellicent|348/404|[from] item: Leftovers","|-damage|p1a: Jellicent|298/404|[from] move: Infestation|[partiallytrapped]","|turn|9","|","|move|p2a: Get Ready!|Infestation|p1a: Jellicent","|-resisted|p1a: Jellicent","|-damage|p1a: Jellicent|292/404","|-start|p2a: Get Ready!|Disable|Infestation","|move|p1a: Jellicent|Scald|p2a: Get Ready!","|-resisted|p2a: Get Ready!","|-damage|p2a: Get Ready!|322/384","|-status|p2a: Get Ready!|brn","|","|-weather|RainDance|[upkeep]","|-curestatus|p2a: Get Ready!|brn","|-heal|p2a: Get Ready!|346/384|[from] item: Leftovers","|-heal|p1a: Jellicent|317/404|[from] item: Leftovers","|-damage|p1a: Jellicent|267/404|[from] move: Infestation|[partiallytrapped]","|turn|10","|","|move|p2a: Get Ready!|Acid Armor|p2a: Get Ready!","|-fail|p2a: Get Ready!","|move|p1a: Jellicent|Recover|p1a: Jellicent","|-heal|p1a: Jellicent|404/404","|","|-weather|RainDance|[upkeep]","|-heal|p2a: Get Ready!|370/384|[from] item: Leftovers","|-end|p1a: Jellicent|Infestation|[partiallytrapped]","|turn|11","|","|move|p2a: Get Ready!|Acid Armor|p2a: Get Ready!","|-fail|p2a: Get Ready!","|move|p1a: Jellicent|Scald|p2a: Get Ready!","|-resisted|p2a: Get Ready!","|-damage|p2a: Get Ready!|330/384","|","|-weather|none","|-heal|p2a: Get Ready!|354/384|[from] item: Leftovers","|turn|12","|","|move|p2a: Get Ready!|Rain Dance|p2a: Get Ready!","|-weather|RainDance","|move|p1a: Jellicent|Toxic|p2a: Get Ready!","|-status|p2a: Get Ready!|tox","|","|-weather|RainDance|[upkeep]","|-curestatus|p2a: Get Ready!|tox","|-heal|p2a: Get Ready!|378/384|[from] item: Leftovers","|turn|13","|","|move|p2a: Get Ready!|Acid Armor|p2a: Get Ready!","|-fail|p2a: Get Ready!","|move|p1a: Jellicent|Scald|p2a: Get Ready!","|-resisted|p2a: Get Ready!","|-damage|p2a: Get Ready!|336/384","|","|-weather|RainDance|[upkeep]","|-heal|p2a: Get Ready!|360/384|[from] item: Leftovers","|-end|p2a: Get Ready!|Disable","|turn|14","|","|move|p2a: Get Ready!|Infestation|p1a: Jellicent","|-resisted|p1a: Jellicent","|-damage|p1a: Jellicent|398/404","|-activate|p1a: Jellicent|move: Infestation|[of] p2a: Get Ready!","|move|p1a: Jellicent|Scald|p2a: Get Ready!","|-resisted|p2a: Get Ready!","|-damage|p2a: Get Ready!|316/384","|","|-weather|RainDance|[upkeep]","|-heal|p2a: Get Ready!|340/384|[from] item: Leftovers","|-heal|p1a: Jellicent|404/404|[from] item: Leftovers","|-damage|p1a: Jellicent|354/404|[from] move: Infestation|[partiallytrapped]","|turn|15","|","|move|p2a: Get Ready!|Acid Armor|p2a: Get Ready!","|-fail|p2a: Get Ready!","|move|p1a: Jellicent|Scald|p2a: Get Ready!","|-resisted|p2a: Get Ready!","|-damage|p2a: Get Ready!|297/384","|","|-weather|RainDance|[upkeep]","|-heal|p2a: Get Ready!|321/384|[from] item: Leftovers","|-heal|p1a: Jellicent|379/404|[from] item: Leftovers","|-damage|p1a: Jellicent|329/404|[from] move: Infestation|[partiallytrapped]","|turn|16","|","|move|p2a: Get Ready!|Infestation|p1a: Jellicent","|-resisted|p1a: Jellicent","|-damage|p1a: Jellicent|322/404","|move|p1a: Jellicent|Acid Armor|p1a: Jellicent","|-fail|p1a: Jellicent","|","|-weather|none","|-heal|p2a: Get Ready!|345/384|[from] item: Leftovers","|-heal|p1a: Jellicent|347/404|[from] item: Leftovers","|-damage|p1a: Jellicent|297/404|[from] move: Infestation|[partiallytrapped]","|turn|17","|","|move|p2a: Get Ready!|Rain Dance|p2a: Get Ready!","|-weather|RainDance","|move|p1a: Jellicent|Acid Armor|p1a: Jellicent","|-fail|p1a: Jellicent","|","|-weather|RainDance|[upkeep]","|-heal|p2a: Get Ready!|369/384|[from] item: Leftovers","|-heal|p1a: Jellicent|322/404|[from] item: Leftovers","|-damage|p1a: Jellicent|272/404|[from] move: Infestation|[partiallytrapped]","|turn|18","|","|move|p2a: Get Ready!|Acid Armor|p2a: Get Ready!","|-fail|p2a: Get Ready!","|move|p1a: Jellicent|Acid Armor|p1a: Jellicent","|-fail|p1a: Jellicent","|","|-weather|RainDance|[upkeep]","|-heal|p2a: Get Ready!|384/384|[from] item: Leftovers","|-heal|p1a: Jellicent|297/404|[from] item: Leftovers","|-end|p1a: Jellicent|Infestation|[partiallytrapped]","|turn|19","|","|move|p2a: Get Ready!|Acid Armor|p2a: Get Ready!","|-fail|p2a: Get Ready!","|move|p1a: Jellicent|Acid Armor|p1a: Jellicent","|-fail|p1a: Jellicent","|","|-weather|RainDance|[upkeep]","|-heal|p1a: Jellicent|322/404|[from] item: Leftovers","|turn|20","|","|move|p2a: Get Ready!|Acid Armor|p2a: Get Ready!","|-fail|p2a: Get Ready!","|move|p1a: Jellicent|Acid Armor|p1a: Jellicent","|-fail|p1a: Jellicent","|","|-weather|RainDance|[upkeep]","|-heal|p1a: Jellicent|347/404|[from] item: Leftovers","|turn|21","|","|move|p2a: Get Ready!|Acid Armor|p2a: Get Ready!","|-fail|p2a: Get Ready!","|move|p1a: Jellicent|Acid Armor|p1a: Jellicent","|-fail|p1a: Jellicent","|","|-weather|none","|-heal|p1a: Jellicent|372/404|[from] item: Leftovers","|turn|22","|","|move|p2a: Get Ready!|Acid Armor|p2a: Get Ready!","|-fail|p2a: Get Ready!","|move|p1a: Jellicent|Acid Armor|p1a: Jellicent","|-fail|p1a: Jellicent","|","|-heal|p1a: Jellicent|397/404|[from] item: Leftovers","|turn|23","|","|move|p2a: Get Ready!|Rain Dance|p2a: Get Ready!","|-weather|RainDance","|move|p1a: Jellicent|Acid Armor|p1a: Jellicent","|-fail|p1a: Jellicent","|","|-weather|RainDance|[upkeep]","|-heal|p1a: Jellicent|404/404|[from] item: Leftovers","|turn|24","|","|move|p2a: Get Ready!|Infestation|p1a: Jellicent","|-crit|p1a: Jellicent","|-resisted|p1a: Jellicent","|-damage|p1a: Jellicent|395/404","|-activate|p1a: Jellicent|move: Infestation|[of] p2a: Get Ready!","|move|p1a: Jellicent|Acid Armor|p1a: Jellicent","|-fail|p1a: Jellicent","|","|-weather|RainDance|[upkeep]","|-heal|p1a: Jellicent|404/404|[from] item: Leftovers","|-damage|p1a: Jellicent|354/404|[from] move: Infestation|[partiallytrapped]","|turn|25","|","|move|p2a: Get Ready!|Acid Armor|p2a: Get Ready!","|-fail|p2a: Get Ready!","|move|p1a: Jellicent|Acid Armor|p1a: Jellicent","|-fail|p1a: Jellicent","|","|-weather|RainDance|[upkeep]","|-heal|p1a: Jellicent|379/404|[from] item: Leftovers","|-damage|p1a: Jellicent|329/404|[from] move: Infestation|[partiallytrapped]","|turn|26","|","|move|p2a: Get Ready!|Acid Armor|p2a: Get Ready!","|-fail|p2a: Get Ready!","|move|p1a: Jellicent|Acid Armor|p1a: Jellicent","|-fail|p1a: Jellicent","|","|-weather|RainDance|[upkeep]","|-heal|p1a: Jellicent|354/404|[from] item: Leftovers","|-damage|p1a: Jellicent|304/404|[from] move: Infestation|[partiallytrapped]","|turn|27","|","|move|p2a: Get Ready!|Acid Armor|p2a: Get Ready!","|-fail|p2a: Get Ready!","|move|p1a: Jellicent|Acid Armor|p1a: Jellicent","|-fail|p1a: Jellicent","|","|-weather|none","|-heal|p1a: Jellicent|329/404|[from] item: Leftovers","|-damage|p1a: Jellicent|279/404|[from] move: Infestation|[partiallytrapped]","|turn|28","|","|move|p2a: Get Ready!|Acid Armor|p2a: Get Ready!","|-fail|p2a: Get Ready!","|move|p1a: Jellicent|Toxic|p2a: Get Ready!","|-status|p2a: Get Ready!|tox","|","|-heal|p1a: Jellicent|304/404|[from] item: Leftovers","|-damage|p2a: Get Ready!|360/384 tox|[from] psn","|-end|p1a: Jellicent|Infestation|[partiallytrapped]","|turn|29","|","|move|p2a: Get Ready!|Rain Dance|p2a: Get Ready!","|-weather|RainDance","|move|p1a: Jellicent|Acid Armor|p1a: Jellicent","|-fail|p1a: Jellicent","|","|-weather|RainDance|[upkeep]","|-curestatus|p2a: Get Ready!|tox","|-heal|p2a: Get Ready!|384/384|[from] item: Leftovers","|-heal|p1a: Jellicent|329/404|[from] item: Leftovers","|turn|30","|","|move|p2a: Get Ready!|Infestation|p1a: Jellicent","|-resisted|p1a: Jellicent","|-damage|p1a: Jellicent|323/404","|-activate|p1a: Jellicent|move: Infestation|[of] p2a: Get Ready!","|move|p1a: Jellicent|Acid Armor|p1a: Jellicent","|-fail|p1a: Jellicent","|","|-weather|RainDance|[upkeep]","|-heal|p1a: Jellicent|348/404|[from] item: Leftovers","|-damage|p1a: Jellicent|298/404|[from] move: Infestation|[partiallytrapped]","|turn|31","|","|move|p2a: Get Ready!|Acid Armor|p2a: Get Ready!","|-fail|p2a: Get Ready!","|move|p1a: Jellicent|Acid Armor|p1a: Jellicent","|-fail|p1a: Jellicent","|","|-weather|RainDance|[upkeep]","|-heal|p1a: Jellicent|323/404|[from] item: Leftovers","|-damage|p1a: Jellicent|273/404|[from] move: Infestation|[partiallytrapped]","|turn|32","|","|switch|p2a: Did I Lose?|Hydreigon, M, shiny|325/325","|move|p1a: Jellicent|Acid Armor|p1a: Jellicent","|-fail|p1a: Jellicent","|","|-weather|RainDance|[upkeep]","|-heal|p1a: Jellicent|298/404|[from] item: Leftovers","|turn|33","|","|move|p2a: Did I Lose?|Dark Pulse|p1a: Jellicent","|-supereffective|p1a: Jellicent","|-damage|p1a: Jellicent|32/404","|move|p1a: Jellicent|Recover|p1a: Jellicent","|-heal|p1a: Jellicent|234/404","|","|-weather|none","|-heal|p1a: Jellicent|259/404|[from] item: Leftovers","|turn|34","|","|switch|p1a: Sableye|Sableye, F|304/304","|move|p2a: Did I Lose?|Dark Pulse|p1a: Sableye","|-crit|p1a: Sableye","|-damage|p1a: Sableye|0 fnt","|faint|p1a: Sableye","|","|","|switch|p1a: Gengar|Gengar, M|262/262","|turn|35","|","|move|p1a: Gengar|Dazzling Gleam|p2a: Did I Lose?","|-supereffective|p2a: Did I Lose?","|-damage|p2a: Did I Lose?|0 fnt","|faint|p2a: Did I Lose?","|","|","|switch|p2a: Done Yet?|Dragonite, F, shiny|323/323","|turn|36","|","|switch|p1a: Aegislash|Aegislash, F, shiny|324/324","|move|p2a: Done Yet?|Dragon Dance|p2a: Done Yet?","|-boost|p2a: Done Yet?|atk|1","|-boost|p2a: Done Yet?|spe|1","|","|turn|37","|","|move|p2a: Done Yet?|Dragon Dance|p2a: Done Yet?","|-boost|p2a: Done Yet?|atk|1","|-boost|p2a: Done Yet?|spe|1","|-formechange|p1a: Aegislash|Aegislash-Blade","|move|p1a: Aegislash|Shadow Ball|p2a: Done Yet?","|-crit|p2a: Done Yet?","|-damage|p2a: Done Yet?|210/323","|","|turn|38","|","|move|p2a: Done Yet?|Roost|p2a: Done Yet?","|-heal|p2a: Done Yet?|323/323","|move|p1a: Aegislash|Shadow Ball|p2a: Done Yet?","|-damage|p2a: Done Yet?|250/323","|","|turn|39","|","|-formechange|p1a: Aegislash|Aegislash","|move|p1a: Aegislash|King's Shield|p1a: Aegislash","|-singleturn|p1a: Aegislash|Protect","|move|p2a: Done Yet?|Dragon Claw|p1a: Aegislash","|-activate|p1a: Aegislash|Protect","|-unboost|p2a: Done Yet?|atk|2","|","|turn|40","|","|switch|p2a: Give Up.|Salamence, F|331/331","|-formechange|p1a: Aegislash|Aegislash-Blade","|move|p1a: Aegislash|Shadow Ball|p2a: Give Up.","|-damage|p2a: Give Up.|150/331","|","|turn|41","|","|switch|p1a: Gengar|Gengar, M|262/262","|move|p2a: Give Up.|Earthquake|p1a: Gengar","|-immune|p1a: Gengar|[msg]","|","|turn|42","|","|switch|p2a: It's Over.|Garchomp, M|357/357","|move|p1a: Gengar|Dazzling Gleam|p2a: It's Over.","|-crit|p2a: It's Over.","|-supereffective|p2a: It's Over.","|-damage|p2a: It's Over.|0 fnt","|faint|p2a: It's Over.","|","|","|switch|p2a: Give Up.|Salamence, F|150/331","|turn|43","|","|switch|p1a: Aegislash|Aegislash, F, shiny|324/324","|move|p2a: Give Up.|Zen Headbutt|p1a: Aegislash","|-crit|p1a: Aegislash","|-resisted|p1a: Aegislash","|-damage|p1a: Aegislash|272/324","|","|turn|44","|","|switch|p2a: Come On!|Kingdra, M, shiny|353/353","|-formechange|p1a: Aegislash|Aegislash-Blade","|move|p1a: Aegislash|Shadow Ball|p2a: Come On!","|-damage|p2a: Come On!|187/353","|-unboost|p2a: Come On!|spd|1","|","|turn|45","|","|win|InfernalxCrown"],"p1rating":{"entryid":"5724468","serverid":"eos","formatid":"monotype","userid":"infernalxcrown","username":"InfernalxCrown","w":83,"l":"79","t":"0","gxe":52.2,"r":1514.2470086597,"rd":36.575151066121,"sigma":"0","rptime":1439024400,"rpr":1516.7043243499,"rprd":36.411031642872,"rpsigma":"0","acre":1102.8422110765,"lacre":1102.8422110765,"oldacre":"1076.2601926156"},"p2rating":{"entryid":"7269993","serverid":"eos","formatid":"monotype","userid":"trainexdude","username":"Traine X DUDE","w":"2","l":6,"t":"0","gxe":37.1,"r":1414.8883453044,"rd":95.981865462194,"sigma":"0","rptime":1439024400,"rpr":1397.5388174659,"rprd":92.846981826402,"rpsigma":"0","acre":1035.5608451936,"lacre":1035.5608451936,"oldacre":"1052.1481953404"},"endType":"forfeit"}