{"seed":[29075,2136,45315,59766],"turns":33,"p1":"Guard Wanderer","p2":"Doctor Glumanda","p1team":[{"name":"Weezing","species":"Weezing","item":"sitrusberry","ability":"Levitate","moves":["toxicspikes","willowisp","memento","thief"],"nature":"Careful","evs":{"hp":248,"atk":8,"def":0,"spa":0,"spd":252,"spe":0},"ivs":{"hp":31,"atk":31,"def":31,"spa":31,"spd":31,"spe":31}},{"name":"Tentacruel","species":"Tentacruel","item":"assaultvest","ability":"Liquid Ooze","moves":["scald","acidspray","gigadrain","hex"],"nature":"Timid","evs":{"hp":0,"atk":0,"def":4,"spa":252,"spd":0,"spe":252},"ivs":{"hp":31,"atk":31,"def":31,"spa":31,"spd":31,"spe":31}},{"name":"Skuntank","species":"Skuntank","item":"","ability":"Stench","moves":["snatch","thief","suckerpunch","poisonjab"],"nature":"Adamant","evs":{"hp":248,"atk":252,"def":0,"spa":0,"spd":8,"spe":0},"ivs":{"hp":31,"atk":31,"def":31,"spa":31,"spd":31,"spe":31}},{"name":"Crobat","species":"Crobat","item":"whiteherb","ability":"Infiltrator","moves":["curse","acrobatics","roost","hypnosis"],"nature":"Jolly","evs":{"hp":248,"atk":8,"def":0,"spa":0,"spd":0,"spe":252},"ivs":{"hp":31,"atk":31,"def":31,"spa":31,"spd":31,"spe":31}},{"name":"Gengar","species":"Gengar","item":"choicescarf","ability":"Levitate","moves":["trick","destinybond","venoshock","hex"],"nature":"Timid","evs":{"hp":0,"atk":0,"def":0,"spa":252,"spd":4,"spe":252},"ivs":{"hp":31,"atk":31,"def":31,"spa":31,"spd":31,"spe":31}},{"name":"Amoonguss","species":"Amoonguss","item":"blacksludge","ability":"Regenerator","moves":["spore","gigadrain","gastroacid","stunspore"],"nature":"Calm","evs":{"hp":248,"atk":0,"def":0,"spa":8,"spd":252,"spe":0},"shiny":true,"ivs":{"hp":31,"atk":31,"def":31,"spa":31,"spd":31,"spe":31}}],"p2team":[{"name":"Streamers","species":"deoxysdefense","item":"mentalherb","ability":"Pressure","moves":["thunderwave","spikes","stealthrock","taunt"],"nature":"Timid","evs":{"hp":252,"atk":0,"def":4,"spa":0,"spd":0,"spe":252},"ivs":{"hp":31,"atk":0,"def":31,"spa":31,"spd":31,"spe":31}},{"name":"Astral","species":"jirachi","item":"choicescarf","ability":"Serene Grace","moves":["uturn","trick","healingwish","ironhead"],"nature":"Jolly","evs":{"hp":0,"atk":252,"def":0,"spa":0,"spd":4,"spe":252},"ivs":{"hp":31,"atk":31,"def":31,"spa":31,"spd":31,"spe":31}},{"name":"Sheep","species":"slowbro","item":"rockyhelmet","ability":"Regenerator","moves":["slackoff","flamethrower","scald","thunderwave"],"nature":"Bold","evs":{"hp":252,"atk":0,"def":252,"spa":4,"spd":0,"spe":0},"ivs":{"hp":31,"atk":0,"def":31,"spa":31,"spd":31,"spe":31}},{"name":"Vendetta","species":"victini","item":"choiceband","ability":"Victory Star","moves":["vcreate","uturn","boltstrike","zenheadbutt"],"nature":"Adamant","evs":{"hp":0,"atk":252,"def":0,"spa":0,"spd":4,"spe":252},"ivs":{"hp":31,"atk":31,"def":31,"spa":31,"spd":31,"spe":31}},{"name":"Melee","species":"meloetta","item":"assaultvest","ability":"Serene Grace","moves":["energyball","psyshock","dazzlinggleam","shadowball"],"nature":"Modest","evs":{"hp":248,"atk":0,"def":0,"spa":212,"spd":48,"spe":0},"ivs":{"hp":31,"atk":0,"def":31,"spa":31,"spd":31,"spe":31}},{"name":"Hoopa-Unbound","species":"Hoopa-Unbound","item":"choicescarf","ability":"Magician","moves":["hyperspacefury","hyperspacehole","drainpunch","icepunch"],"nature":"Hasty","evs":{"hp":0,"atk":252,"def":0,"spa":4,"spd":0,"spe":252},"ivs":{"hp":30,"atk":30,"def":30,"spa":30,"spd":30,"spe":31}}],"log":["|player|p1|Guard Wanderer|235","|player|p2|Doctor Glumanda|doctorglumanda.gif","|gametype|singles","|gen|6","|tier|Monotype","|rated","|rule|Baton Pass Clause: Limit one Baton Passer, can't pass Spe and other stats simultaneously","|rule|Swagger Clause: Swagger is banned","|rule|Same Type Clause: Pokémon in a team must share a type","|clearpoke","|poke|p1|Weezing, M","|poke|p1|Tentacruel, M","|poke|p1|Skuntank, F","|poke|p1|Crobat, M","|poke|p1|Gengar, F","|poke|p1|Amoonguss, F, shiny","|poke|p2|Deoxys-Defense","|poke|p2|Jirachi","|poke|p2|Slowbro, F","|poke|p2|Victini","|poke|p2|Meloetta","|poke|p2|Hoopa-Unbound","|rule|Sleep Clause Mod: Limit one foe put to sleep","|rule|Species Clause: Limit one of each Pokémon","|rule|OHKO Clause: OHKO moves are banned","|rule|Moody Clause: Moody is banned","|rule|Evasion Moves Clause: Evasion moves are banned","|rule|Endless Battle Clause: Forcing endless battles is banned","|rule|HP Percentage Mod: HP is shown in percentages","|teampreview","|","|start","|switch|p1a: Weezing|Weezing, M|333/333","|switch|p2a: Streamers|Deoxys-Defense|304/304","|-ability|p2a: Streamers|Pressure","|turn|1","|","|move|p2a: Streamers|Taunt|p1a: Weezing","|-start|p1a: Weezing|move: Taunt","|move|p1a: Weezing|Thief|p2a: Streamers","|-supereffective|p2a: Streamers","|-damage|p2a: Streamers|244/304","|","|turn|2","|","|switch|p1a: Tentacruel|Tentacruel, M|301/301","|move|p2a: Streamers|Thunder Wave|p1a: Tentacruel","|-status|p1a: Tentacruel|par","|","|turn|3","|","|move|p2a: Streamers|Taunt|p1a: Tentacruel","|-start|p1a: Tentacruel|move: Taunt","|move|p1a: Tentacruel|Acid Spray|p2a: Streamers","|-damage|p2a: Streamers|211/304","|-unboost|p2a: Streamers|spd|2","|","|turn|4","|","|switch|p2a: Astral|Jirachi|341/341","|move|p1a: Tentacruel|Scald|p2a: Astral","|-crit|p2a: Astral","|-damage|p2a: Astral|193/341","|","|turn|5","|","|switch|p1a: Weezing|Weezing, M|333/333","|move|p2a: Astral|Iron Head|p1a: Weezing","|-damage|p1a: Weezing|240/333","|","|turn|6","|","|move|p2a: Astral|Iron Head|p1a: Weezing","|-damage|p1a: Weezing|131/333","|-enditem|p1a: Weezing|Sitrus Berry|[eat]","|-heal|p1a: Weezing|214/333|[from] item: Sitrus Berry","|move|p1a: Weezing|Toxic Spikes|p2a: Astral","|-sidestart|p2: Doctor Glumanda|move: Toxic Spikes","|","|turn|7","|","|move|p2a: Astral|Iron Head|p1a: Weezing","|-crit|p1a: Weezing","|-damage|p1a: Weezing|58/333","|move|p1a: Weezing|Will-O-Wisp|p2a: Astral|[miss]","|-miss|p1a: Weezing|p2a: Astral","|","|turn|8","|","|switch|p1a: Amoonguss|Amoonguss, F, shiny|431/431","|move|p2a: Astral|Iron Head|p1a: Amoonguss","|-damage|p1a: Amoonguss|257/431","|","|-heal|p1a: Amoonguss|283/431|[from] item: Black Sludge","|turn|9","|","|move|p2a: Astral|Iron Head|p1a: Amoonguss","|-damage|p1a: Amoonguss|114/431","|cant|p1a: Amoonguss|flinch","|","|-heal|p1a: Amoonguss|140/431|[from] item: Black Sludge","|turn|10","|","|switch|p1a: Tentacruel|Tentacruel, M|301/301 par","|move|p2a: Astral|Iron Head|p1a: Tentacruel","|-resisted|p1a: Tentacruel","|-damage|p1a: Tentacruel|220/301 par","|","|turn|11","|","|move|p2a: Astral|Iron Head|p1a: Tentacruel","|-resisted|p1a: Tentacruel","|-damage|p1a: Tentacruel|135/301 par","|cant|p1a: Tentacruel|par","|","|turn|12","|","|move|p2a: Astral|Iron Head|p1a: Tentacruel","|-resisted|p1a: Tentacruel","|-damage|p1a: Tentacruel|44/301 par","|cant|p1a: Tentacruel|flinch","|","|turn|13","|","|move|p2a: Astral|Iron Head|p1a: Tentacruel","|-resisted|p1a: Tentacruel","|-damage|p1a: Tentacruel|0 fnt","|faint|p1a: Tentacruel","|","|","|switch|p1a: Crobat|Crobat, M|373/373","|turn|14","|","|move|p2a: Astral|Iron Head|p1a: Crobat","|-damage|p1a: Crobat|238/373","|cant|p1a: Crobat|flinch","|","|turn|15","|","|move|p2a: Astral|Iron Head|p1a: Crobat","|-damage|p1a: Crobat|94/373","|cant|p1a: Crobat|flinch","|","|turn|16","|","|switch|p1a: Weezing|Weezing, M|58/333","|move|p2a: Astral|Iron Head|p1a: Weezing","|-damage|p1a: Weezing|0 fnt","|faint|p1a: Weezing","|","|","|switch|p1a: Skuntank|Skuntank, F|409/409","|turn|17","|","|switch|p2a: Streamers|Deoxys-Defense|211/304","|-status|p2a: Streamers|psn","|-ability|p2a: Streamers|Pressure","|move|p1a: Skuntank|Thief|p2a: Streamers","|-crit|p2a: Streamers","|-supereffective|p2a: Streamers","|-damage|p2a: Streamers|25/304 psn","|-item|p1a: Skuntank|Mental Herb|[from] move: Thief|[of] p2a: Streamers","|","|-damage|p2a: Streamers|0 fnt|[from] psn","|faint|p2a: Streamers","|","|switch|p2a: Sheep|Slowbro, F|394/394","|-status|p2a: Sheep|psn","|turn|18","|","|move|p1a: Skuntank|Sucker Punch|p2a: Sheep","|-fail|p1a: Skuntank","|move|p2a: Sheep|Thunder Wave|p1a: Skuntank","|-status|p1a: Skuntank|par","|","|-damage|p2a: Sheep|345/394 psn|[from] psn","|turn|19","|","|move|p1a: Skuntank|Sucker Punch|p2a: Sheep","|-fail|p1a: Skuntank","|move|p2a: Sheep|Thunder Wave|p1a: Skuntank","|-fail|p1a: Skuntank|par","|","|-damage|p2a: Sheep|296/394 psn|[from] psn","|turn|20","|","|move|p2a: Sheep|Thunder Wave|p1a: Skuntank","|-fail|p1a: Skuntank|par","|move|p1a: Skuntank|Thief|p2a: Sheep","|-supereffective|p2a: Sheep","|-damage|p2a: Sheep|168/394 psn","|-damage|p1a: Skuntank|341/409 par|[from] item: Rocky Helmet|[of] p2a: Sheep","|","|-damage|p2a: Sheep|119/394 psn|[from] psn","|turn|21","|","|move|p1a: Skuntank|Snatch|p1a: Skuntank","|-singleturn|p1a: Skuntank|Snatch","|move|p2a: Sheep|Slack Off|p2a: Sheep","|-activate|p1a: Skuntank|Snatch|[of] p2a: Sheep","|move|p1a: Skuntank|Slack Off|p1a: Skuntank|[from]Snatch","|-heal|p1a: Skuntank|409/409 par","|","|-damage|p2a: Sheep|70/394 psn|[from] psn","|turn|22","|","|move|p1a: Skuntank|Snatch|p1a: Skuntank","|-singleturn|p1a: Skuntank|Snatch","|move|p2a: Sheep|Slack Off|p2a: Sheep","|-activate|p1a: Skuntank|Snatch|[of] p2a: Sheep","|move|p1a: Skuntank|Slack Off|p1a: Skuntank|[from]Snatch","|-fail|p1a: Skuntank","|","|-damage|p2a: Sheep|21/394 psn|[from] psn","|turn|23","|","|move|p1a: Skuntank|Snatch|p1a: Skuntank","|-singleturn|p1a: Skuntank|Snatch","|move|p2a: Sheep|Slack Off|p2a: Sheep","|-activate|p1a: Skuntank|Snatch|[of] p2a: Sheep","|move|p1a: Skuntank|Slack Off|p1a: Skuntank|[from]Snatch","|-fail|p1a: Skuntank","|","|-damage|p2a: Sheep|0 fnt|[from] psn","|faint|p2a: Sheep","|","|switch|p2a: Astral|Jirachi|193/341","|turn|24","|","|move|p1a: Skuntank|Sucker Punch|p2a: Astral","|-crit|p2a: Astral","|-supereffective|p2a: Astral","|-damage|p2a: Astral|0 fnt","|faint|p2a: Astral","|","|","|switch|p2a: Hoopa-Unbound|Hoopa-Unbound|300/300","|-status|p2a: Hoopa-Unbound|psn","|turn|25","|","|cant|p1a: Skuntank|par","|move|p2a: Hoopa-Unbound|Drain Punch|p1a: Skuntank","|-damage|p1a: Skuntank|271/409 par","|","|-damage|p2a: Hoopa-Unbound|263/300 psn|[from] psn","|turn|26","|","|switch|p2a: Vendetta|Victini|341/341","|-status|p2a: Vendetta|psn","|move|p1a: Skuntank|Sucker Punch|p2a: Vendetta","|-fail|p1a: Skuntank","|","|-damage|p2a: Vendetta|299/341 psn|[from] psn","|turn|27","|","|cant|p1a: Skuntank|par","|move|p2a: Vendetta|V-create|p1a: Skuntank","|-damage|p1a: Skuntank|0 fnt","|-unboost|p2a: Vendetta|spe|1","|-unboost|p2a: Vendetta|def|1","|-unboost|p2a: Vendetta|spd|1","|faint|p1a: Skuntank","|","|-damage|p2a: Vendetta|257/341 psn|[from] psn","|","|switch|p1a: Gengar|Gengar, F|261/261","|turn|28","|","|move|p1a: Gengar|Venoshock|p2a: Vendetta","|-damage|p2a: Vendetta|0 fnt","|faint|p2a: Vendetta","|","|","|switch|p2a: Hoopa-Unbound|Hoopa-Unbound|263/300 psn","|turn|29","|","|switch|p1a: Crobat|Crobat, M|94/373","|move|p2a: Hoopa-Unbound|Hyperspace Hole|p1a: Crobat","|-supereffective|p1a: Crobat","|-damage|p1a: Crobat|0 fnt","|faint|p1a: Crobat","|","|-damage|p2a: Hoopa-Unbound|226/300 psn|[from] psn","|","|switch|p1a: Gengar|Gengar, F|261/261","|turn|30","|","|switch|p1a: Amoonguss|Amoonguss, F, shiny|283/431","|move|p2a: Hoopa-Unbound|Hyperspace Hole|p1a: Amoonguss","|-supereffective|p1a: Amoonguss","|-damage|p1a: Amoonguss|43/431","|","|-heal|p1a: Amoonguss|69/431|[from] item: Black Sludge","|-damage|p2a: Hoopa-Unbound|189/300 psn|[from] psn","|turn|31","|","|move|p2a: Hoopa-Unbound|Hyperspace Hole|p1a: Amoonguss","|-supereffective|p1a: Amoonguss","|-damage|p1a: Amoonguss|0 fnt","|faint|p1a: Amoonguss","|","|-damage|p2a: Hoopa-Unbound|152/300 psn|[from] psn","|","|switch|p1a: Gengar|Gengar, F|261/261","|turn|32","|","|move|p1a: Gengar|Venoshock|p2a: Hoopa-Unbound","|-damage|p2a: Hoopa-Unbound|0 fnt","|faint|p2a: Hoopa-Unbound","|","|","|switch|p2a: Melee|Meloetta|403/403","|-status|p2a: Melee|psn","|turn|33","|","|move|p1a: Gengar|Venoshock|p2a: Melee","|-damage|p2a: Melee|283/403 psn","|move|p2a: Melee|Psyshock|p1a: Gengar","|-supereffective|p1a: Gengar","|-damage|p1a: Gengar|0 fnt","|faint|p1a: Gengar","|","|win|Doctor Glumanda"],"p1rating":{"entryid":"6731189","serverid":"eos","formatid":"monotype","userid":"guardwanderer","username":"Guard Wanderer","w":"101","l":129,"t":"0","gxe":43.6,"r":"1449.7921848038","rd":"27.278099146195","sigma":"0","rptime":"1439024400","rpr":1451.1021022,"rprd":26.636876113051,"rpsigma":"0","acre":1157.0833929875,"lacre":1157.0833929875,"oldacre":"1185.7106243684"},"p2rating":{"entryid":"6022760","serverid":"eos","formatid":"monotype","userid":"doctorglumanda","username":"Doctor Glumanda","w":7,"l":"2","t":"0","gxe":62.6,"r":"1562.5114028746","rd":"101.54312597089","sigma":"0","rptime":"1439024400","rpr":1600.1949154192,"rprd":94.791770736205,"rpsigma":"0","acre":1163.5704301085,"lacre":1163.5704301085,"oldacre":"1134.9431987276"},"endType":"normal"}