{"seed":[32115,31847,55041,57616],"turns":36,"p1":"Guard Wanderer","p2":"V Psychic","p1team":[{"name":"Weezing","species":"Weezing","item":"sitrusberry","ability":"Levitate","moves":["toxicspikes","willowisp","memento","thief"],"nature":"Careful","evs":{"hp":248,"atk":8,"def":0,"spa":0,"spd":252,"spe":0},"ivs":{"hp":31,"atk":31,"def":31,"spa":31,"spd":31,"spe":31}},{"name":"Tentacruel","species":"Tentacruel","item":"assaultvest","ability":"Liquid Ooze","moves":["scald","acidspray","gigadrain","hex"],"nature":"Timid","evs":{"hp":0,"atk":0,"def":4,"spa":252,"spd":0,"spe":252},"ivs":{"hp":31,"atk":31,"def":31,"spa":31,"spd":31,"spe":31}},{"name":"Skuntank","species":"Skuntank","item":"","ability":"Stench","moves":["snatch","thief","suckerpunch","poisonjab"],"nature":"Adamant","evs":{"hp":248,"atk":252,"def":0,"spa":0,"spd":8,"spe":0},"ivs":{"hp":31,"atk":31,"def":31,"spa":31,"spd":31,"spe":31}},{"name":"Crobat","species":"Crobat","item":"whiteherb","ability":"Infiltrator","moves":["curse","acrobatics","roost","hypnosis"],"nature":"Jolly","evs":{"hp":248,"atk":8,"def":0,"spa":0,"spd":0,"spe":252},"ivs":{"hp":31,"atk":31,"def":31,"spa":31,"spd":31,"spe":31}},{"name":"Gengar","species":"Gengar","item":"choicescarf","ability":"Levitate","moves":["trick","destinybond","venoshock","hex"],"nature":"Timid","evs":{"hp":0,"atk":0,"def":0,"spa":252,"spd":4,"spe":252},"ivs":{"hp":31,"atk":31,"def":31,"spa":31,"spd":31,"spe":31}},{"name":"Amoonguss","species":"Amoonguss","item":"blacksludge","ability":"Regenerator","moves":["spore","gigadrain","gastroacid","stunspore"],"nature":"Calm","evs":{"hp":248,"atk":0,"def":0,"spa":8,"spd":252,"spe":0},"shiny":true,"ivs":{"hp":31,"atk":31,"def":31,"spa":31,"spd":31,"spe":31}}],"p2team":[{"name":"Zapdos","species":"Zapdos","item":"leftovers","ability":"Pressure","moves":["roost","defog","heatwave","discharge"],"nature":"Bold","evs":{"hp":248,"atk":0,"def":176,"spa":68,"spd":0,"spe":16},"ivs":{"hp":31,"atk":0,"def":31,"spa":31,"spd":31,"spe":31}},{"name":"Thundurus","species":"Thundurus","item":"lifeorb","ability":"Prankster","moves":["superpower","discharge","knockoff","psychic"],"nature":"Naive","evs":{"hp":0,"atk":72,"def":0,"spa":184,"spd":0,"spe":252},"ivs":{"hp":31,"atk":31,"def":31,"spa":31,"spd":31,"spe":31}},{"name":"Rotom-Wash","species":"Rotom-Wash","item":"leftovers","ability":"Levitate","moves":["willowisp","hydropump","voltswitch","painsplit"],"nature":"Calm","evs":{"hp":248,"atk":0,"def":0,"spa":0,"spd":216,"spe":44},"ivs":{"hp":31,"atk":0,"def":31,"spa":31,"spd":31,"spe":31}},{"name":"Magnezone","species":"Magnezone","item":"choicescarf","ability":"Sturdy","moves":["voltswitch","discharge","hiddenpowerice","flashcannon"],"nature":"Timid","evs":{"hp":0,"atk":0,"def":0,"spa":252,"spd":4,"spe":252},"ivs":{"hp":31,"atk":30,"def":30,"spa":31,"spd":31,"spe":31}},{"name":"Manectric","species":"Manectric","item":"manectite","ability":"Static","moves":["voltswitch","discharge","overheat","hiddenpowergrass"],"nature":"Timid","evs":{"hp":0,"atk":0,"def":0,"spa":252,"spd":4,"spe":252},"ivs":{"hp":31,"atk":30,"def":31,"spa":30,"spd":31,"spe":31}},{"name":"Luxray","species":"Luxray","item":"choiceband","ability":"Guts","moves":["wildcharge","crunch","superpower","icefang"],"nature":"Jolly","evs":{"hp":0,"atk":252,"def":0,"spa":0,"spd":4,"spe":252},"shiny":true,"ivs":{"hp":31,"atk":31,"def":31,"spa":31,"spd":31,"spe":31}}],"log":["|player|p1|Guard Wanderer|235","|player|p2|V Psychic|167","|gametype|singles","|gen|6","|tier|Monotype","|rated","|rule|Baton Pass Clause: Limit one Baton Passer, can't pass Spe and other stats simultaneously","|rule|Swagger Clause: Swagger is banned","|rule|Same Type Clause: Pokémon in a team must share a type","|clearpoke","|poke|p1|Weezing, F","|poke|p1|Tentacruel, F","|poke|p1|Skuntank, M","|poke|p1|Crobat, F","|poke|p1|Gengar, F","|poke|p1|Amoonguss, F, shiny","|poke|p2|Zapdos","|poke|p2|Thundurus, M","|poke|p2|Rotom-Wash","|poke|p2|Magnezone","|poke|p2|Manectric, M","|poke|p2|Luxray, F, shiny","|rule|Sleep Clause Mod: Limit one foe put to sleep","|rule|Species Clause: Limit one of each Pokémon","|rule|OHKO Clause: OHKO moves are banned","|rule|Moody Clause: Moody is banned","|rule|Evasion Moves Clause: Evasion moves are banned","|rule|Endless Battle Clause: Forcing endless battles is banned","|rule|HP Percentage Mod: HP is shown in percentages","|teampreview","|","|start","|switch|p1a: Weezing|Weezing, F|333/333","|switch|p2a: Thundurus|Thundurus, M|299/299","|turn|1","|","|move|p2a: Thundurus|Psychic|p1a: Weezing","|-supereffective|p1a: Weezing","|-damage|p1a: Weezing|102/333","|-damage|p2a: Thundurus|270/299|[from] item: Life Orb","|-enditem|p1a: Weezing|Sitrus Berry|[eat]","|-heal|p1a: Weezing|185/333|[from] item: Sitrus Berry","|move|p1a: Weezing|Will-O-Wisp|p2a: Thundurus","|-status|p2a: Thundurus|brn","|","|-damage|p2a: Thundurus|233/299 brn|[from] brn","|turn|2","|","|switch|p1a: Skuntank|Skuntank, M|409/409","|move|p2a: Thundurus|Psychic|p1a: Skuntank","|-immune|p1a: Skuntank|[msg]","|","|-damage|p2a: Thundurus|196/299 brn|[from] brn","|turn|3","|","|switch|p2a: Zapdos|Zapdos|383/383","|-ability|p2a: Zapdos|Pressure","|move|p1a: Skuntank|Poison Jab|p2a: Zapdos","|-damage|p2a: Zapdos|284/383","|","|-heal|p2a: Zapdos|307/383|[from] item: Leftovers","|turn|4","|","|move|p2a: Zapdos|Discharge|p1a: Skuntank","|-damage|p1a: Skuntank|222/409","|move|p1a: Skuntank|Thief|p2a: Zapdos","|-damage|p2a: Zapdos|220/383","|-item|p1a: Skuntank|Leftovers|[from] move: Thief|[of] p2a: Zapdos","|","|-heal|p1a: Skuntank|247/409|[from] item: Leftovers","|turn|5","|","|move|p2a: Zapdos|Discharge|p1a: Skuntank","|-damage|p1a: Skuntank|58/409","|-status|p1a: Skuntank|par","|move|p1a: Skuntank|Poison Jab|p2a: Zapdos","|-damage|p2a: Zapdos|115/383","|","|-heal|p1a: Skuntank|83/409 par|[from] item: Leftovers","|turn|6","|","|move|p1a: Skuntank|Snatch|p1a: Skuntank","|-singleturn|p1a: Skuntank|Snatch","|move|p2a: Zapdos|Roost|p2a: Zapdos","|-activate|p1a: Skuntank|Snatch|[of] p2a: Zapdos","|move|p1a: Skuntank|Roost|p1a: Skuntank|[from]Snatch","|-heal|p1a: Skuntank|288/409 par","|","|-heal|p1a: Skuntank|313/409 par|[from] item: Leftovers","|turn|7","|","|move|p2a: Zapdos|Discharge|p1a: Skuntank","|-damage|p1a: Skuntank|139/409 par","|cant|p1a: Skuntank|par","|","|-heal|p1a: Skuntank|164/409 par|[from] item: Leftovers","|turn|8","|","|move|p1a: Skuntank|Sucker Punch|p2a: Zapdos","|-damage|p2a: Zapdos|10/383","|cant|p2a: Zapdos|flinch","|","|-heal|p1a: Skuntank|189/409 par|[from] item: Leftovers","|turn|9","|","|move|p1a: Skuntank|Snatch|p1a: Skuntank","|-singleturn|p1a: Skuntank|Snatch","|move|p2a: Zapdos|Discharge|p1a: Skuntank","|-damage|p1a: Skuntank|5/409 par","|","|-heal|p1a: Skuntank|30/409 par|[from] item: Leftovers","|turn|10","|","|switch|p2a: Rotom-Wash|Rotom-Wash|303/303","|cant|p1a: Skuntank|par","|","|-heal|p1a: Skuntank|55/409 par|[from] item: Leftovers","|turn|11","|","|switch|p1a: Weezing|Weezing, F|185/333","|move|p2a: Rotom-Wash|Volt Switch|p1a: Weezing","|-damage|p1a: Weezing|110/333","|","|switch|p2a: Manectric|Manectric, M|281/281","|","|turn|12","|","|detailschange|p2a: Manectric|Manectric-Mega, M","|-mega|p2a: Manectric|Manectric|Manectite","|-ability|p2a: Manectric|Intimidate","|-unboost|p1a: Weezing|atk|1","|move|p2a: Manectric|Discharge|p1a: Weezing","|-damage|p1a: Weezing|0 fnt","|faint|p1a: Weezing","|","|","|switch|p1a: Amoonguss|Amoonguss, F, shiny|431/431","|turn|13","|","|move|p2a: Manectric|Volt Switch|p1a: Amoonguss","|-resisted|p1a: Amoonguss","|-damage|p1a: Amoonguss|379/431","|","|switch|p2a: Thundurus|Thundurus, M|196/299 brn","|move|p1a: Amoonguss|Spore|p2a: Thundurus","|-fail|p2a: Thundurus","|","|-heal|p1a: Amoonguss|405/431|[from] item: Black Sludge","|-damage|p2a: Thundurus|159/299 brn|[from] brn","|turn|14","|","|switch|p1a: Skuntank|Skuntank, M|55/409 par","|move|p2a: Thundurus|Discharge|p1a: Skuntank","|-damage|p1a: Skuntank|0 fnt","|-damage|p2a: Thundurus|130/299 brn|[from] item: Life Orb","|faint|p1a: Skuntank","|","|-damage|p2a: Thundurus|93/299 brn|[from] brn","|","|switch|p1a: Gengar|Gengar, F|261/261","|turn|15","|","|move|p1a: Gengar|Hex|p2a: Thundurus","|-damage|p2a: Thundurus|0 fnt","|faint|p2a: Thundurus","|","|","|switch|p2a: Manectric|Manectric-Mega, M|281/281","|-ability|p2a: Manectric|Intimidate","|-unboost|p1a: Gengar|atk|1","|turn|16","|","|switch|p1a: Amoonguss|Amoonguss, F, shiny|431/431","|move|p2a: Manectric|Discharge|p1a: Amoonguss","|-resisted|p1a: Amoonguss","|-damage|p1a: Amoonguss|365/431","|","|-heal|p1a: Amoonguss|391/431|[from] item: Black Sludge","|turn|17","|","|move|p2a: Manectric|Overheat|p1a: Amoonguss","|-supereffective|p1a: Amoonguss","|-damage|p1a: Amoonguss|117/431","|-unboost|p2a: Manectric|spa|2","|move|p1a: Amoonguss|Spore|p2a: Manectric","|-status|p2a: Manectric|slp","|","|-heal|p1a: Amoonguss|143/431|[from] item: Black Sludge","|turn|18","|","|switch|p1a: Gengar|Gengar, F|261/261","|cant|p2a: Manectric|slp","|","|turn|19","|","|switch|p2a: Zapdos|Zapdos|10/383","|-ability|p2a: Zapdos|Pressure","|move|p1a: Gengar|Hex|p2a: Zapdos","|-damage|p2a: Zapdos|0 fnt","|faint|p2a: Zapdos","|","|","|switch|p2a: Luxray|Luxray, F, shiny|301/301","|turn|20","|","|switch|p1a: Tentacruel|Tentacruel, F|301/301","|move|p2a: Luxray|Crunch|p1a: Tentacruel","|-damage|p1a: Tentacruel|102/301","|","|turn|21","|","|switch|p2a: Rotom-Wash|Rotom-Wash|303/303","|move|p1a: Tentacruel|Scald|p2a: Rotom-Wash","|-resisted|p2a: Rotom-Wash","|-damage|p2a: Rotom-Wash|269/303","|","|-heal|p2a: Rotom-Wash|287/303|[from] item: Leftovers","|turn|22","|","|switch|p1a: Amoonguss|Amoonguss, F, shiny|286/431","|move|p2a: Rotom-Wash|Volt Switch|p1a: Amoonguss","|-resisted|p1a: Amoonguss","|-damage|p1a: Amoonguss|253/431","|","|switch|p2a: Luxray|Luxray, F, shiny|301/301","|","|-heal|p1a: Amoonguss|279/431|[from] item: Black Sludge","|turn|23","|","|move|p2a: Luxray|Ice Fang|p1a: Amoonguss","|-supereffective|p1a: Amoonguss","|-damage|p1a: Amoonguss|9/431","|move|p1a: Amoonguss|Giga Drain|p2a: Luxray","|-damage|p2a: Luxray|202/301","|-heal|p1a: Amoonguss|59/431|[from] drain|[of] p2a: Luxray","|","|-heal|p1a: Amoonguss|85/431|[from] item: Black Sludge","|turn|24","|","|switch|p1a: Tentacruel|Tentacruel, F|102/301","|move|p2a: Luxray|Ice Fang|p1a: Tentacruel","|-resisted|p1a: Tentacruel","|-damage|p1a: Tentacruel|29/301","|","|turn|25","|","|switch|p2a: Rotom-Wash|Rotom-Wash|287/303","|move|p1a: Tentacruel|Giga Drain|p2a: Rotom-Wash","|-supereffective|p2a: Rotom-Wash","|-damage|p2a: Rotom-Wash|193/303","|-heal|p1a: Tentacruel|76/301|[from] drain|[of] p2a: Rotom-Wash","|","|-heal|p2a: Rotom-Wash|211/303|[from] item: Leftovers","|turn|26","|","|switch|p1a: Amoonguss|Amoonguss, F, shiny|228/431","|move|p2a: Rotom-Wash|Volt Switch|p1a: Amoonguss","|-resisted|p1a: Amoonguss","|-damage|p1a: Amoonguss|192/431","|","|switch|p2a: Luxray|Luxray, F, shiny|202/301","|","|-heal|p1a: Amoonguss|218/431|[from] item: Black Sludge","|turn|27","|","|move|p2a: Luxray|Ice Fang|p1a: Amoonguss|[miss]","|-miss|p2a: Luxray|p1a: Amoonguss","|move|p1a: Amoonguss|Giga Drain|p2a: Luxray","|-damage|p2a: Luxray|106/301","|-heal|p1a: Amoonguss|266/431|[from] drain|[of] p2a: Luxray","|","|-heal|p1a: Amoonguss|292/431|[from] item: Black Sludge","|turn|28","|","|move|p2a: Luxray|Ice Fang|p1a: Amoonguss","|-supereffective|p1a: Amoonguss","|-damage|p1a: Amoonguss|14/431","|move|p1a: Amoonguss|Giga Drain|p2a: Luxray","|-damage|p2a: Luxray|4/301","|-heal|p1a: Amoonguss|65/431|[from] drain|[of] p2a: Luxray","|","|-heal|p1a: Amoonguss|91/431|[from] item: Black Sludge","|turn|29","|","|switch|p1a: Tentacruel|Tentacruel, F|76/301","|move|p2a: Luxray|Ice Fang|p1a: Tentacruel","|-resisted|p1a: Tentacruel","|-damage|p1a: Tentacruel|4/301","|","|turn|30","|","|switch|p2a: Rotom-Wash|Rotom-Wash|211/303","|move|p1a: Tentacruel|Acid Spray|p2a: Rotom-Wash","|-damage|p2a: Rotom-Wash|175/303","|-unboost|p2a: Rotom-Wash|spd|2","|","|-heal|p2a: Rotom-Wash|193/303|[from] item: Leftovers","|turn|31","|","|move|p1a: Tentacruel|Giga Drain|p2a: Rotom-Wash","|-supereffective|p2a: Rotom-Wash","|-damage|p2a: Rotom-Wash|5/303","|-heal|p1a: Tentacruel|98/301|[from] drain|[of] p2a: Rotom-Wash","|move|p2a: Rotom-Wash|Volt Switch|p1a: Tentacruel","|-crit|p1a: Tentacruel","|-supereffective|p1a: Tentacruel","|-damage|p1a: Tentacruel|0 fnt","|faint|p1a: Tentacruel","|","|switch|p2a: Magnezone|Magnezone|281/281","|","|","|switch|p1a: Gengar|Gengar, F|261/261","|turn|32","|","|move|p1a: Gengar|Destiny Bond|p1a: Gengar","|-singlemove|p1a: Gengar|Destiny Bond","|move|p2a: Magnezone|Discharge|p1a: Gengar","|-crit|p1a: Gengar","|-damage|p1a: Gengar|0 fnt","|faint|p1a: Gengar","|-activate|p1a: Gengar|Destiny Bond","|faint|p2a: Magnezone","|","|","|switch|p2a: Luxray|Luxray, F, shiny|4/301","|switch|p1a: Amoonguss|Amoonguss, F, shiny|234/431","|turn|33","|","|move|p2a: Luxray|Ice Fang|p1a: Amoonguss","|-supereffective|p1a: Amoonguss","|-damage|p1a: Amoonguss|0 fnt","|faint|p1a: Amoonguss","|","|","|switch|p1a: Crobat|Crobat, F|373/373","|turn|34","|","|move|p1a: Crobat|Acrobatics|p2a: Luxray","|-resisted|p2a: Luxray","|-damage|p2a: Luxray|0 fnt","|faint|p2a: Luxray","|","|","|switch|p2a: Manectric|Manectric-Mega, M|281/281 slp","|-ability|p2a: Manectric|Intimidate","|-unboost|p1a: Crobat|atk|1","|-enditem|p1a: Crobat|White Herb","|-restoreboost|p1a: Crobat|[silent]","|turn|35","|","|cant|p2a: Manectric|slp","|move|p1a: Crobat|Acrobatics|p2a: Manectric","|-resisted|p2a: Manectric","|-damage|p2a: Manectric|212/281 slp","|","|turn|36","|","|-curestatus|p2a: Manectric|slp","|move|p2a: Manectric|Discharge|p1a: Crobat","|-supereffective|p1a: Crobat","|-damage|p1a: Crobat|0 fnt","|faint|p1a: Crobat","|","|win|V Psychic"],"p1rating":{"entryid":"6731189","serverid":"eos","formatid":"monotype","userid":"guardwanderer","username":"Guard Wanderer","w":"100","l":126,"t":"0","gxe":43.8,"r":"1449.7921848038","rd":"27.278099146195","sigma":"0","rptime":"1439024400","rpr":1453.2945799043,"rprd":26.911928491211,"rpsigma":"0","acre":1230.9938646803,"lacre":1230.9938646803,"oldacre":"1265.3939343114"},"p2rating":{"entryid":"7467690","serverid":"eos","formatid":"monotype","userid":"vpsychic","username":"V Psychic","w":6,"l":"1","t":"0","gxe":62.8,"r":"1590.5768731025","rd":"107.81252429981","sigma":"0","rptime":"1439024400","rpr":1602.3477190425,"rprd":96.125028579941,"rpsigma":"0","acre":1162.4193392268,"lacre":1162.4193392268,"oldacre":"1128.0192695957"},"endType":"normal"}