{"seed":[51274,35386,44498,16668],"turns":28,"p1":"GTX♅Quabbs","p2":"V Psychic","p1team":[{"name":"Heracross","species":"Heracross","item":"flameorb","ability":"Guts","moves":["closecombat","megahorn","facade","knockoff"],"nature":"Jolly","evs":{"hp":4,"atk":252,"def":0,"spa":0,"spd":0,"spe":252},"shiny":true,"ivs":{"hp":31,"atk":31,"def":31,"spa":31,"spd":31,"spe":31}},{"name":"Genesect","species":"Genesect","item":"choiceband","ability":"Download","moves":["ironhead","uturn","blazekick","extremespeed"],"nature":"Hasty","evs":{"hp":4,"atk":252,"def":0,"spa":0,"spd":0,"spe":252},"shiny":true,"ivs":{"hp":31,"atk":31,"def":31,"spa":31,"spd":31,"spe":31}},{"name":"Scizor","species":"Scizor","item":"lifeorb","ability":"Technician","moves":["bugbite","bulletpunch","roost","swordsdance"],"nature":"Adamant","evs":{"hp":248,"atk":252,"def":0,"spa":0,"spd":8,"spe":0},"shiny":true,"ivs":{"hp":31,"atk":31,"def":31,"spa":31,"spd":31,"spe":31}},{"name":"Scolipede","species":"Scolipede","item":"lifeorb","ability":"Speed Boost","moves":["poisonjab","megahorn","protect","batonpass"],"nature":"Jolly","evs":{"hp":0,"atk":252,"def":0,"spa":0,"spd":4,"spe":252},"shiny":true,"ivs":{"hp":31,"atk":31,"def":31,"spa":31,"spd":31,"spe":31}},{"name":"Shuckle","species":"Shuckle","item":"leftovers","ability":"Sturdy","moves":["stealthrock","stickyweb","toxic","encore"],"nature":"Bold","evs":{"hp":252,"atk":0,"def":128,"spa":0,"spd":128,"spe":0},"shiny":true,"ivs":{"hp":31,"atk":31,"def":31,"spa":31,"spd":31,"spe":31}},{"name":"Pinsir","species":"Pinsir","item":"pinsirite","ability":"Moxie","moves":["return","xscissor","swordsdance","quickattack"],"nature":"Adamant","evs":{"hp":248,"atk":252,"def":0,"spa":0,"spd":8,"spe":0},"shiny":true,"ivs":{"hp":31,"atk":31,"def":31,"spa":31,"spd":31,"spe":31}}],"p2team":[{"name":"Zapdos","species":"Zapdos","item":"leftovers","ability":"Pressure","moves":["roost","defog","heatwave","discharge"],"nature":"Bold","evs":{"hp":248,"atk":0,"def":176,"spa":68,"spd":0,"spe":16},"ivs":{"hp":31,"atk":0,"def":31,"spa":31,"spd":31,"spe":31}},{"name":"Thundurus","species":"Thundurus","item":"lifeorb","ability":"Prankster","moves":["superpower","discharge","knockoff","thunderwave"],"nature":"Naive","evs":{"hp":0,"atk":72,"def":0,"spa":184,"spd":0,"spe":252},"ivs":{"hp":31,"atk":31,"def":31,"spa":31,"spd":31,"spe":31}},{"name":"Rotom-Wash","species":"Rotom-Wash","item":"leftovers","ability":"Levitate","moves":["willowisp","hydropump","voltswitch","painsplit"],"nature":"Calm","evs":{"hp":248,"atk":0,"def":0,"spa":0,"spd":216,"spe":44},"ivs":{"hp":31,"atk":0,"def":31,"spa":31,"spd":31,"spe":31}},{"name":"Magnezone","species":"Magnezone","item":"choicescarf","ability":"Sturdy","moves":["voltswitch","discharge","hiddenpowerice","flashcannon"],"nature":"Timid","evs":{"hp":0,"atk":0,"def":0,"spa":252,"spd":4,"spe":252},"ivs":{"hp":31,"atk":30,"def":30,"spa":31,"spd":31,"spe":31}},{"name":"Manectric","species":"Manectric","item":"manectite","ability":"Static","moves":["voltswitch","discharge","overheat","hiddenpowergrass"],"nature":"Timid","evs":{"hp":0,"atk":0,"def":0,"spa":252,"spd":4,"spe":252},"ivs":{"hp":31,"atk":30,"def":31,"spa":30,"spd":31,"spe":31}},{"name":"Luxray","species":"Luxray","item":"choiceband","ability":"Guts","moves":["wildcharge","crunch","superpower","icefang"],"nature":"Jolly","evs":{"hp":0,"atk":252,"def":0,"spa":0,"spd":4,"spe":252},"shiny":true,"ivs":{"hp":31,"atk":31,"def":31,"spa":31,"spd":31,"spe":31}}],"log":["|player|p1|GTX♅Quabbs|164","|player|p2|V Psychic|167","|gametype|singles","|gen|6","|tier|Monotype","|rated","|rule|Baton Pass Clause: Limit one Baton Passer, can't pass Spe and other stats simultaneously","|rule|Swagger Clause: Swagger is banned","|rule|Same Type Clause: Pokémon in a team must share a type","|clearpoke","|poke|p1|Heracross, F, shiny","|poke|p1|Genesect-*, shiny","|poke|p1|Scizor, F, shiny","|poke|p1|Scolipede, F, shiny","|poke|p1|Shuckle, F, shiny","|poke|p1|Pinsir, F, shiny","|poke|p2|Zapdos","|poke|p2|Thundurus, M","|poke|p2|Rotom-Wash","|poke|p2|Magnezone","|poke|p2|Manectric, M","|poke|p2|Luxray, F, shiny","|rule|Sleep Clause Mod: Limit one foe put to sleep","|rule|Species Clause: Limit one of each Pokémon","|rule|OHKO Clause: OHKO moves are banned","|rule|Moody Clause: Moody is banned","|rule|Evasion Moves Clause: Evasion moves are banned","|rule|Endless Battle Clause: Forcing endless battles is banned","|rule|HP Percentage Mod: HP is shown in percentages","|teampreview","|","|start","|switch|p1a: Scolipede|Scolipede, F, shiny|261/261","|switch|p2a: Rotom-Wash|Rotom-Wash|303/303","|turn|1","|","|move|p1a: Scolipede|Protect|p1a: Scolipede","|-singleturn|p1a: Scolipede|Protect","|move|p2a: Rotom-Wash|Will-O-Wisp|p1a: Scolipede","|-activate|p1a: Scolipede|Protect","|","|-boost|p1a: Scolipede|spe|1|[from] ability: Speed Boost","|turn|2","|","|move|p1a: Scolipede|Baton Pass|p1a: Scolipede","|","|switch|p1a: Heracross|Heracross, F, shiny|302/302","|move|p2a: Rotom-Wash|Volt Switch|p1a: Heracross","|-damage|p1a: Heracross|205/302","|","|switch|p2a: Manectric|Manectric, M|281/281","|","|-status|p1a: Heracross|brn|[from] item: Flame Orb","|turn|3","|","|detailschange|p2a: Manectric|Manectric-Mega, M","|-mega|p2a: Manectric|Manectric|Manectite","|-ability|p2a: Manectric|Intimidate","|-unboost|p1a: Heracross|atk|1","|move|p1a: Heracross|Facade|p2a: Manectric","|-damage|p2a: Manectric|80/281","|move|p2a: Manectric|Overheat|p1a: Heracross","|-supereffective|p1a: Heracross","|-damage|p1a: Heracross|0 fnt","|-unboost|p2a: Manectric|spa|2","|faint|p1a: Heracross","|","|","|switch|p1a: Genesect|Genesect, shiny|284/284","|-boost|p1a: Genesect|atk|1|[from] ability: Download","|turn|4","|","|switch|p2a: Rotom-Wash|Rotom-Wash|303/303","|move|p1a: Genesect|Extreme Speed|p2a: Rotom-Wash","|-damage|p2a: Rotom-Wash|116/303","|","|-heal|p2a: Rotom-Wash|134/303|[from] item: Leftovers","|turn|5","|","|switch|p2a: Zapdos|Zapdos|383/383","|-ability|p2a: Zapdos|Pressure","|move|p1a: Genesect|Extreme Speed|p2a: Zapdos","|-damage|p2a: Zapdos|203/383","|","|-heal|p2a: Zapdos|226/383|[from] item: Leftovers","|turn|6","|","|move|p1a: Genesect|Extreme Speed|p2a: Zapdos","|-damage|p2a: Zapdos|57/383","|move|p2a: Zapdos|Roost|p2a: Zapdos","|-heal|p2a: Zapdos|249/383","|","|-heal|p2a: Zapdos|272/383|[from] item: Leftovers","|turn|7","|","|move|p1a: Genesect|Extreme Speed|p2a: Zapdos","|-damage|p2a: Zapdos|113/383","|move|p2a: Zapdos|Heat Wave|p1a: Genesect","|-miss|p2a: Zapdos|p1a: Genesect","|","|-heal|p2a: Zapdos|136/383|[from] item: Leftovers","|turn|8","|","|switch|p2a: Rotom-Wash|Rotom-Wash|134/303","|move|p1a: Genesect|Extreme Speed|p2a: Rotom-Wash","|-damage|p2a: Rotom-Wash|0 fnt","|faint|p2a: Rotom-Wash","|","|","|switch|p2a: Magnezone|Magnezone|281/281","|turn|9","|","|switch|p1a: Shuckle|Shuckle, F, shiny|244/244","|move|p2a: Magnezone|Discharge|p1a: Shuckle","|-damage|p1a: Shuckle|181/244","|","|-heal|p1a: Shuckle|196/244|[from] item: Leftovers","|turn|10","|","|switch|p2a: Zapdos|Zapdos|136/383","|-ability|p2a: Zapdos|Pressure","|move|p1a: Shuckle|Stealth Rock|p2a: Zapdos","|-sidestart|p2: V Psychic|move: Stealth Rock","|","|-heal|p2a: Zapdos|159/383|[from] item: Leftovers","|-heal|p1a: Shuckle|211/244|[from] item: Leftovers","|turn|11","|","|move|p2a: Zapdos|Roost|p2a: Zapdos","|-heal|p2a: Zapdos|351/383","|move|p1a: Shuckle|Sticky Web|p2a: Zapdos","|-sidestart|p2: V Psychic|move: Sticky Web","|","|-heal|p2a: Zapdos|374/383|[from] item: Leftovers","|-heal|p1a: Shuckle|226/244|[from] item: Leftovers","|turn|12","|","|move|p2a: Zapdos|Defog|p1a: Shuckle","|-unboost|p1a: Shuckle|evasion|1","|-sideend|p2: V Psychic|Stealth Rock|[from] move: Defog|[of] p2a: Zapdos","|-sideend|p2: V Psychic|Sticky Web|[from] move: Defog|[of] p2a: Zapdos","|move|p1a: Shuckle|Toxic|p2a: Zapdos","|-status|p2a: Zapdos|tox","|","|-heal|p2a: Zapdos|383/383 tox|[from] item: Leftovers","|-heal|p1a: Shuckle|241/244|[from] item: Leftovers","|-damage|p2a: Zapdos|360/383 tox|[from] psn","|turn|13","|","|switch|p2a: Magnezone|Magnezone|281/281","|move|p1a: Shuckle|Stealth Rock|p2a: Magnezone","|-sidestart|p2: V Psychic|move: Stealth Rock","|","|-heal|p1a: Shuckle|244/244|[from] item: Leftovers","|turn|14","|","|move|p2a: Magnezone|Flash Cannon|p1a: Shuckle","|-supereffective|p1a: Shuckle","|-damage|p1a: Shuckle|112/244","|-unboost|p1a: Shuckle|spd|1","|move|p1a: Shuckle|Sticky Web|p2a: Magnezone","|-sidestart|p2: V Psychic|move: Sticky Web","|","|-heal|p1a: Shuckle|127/244|[from] item: Leftovers","|turn|15","|","|move|p2a: Magnezone|Flash Cannon|p1a: Shuckle","|-supereffective|p1a: Shuckle","|-damage|p1a: Shuckle|0 fnt","|faint|p1a: Shuckle","|","|","|switch|p1a: Genesect|Genesect, shiny|284/284","|-boost|p1a: Genesect|spa|1|[from] ability: Download","|turn|16","|","|move|p2a: Magnezone|Flash Cannon|p1a: Genesect","|-resisted|p1a: Genesect","|-damage|p1a: Genesect|209/284","|move|p1a: Genesect|Blaze Kick|p2a: Magnezone","|-crit|p2a: Magnezone","|-supereffective|p2a: Magnezone","|-ability|p2a: Magnezone|Sturdy","|-damage|p2a: Magnezone|1/281","|","|turn|17","|","|move|p2a: Magnezone|Flash Cannon|p1a: Genesect","|-resisted|p1a: Genesect","|-damage|p1a: Genesect|138/284","|move|p1a: Genesect|Blaze Kick|p2a: Magnezone","|-supereffective|p2a: Magnezone","|-damage|p2a: Magnezone|0 fnt","|faint|p2a: Magnezone","|","|","|switch|p2a: Thundurus|Thundurus, M|299/299","|-damage|p2a: Thundurus|225/299|[from] Stealth Rock","|turn|18","|","|move|p2a: Thundurus|Discharge|p1a: Genesect","|-damage|p1a: Genesect|0 fnt","|-damage|p2a: Thundurus|196/299|[from] item: Life Orb","|faint|p1a: Genesect","|","|","|switch|p1a: Scolipede|Scolipede, F, shiny|261/261","|turn|19","|","|move|p2a: Thundurus|Thunder Wave|p1a: Scolipede","|-status|p1a: Scolipede|par","|move|p1a: Scolipede|Poison Jab|p2a: Thundurus","|-damage|p2a: Thundurus|0 fnt","|-damage|p1a: Scolipede|235/261 par|[from] item: Life Orb","|faint|p2a: Thundurus","|","|-boost|p1a: Scolipede|spe|1|[from] ability: Speed Boost","|","|switch|p2a: Zapdos|Zapdos|360/383 tox","|-damage|p2a: Zapdos|265/383 tox|[from] Stealth Rock","|-ability|p2a: Zapdos|Pressure","|turn|20","|","|move|p2a: Zapdos|Defog|p1a: Scolipede","|-unboost|p1a: Scolipede|evasion|1","|-sideend|p2: V Psychic|Stealth Rock|[from] move: Defog|[of] p2a: Zapdos","|-sideend|p2: V Psychic|Sticky Web|[from] move: Defog|[of] p2a: Zapdos","|move|p1a: Scolipede|Poison Jab|p2a: Zapdos","|-damage|p2a: Zapdos|131/383 tox","|-damage|p1a: Scolipede|209/261 par|[from] item: Life Orb","|","|-heal|p2a: Zapdos|154/383 tox|[from] item: Leftovers","|-damage|p2a: Zapdos|131/383 tox|[from] psn","|-boost|p1a: Scolipede|spe|1|[from] ability: Speed Boost","|turn|21","|","|move|p2a: Zapdos|Heat Wave|p1a: Scolipede","|-supereffective|p1a: Scolipede","|-damage|p1a: Scolipede|0 fnt","|faint|p1a: Scolipede","|","|-heal|p2a: Zapdos|154/383 tox|[from] item: Leftovers","|-damage|p2a: Zapdos|108/383 tox|[from] psn","|","|switch|p1a: Scizor|Scizor, F, shiny|343/343","|turn|22","|","|move|p1a: Scizor|Bullet Punch|p2a: Zapdos","|-resisted|p2a: Zapdos","|-damage|p2a: Zapdos|48/383 tox","|-damage|p1a: Scizor|309/343|[from] item: Life Orb","|move|p2a: Zapdos|Roost|p2a: Zapdos","|-heal|p2a: Zapdos|240/383 tox","|","|-heal|p2a: Zapdos|263/383 tox|[from] item: Leftovers","|-damage|p2a: Zapdos|194/383 tox|[from] psn","|turn|23","|","|move|p2a: Zapdos|Roost|p2a: Zapdos","|-heal|p2a: Zapdos|383/383 tox","|move|p1a: Scizor|Bug Bite|p2a: Zapdos","|-crit|p2a: Zapdos","|-damage|p2a: Zapdos|109/383 tox","|-damage|p1a: Scizor|275/343|[from] item: Life Orb","|","|-heal|p2a: Zapdos|132/383 tox|[from] item: Leftovers","|-damage|p2a: Zapdos|40/383 tox|[from] psn","|turn|24","|","|move|p1a: Scizor|Bullet Punch|p2a: Zapdos","|-resisted|p2a: Zapdos","|-damage|p2a: Zapdos|0 fnt","|-damage|p1a: Scizor|241/343|[from] item: Life Orb","|faint|p2a: Zapdos","|","|","|switch|p2a: Manectric|Manectric-Mega, M|80/281","|-ability|p2a: Manectric|Intimidate","|-unboost|p1a: Scizor|atk|1","|turn|25","|","|move|p1a: Scizor|Bullet Punch|p2a: Manectric","|-resisted|p2a: Manectric","|-damage|p2a: Manectric|23/281","|-damage|p1a: Scizor|207/343|[from] item: Life Orb","|move|p2a: Manectric|Overheat|p1a: Scizor|[miss]","|-miss|p2a: Manectric|p1a: Scizor","|","|turn|26","|","|switch|p2a: Luxray|Luxray, F, shiny|301/301","|move|p1a: Scizor|Bullet Punch|p2a: Luxray","|-resisted|p2a: Luxray","|-damage|p2a: Luxray|239/301","|-damage|p1a: Scizor|173/343|[from] item: Life Orb","|","|turn|27","|","|move|p2a: Luxray|Crunch|p1a: Scizor","|-damage|p1a: Scizor|41/343","|move|p1a: Scizor|Bug Bite|p2a: Luxray","|-damage|p2a: Luxray|56/301","|-damage|p1a: Scizor|7/343|[from] item: Life Orb","|","|turn|28","|","|win|GTX♅Quabbs"],"p1rating":{"entryid":"7474899","serverid":"eos","formatid":"monotype","userid":"gtxquabbs","username":"GTX Quabbs","w":8,"l":"11","t":"0","gxe":45.6,"r":"1401.4450733316","rd":"101.83681351046","sigma":"0","rptime":"1439024400","rpr":1466.1254305595,"rprd":72.813068113088,"rpsigma":"0","acre":1129.3405010033,"lacre":1129.3405010033,"oldacre":"1092.118741734"},"p2rating":{"entryid":"7467690","serverid":"eos","formatid":"monotype","userid":"vpsychic","username":"V Psychic","w":"14","l":6,"t":"0","gxe":63,"r":"1590.5768731025","rd":"107.81252429981","sigma":"0","rptime":"1439024400","rpr":1602.3163367302,"rprd":70.965722395448,"rpsigma":"0","acre":1212.8160036824,"lacre":1212.8160036824,"oldacre":"1248.3571110732"},"endType":"forfeit"}