{"seed":[25988,21117,2219,52427],"turns":21,"p1":"Traine✘ Sebastian","p2":"black gate","p1team":[{"name":"Honeydew","species":"swampert","item":"swampertite","ability":"Damp","moves":["rest","curse","earthquake","icepunch"],"nature":"Careful","evs":{"hp":248,"atk":8,"def":0,"spa":0,"spd":252,"spe":0},"gender":"M","ivs":{"hp":31,"atk":31,"def":31,"spa":31,"spd":31,"spe":31}},{"name":"Politoed","species":"Politoed","item":"leftovers","ability":"Drizzle","moves":["scald","toxic","protect","icebeam"],"nature":"Bold","evs":{"hp":252,"atk":0,"def":252,"spa":4,"spd":0,"spe":0},"gender":"F","shiny":true,"ivs":{"hp":31,"atk":31,"def":31,"spa":31,"spd":31,"spe":31}},{"name":"Tentacruel","species":"Tentacruel","item":"blacksludge","ability":"Clear Body","moves":["scald","toxicspikes","rapidspin","sludgebomb"],"nature":"Timid","evs":{"hp":0,"atk":0,"def":0,"spa":252,"spd":4,"spe":252},"gender":"M","ivs":{"hp":31,"atk":31,"def":31,"spa":31,"spd":31,"spe":31}},{"name":"Keldeo-Resolute","species":"Keldeo-Resolute","item":"expertbelt","ability":"Justified","moves":["secretsword","scald","icywind","hydropump"],"nature":"Timid","evs":{"hp":0,"atk":0,"def":0,"spa":252,"spd":4,"spe":252},"ivs":{"hp":31,"atk":31,"def":31,"spa":31,"spd":31,"spe":31}},{"name":"Water Doge","species":"suicune","item":"leftovers","ability":"Pressure","moves":["calmmind","rest","scald","sleeptalk"],"nature":"Bold","evs":{"hp":252,"atk":0,"def":252,"spa":0,"spd":4,"spe":0},"shiny":true,"ivs":{"hp":31,"atk":31,"def":31,"spa":31,"spd":31,"spe":31}},{"name":"Starmie","species":"Starmie","item":"choicespecs","ability":"Analytic","moves":["psychic","thunderbolt","icebeam","dazzlinggleam"],"nature":"Timid","evs":{"hp":0,"atk":0,"def":0,"spa":252,"spd":4,"spe":252},"shiny":true,"ivs":{"hp":31,"atk":31,"def":31,"spa":31,"spd":31,"spe":31}}],"p2team":[{"name":"Glalie","species":"Glalie","item":"glalitite","ability":"Inner Focus","moves":["freezedry","frustration","ironhead","earthquake"],"nature":"Naive","evs":{"hp":0,"atk":252,"def":0,"spa":4,"spd":0,"spe":252},"happiness":0,"ivs":{"hp":31,"atk":31,"def":31,"spa":31,"spd":31,"spe":31}},{"name":"Weavile","species":"Weavile","item":"normalgem","ability":"Pickpocket","moves":["fakeout","knockoff","icepunch","taunt"],"nature":"Jolly","evs":{"hp":0,"atk":252,"def":0,"spa":0,"spd":4,"spe":252},"ivs":{"hp":31,"atk":31,"def":31,"spa":31,"spd":31,"spe":31}},{"name":"Mamoswine","species":"Mamoswine","item":"choicescarf","ability":"Thick Fat","moves":["earthquake","iciclecrash","stoneedge","superpower"],"nature":"Jolly","evs":{"hp":4,"atk":252,"def":0,"spa":0,"spd":0,"spe":252},"ivs":{"hp":31,"atk":31,"def":31,"spa":31,"spd":31,"spe":31}},{"name":"Cloyster","species":"Cloyster","item":"whiteherb","ability":"Skill Link","moves":["shellsmash","rockblast","iciclespear","razorshell"],"nature":"Adamant","evs":{"hp":0,"atk":252,"def":0,"spa":0,"spd":4,"spe":252},"ivs":{"hp":31,"atk":31,"def":31,"spa":31,"spd":31,"spe":31}},{"name":"Avalugg","species":"Avalugg","item":"weaknesspolicy","ability":"Sturdy","moves":["recover","rapidspin","curse","gyroball"],"nature":"Sassy","evs":{"hp":0,"atk":252,"def":4,"spa":0,"spd":252,"spe":0},"ivs":{"hp":31,"atk":31,"def":31,"spa":31,"spd":31,"spe":0}},{"name":"Froslass","species":"Froslass","item":"focussash","ability":"Snow Cloak","moves":["spikes","destinybond","blizzard","taunt"],"nature":"Timid","evs":{"hp":4,"atk":0,"def":0,"spa":252,"spd":0,"spe":252},"ivs":{"hp":31,"atk":31,"def":31,"spa":31,"spd":31,"spe":31}}],"log":["|player|p1|Traine✘ Sebastian|161","|player|p2|black gate|238","|gametype|singles","|gen|6","|tier|Monotype","|rated","|rule|Baton Pass Clause: Limit one Baton Passer, can't pass Spe and other stats simultaneously","|rule|Swagger Clause: Swagger is banned","|rule|Same Type Clause: Pokémon in a team must share a type","|clearpoke","|poke|p1|Swampert, M","|poke|p1|Politoed, F, shiny","|poke|p1|Tentacruel, M","|poke|p1|Keldeo-Resolute","|poke|p1|Suicune, shiny","|poke|p1|Starmie, shiny","|poke|p2|Glalie, F","|poke|p2|Weavile, F","|poke|p2|Mamoswine, M","|poke|p2|Cloyster, F","|poke|p2|Avalugg, M","|poke|p2|Froslass, F","|rule|Sleep Clause Mod: Limit one foe put to sleep","|rule|Species Clause: Limit one of each Pokémon","|rule|OHKO Clause: OHKO moves are banned","|rule|Moody Clause: Moody is banned","|rule|Evasion Moves Clause: Evasion moves are banned","|rule|Endless Battle Clause: Forcing endless battles is banned","|rule|HP Percentage Mod: HP is shown in percentages","|teampreview","|","|start","|switch|p1a: Politoed|Politoed, F, shiny|384/384","|switch|p2a: Froslass|Froslass, F|282/282","|-weather|RainDance","|turn|1","|","|move|p2a: Froslass|Taunt|p1a: Politoed","|-start|p1a: Politoed|move: Taunt","|move|p1a: Politoed|Scald|p2a: Froslass","|-damage|p2a: Froslass|102/282","|-status|p2a: Froslass|brn","|","|-weather|RainDance|[upkeep]","|-damage|p2a: Froslass|67/282 brn|[from] brn","|turn|2","|","|switch|p1a: Honeydew|Swampert, M|403/403","|move|p2a: Froslass|Destiny Bond|p2a: Froslass","|-singlemove|p2a: Froslass|Destiny Bond","|","|-weather|RainDance|[upkeep]","|-damage|p2a: Froslass|32/282 brn|[from] brn","|turn|3","|","|detailschange|p1a: Honeydew|Swampert-Mega, M","|-mega|p1a: Honeydew|Swampert|Swampertite","|move|p2a: Froslass|Spikes|p1a: Honeydew","|-sidestart|p1: Traine✘ Sebastian|Spikes","|move|p1a: Honeydew|Curse|p1a: Honeydew","|-unboost|p1a: Honeydew|spe|1","|-boost|p1a: Honeydew|atk|1","|-boost|p1a: Honeydew|def|1","|","|-weather|RainDance|[upkeep]","|-damage|p2a: Froslass|0 fnt|[from] brn","|faint|p2a: Froslass","|","|switch|p2a: Glalie|Glalie, F|301/301","|turn|4","|","|detailschange|p2a: Glalie|Glalie-Mega, F","|-mega|p2a: Glalie|Glalie|Glalitite","|move|p2a: Glalie|Freeze-Dry|p1a: Honeydew","|-supereffective|p1a: Honeydew","|-damage|p1a: Honeydew|147/403","|move|p1a: Honeydew|Earthquake|p2a: Glalie","|-damage|p2a: Glalie|6/301","|","|-weather|RainDance|[upkeep]","|turn|5","|","|switch|p1a: Tentacruel|Tentacruel, M|301/301","|-damage|p1a: Tentacruel|264/301|[from] Spikes","|move|p2a: Glalie|Freeze-Dry|p1a: Tentacruel","|-supereffective|p1a: Tentacruel","|-damage|p1a: Tentacruel|90/301","|","|-weather|none","|-heal|p1a: Tentacruel|108/301|[from] item: Black Sludge","|turn|6","|","|move|p2a: Glalie|Freeze-Dry|p1a: Tentacruel","|-supereffective|p1a: Tentacruel","|-damage|p1a: Tentacruel|0 fnt","|faint|p1a: Tentacruel","|","|","|switch|p1a: Keldeo-Resolute|Keldeo-Resolute|323/323","|-damage|p1a: Keldeo-Resolute|283/323|[from] Spikes","|turn|7","|","|switch|p2a: Avalugg|Avalugg, M|331/331","|move|p1a: Keldeo-Resolute|Secret Sword|p2a: Avalugg","|-crit|p2a: Avalugg","|-supereffective|p2a: Avalugg","|-ability|p2a: Avalugg|Sturdy","|-damage|p2a: Avalugg|1/331","|-enditem|p2a: Avalugg|Weakness Policy","|-boost|p2a: Avalugg|atk|2|[from] item: Weakness Policy","|-boost|p2a: Avalugg|spa|2|[from] item: Weakness Policy","|","|turn|8","|","|move|p1a: Keldeo-Resolute|Scald|p2a: Avalugg","|-damage|p2a: Avalugg|0 fnt","|faint|p2a: Avalugg","|","|","|switch|p2a: Mamoswine|Mamoswine, M|362/362","|turn|9","|","|move|p2a: Mamoswine|Earthquake|p1a: Keldeo-Resolute","|-damage|p1a: Keldeo-Resolute|76/323","|move|p1a: Keldeo-Resolute|Secret Sword|p2a: Mamoswine","|-supereffective|p2a: Mamoswine","|-damage|p2a: Mamoswine|0 fnt","|faint|p2a: Mamoswine","|","|","|switch|p2a: Weavile|Weavile, F|281/281","|turn|10","|","|move|p2a: Weavile|Fake Out|p1a: Keldeo-Resolute","|-enditem|p2a: Weavile|Normal Gem|[from] gem|[move] Fake Out","|-damage|p1a: Keldeo-Resolute|9/323","|cant|p1a: Keldeo-Resolute|flinch","|","|turn|11","|","|move|p2a: Weavile|Knock Off|p1a: Keldeo-Resolute","|-resisted|p1a: Keldeo-Resolute","|-damage|p1a: Keldeo-Resolute|0 fnt","|-enditem|p1a: Keldeo-Resolute|Expert Belt|[from] move: Knock Off|[of] p2a: Weavile","|faint|p1a: Keldeo-Resolute","|","|","|switch|p1a: Politoed|Politoed, F, shiny|384/384","|-damage|p1a: Politoed|336/384|[from] Spikes","|-weather|RainDance","|turn|12","|","|move|p2a: Weavile|Knock Off|p1a: Politoed","|-damage|p1a: Politoed|197/384","|-enditem|p1a: Politoed|Leftovers|[from] move: Knock Off|[of] p2a: Weavile","|move|p1a: Politoed|Scald|p2a: Weavile","|-damage|p2a: Weavile|143/281","|-status|p2a: Weavile|brn","|","|-weather|RainDance|[upkeep]","|-damage|p2a: Weavile|108/281 brn|[from] brn","|turn|13","|","|move|p2a: Weavile|Knock Off|p1a: Politoed","|-damage|p1a: Politoed|152/384","|move|p1a: Politoed|Scald|p2a: Weavile","|-damage|p2a: Weavile|0 fnt","|faint|p2a: Weavile","|","|-weather|RainDance|[upkeep]","|","|switch|p2a: Cloyster|Cloyster, F|241/241","|turn|14","|","|move|p2a: Cloyster|Shell Smash|p2a: Cloyster","|-unboost|p2a: Cloyster|def|1","|-unboost|p2a: Cloyster|spd|1","|-boost|p2a: Cloyster|atk|2","|-boost|p2a: Cloyster|spa|2","|-boost|p2a: Cloyster|spe|2","|-enditem|p2a: Cloyster|White Herb","|-restoreboost|p2a: Cloyster|[silent]","|move|p1a: Politoed|Scald|p2a: Cloyster","|-resisted|p2a: Cloyster","|-damage|p2a: Cloyster|115/241","|-status|p2a: Cloyster|brn","|","|-weather|RainDance|[upkeep]","|-damage|p2a: Cloyster|85/241 brn|[from] brn","|turn|15","|","|move|p1a: Politoed|Protect|p1a: Politoed","|-singleturn|p1a: Politoed|Protect","|move|p2a: Cloyster|Rock Blast|p1a: Politoed","|-activate|p1a: Politoed|Protect","|","|-weather|RainDance|[upkeep]","|-damage|p2a: Cloyster|55/241 brn|[from] brn","|turn|16","|","|switch|p1a: Water Doge|Suicune, shiny|404/404","|-damage|p1a: Water Doge|354/404|[from] Spikes","|-ability|p1a: Water Doge|Pressure","|move|p2a: Cloyster|Rock Blast|p1a: Water Doge","|-damage|p1a: Water Doge|338/404","|-damage|p1a: Water Doge|321/404","|-damage|p1a: Water Doge|303/404","|-damage|p1a: Water Doge|286/404","|-damage|p1a: Water Doge|270/404","|-hitcount|p1a: Water Doge|5","|","|-weather|none","|-heal|p1a: Water Doge|295/404|[from] item: Leftovers","|-damage|p2a: Cloyster|25/241 brn|[from] brn","|turn|17","|","|move|p2a: Cloyster|Razor Shell|p1a: Water Doge","|-resisted|p1a: Water Doge","|-damage|p1a: Water Doge|256/404","|move|p1a: Water Doge|Rest|p1a: Water Doge","|-status|p1a: Water Doge|slp","|-heal|p1a: Water Doge|404/404 slp|[silent]","|-status|p1a: Water Doge|slp|[from] move: Rest","|","|-damage|p2a: Cloyster|0 fnt|[from] brn","|faint|p2a: Cloyster","|","|switch|p2a: Glalie|Glalie-Mega, F|6/301","|turn|18","|","|move|p2a: Glalie|Freeze-Dry|p1a: Water Doge","|-supereffective|p1a: Water Doge","|-damage|p1a: Water Doge|240/404 slp","|cant|p1a: Water Doge|slp","|move|p1a: Water Doge|Sleep Talk|p1a: Water Doge","|move|p1a: Water Doge|Rest|p1a: Water Doge|[from]Sleep Talk","|-fail|p1a: Water Doge","|","|-heal|p1a: Water Doge|265/404 slp|[from] item: Leftovers","|turn|19","|","|move|p2a: Glalie|Freeze-Dry|p1a: Water Doge","|-supereffective|p1a: Water Doge","|-damage|p1a: Water Doge|95/404 slp","|cant|p1a: Water Doge|slp","|move|p1a: Water Doge|Sleep Talk|p1a: Water Doge","|move|p1a: Water Doge|Calm Mind|p1a: Water Doge|[from]Sleep Talk","|-boost|p1a: Water Doge|spa|1","|-boost|p1a: Water Doge|spd|1","|","|-heal|p1a: Water Doge|120/404 slp|[from] item: Leftovers","|turn|20","|","|move|p2a: Glalie|Freeze-Dry|p1a: Water Doge","|-supereffective|p1a: Water Doge","|-damage|p1a: Water Doge|0 fnt","|faint|p1a: Water Doge","|","|","|switch|p1a: Starmie|Starmie, shiny|261/261","|-damage|p1a: Starmie|229/261|[from] Spikes","|turn|21","|","|move|p1a: Starmie|Psychic|p2a: Glalie","|-damage|p2a: Glalie|0 fnt","|faint|p2a: Glalie","|","|win|Traine✘ Sebastian"],"p1rating":{"entryid":"7497648","serverid":"eos","formatid":"monotype","userid":"trainesebastian","username":"Traine✘ Sebastian","w":4,"l":"0","t":"0","gxe":62.7,"r":"1500","rd":"130","sigma":"0","rptime":"1439024400","rpr":1601.9879223631,"rprd":106.58469503377,"rpsigma":"0","acre":1132.0954221624,"lacre":1132.0954221624,"oldacre":"1111.7154838705"},"p2rating":{"entryid":"7499410","serverid":"eos","formatid":"monotype","userid":"blackgate","username":"black gate","w":"1","l":1,"t":"0","gxe":49,"r":"1500","rd":"130","sigma":"0","rptime":"1439024400","rpr":1491.9354366597,"rprd":116.81844488085,"rpsigma":"0","acre":1032.8922006943,"lacre":1032.8922006943,"oldacre":"1046.7622461575"},"endType":"normal"}