{"seed":[48332,17638,6602,57024],"turns":29,"p1":"InfernalxCrown","p2":"Intern Twizz","p1team":[{"name":"Aegislash","species":"Aegislash","item":"weaknesspolicy","ability":"Stance Change","moves":["shadowball","shadowsneak","kingsshield","sacredsword"],"nature":"Brave","evs":{"hp":252,"atk":76,"def":0,"spa":176,"spd":4,"spe":0},"ivs":{"hp":31,"atk":31,"def":31,"spa":31,"spd":31,"spe":0},"shiny":true},{"name":"Sableye","species":"Sableye","item":"leftovers","ability":"Prankster","moves":["willowisp","recover","taunt","knockoff"],"nature":"Careful","evs":{"hp":252,"atk":0,"def":84,"spa":0,"spd":168,"spe":4},"ivs":{"hp":31,"atk":0,"def":31,"spa":31,"spd":31,"spe":31}},{"name":"Golurk","species":"Golurk","item":"focussash","ability":"No Guard","moves":["stealthrock","curse","dynamicpunch","stoneedge"],"nature":"Adamant","evs":{"hp":4,"atk":252,"def":0,"spa":0,"spd":0,"spe":252},"shiny":true,"ivs":{"hp":31,"atk":31,"def":31,"spa":31,"spd":31,"spe":31}},{"name":"Jellicent","species":"Jellicent","item":"leftovers","ability":"Cursed Body","moves":["acidarmor","toxic","recover","scald"],"nature":"Calm","evs":{"hp":252,"atk":0,"def":4,"spa":0,"spd":252,"spe":0},"gender":"M","ivs":{"hp":31,"atk":0,"def":31,"spa":31,"spd":31,"spe":31}},{"name":"Chandelure","species":"Chandelure","item":"choicescarf","ability":"Infiltrator","moves":["flamethrower","shadowball","energyball","trick"],"nature":"Timid","evs":{"hp":0,"atk":0,"def":4,"spa":252,"spd":0,"spe":252},"ivs":{"hp":31,"atk":0,"def":31,"spa":31,"spd":31,"spe":31},"shiny":true},{"name":"Gengar","species":"Gengar","item":"choicespecs","ability":"Levitate","moves":["dazzlinggleam","shadowball","thunderbolt","sludgewave"],"nature":"Timid","evs":{"hp":4,"atk":0,"def":0,"spa":252,"spd":0,"spe":252},"ivs":{"hp":31,"atk":0,"def":31,"spa":31,"spd":31,"spe":31}}],"p2team":[{"name":"Rotom-Wash","species":"Rotom-Wash","item":"choicescarf","ability":"Levitate","moves":["hydropump","voltswitch","trick","willowisp"],"nature":"Timid","evs":{"hp":0,"atk":0,"def":0,"spa":252,"spd":4,"spe":252},"ivs":{"hp":31,"atk":31,"def":31,"spa":31,"spd":31,"spe":31}},{"name":"Zapdos","species":"Zapdos","item":"leftovers","ability":"Pressure","moves":["toxic","roost","discharge","heatwave"],"nature":"Bold","evs":{"hp":0,"atk":0,"def":252,"spa":56,"spd":200,"spe":0},"ivs":{"hp":31,"atk":31,"def":31,"spa":31,"spd":31,"spe":31}},{"name":"Ampharos","species":"Ampharos","item":"ampharosite","ability":"Static","moves":["cottonguard","rest","sleeptalk","dragonpulse"],"nature":"Bold","evs":{"hp":0,"atk":0,"def":252,"spa":136,"spd":120,"spe":0},"ivs":{"hp":31,"atk":31,"def":31,"spa":31,"spd":31,"spe":31}},{"name":"Raikou","species":"Raikou","item":"leftovers","ability":"Pressure","moves":["substitute","calmmind","extrasensory","thunderbolt"],"nature":"Timid","evs":{"hp":0,"atk":0,"def":0,"spa":252,"spd":4,"spe":252},"ivs":{"hp":31,"atk":31,"def":31,"spa":31,"spd":31,"spe":31}},{"name":"Eelektross","species":"Eelektross","item":"assaultvest","ability":"Levitate","moves":["knockoff","drainpunch","gigadrain","thunderbolt"],"nature":"Brave","evs":{"hp":0,"atk":36,"def":0,"spa":220,"spd":252,"spe":0},"ivs":{"hp":31,"atk":31,"def":31,"spa":31,"spd":31,"spe":31}},{"name":"Magnezone","species":"Magnezone","item":"leftovers","ability":"Sturdy","moves":["flashcannon","thunderbolt","protect","hiddenpowerice"],"nature":"Modest","evs":{"hp":76,"atk":0,"def":180,"spa":252,"spd":0,"spe":0},"ivs":{"hp":31,"atk":30,"def":30,"spa":31,"spd":31,"spe":31}}],"log":["|player|p1|InfernalxCrown|infernalxcrown.png","|player|p2|Intern Twizz|161","|gametype|singles","|gen|6","|tier|Monotype","|rated","|rule|Baton Pass Clause: Limit one Baton Passer, can't pass Spe and other stats simultaneously","|rule|Swagger Clause: Swagger is banned","|rule|Same Type Clause: Pokémon in a team must share a type","|clearpoke","|poke|p1|Aegislash, F, shiny","|poke|p1|Sableye, F","|poke|p1|Golurk, shiny","|poke|p1|Jellicent, M","|poke|p1|Chandelure, M, shiny","|poke|p1|Gengar, M","|poke|p2|Rotom-Wash","|poke|p2|Zapdos","|poke|p2|Ampharos, F","|poke|p2|Raikou","|poke|p2|Eelektross, M","|poke|p2|Magnezone","|rule|Sleep Clause Mod: Limit one foe put to sleep","|rule|Species Clause: Limit one of each Pokémon","|rule|OHKO Clause: OHKO moves are banned","|rule|Moody Clause: Moody is banned","|rule|Evasion Moves Clause: Evasion moves are banned","|rule|Endless Battle Clause: Forcing endless battles is banned","|rule|HP Percentage Mod: HP is shown in percentages","|teampreview","|","|start","|switch|p1a: Aegislash|Aegislash, F, shiny|324/324","|switch|p2a: Rotom-Wash|Rotom-Wash|241/241","|turn|1","|","|move|p2a: Rotom-Wash|Will-O-Wisp|p1a: Aegislash","|-status|p1a: Aegislash|brn","|-formechange|p1a: Aegislash|Aegislash-Blade","|move|p1a: Aegislash|Shadow Ball|p2a: Rotom-Wash","|-damage|p2a: Rotom-Wash|93/241","|","|-damage|p1a: Aegislash|284/324 brn|[from] brn","|turn|2","|","|switch|p2a: Eelektross|Eelektross, M|311/311","|switch|p1a: Golurk|Golurk, shiny|320/320","|","|turn|3","|","|move|p1a: Golurk|Dynamic Punch|p2a: Eelektross","|-damage|p2a: Eelektross|160/311","|-start|p2a: Eelektross|confusion","|-activate|p2a: Eelektross|confusion","|-damage|p2a: Eelektross|115/311|[from] confusion","|","|turn|4","|","|switch|p2a: Zapdos|Zapdos|321/321","|-ability|p2a: Zapdos|Pressure","|move|p1a: Golurk|Stone Edge|p2a: Zapdos","|-supereffective|p2a: Zapdos","|-damage|p2a: Zapdos|135/321","|","|-heal|p2a: Zapdos|155/321|[from] item: Leftovers","|turn|5","|","|switch|p1a: Aegislash|Aegislash, F, shiny|284/324 brn","|move|p2a: Zapdos|Roost|p2a: Zapdos","|-heal|p2a: Zapdos|316/321","|","|-heal|p2a: Zapdos|321/321|[from] item: Leftovers","|-damage|p1a: Aegislash|244/324 brn|[from] brn","|turn|6","|","|switch|p2a: Eelektross|Eelektross, M|115/311","|switch|p1a: Jellicent|Jellicent, M|404/404","|","|turn|7","|","|switch|p1a: Sableye|Sableye, F|304/304","|move|p2a: Eelektross|Thunderbolt|p1a: Sableye","|-damage|p1a: Sableye|160/304","|","|-heal|p1a: Sableye|179/304|[from] item: Leftovers","|turn|8","|","|move|p1a: Sableye|Will-O-Wisp|p2a: Eelektross","|-status|p2a: Eelektross|brn","|move|p2a: Eelektross|Knock Off|p1a: Sableye","|-damage|p1a: Sableye|127/304","|-enditem|p1a: Sableye|Leftovers|[from] move: Knock Off|[of] p2a: Eelektross","|","|-damage|p2a: Eelektross|77/311 brn|[from] brn","|turn|9","|","|move|p1a: Sableye|Recover|p1a: Sableye","|-heal|p1a: Sableye|279/304","|move|p2a: Eelektross|Thunderbolt|p1a: Sableye","|-damage|p1a: Sableye|138/304","|","|-damage|p2a: Eelektross|39/311 brn|[from] brn","|turn|10","|","|switch|p2a: Rotom-Wash|Rotom-Wash|93/241","|move|p1a: Sableye|Recover|p1a: Sableye","|-heal|p1a: Sableye|290/304","|","|turn|11","|","|switch|p1a: Golurk|Golurk, shiny|320/320","|move|p2a: Rotom-Wash|Trick|p1a: Golurk","|-activate|p2a: Rotom-Wash|move: Trick|[of] p1a: Golurk","|-item|p1a: Golurk|Choice Scarf|[from] move: Trick","|-item|p2a: Rotom-Wash|Focus Sash|[from] move: Trick","|","|turn|12","|","|switch|p2a: Eelektross|Eelektross, M|39/311 brn","|move|p1a: Golurk|Dynamic Punch|p2a: Eelektross","|-damage|p2a: Eelektross|0 fnt","|faint|p2a: Eelektross","|","|","|switch|p2a: Zapdos|Zapdos|321/321","|-ability|p2a: Zapdos|Pressure","|turn|13","|","|move|p1a: Golurk|Dynamic Punch|p2a: Zapdos","|-resisted|p2a: Zapdos","|-damage|p2a: Zapdos|271/321","|-start|p2a: Zapdos|confusion","|-activate|p2a: Zapdos|confusion","|-damage|p2a: Zapdos|248/321|[from] confusion","|","|-heal|p2a: Zapdos|268/321|[from] item: Leftovers","|turn|14","|","|switch|p1a: Aegislash|Aegislash, F, shiny|244/324 brn","|-activate|p2a: Zapdos|confusion","|-damage|p2a: Zapdos|247/321|[from] confusion","|","|-heal|p2a: Zapdos|267/321|[from] item: Leftovers","|-damage|p1a: Aegislash|204/324 brn|[from] brn","|turn|15","|","|-activate|p2a: Zapdos|confusion","|-damage|p2a: Zapdos|247/321|[from] confusion","|-formechange|p1a: Aegislash|Aegislash-Blade","|move|p1a: Aegislash|Shadow Ball|p2a: Zapdos","|-damage|p2a: Zapdos|117/321","|","|-heal|p2a: Zapdos|137/321|[from] item: Leftovers","|-damage|p1a: Aegislash|164/324 brn|[from] brn","|turn|16","|","|-end|p2a: Zapdos|confusion","|move|p2a: Zapdos|Roost|p2a: Zapdos","|-heal|p2a: Zapdos|298/321","|move|p1a: Aegislash|Shadow Ball|p2a: Zapdos","|-damage|p2a: Zapdos|168/321","|-unboost|p2a: Zapdos|spd|1","|","|-heal|p2a: Zapdos|188/321|[from] item: Leftovers","|-damage|p1a: Aegislash|124/324 brn|[from] brn","|turn|17","|","|move|p2a: Zapdos|Discharge|p1a: Aegislash","|-damage|p1a: Aegislash|0 fnt","|faint|p1a: Aegislash","|","|-heal|p2a: Zapdos|208/321|[from] item: Leftovers","|","|switch|p1a: Gengar|Gengar, M|262/262","|turn|18","|","|switch|p2a: Rotom-Wash|Rotom-Wash|93/241","|move|p1a: Gengar|Sludge Wave|p2a: Rotom-Wash","|-damage|p2a: Rotom-Wash|0 fnt","|faint|p2a: Rotom-Wash","|","|","|switch|p2a: Magnezone|Magnezone|300/300","|turn|19","|","|switch|p1a: Chandelure|Chandelure, M, shiny|261/261","|move|p2a: Magnezone|Flash Cannon|p1a: Chandelure","|-resisted|p1a: Chandelure","|-damage|p1a: Chandelure|179/261","|","|turn|20","|","|move|p2a: Magnezone|Protect|p2a: Magnezone","|-singleturn|p2a: Magnezone|Protect","|move|p1a: Chandelure|Flamethrower|p2a: Magnezone","|-activate|p2a: Magnezone|Protect","|","|turn|21","|","|switch|p2a: Ampharos|Ampharos, F|321/321","|move|p1a: Chandelure|Flamethrower|p2a: Ampharos","|-damage|p2a: Ampharos|155/321","|","|turn|22","|","|detailschange|p2a: Ampharos|Ampharos-Mega, F","|-mega|p2a: Ampharos|Ampharos|Ampharosite","|-ability|p2a: Ampharos|Mold Breaker","|move|p1a: Chandelure|Flamethrower|p2a: Ampharos","|-resisted|p2a: Ampharos","|-damage|p2a: Ampharos|86/321","|move|p2a: Ampharos|Rest|p2a: Ampharos","|-status|p2a: Ampharos|slp","|-heal|p2a: Ampharos|321/321 slp|[silent]","|-status|p2a: Ampharos|slp|[from] move: Rest","|","|turn|23","|","|switch|p1a: Golurk|Golurk, shiny|320/320","|cant|p2a: Ampharos|slp","|move|p2a: Ampharos|Sleep Talk|p2a: Ampharos","|move|p2a: Ampharos|Rest|p2a: Ampharos|[from]Sleep Talk","|-fail|p2a: Ampharos","|","|turn|24","|","|move|p1a: Golurk|Dynamic Punch|p2a: Ampharos","|-damage|p2a: Ampharos|240/321 slp","|-start|p2a: Ampharos|confusion","|cant|p2a: Ampharos|slp","|-activate|p2a: Ampharos|confusion","|move|p2a: Ampharos|Sleep Talk|p2a: Ampharos","|move|p2a: Ampharos|Dragon Pulse|p1a: Golurk|[from]Sleep Talk","|-damage|p1a: Golurk|100/320","|","|turn|25","|","|move|p1a: Golurk|Dynamic Punch|p2a: Ampharos","|-crit|p2a: Ampharos","|-damage|p2a: Ampharos|105/321 slp","|-curestatus|p2a: Ampharos|slp","|-activate|p2a: Ampharos|confusion","|-damage|p2a: Ampharos|84/321|[from] confusion","|","|turn|26","|","|move|p1a: Golurk|Dynamic Punch|p2a: Ampharos","|-damage|p2a: Ampharos|0 fnt","|faint|p2a: Ampharos","|","|","|switch|p2a: Zapdos|Zapdos|208/321","|-ability|p2a: Zapdos|Pressure","|turn|27","|","|switch|p1a: Sableye|Sableye, F|290/304","|move|p2a: Zapdos|Roost|p2a: Zapdos","|-heal|p2a: Zapdos|321/321","|","|turn|28","|","|move|p1a: Sableye|Will-O-Wisp|p2a: Zapdos","|-status|p2a: Zapdos|brn","|move|p2a: Zapdos|Toxic|p1a: Sableye|[miss]","|-miss|p2a: Zapdos|p1a: Sableye","|","|-damage|p2a: Zapdos|281/321 brn|[from] brn","|turn|29","|","|win|InfernalxCrown"],"p1rating":{"entryid":"5724468","serverid":"eos","formatid":"monotype","userid":"infernalxcrown","username":"InfernalxCrown","w":84,"l":"79","t":"0","gxe":52.6,"r":"1514.2470086597","rd":"36.575151066121","sigma":"0","rptime":"1439024400","rpr":1519.8341203439,"rprd":36.228895718373,"rpsigma":"0","acre":1131.1098419264,"lacre":1131.1098419264,"oldacre":"1102.8422110765"},"p2rating":{"entryid":"7448162","serverid":"eos","formatid":"monotype","userid":"interntwizz","username":"Intern Twizz","w":"9","l":10,"t":"0","gxe":48.5,"r":"1464.8595243929","rd":"82.910812222231","sigma":"0","rptime":"1439024400","rpr":1488.1012104766,"rprd":70.650615397018,"rpsigma":"0","acre":1120.2475153264,"lacre":1120.2475153264,"oldacre":"1148.5151461763"},"endType":"forfeit"}