{"seed":[9229,22746,10919,37645],"turns":34,"p1":"Alliance-SeaHutch","p2":"V Psychic","p1team":[{"name":"Jenna Marbles","species":"garchomp","item":"rockyhelmet","ability":"Rough Skin","moves":["dragontail","earthquake","stealthrock","rest"],"nature":"Lax","evs":{"hp":252,"atk":0,"def":236,"spa":0,"spd":0,"spe":20},"ivs":{"hp":31,"atk":31,"def":31,"spa":31,"spd":31,"spe":31}},{"name":"Gooey ( ͡° ͜ʖ ͡°)","species":"goodra","item":"assaultvest","ability":"Gooey","moves":["dragonpulse","fireblast","earthquake","sludgebomb"],"nature":"Quiet","evs":{"hp":248,"atk":8,"def":0,"spa":252,"spd":0,"spe":0},"ivs":{"hp":31,"atk":31,"def":31,"spa":31,"spd":31,"spe":31}},{"name":"The Mailman","species":"dragonite","item":"choiceband","ability":"Multiscale","moves":["firepunch","outrage","extremespeed","earthquake"],"nature":"Adamant","evs":{"hp":0,"atk":252,"def":0,"spa":0,"spd":4,"spe":252},"ivs":{"hp":31,"atk":31,"def":31,"spa":31,"spd":31,"spe":31}},{"name":"Jet Blue","species":"latios","item":"lifeorb","ability":"Levitate","moves":["dragonpulse","psyshock","defog","surf"],"nature":"Timid","evs":{"hp":0,"atk":0,"def":0,"spa":252,"spd":4,"spe":252},"ivs":{"hp":31,"atk":0,"def":31,"spa":31,"spd":31,"spe":31}},{"name":"Plz Don't Ban Me","species":"altaria","item":"altarianite","ability":"Natural Cure","moves":["healbell","hypervoice","roost","fireblast"],"nature":"Calm","evs":{"hp":248,"atk":0,"def":0,"spa":8,"spd":252,"spe":0},"ivs":{"hp":31,"atk":0,"def":31,"spa":31,"spd":31,"spe":31},"happiness":0},{"name":"Kaneki Ken","species":"kyuremblack","item":"choicescarf","ability":"Teravolt","moves":["outrage","fusionbolt","icebeam","ironhead"],"nature":"Hasty","evs":{"hp":0,"atk":252,"def":0,"spa":4,"spd":0,"spe":252},"ivs":{"hp":31,"atk":31,"def":31,"spa":31,"spd":31,"spe":31}}],"p2team":[{"name":"Zapdos","species":"Zapdos","item":"leftovers","ability":"Pressure","moves":["roost","defog","heatwave","discharge"],"nature":"Bold","evs":{"hp":248,"atk":0,"def":176,"spa":68,"spd":0,"spe":16},"ivs":{"hp":31,"atk":0,"def":31,"spa":31,"spd":31,"spe":31}},{"name":"Thundurus","species":"Thundurus","item":"lifeorb","ability":"Prankster","moves":["superpower","discharge","knockoff","psychic"],"nature":"Naive","evs":{"hp":0,"atk":72,"def":0,"spa":184,"spd":0,"spe":252},"ivs":{"hp":31,"atk":31,"def":31,"spa":31,"spd":31,"spe":31}},{"name":"Rotom-Wash","species":"Rotom-Wash","item":"leftovers","ability":"Levitate","moves":["willowisp","hydropump","voltswitch","painsplit"],"nature":"Calm","evs":{"hp":248,"atk":0,"def":0,"spa":0,"spd":216,"spe":44},"ivs":{"hp":31,"atk":0,"def":31,"spa":31,"spd":31,"spe":31}},{"name":"Magnezone","species":"Magnezone","item":"choicescarf","ability":"Sturdy","moves":["voltswitch","discharge","hiddenpowerice","flashcannon"],"nature":"Timid","evs":{"hp":0,"atk":0,"def":0,"spa":252,"spd":4,"spe":252},"ivs":{"hp":31,"atk":30,"def":30,"spa":31,"spd":31,"spe":31}},{"name":"Manectric","species":"Manectric","item":"manectite","ability":"Static","moves":["voltswitch","discharge","overheat","hiddenpowergrass"],"nature":"Timid","evs":{"hp":0,"atk":0,"def":0,"spa":252,"spd":4,"spe":252},"ivs":{"hp":31,"atk":30,"def":31,"spa":30,"spd":31,"spe":31}},{"name":"Luxray","species":"Luxray","item":"choiceband","ability":"Guts","moves":["wildcharge","crunch","superpower","icefang"],"nature":"Jolly","evs":{"hp":0,"atk":252,"def":0,"spa":0,"spd":4,"spe":252},"shiny":true,"ivs":{"hp":31,"atk":31,"def":31,"spa":31,"spd":31,"spe":31}}],"log":["|player|p1|Alliance-SeaHutch|169","|player|p2|V Psychic|167","|gametype|singles","|gen|6","|tier|Monotype","|rated","|rule|Baton Pass Clause: Limit one Baton Passer, can't pass Spe and other stats simultaneously","|rule|Swagger Clause: Swagger is banned","|rule|Same Type Clause: Pokémon in a team must share a type","|clearpoke","|poke|p1|Garchomp, M","|poke|p1|Goodra, M","|poke|p1|Dragonite, F","|poke|p1|Latios, M","|poke|p1|Altaria, M","|poke|p1|Kyurem-Black","|poke|p2|Zapdos","|poke|p2|Thundurus, M","|poke|p2|Rotom-Wash","|poke|p2|Magnezone","|poke|p2|Manectric, F","|poke|p2|Luxray, M, shiny","|rule|Sleep Clause Mod: Limit one foe put to sleep","|rule|Species Clause: Limit one of each Pokémon","|rule|OHKO Clause: OHKO moves are banned","|rule|Moody Clause: Moody is banned","|rule|Evasion Moves Clause: Evasion moves are banned","|rule|Endless Battle Clause: Forcing endless battles is banned","|rule|HP Percentage Mod: HP is shown in percentages","|teampreview","|","|start","|switch|p1a: Jenna Marbles|Garchomp, M|420/420","|switch|p2a: Magnezone|Magnezone|281/281","|turn|1","|","|switch|p1a: Gooey ( ͡° ͜ʖ ͡°)|Goodra, M|383/383","|move|p2a: Magnezone|Hidden Power|p1a: Gooey ( ͡° ͜ʖ ͡°)","|-supereffective|p1a: Gooey ( ͡° ͜ʖ ͡°)","|-damage|p1a: Gooey ( ͡° ͜ʖ ͡°)|317/383","|","|turn|2","|","|switch|p2a: Rotom-Wash|Rotom-Wash|303/303","|move|p1a: Gooey ( ͡° ͜ʖ ͡°)|Earthquake|p2a: Rotom-Wash","|-immune|p2a: Rotom-Wash|[msg]","|","|turn|3","|","|move|p2a: Rotom-Wash|Will-O-Wisp|p1a: Gooey ( ͡° ͜ʖ ͡°)|[miss]","|-miss|p2a: Rotom-Wash|p1a: Gooey ( ͡° ͜ʖ ͡°)","|move|p1a: Gooey ( ͡° ͜ʖ ͡°)|Sludge Bomb|p2a: Rotom-Wash","|-damage|p2a: Rotom-Wash|227/303","|","|-heal|p2a: Rotom-Wash|245/303|[from] item: Leftovers","|turn|4","|","|switch|p1a: Plz Don't Ban Me|Altaria, M|353/353","|move|p2a: Rotom-Wash|Will-O-Wisp|p1a: Plz Don't Ban Me","|-status|p1a: Plz Don't Ban Me|brn","|","|-heal|p2a: Rotom-Wash|263/303|[from] item: Leftovers","|-damage|p1a: Plz Don't Ban Me|309/353 brn|[from] brn","|turn|5","|","|detailschange|p1a: Plz Don't Ban Me|Altaria-Mega, M","|-mega|p1a: Plz Don't Ban Me|Altaria|Altarianite","|move|p2a: Rotom-Wash|Volt Switch|p1a: Plz Don't Ban Me","|-resisted|p1a: Plz Don't Ban Me","|-damage|p1a: Plz Don't Ban Me|282/353 brn","|","|switch|p2a: Luxray|Luxray, M, shiny|301/301","|move|p1a: Plz Don't Ban Me|Heal Bell|p1a: Plz Don't Ban Me","|-cureteam|p1a: Plz Don't Ban Me|[from] move: HealBell","|","|turn|6","|","|switch|p1a: Kaneki Ken|Kyurem-Black|391/391","|-ability|p1a: Kaneki Ken|Teravolt","|move|p2a: Luxray|Ice Fang|p1a: Kaneki Ken","|-damage|p1a: Kaneki Ken|273/391","|","|turn|7","|","|switch|p2a: Zapdos|Zapdos|383/383","|-ability|p2a: Zapdos|Pressure","|move|p1a: Kaneki Ken|Ice Beam|p2a: Zapdos","|-supereffective|p2a: Zapdos","|-damage|p2a: Zapdos|125/383","|","|-heal|p2a: Zapdos|148/383|[from] item: Leftovers","|turn|8","|","|switch|p2a: Rotom-Wash|Rotom-Wash|263/303","|move|p1a: Kaneki Ken|Ice Beam|p2a: Rotom-Wash","|-resisted|p2a: Rotom-Wash","|-damage|p2a: Rotom-Wash|221/303","|","|-heal|p2a: Rotom-Wash|239/303|[from] item: Leftovers","|turn|9","|","|switch|p1a: Plz Don't Ban Me|Altaria-Mega, M|282/353","|move|p2a: Rotom-Wash|Will-O-Wisp|p1a: Plz Don't Ban Me","|-status|p1a: Plz Don't Ban Me|brn","|","|-heal|p2a: Rotom-Wash|257/303|[from] item: Leftovers","|-damage|p1a: Plz Don't Ban Me|238/353 brn|[from] brn","|turn|10","|","|move|p2a: Rotom-Wash|Volt Switch|p1a: Plz Don't Ban Me","|-resisted|p1a: Plz Don't Ban Me","|-damage|p1a: Plz Don't Ban Me|206/353 brn","|","|switch|p2a: Luxray|Luxray, M, shiny|301/301","|move|p1a: Plz Don't Ban Me|Hyper Voice|p2a: Luxray","|-damage|p2a: Luxray|120/301","|","|-damage|p1a: Plz Don't Ban Me|162/353 brn|[from] brn","|turn|11","|","|move|p2a: Luxray|Ice Fang|p1a: Plz Don't Ban Me","|-supereffective|p1a: Plz Don't Ban Me","|-damage|p1a: Plz Don't Ban Me|0 fnt","|faint|p1a: Plz Don't Ban Me","|","|","|switch|p1a: Jet Blue|Latios, M|301/301","|turn|12","|","|move|p1a: Jet Blue|Psyshock|p2a: Luxray","|-crit|p2a: Luxray","|-damage|p2a: Luxray|0 fnt","|-damage|p1a: Jet Blue|271/301|[from] item: Life Orb","|faint|p2a: Luxray","|","|","|switch|p2a: Thundurus|Thundurus, M|299/299","|turn|13","|","|switch|p2a: Magnezone|Magnezone|281/281","|switch|p1a: Gooey ( ͡° ͜ʖ ͡°)|Goodra, M|317/383","|","|turn|14","|","|move|p2a: Magnezone|Volt Switch|p1a: Gooey ( ͡° ͜ʖ ͡°)","|-resisted|p1a: Gooey ( ͡° ͜ʖ ͡°)","|-damage|p1a: Gooey ( ͡° ͜ʖ ͡°)|290/383","|","|switch|p2a: Rotom-Wash|Rotom-Wash|257/303","|move|p1a: Gooey ( ͡° ͜ʖ ͡°)|Fire Blast|p2a: Rotom-Wash","|-resisted|p2a: Rotom-Wash","|-damage|p2a: Rotom-Wash|211/303","|","|-heal|p2a: Rotom-Wash|229/303|[from] item: Leftovers","|turn|15","|","|move|p2a: Rotom-Wash|Will-O-Wisp|p1a: Gooey ( ͡° ͜ʖ ͡°)","|-status|p1a: Gooey ( ͡° ͜ʖ ͡°)|brn","|move|p1a: Gooey ( ͡° ͜ʖ ͡°)|Sludge Bomb|p2a: Rotom-Wash","|-damage|p2a: Rotom-Wash|158/303","|","|-heal|p2a: Rotom-Wash|176/303|[from] item: Leftovers","|-damage|p1a: Gooey ( ͡° ͜ʖ ͡°)|243/383 brn|[from] brn","|turn|16","|","|move|p2a: Rotom-Wash|Hydro Pump|p1a: Gooey ( ͡° ͜ʖ ͡°)","|-resisted|p1a: Gooey ( ͡° ͜ʖ ͡°)","|-damage|p1a: Gooey ( ͡° ͜ʖ ͡°)|213/383 brn","|move|p1a: Gooey ( ͡° ͜ʖ ͡°)|Sludge Bomb|p2a: Rotom-Wash","|-damage|p2a: Rotom-Wash|105/303","|","|-heal|p2a: Rotom-Wash|123/303|[from] item: Leftovers","|-damage|p1a: Gooey ( ͡° ͜ʖ ͡°)|166/383 brn|[from] brn","|turn|17","|","|move|p2a: Rotom-Wash|Volt Switch|p1a: Gooey ( ͡° ͜ʖ ͡°)","|-resisted|p1a: Gooey ( ͡° ͜ʖ ͡°)","|-damage|p1a: Gooey ( ͡° ͜ʖ ͡°)|146/383 brn","|","|switch|p2a: Zapdos|Zapdos|148/383","|-ability|p2a: Zapdos|Pressure","|move|p1a: Gooey ( ͡° ͜ʖ ͡°)|Sludge Bomb|p2a: Zapdos","|-damage|p2a: Zapdos|24/383","|","|-heal|p2a: Zapdos|47/383|[from] item: Leftovers","|-damage|p1a: Gooey ( ͡° ͜ʖ ͡°)|99/383 brn|[from] brn","|turn|18","|","|move|p2a: Zapdos|Roost|p2a: Zapdos","|-heal|p2a: Zapdos|239/383","|move|p1a: Gooey ( ͡° ͜ʖ ͡°)|Dragon Pulse|p2a: Zapdos","|-damage|p2a: Zapdos|71/383","|","|-heal|p2a: Zapdos|94/383|[from] item: Leftovers","|-damage|p1a: Gooey ( ͡° ͜ʖ ͡°)|52/383 brn|[from] brn","|turn|19","|","|move|p2a: Zapdos|Roost|p2a: Zapdos","|-heal|p2a: Zapdos|286/383","|move|p1a: Gooey ( ͡° ͜ʖ ͡°)|Sludge Bomb|p2a: Zapdos","|-damage|p2a: Zapdos|171/383","|-status|p2a: Zapdos|psn","|","|-heal|p2a: Zapdos|194/383 psn|[from] item: Leftovers","|-damage|p2a: Zapdos|147/383 psn|[from] psn","|-damage|p1a: Gooey ( ͡° ͜ʖ ͡°)|5/383 brn|[from] brn","|turn|20","|","|move|p2a: Zapdos|Discharge|p1a: Gooey ( ͡° ͜ʖ ͡°)","|-resisted|p1a: Gooey ( ͡° ͜ʖ ͡°)","|-damage|p1a: Gooey ( ͡° ͜ʖ ͡°)|0 fnt","|faint|p1a: Gooey ( ͡° ͜ʖ ͡°)","|","|-heal|p2a: Zapdos|170/383 psn|[from] item: Leftovers","|-damage|p2a: Zapdos|123/383 psn|[from] psn","|","|switch|p1a: Jet Blue|Latios, M|271/301","|turn|21","|","|move|p1a: Jet Blue|Dragon Pulse|p2a: Zapdos","|-damage|p2a: Zapdos|0 fnt","|-damage|p1a: Jet Blue|241/301|[from] item: Life Orb","|faint|p2a: Zapdos","|","|","|switch|p2a: Thundurus|Thundurus, M|299/299","|turn|22","|","|switch|p1a: Jenna Marbles|Garchomp, M|420/420","|move|p2a: Thundurus|Knock Off|p1a: Jenna Marbles","|-damage|p1a: Jenna Marbles|324/420","|-damage|p2a: Thundurus|262/299|[from] ability: Rough Skin|[of] p1a: Jenna Marbles","|-damage|p2a: Thundurus|213/299|[from] item: Rocky Helmet|[of] p1a: Jenna Marbles","|-enditem|p1a: Jenna Marbles|Rocky Helmet|[from] move: Knock Off|[of] p2a: Thundurus","|-damage|p2a: Thundurus|184/299|[from] item: Life Orb","|","|turn|23","|","|move|p2a: Thundurus|Psychic|p1a: Jenna Marbles","|-damage|p1a: Jenna Marbles|163/420","|-unboost|p1a: Jenna Marbles|spd|1","|-damage|p2a: Thundurus|155/299|[from] item: Life Orb","|move|p1a: Jenna Marbles|Stealth Rock|p2a: Thundurus","|-sidestart|p2: V Psychic|move: Stealth Rock","|","|turn|24","|","|switch|p1a: Jet Blue|Latios, M|241/301","|move|p2a: Thundurus|Psychic|p1a: Jet Blue","|-resisted|p1a: Jet Blue","|-damage|p1a: Jet Blue|185/301","|-damage|p2a: Thundurus|126/299|[from] item: Life Orb","|","|turn|25","|","|move|p2a: Thundurus|Knock Off|p1a: Jet Blue","|-supereffective|p1a: Jet Blue","|-damage|p1a: Jet Blue|0 fnt","|-enditem|p1a: Jet Blue|Life Orb|[from] move: Knock Off|[of] p2a: Thundurus","|-damage|p2a: Thundurus|97/299|[from] item: Life Orb","|faint|p1a: Jet Blue","|","|","|switch|p1a: The Mailman|Dragonite, F|323/323","|turn|26","|","|move|p1a: The Mailman|Extreme Speed|p2a: Thundurus","|-damage|p2a: Thundurus|0 fnt","|faint|p2a: Thundurus","|","|","|switch|p2a: Manectric|Manectric, F|281/281","|-damage|p2a: Manectric|246/281|[from] Stealth Rock","|turn|27","|","|switch|p1a: Jenna Marbles|Garchomp, M|163/420","|detailschange|p2a: Manectric|Manectric-Mega, F","|-mega|p2a: Manectric|Manectric|Manectite","|-ability|p2a: Manectric|Intimidate","|-unboost|p1a: Jenna Marbles|atk|1","|move|p2a: Manectric|Discharge|p1a: Jenna Marbles","|-immune|p1a: Jenna Marbles|[msg]","|","|turn|28","|","|switch|p2a: Rotom-Wash|Rotom-Wash|123/303","|-damage|p2a: Rotom-Wash|86/303|[from] Stealth Rock","|move|p1a: Jenna Marbles|Dragon Tail|p2a: Rotom-Wash","|-damage|p2a: Rotom-Wash|32/303","|drag|p2a: Manectric|Manectric-Mega, F|246/281","|-damage|p2a: Manectric|211/281|[from] Stealth Rock","|-ability|p2a: Manectric|Intimidate","|-unboost|p1a: Jenna Marbles|atk|1","|","|turn|29","|","|move|p2a: Manectric|Hidden Power|p1a: Jenna Marbles","|-crit|p1a: Jenna Marbles","|-damage|p1a: Jenna Marbles|33/420","|move|p1a: Jenna Marbles|Earthquake|p2a: Manectric","|-supereffective|p2a: Manectric","|-damage|p2a: Manectric|43/281","|","|turn|30","|","|move|p2a: Manectric|Hidden Power|p1a: Jenna Marbles","|-damage|p1a: Jenna Marbles|0 fnt","|faint|p1a: Jenna Marbles","|","|","|switch|p1a: The Mailman|Dragonite, F|323/323","|turn|31","|","|switch|p2a: Rotom-Wash|Rotom-Wash|32/303","|-damage|p2a: Rotom-Wash|0 fnt|[from] Stealth Rock","|faint|p2a: Rotom-Wash","|move|p1a: The Mailman|Extreme Speed|p2: Rotom-Wash|[notarget]","|-notarget","|","|","|switch|p2a: Magnezone|Magnezone|281/281","|-damage|p2a: Magnezone|264/281|[from] Stealth Rock","|turn|32","|","|switch|p1a: Kaneki Ken|Kyurem-Black|273/391","|-ability|p1a: Kaneki Ken|Teravolt","|move|p2a: Magnezone|Flash Cannon|p1a: Kaneki Ken","|-supereffective|p1a: Kaneki Ken","|-damage|p1a: Kaneki Ken|0 fnt","|faint|p1a: Kaneki Ken","|","|","|switch|p1a: The Mailman|Dragonite, F|323/323","|turn|33","|","|move|p2a: Magnezone|Flash Cannon|p1a: The Mailman","|-damage|p1a: The Mailman|252/323","|move|p1a: The Mailman|Earthquake|p2a: Magnezone","|-supereffective|p2a: Magnezone","|-damage|p2a: Magnezone|0 fnt","|faint|p2a: Magnezone","|","|","|switch|p2a: Manectric|Manectric-Mega, F|43/281","|-damage|p2a: Manectric|8/281|[from] Stealth Rock","|-ability|p2a: Manectric|Intimidate","|-unboost|p1a: The Mailman|atk|1","|turn|34","|","|move|p2a: Manectric|Discharge|p1a: The Mailman","|-damage|p1a: The Mailman|105/323","|move|p1a: The Mailman|Earthquake|p2a: Manectric","|-supereffective|p2a: Manectric","|-damage|p2a: Manectric|0 fnt","|faint|p2a: Manectric","|","|win|Alliance-SeaHutch"],"p1rating":{"entryid":"6933655","serverid":"eos","formatid":"monotype","userid":"allianceseahutch","username":"Alliance-SeaHutch","w":31,"l":"5","t":"0","gxe":78.3,"r":"1722.2033487907","rd":"66.702334317651","sigma":"0","rptime":"1439024400","rpr":1745.0515328659,"rprd":63.545722853051,"rpsigma":"0","acre":1377.1642537189,"lacre":1377.1642537189,"oldacre":"1366.9118729679"},"p2rating":{"entryid":"7467690","serverid":"eos","formatid":"monotype","userid":"vpsychic","username":"V Psychic","w":"7","l":2,"t":"0","gxe":62.4,"r":"1590.5768731025","rd":"107.81252429981","sigma":"0","rptime":"1439024400","rpr":1598.8859269632,"rprd":90.726188277718,"rpsigma":"0","acre":1169.0454019915,"lacre":1169.0454019915,"oldacre":"1181.8608779302"},"endType":"normal"}