{"seed":[22812,36351,40823,38062],"turns":23,"p1":"SWL Neßki","p2":"BL4cK Dolphin검은돌고래","p1team":[{"name":"Volcarona","species":"Volcarona","item":"lumberry","ability":"Flame Body","moves":["quiverdance","bugbuzz","gigadrain","fierydance"],"nature":"Timid","evs":{"hp":248,"atk":0,"def":0,"spa":164,"spd":0,"spe":96},"gender":"F","ivs":{"hp":31,"atk":0,"def":31,"spa":31,"spd":31,"spe":31},"shiny":true},{"name":"Torkoal","species":"Torkoal","item":"leftovers","ability":"Shell Armor","moves":["yawn","stealthrock","rapidspin","lavaplume"],"nature":"Bold","evs":{"hp":252,"atk":0,"def":252,"spa":0,"spd":0,"spe":0},"gender":"M","ivs":{"hp":31,"atk":0,"def":31,"spa":31,"spd":31,"spe":31}},{"name":"FletchinCiel","species":"fletchinder","item":"","ability":"Gale Wings","moves":["tailwind","swordsdance","overheat","acrobatics"],"nature":"Naughty","evs":{"hp":232,"atk":252,"def":0,"spa":0,"spd":0,"spe":24},"ivs":{"hp":31,"atk":31,"def":31,"spa":31,"spd":31,"spe":31}},{"name":"Charizard","species":"Charizard","item":"charizarditey","ability":"Blaze","moves":["solarbeam","defog","earthquake","flamethrower"],"nature":"Modest","evs":{"hp":0,"atk":4,"def":0,"spa":252,"spd":0,"spe":252},"ivs":{"hp":31,"atk":31,"def":31,"spa":31,"spd":31,"spe":31}},{"name":"Infernape","species":"Infernape","item":"lifeorb","ability":"Blaze","moves":["hiddenpowerice","closecombat","flamethrower","vacuumwave"],"nature":"Naive","evs":{"hp":0,"atk":4,"def":0,"spa":252,"spd":0,"spe":252},"ivs":{"hp":31,"atk":30,"def":30,"spa":31,"spd":31,"spe":31}},{"name":"Arcanine","species":"Arcanine","item":"assaultvest","ability":"Intimidate","moves":["extremespeed","wildcharge","flareblitz","bulldoze"],"nature":"Adamant","evs":{"hp":248,"atk":252,"def":0,"spa":0,"spd":0,"spe":8},"ivs":{"hp":31,"atk":31,"def":31,"spa":31,"spd":31,"spe":31}}],"p2team":[{"name":"ラティオス","species":"latios","item":"choicescarf","ability":"Levitate","moves":["shadowball","dragonpulse","psyshock","icebeam"],"nature":"Timid","evs":{"hp":0,"atk":0,"def":4,"spa":252,"spd":0,"spe":252},"ivs":{"hp":31,"atk":0,"def":31,"spa":31,"spd":31,"spe":31}},{"name":"キュレム","species":"kyuremblack","item":"lifeorb","ability":"Teravolt","moves":["icebeam","outrage","fusionbolt","ironhead"],"nature":"Naive","evs":{"hp":0,"atk":100,"def":0,"spa":180,"spd":0,"spe":228},"shiny":true,"ivs":{"hp":31,"atk":31,"def":31,"spa":31,"spd":31,"spe":31}},{"name":"ボーマンダ","species":"salamence","item":"choicescarf","ability":"Moxie","moves":["outrage","aerialace","steelwing","earthquake"],"nature":"Jolly","evs":{"hp":0,"atk":252,"def":4,"spa":0,"spd":0,"spe":252},"ivs":{"hp":31,"atk":31,"def":31,"spa":31,"spd":31,"spe":31}},{"name":"サザンドラ","species":"hydreigon","item":"lifeorb","ability":"Levitate","moves":["darkpulse","flamethrower","dracometeor","flashcannon"],"nature":"Timid","evs":{"hp":0,"atk":0,"def":4,"spa":252,"spd":0,"spe":252},"shiny":true,"ivs":{"hp":31,"atk":31,"def":31,"spa":31,"spd":31,"spe":31}},{"name":"ガブリアス","species":"garchomp","item":"rockyhelmet","ability":"Rough Skin","moves":["stealthrock","earthquake","dragontail","endure"],"nature":"Impish","evs":{"hp":252,"atk":0,"def":232,"spa":0,"spd":24,"spe":0},"ivs":{"hp":31,"atk":31,"def":31,"spa":31,"spd":31,"spe":31}},{"name":"ラティアス","species":"latias","item":"latiasite","ability":"Levitate","moves":["calmmind","recover","psyshock","dragonbreath"],"nature":"Bold","evs":{"hp":252,"atk":0,"def":224,"spa":0,"spd":0,"spe":32},"ivs":{"hp":31,"atk":0,"def":31,"spa":31,"spd":31,"spe":31}}],"log":["|player|p1|SWL Neßki|swlneki.png","|player|p2|BL4cK Dolphin검은돌고래|alliancewutang.png","|gametype|singles","|gen|6","|tier|Monotype","|rated","|rule|Baton Pass Clause: Limit one Baton Passer, can't pass Spe and other stats simultaneously","|rule|Swagger Clause: Swagger is banned","|rule|Same Type Clause: Pokémon in a team must share a type","|clearpoke","|poke|p1|Volcarona, F, shiny","|poke|p1|Torkoal, M","|poke|p1|Fletchinder, F","|poke|p1|Charizard, M","|poke|p1|Infernape, F","|poke|p1|Arcanine, F","|poke|p2|Latios, M","|poke|p2|Kyurem-Black, shiny","|poke|p2|Salamence, F","|poke|p2|Hydreigon, F, shiny","|poke|p2|Garchomp, M","|poke|p2|Latias, F","|rule|Sleep Clause Mod: Limit one foe put to sleep","|rule|Species Clause: Limit one of each Pokémon","|rule|OHKO Clause: OHKO moves are banned","|rule|Moody Clause: Moody is banned","|rule|Evasion Moves Clause: Evasion moves are banned","|rule|Endless Battle Clause: Forcing endless battles is banned","|rule|HP Percentage Mod: HP is shown in percentages","|teampreview","|","|start","|switch|p1a: Torkoal|Torkoal, M|344/344","|switch|p2a: ガブリアス|Garchomp, M|420/420","|turn|1","|","|move|p2a: ガブリアス|Earthquake|p1a: Torkoal","|-supereffective|p1a: Torkoal","|-damage|p1a: Torkoal|188/344","|move|p1a: Torkoal|Yawn|p2a: ガブリアス","|-start|p2a: ガブリアス|move: Yawn|[of] p1a: Torkoal","|","|-heal|p1a: Torkoal|209/344|[from] item: Leftovers","|turn|2","|","|move|p2a: ガブリアス|Stealth Rock|p1a: Torkoal","|-sidestart|p1: SWL Neßki|move: Stealth Rock","|move|p1a: Torkoal|Stealth Rock|p2a: ガブリアス","|-sidestart|p2: BL4cK Dolphin검은돌고래|move: Stealth Rock","|","|-end|p2a: ガブリアス|move: Yawn|[silent]","|-status|p2a: ガブリアス|slp","|-heal|p1a: Torkoal|230/344|[from] item: Leftovers","|turn|3","|","|cant|p2a: ガブリアス|slp","|move|p1a: Torkoal|Rapid Spin|p2a: ガブリアス","|-damage|p2a: ガブリアス|411/420 slp","|-damage|p1a: Torkoal|187/344|[from] ability: Rough Skin|[of] p2a: ガブリアス","|-damage|p1a: Torkoal|130/344|[from] item: Rocky Helmet|[of] p2a: ガブリアス","|-sideend|p1: SWL Neßki|Stealth Rock|[from] move: Rapid Spin|[of] p1a: Torkoal","|","|-heal|p1a: Torkoal|151/344|[from] item: Leftovers","|turn|4","|","|switch|p1a: Charizard|Charizard, M|297/297","|cant|p2a: ガブリアス|slp","|","|turn|5","|","|detailschange|p1a: Charizard|Charizard-Mega-Y, M","|-mega|p1a: Charizard|Charizard|Charizardite Y","|-weather|SunnyDay","|move|p1a: Charizard|Flamethrower|p2a: ガブリアス","|-resisted|p2a: ガブリアス","|-damage|p2a: ガブリアス|246/420 slp","|-curestatus|p2a: ガブリアス|slp","|move|p2a: ガブリアス|Stealth Rock|p1a: Charizard","|-sidestart|p1: SWL Neßki|move: Stealth Rock","|","|-weather|SunnyDay|[upkeep]","|turn|6","|","|move|p1a: Charizard|Defog|p2a: ガブリアス","|-unboost|p2a: ガブリアス|evasion|1","|-sideend|p2: BL4cK Dolphin검은돌고래|Stealth Rock|[from] move: Defog|[of] p2a: ガブリアス","|-sideend|p1: SWL Neßki|Stealth Rock|[from] move: Defog|[of] p1a: Charizard","|move|p2a: ガブリアス|Dragon Tail|p1a: Charizard","|-damage|p1a: Charizard|186/297","|drag|p1a: Arcanine|Arcanine, F|383/383","|-ability|p1a: Arcanine|Intimidate","|-unboost|p2a: ガブリアス|atk|1","|","|-weather|SunnyDay|[upkeep]","|turn|7","|","|switch|p1a: Charizard|Charizard-Mega-Y, M|186/297","|move|p2a: ガブリアス|Stealth Rock|p1a: Charizard","|-sidestart|p1: SWL Neßki|move: Stealth Rock","|","|-weather|SunnyDay|[upkeep]","|turn|8","|","|move|p1a: Charizard|Defog|p2a: ガブリアス","|-unboost|p2a: ガブリアス|evasion|1","|-sideend|p1: SWL Neßki|Stealth Rock|[from] move: Defog|[of] p1a: Charizard","|move|p2a: ガブリアス|Dragon Tail|p1a: Charizard","|-damage|p1a: Charizard|107/297","|drag|p1a: Volcarona|Volcarona, F, shiny|373/373","|","|-weather|SunnyDay|[upkeep]","|turn|9","|","|switch|p1a: Charizard|Charizard-Mega-Y, M|107/297","|move|p2a: ガブリアス|Stealth Rock|p1a: Charizard","|-sidestart|p1: SWL Neßki|move: Stealth Rock","|","|-weather|none","|turn|10","|","|move|p1a: Charizard|Defog|p2a: ガブリアス","|-unboost|p2a: ガブリアス|evasion|1","|-sideend|p1: SWL Neßki|Stealth Rock|[from] move: Defog|[of] p1a: Charizard","|move|p2a: ガブリアス|Dragon Tail|p1a: Charizard","|-damage|p1a: Charizard|38/297","|drag|p1a: Infernape|Infernape, F|293/293","|","|turn|11","|","|move|p1a: Infernape|Hidden Power|p2a: ガブリアス","|-crit|p2a: ガブリアス","|-supereffective|p2a: ガブリアス","|-damage|p2a: ガブリアス|0 fnt","|-damage|p1a: Infernape|264/293|[from] item: Life Orb","|faint|p2a: ガブリアス","|","|","|switch|p2a: ラティオス|Latios, M|301/301","|turn|12","|","|switch|p1a: Torkoal|Torkoal, M|151/344","|move|p2a: ラティオス|Psyshock|p1a: Torkoal","|-damage|p1a: Torkoal|66/344","|","|-heal|p1a: Torkoal|87/344|[from] item: Leftovers","|turn|13","|","|move|p2a: ラティオス|Psyshock|p1a: Torkoal","|-damage|p1a: Torkoal|8/344","|move|p1a: Torkoal|Stealth Rock|p2a: ラティオス","|-sidestart|p2: BL4cK Dolphin검은돌고래|move: Stealth Rock","|","|-heal|p1a: Torkoal|29/344|[from] item: Leftovers","|turn|14","|","|move|p2a: ラティオス|Psyshock|p1a: Torkoal","|-damage|p1a: Torkoal|0 fnt","|faint|p1a: Torkoal","|","|","|switch|p1a: Volcarona|Volcarona, F, shiny|373/373","|turn|15","|","|move|p2a: ラティオス|Psyshock|p1a: Volcarona","|-damage|p1a: Volcarona|183/373","|move|p1a: Volcarona|Bug Buzz|p2a: ラティオス","|-supereffective|p2a: ラティオス","|-damage|p2a: ラティオス|19/301","|","|turn|16","|","|move|p2a: ラティオス|Psyshock|p1a: Volcarona","|-damage|p1a: Volcarona|0 fnt","|faint|p1a: Volcarona","|","|","|switch|p1a: Arcanine|Arcanine, F|383/383","|-ability|p1a: Arcanine|Intimidate","|-unboost|p2a: ラティオス|atk|1","|turn|17","|","|move|p1a: Arcanine|Extreme Speed|p2a: ラティオス","|-damage|p2a: ラティオス|0 fnt","|faint|p2a: ラティオス","|","|","|switch|p2a: サザンドラ|Hydreigon, F, shiny|325/325","|-damage|p2a: サザンドラ|285/325|[from] Stealth Rock","|turn|18","|","|switch|p1a: Charizard|Charizard-Mega-Y, M|38/297","|-weather|SunnyDay","|move|p2a: サザンドラ|Draco Meteor|p1a: Charizard","|-damage|p1a: Charizard|0 fnt","|-unboost|p2a: サザンドラ|spa|2","|-damage|p2a: サザンドラ|253/325|[from] item: Life Orb","|faint|p1a: Charizard","|","|-weather|SunnyDay|[upkeep]","|","|switch|p1a: FletchinCiel|Fletchinder, F|323/323","|turn|19","|","|switch|p2a: キュレム|Kyurem-Black, shiny|391/391","|-damage|p2a: キュレム|294/391|[from] Stealth Rock","|-ability|p2a: キュレム|Teravolt","|move|p1a: FletchinCiel|Swords Dance|p1a: FletchinCiel","|-boost|p1a: FletchinCiel|atk|2","|","|-weather|SunnyDay|[upkeep]","|turn|20","|","|move|p1a: FletchinCiel|Acrobatics|p2a: キュレム","|-damage|p2a: キュレム|21/391","|move|p2a: キュレム|Fusion Bolt|p1a: FletchinCiel","|-supereffective|p1a: FletchinCiel","|-damage|p1a: FletchinCiel|0 fnt","|-damage|p2a: キュレム|0 fnt|[from] item: Life Orb","|faint|p1a: FletchinCiel","|faint|p2a: キュレム","|","|-weather|SunnyDay|[upkeep]","|","|switch|p1a: Infernape|Infernape, F|264/293","|switch|p2a: サザンドラ|Hydreigon, F, shiny|253/325","|-damage|p2a: サザンドラ|213/325|[from] Stealth Rock","|turn|21","|","|move|p1a: Infernape|Close Combat|p2a: サザンドラ","|-supereffective|p2a: サザンドラ","|-damage|p2a: サザンドラ|0 fnt","|-unboost|p1a: Infernape|def|1","|-unboost|p1a: Infernape|spd|1","|-damage|p1a: Infernape|235/293|[from] item: Life Orb","|faint|p2a: サザンドラ","|","|-weather|SunnyDay|[upkeep]","|","|switch|p2a: ボーマンダ|Salamence, F|331/331","|-damage|p2a: ボーマンダ|249/331|[from] Stealth Rock","|turn|22","|","|move|p2a: ボーマンダ|Earthquake|p1a: Infernape","|-supereffective|p1a: Infernape","|-damage|p1a: Infernape|0 fnt","|faint|p1a: Infernape","|-boost|p2a: ボーマンダ|atk|1|[from] ability: Moxie","|","|-weather|none","|","|switch|p1a: Arcanine|Arcanine, F|383/383","|-ability|p1a: Arcanine|Intimidate","|-unboost|p2a: ボーマンダ|atk|1","|turn|23","|","|move|p2a: ボーマンダ|Earthquake|p1a: Arcanine","|-crit|p1a: Arcanine","|-supereffective|p1a: Arcanine","|-damage|p1a: Arcanine|0 fnt","|faint|p1a: Arcanine","|-boost|p2a: ボーマンダ|atk|1|[from] ability: Moxie","|","|win|BL4cK Dolphin검은돌고래"],"p1rating":{"entryid":"6746789","serverid":"eos","formatid":"monotype","userid":"swlneki","username":"SWL Neßki","w":"32","l":16,"t":"0","gxe":67.3,"r":"1647.4381365796","rd":"53.971461871233","sigma":"0","rptime":"1438938000","rpr":1637.5926541907,"rprd":52.34209422587,"rpsigma":"0","acre":1295.64948734,"lacre":1295.64948734,"oldacre":"1329.2872613031"},"p2rating":{"entryid":"7481072","serverid":"eos","formatid":"monotype","userid":"bl4ckdolphin","username":"BL4cK Dolphin검은돌고래","w":2,"l":"2","t":"0","gxe":52.7,"r":"1500","rd":"130","sigma":"0","rptime":"1438938000","rpr":1521.6253042657,"rprd":106.15601381686,"rpsigma":"0","acre":1097.1842157372,"lacre":1097.1842157372,"oldacre":"1040"},"endType":"normal"}