{"seed":[17044,23272,56440,60112],"turns":24,"p1":"Defender of Sinnoh","p2":"voidchrono","p1team":[{"name":"Torterra","species":"Torterra","item":"assaultvest","ability":"Overgrow","moves":["earthquake","stoneedge","seedbomb","crunch"],"nature":"Adamant","evs":{"hp":248,"atk":252,"def":0,"spa":0,"spd":8,"spe":0},"ivs":{"hp":31,"atk":31,"def":31,"spa":31,"spd":31,"spe":31}},{"name":"Garchomp","species":"Garchomp","item":"rockyhelmet","ability":"Rough Skin","moves":["earthquake","dragonclaw","stealthrock","stoneedge"],"nature":"Jolly","evs":{"hp":0,"atk":252,"def":0,"spa":0,"spd":4,"spe":252},"ivs":{"hp":31,"atk":31,"def":31,"spa":31,"spd":31,"spe":31}},{"name":"Camerupt","species":"Camerupt","item":"cameruptite","ability":"Magma Armor","moves":["earthpower","flamethrower","willowisp","ancientpower"],"nature":"Modest","evs":{"hp":248,"atk":0,"def":0,"spa":252,"spd":8,"spe":0},"shiny":true,"ivs":{"hp":31,"atk":31,"def":31,"spa":31,"spd":31,"spe":31}},{"name":"Claydol","species":"Claydol","item":"leftovers","ability":"Levitate","moves":["cosmicpower","chargebeam","rapidspin","stealthrock"],"nature":"Calm","evs":{"hp":252,"atk":0,"def":0,"spa":4,"spd":252,"spe":0},"ivs":{"hp":31,"atk":31,"def":31,"spa":31,"spd":31,"spe":31}},{"name":"Gastrodon","species":"Gastrodon","item":"leftovers","ability":"Storm Drain","moves":["earthpower","scald","recover","toxic"],"nature":"Bold","evs":{"hp":248,"atk":0,"def":252,"spa":8,"spd":0,"spe":0},"ivs":{"hp":31,"atk":31,"def":31,"spa":31,"spd":31,"spe":31}},{"name":"Mamoswine","species":"Mamoswine","item":"focussash","ability":"Thick Fat","moves":["iceshard","iciclecrash","earthquake","knockoff"],"nature":"Adamant","evs":{"hp":248,"atk":252,"def":0,"spa":0,"spd":8,"spe":0},"ivs":{"hp":31,"atk":31,"def":31,"spa":31,"spd":31,"spe":31}}],"p2team":[{"name":"Garchomp","species":"Garchomp","item":"rockyhelmet","ability":"Rough Skin","moves":["stealthrock","earthquake","fireblast","endure"],"nature":"Relaxed","evs":{"hp":252,"atk":0,"def":252,"spa":0,"spd":4,"spe":0},"ivs":{"hp":31,"atk":31,"def":31,"spa":31,"spd":31,"spe":31}},{"name":"Altaria","species":"Altaria","item":"altarianite","ability":"Natural Cure","moves":["dragondance","frustration","roost","healbell"],"nature":"Adamant","evs":{"hp":4,"atk":252,"def":0,"spa":0,"spd":0,"spe":252},"happiness":0,"ivs":{"hp":31,"atk":31,"def":31,"spa":31,"spd":31,"spe":31}},{"name":"Latias","species":"Latias","item":"lifeorb","ability":"Levitate","moves":["defog","healingwish","psyshock","dracometeor"],"nature":"Timid","evs":{"hp":0,"atk":0,"def":0,"spa":252,"spd":4,"spe":252},"ivs":{"hp":31,"atk":31,"def":31,"spa":31,"spd":31,"spe":31}},{"name":"Latios","species":"Latios","item":"choicescarf","ability":"Levitate","moves":["dracometeor","psyshock","hiddenpowerfire","trick"],"nature":"Timid","evs":{"hp":0,"atk":0,"def":0,"spa":252,"spd":4,"spe":252},"ivs":{"hp":31,"atk":30,"def":31,"spa":30,"spd":31,"spe":30}},{"name":"Dragonite","species":"Dragonite","item":"choiceband","ability":"Multiscale","moves":["outrage","firepunch","superpower","extremespeed"],"nature":"Adamant","evs":{"hp":0,"atk":252,"def":0,"spa":0,"spd":4,"spe":252},"ivs":{"hp":31,"atk":31,"def":31,"spa":31,"spd":31,"spe":31}},{"name":"Kyurem-Black","species":"Kyurem-Black","item":"lifeorb","ability":"Teravolt","moves":["outrage","fusionbolt","ironhead","icebeam"],"nature":"Naughty","evs":{"hp":192,"atk":252,"def":0,"spa":8,"spd":0,"spe":56},"ivs":{"hp":31,"atk":31,"def":31,"spa":31,"spd":31,"spe":31}}],"log":["|player|p1|Defender of Sinnoh|25","|player|p2|voidchrono|voidchrono.png","|gametype|singles","|gen|6","|tier|Monotype","|rated","|rule|Baton Pass Clause: Limit one Baton Passer, can't pass Spe and other stats simultaneously","|rule|Swagger Clause: Swagger is banned","|rule|Same Type Clause: Pokémon in a team must share a type","|clearpoke","|poke|p1|Torterra, F","|poke|p1|Garchomp, M","|poke|p1|Camerupt, M, shiny","|poke|p1|Claydol","|poke|p1|Gastrodon, M","|poke|p1|Mamoswine, F","|poke|p2|Garchomp, M","|poke|p2|Altaria, M","|poke|p2|Latias, F","|poke|p2|Latios, M","|poke|p2|Dragonite, M","|poke|p2|Kyurem-Black","|rule|Sleep Clause Mod: Limit one foe put to sleep","|rule|Species Clause: Limit one of each Pokémon","|rule|OHKO Clause: OHKO moves are banned","|rule|Moody Clause: Moody is banned","|rule|Evasion Moves Clause: Evasion moves are banned","|rule|Endless Battle Clause: Forcing endless battles is banned","|rule|HP Percentage Mod: HP is shown in percentages","|teampreview","|","|start","|switch|p1a: Gastrodon|Gastrodon, M|425/425","|switch|p2a: Garchomp|Garchomp, M|420/420","|turn|1","|","|move|p2a: Garchomp|Stealth Rock|p1a: Gastrodon","|-sidestart|p1: Defender of Sinnoh|move: Stealth Rock","|move|p1a: Gastrodon|Scald|p2a: Garchomp","|-damage|p2a: Garchomp|323/420","|","|turn|2","|","|switch|p2a: Altaria|Altaria, M|292/292","|move|p1a: Gastrodon|Scald|p2a: Altaria","|-resisted|p2a: Altaria","|-damage|p2a: Altaria|250/292","|-status|p2a: Altaria|brn","|","|-damage|p2a: Altaria|214/292 brn|[from] brn","|turn|3","|","|detailschange|p2a: Altaria|Altaria-Mega, M","|-mega|p2a: Altaria|Altaria|Altarianite","|move|p2a: Altaria|Dragon Dance|p2a: Altaria","|-boost|p2a: Altaria|atk|1","|-boost|p2a: Altaria|spe|1","|move|p1a: Gastrodon|Scald|p2a: Altaria","|-resisted|p2a: Altaria","|-damage|p2a: Altaria|171/292 brn","|","|-damage|p2a: Altaria|135/292 brn|[from] brn","|turn|4","|","|move|p2a: Altaria|Roost|p2a: Altaria","|-heal|p2a: Altaria|281/292 brn","|move|p1a: Gastrodon|Earth Power|p2a: Altaria","|-damage|p2a: Altaria|193/292 brn","|","|-damage|p2a: Altaria|157/292 brn|[from] brn","|turn|5","|","|move|p2a: Altaria|Heal Bell|p2a: Altaria","|-cureteam|p2a: Altaria|[from] move: HealBell","|move|p1a: Gastrodon|Earth Power|p2a: Altaria","|-damage|p2a: Altaria|67/292","|","|turn|6","|","|move|p2a: Altaria|Roost|p2a: Altaria","|-heal|p2a: Altaria|213/292","|move|p1a: Gastrodon|Toxic|p2a: Altaria","|-status|p2a: Altaria|tox","|","|-damage|p2a: Altaria|195/292 tox|[from] psn","|turn|7","|","|move|p2a: Altaria|Dragon Dance|p2a: Altaria","|-boost|p2a: Altaria|atk|1","|-boost|p2a: Altaria|spe|1","|move|p1a: Gastrodon|Earth Power|p2a: Altaria","|-crit|p2a: Altaria","|-damage|p2a: Altaria|42/292 tox","|","|-damage|p2a: Altaria|6/292 tox|[from] psn","|turn|8","|","|move|p2a: Altaria|Roost|p2a: Altaria","|-heal|p2a: Altaria|152/292 tox","|move|p1a: Gastrodon|Earth Power|p2a: Altaria","|-damage|p2a: Altaria|58/292 tox","|","|-damage|p2a: Altaria|4/292 tox|[from] psn","|turn|9","|","|move|p2a: Altaria|Frustration|p1a: Gastrodon","|-damage|p1a: Gastrodon|0 fnt","|faint|p1a: Gastrodon","|","|-damage|p2a: Altaria|0 fnt|[from] psn","|faint|p2a: Altaria","|","|switch|p2a: Kyurem-Black|Kyurem-Black|439/439","|switch|p1a: Claydol|Claydol|324/324","|-ability|p2a: Kyurem-Black|Teravolt","|-damage|p1a: Claydol|304/324|[from] Stealth Rock","|turn|10","|","|move|p2a: Kyurem-Black|Ice Beam|p1a: Claydol","|-supereffective|p1a: Claydol","|-damage|p1a: Claydol|106/324","|-damage|p2a: Kyurem-Black|396/439|[from] item: Life Orb","|move|p1a: Claydol|Rapid Spin|p2a: Kyurem-Black","|-damage|p2a: Kyurem-Black|385/439","|-sideend|p1: Defender of Sinnoh|Stealth Rock|[from] move: Rapid Spin|[of] p1a: Claydol","|","|-heal|p1a: Claydol|126/324|[from] item: Leftovers","|turn|11","|","|move|p2a: Kyurem-Black|Ice Beam|p1a: Claydol","|-supereffective|p1a: Claydol","|-damage|p1a: Claydol|0 fnt","|-damage|p2a: Kyurem-Black|342/439|[from] item: Life Orb","|faint|p1a: Claydol","|","|","|switch|p1a: Garchomp|Garchomp, M|357/357","|turn|12","|","|switch|p2a: Garchomp|Garchomp, M|323/420","|move|p1a: Garchomp|Dragon Claw|p2a: Garchomp","|-crit|p2a: Garchomp","|-supereffective|p2a: Garchomp","|-damage|p2a: Garchomp|0 fnt","|-damage|p1a: Garchomp|313/357|[from] ability: Rough Skin|[of] p2a: Garchomp","|-damage|p1a: Garchomp|254/357|[from] item: Rocky Helmet|[of] p2a: Garchomp","|faint|p2a: Garchomp","|","|","|switch|p2a: Latios|Latios, M|301/301","|turn|13","|","|switch|p1a: Camerupt|Camerupt, M, shiny|343/343","|move|p2a: Latios|Draco Meteor|p1a: Camerupt","|-damage|p1a: Camerupt|78/343","|-unboost|p2a: Latios|spa|2","|","|turn|14","|","|detailschange|p1a: Camerupt|Camerupt-Mega, M, shiny","|-mega|p1a: Camerupt|Camerupt|Cameruptite","|move|p2a: Latios|Draco Meteor|p1a: Camerupt|[miss]","|-miss|p2a: Latios|p1a: Camerupt","|move|p1a: Camerupt|Ancient Power|p2a: Latios","|-damage|p2a: Latios|193/301","|","|turn|15","|","|move|p2a: Latios|Draco Meteor|p1a: Camerupt","|-damage|p1a: Camerupt|0 fnt","|-unboost|p2a: Latios|spa|2","|faint|p1a: Camerupt","|","|","|switch|p1a: Mamoswine|Mamoswine, F|423/423","|turn|16","|","|move|p1a: Mamoswine|Ice Shard|p2a: Latios","|-supereffective|p2a: Latios","|-damage|p2a: Latios|13/301","|move|p2a: Latios|Draco Meteor|p1a: Mamoswine|[miss]","|-miss|p2a: Latios|p1a: Mamoswine","|","|turn|17","|","|move|p1a: Mamoswine|Ice Shard|p2a: Latios","|-supereffective|p2a: Latios","|-damage|p2a: Latios|0 fnt","|faint|p2a: Latios","|","|","|switch|p2a: Latias|Latias, F|301/301","|turn|18","|","|switch|p1a: Torterra|Torterra, F|393/393","|move|p2a: Latias|Draco Meteor|p1a: Torterra","|-damage|p1a: Torterra|205/393","|-unboost|p2a: Latias|spa|2","|-damage|p2a: Latias|271/301|[from] item: Life Orb","|","|turn|19","|","|switch|p2a: Kyurem-Black|Kyurem-Black|342/439","|-ability|p2a: Kyurem-Black|Teravolt","|move|p1a: Torterra|Crunch|p2a: Kyurem-Black","|-damage|p2a: Kyurem-Black|253/439","|","|turn|20","|","|move|p2a: Kyurem-Black|Ice Beam|p1a: Torterra","|-supereffective|p1a: Torterra","|-damage|p1a: Torterra|0 fnt","|-damage|p2a: Kyurem-Black|210/439|[from] item: Life Orb","|faint|p1a: Torterra","|","|","|switch|p1a: Garchomp|Garchomp, M|254/357","|turn|21","|","|move|p1a: Garchomp|Dragon Claw|p2a: Kyurem-Black","|-supereffective|p2a: Kyurem-Black","|-damage|p2a: Kyurem-Black|0 fnt","|faint|p2a: Kyurem-Black","|","|","|switch|p2a: Latias|Latias, F|271/301","|turn|22","|","|move|p2a: Latias|Draco Meteor|p1a: Garchomp","|-supereffective|p1a: Garchomp","|-damage|p1a: Garchomp|0 fnt","|-unboost|p2a: Latias|spa|2","|-damage|p2a: Latias|241/301|[from] item: Life Orb","|faint|p1a: Garchomp","|","|","|switch|p1a: Mamoswine|Mamoswine, F|423/423","|turn|23","|","|move|p2a: Latias|Psyshock|p1a: Mamoswine","|-damage|p1a: Mamoswine|326/423","|-damage|p2a: Latias|211/301|[from] item: Life Orb","|move|p1a: Mamoswine|Icicle Crash|p2a: Latias","|-supereffective|p2a: Latias","|-damage|p2a: Latias|0 fnt","|faint|p2a: Latias","|","|","|switch|p2a: Dragonite|Dragonite, M|323/323","|turn|24","|","|move|p2a: Dragonite|Outrage|p1a: Mamoswine","|-damage|p1a: Mamoswine|0 fnt","|faint|p1a: Mamoswine","|","|win|voidchrono"],"p1rating":{"entryid":"6083148","serverid":"eos","formatid":"monotype","userid":"defenderofsinnoh","username":"Defender Of Sinnoh","w":"43","l":55,"t":"0","gxe":44.5,"r":"1460.9710750718","rd":"42.633885986167","sigma":"0","rptime":"1439024400","rpr":1457.8112017854,"rprd":42.365821843123,"rpsigma":"0","acre":1122.0924846247,"lacre":1122.0924846247,"oldacre":"1144.2479025559"},"p2rating":{"entryid":"5810362","serverid":"eos","formatid":"monotype","userid":"voidchrono","username":"Void Chrono ת_תת_ת","w":130,"l":"72","t":"0","gxe":63.5,"r":"1602.8165612669","rd":"31.64912856797","sigma":"0","rptime":"1439024400","rpr":1604.564727841,"rprd":31.539747145748,"rpsigma":"0","acre":1206.1076232702,"lacre":1206.1076232702,"oldacre":"1183.952205339"},"endType":"normal"}