{"seed":[57458,44599,33387,18462],"turns":31,"p1":"Intern Twizz","p2":"Jake1079","p1team":[{"name":"Rotom-Wash","species":"Rotom-Wash","item":"choicescarf","ability":"Levitate","moves":["hydropump","voltswitch","trick","willowisp"],"nature":"Timid","evs":{"hp":0,"atk":0,"def":0,"spa":252,"spd":4,"spe":252},"ivs":{"hp":31,"atk":31,"def":31,"spa":31,"spd":31,"spe":31}},{"name":"Zapdos","species":"Zapdos","item":"leftovers","ability":"Pressure","moves":["toxic","roost","discharge","heatwave"],"nature":"Bold","evs":{"hp":0,"atk":0,"def":252,"spa":56,"spd":200,"spe":0},"ivs":{"hp":31,"atk":31,"def":31,"spa":31,"spd":31,"spe":31}},{"name":"Ampharos","species":"Ampharos","item":"ampharosite","ability":"Static","moves":["cottonguard","rest","sleeptalk","dragonpulse"],"nature":"Bold","evs":{"hp":0,"atk":0,"def":252,"spa":136,"spd":120,"spe":0},"ivs":{"hp":31,"atk":31,"def":31,"spa":31,"spd":31,"spe":31}},{"name":"Raikou","species":"Raikou","item":"leftovers","ability":"Pressure","moves":["substitute","calmmind","extrasensory","thunderbolt"],"nature":"Timid","evs":{"hp":0,"atk":0,"def":0,"spa":252,"spd":4,"spe":252},"ivs":{"hp":31,"atk":31,"def":31,"spa":31,"spd":31,"spe":31}},{"name":"Eelektross","species":"Eelektross","item":"assaultvest","ability":"Levitate","moves":["knockoff","drainpunch","gigadrain","thunderbolt"],"nature":"Brave","evs":{"hp":0,"atk":36,"def":0,"spa":220,"spd":252,"spe":0},"ivs":{"hp":31,"atk":31,"def":31,"spa":31,"spd":31,"spe":31}},{"name":"Magnezone","species":"Magnezone","item":"leftovers","ability":"Sturdy","moves":["flashcannon","thunderbolt","protect","hiddenpowerice"],"nature":"Modest","evs":{"hp":76,"atk":0,"def":180,"spa":252,"spd":0,"spe":0},"ivs":{"hp":31,"atk":30,"def":30,"spa":31,"spd":31,"spe":31}}],"p2team":[{"name":"Aggron","species":"Aggron","item":"aggronite","ability":"Sturdy","moves":["thunderwave","earthquake","ironhead","endeavor"],"nature":"Adamant","evs":{"hp":252,"atk":68,"def":12,"spa":0,"spd":176,"spe":0},"ivs":{"hp":31,"atk":31,"def":31,"spa":31,"spd":31,"spe":31}},{"name":"Empoleon","species":"Empoleon","item":"choicespecs","ability":"Torrent","moves":["icebeam","scald","flashcannon","hiddenpowerfire"],"nature":"Modest","evs":{"hp":252,"atk":0,"def":0,"spa":252,"spd":4,"spe":0},"ivs":{"hp":31,"atk":30,"def":31,"spa":30,"spd":31,"spe":30}},{"name":"Heatran","species":"Heatran","item":"airballoon","ability":"Flash Fire","moves":["darkpulse","earthpower","flamethrower","flashcannon"],"nature":"Modest","evs":{"hp":252,"atk":0,"def":0,"spa":252,"spd":4,"spe":0},"ivs":{"hp":31,"atk":31,"def":31,"spa":31,"spd":31,"spe":31}},{"name":"Excadrill","species":"Excadrill","item":"choicescarf","ability":"Mold Breaker","moves":["earthquake","rockslide","xscissor","ironhead"],"nature":"Jolly","evs":{"hp":0,"atk":252,"def":0,"spa":0,"spd":4,"spe":252},"ivs":{"hp":31,"atk":31,"def":31,"spa":31,"spd":31,"spe":31}},{"name":"Doublade","species":"Doublade","item":"eviolite","ability":"No Guard","moves":["swordsdance","shadowsneak","sacredsword","shadowclaw"],"nature":"Adamant","evs":{"hp":248,"atk":252,"def":0,"spa":0,"spd":8,"spe":0},"ivs":{"hp":31,"atk":31,"def":31,"spa":31,"spd":31,"spe":31}},{"name":"Ferrothorn","species":"Ferrothorn","item":"rockyhelmet","ability":"Iron Barbs","moves":["gyroball","leechseed","thunderwave","protect"],"nature":"Relaxed","evs":{"hp":248,"atk":8,"def":252,"spa":0,"spd":0,"spe":0},"ivs":{"hp":31,"atk":31,"def":31,"spa":31,"spd":31,"spe":0}}],"log":["|player|p1|Intern Twizz|161","|player|p2|Jake1079|150","|gametype|singles","|gen|6","|tier|Monotype","|rated","|rule|Baton Pass Clause: Limit one Baton Passer, can't pass Spe and other stats simultaneously","|rule|Swagger Clause: Swagger is banned","|rule|Same Type Clause: Pokémon in a team must share a type","|clearpoke","|poke|p1|Rotom-Wash","|poke|p1|Zapdos","|poke|p1|Ampharos, F","|poke|p1|Raikou","|poke|p1|Eelektross, M","|poke|p1|Magnezone","|poke|p2|Aggron, M","|poke|p2|Empoleon, F","|poke|p2|Heatran, M","|poke|p2|Excadrill, F","|poke|p2|Doublade, M","|poke|p2|Ferrothorn, M","|rule|Sleep Clause Mod: Limit one foe put to sleep","|rule|Species Clause: Limit one of each Pokémon","|rule|OHKO Clause: OHKO moves are banned","|rule|Moody Clause: Moody is banned","|rule|Evasion Moves Clause: Evasion moves are banned","|rule|Endless Battle Clause: Forcing endless battles is banned","|rule|HP Percentage Mod: HP is shown in percentages","|teampreview","|","|start","|switch|p1a: Rotom-Wash|Rotom-Wash|241/241","|switch|p2a: Aggron|Aggron, M|344/344","|turn|1","|","|switch|p2a: Empoleon|Empoleon, F|372/372","|move|p1a: Rotom-Wash|Will-O-Wisp|p2a: Empoleon","|-status|p2a: Empoleon|brn","|","|-damage|p2a: Empoleon|326/372 brn|[from] brn","|turn|2","|","|switch|p1a: Ampharos|Ampharos, F|321/321","|move|p2a: Empoleon|Scald|p1a: Ampharos","|-damage|p1a: Ampharos|120/321","|","|-damage|p2a: Empoleon|280/372 brn|[from] brn","|turn|3","|","|switch|p1a: Magnezone|Magnezone|300/300","|move|p2a: Empoleon|Scald|p1a: Magnezone","|-damage|p1a: Magnezone|89/300","|-status|p1a: Magnezone|brn","|","|-heal|p1a: Magnezone|107/300 brn|[from] item: Leftovers","|-damage|p1a: Magnezone|70/300 brn|[from] brn","|-damage|p2a: Empoleon|234/372 brn|[from] brn","|turn|4","|","|move|p1a: Magnezone|Thunderbolt|p2a: Empoleon","|-supereffective|p2a: Empoleon","|-damage|p2a: Empoleon|0 fnt","|faint|p2a: Empoleon","|","|-heal|p1a: Magnezone|88/300 brn|[from] item: Leftovers","|-damage|p1a: Magnezone|51/300 brn|[from] brn","|","|switch|p2a: Doublade|Doublade, M|321/321","|turn|5","|","|move|p2a: Doublade|Shadow Sneak|p1a: Magnezone","|-damage|p1a: Magnezone|0 fnt","|faint|p1a: Magnezone","|","|","|switch|p1a: Ampharos|Ampharos, F|120/321","|turn|6","|","|detailschange|p1a: Ampharos|Ampharos-Mega, F","|-mega|p1a: Ampharos|Ampharos|Ampharosite","|-ability|p1a: Ampharos|Mold Breaker","|move|p1a: Ampharos|Rest|p1a: Ampharos","|-status|p1a: Ampharos|slp","|-heal|p1a: Ampharos|321/321 slp|[silent]","|-status|p1a: Ampharos|slp|[from] move: Rest","|move|p2a: Doublade|Shadow Claw|p1a: Ampharos","|-damage|p1a: Ampharos|231/321 slp","|","|turn|7","|","|cant|p1a: Ampharos|slp","|move|p1a: Ampharos|Sleep Talk|p1a: Ampharos","|move|p1a: Ampharos|Dragon Pulse|p2a: Doublade|[from]Sleep Talk","|-resisted|p2a: Doublade","|-damage|p2a: Doublade|225/321","|move|p2a: Doublade|Swords Dance|p2a: Doublade","|-boost|p2a: Doublade|atk|2","|","|turn|8","|","|cant|p1a: Ampharos|slp","|move|p1a: Ampharos|Sleep Talk|p1a: Ampharos","|move|p1a: Ampharos|Dragon Pulse|p2a: Doublade|[from]Sleep Talk","|-resisted|p2a: Doublade","|-damage|p2a: Doublade|123/321","|move|p2a: Doublade|Swords Dance|p2a: Doublade","|-boost|p2a: Doublade|atk|2","|","|turn|9","|","|-curestatus|p1a: Ampharos|slp","|move|p1a: Ampharos|Cotton Guard|p1a: Ampharos","|-boost|p1a: Ampharos|def|3","|move|p2a: Doublade|Shadow Claw|p1a: Ampharos","|-damage|p1a: Ampharos|132/321","|","|turn|10","|","|move|p1a: Ampharos|Dragon Pulse|p2a: Doublade","|-resisted|p2a: Doublade","|-damage|p2a: Doublade|24/321","|move|p2a: Doublade|Shadow Claw|p1a: Ampharos","|-damage|p1a: Ampharos|30/321","|","|turn|11","|","|move|p2a: Doublade|Shadow Sneak|p1a: Ampharos","|-damage|p1a: Ampharos|0 fnt","|faint|p1a: Ampharos","|","|","|switch|p1a: Zapdos|Zapdos|321/321","|-ability|p1a: Zapdos|Pressure","|turn|12","|","|move|p2a: Doublade|Shadow Sneak|p1a: Zapdos","|-damage|p1a: Zapdos|164/321","|move|p1a: Zapdos|Discharge|p2a: Doublade","|-damage|p2a: Doublade|0 fnt","|faint|p2a: Doublade","|","|-heal|p1a: Zapdos|184/321|[from] item: Leftovers","|","|switch|p2a: Excadrill|Excadrill, F|361/361","|-ability|p2a: Excadrill|Mold Breaker","|turn|13","|","|move|p2a: Excadrill|Rock Slide|p1a: Zapdos","|-miss|p2a: Excadrill|p1a: Zapdos","|move|p1a: Zapdos|Roost|p1a: Zapdos","|-heal|p1a: Zapdos|321/321","|","|turn|14","|","|move|p2a: Excadrill|Rock Slide|p1a: Zapdos","|-supereffective|p1a: Zapdos","|-damage|p1a: Zapdos|169/321","|move|p1a: Zapdos|Heat Wave|p2a: Excadrill","|-supereffective|p2a: Excadrill","|-damage|p2a: Excadrill|81/361","|","|-heal|p1a: Zapdos|189/321|[from] item: Leftovers","|turn|15","|","|move|p2a: Excadrill|Rock Slide|p1a: Zapdos","|-supereffective|p1a: Zapdos","|-damage|p1a: Zapdos|51/321","|move|p1a: Zapdos|Roost|p1a: Zapdos","|-heal|p1a: Zapdos|212/321","|","|-heal|p1a: Zapdos|232/321|[from] item: Leftovers","|turn|16","|","|move|p2a: Excadrill|Rock Slide|p1a: Zapdos","|-supereffective|p1a: Zapdos","|-damage|p1a: Zapdos|92/321","|cant|p1a: Zapdos|flinch","|","|-heal|p1a: Zapdos|112/321|[from] item: Leftovers","|turn|17","|","|switch|p1a: Rotom-Wash|Rotom-Wash|241/241","|move|p2a: Excadrill|Rock Slide|p1a: Rotom-Wash","|-damage|p1a: Rotom-Wash|148/241","|","|turn|18","|","|switch|p2a: Ferrothorn|Ferrothorn, M|351/351","|move|p1a: Rotom-Wash|Will-O-Wisp|p2a: Ferrothorn","|-status|p2a: Ferrothorn|brn","|","|-damage|p2a: Ferrothorn|308/351 brn|[from] brn","|turn|19","|","|switch|p1a: Zapdos|Zapdos|112/321","|-ability|p1a: Zapdos|Pressure","|move|p2a: Ferrothorn|Leech Seed|p1a: Zapdos","|-start|p1a: Zapdos|move: Leech Seed","|","|-heal|p1a: Zapdos|132/321|[from] item: Leftovers","|-damage|p1a: Zapdos|92/321|[from] Leech Seed|[of] p2a: Ferrothorn","|-heal|p2a: Ferrothorn|348/351 brn|[silent]","|-damage|p2a: Ferrothorn|305/351 brn|[from] brn","|turn|20","|","|move|p2a: Ferrothorn|Protect|p2a: Ferrothorn","|-singleturn|p2a: Ferrothorn|Protect","|move|p1a: Zapdos|Roost|p1a: Zapdos","|-heal|p1a: Zapdos|253/321","|","|-heal|p1a: Zapdos|273/321|[from] item: Leftovers","|-damage|p1a: Zapdos|233/321|[from] Leech Seed|[of] p2a: Ferrothorn","|-heal|p2a: Ferrothorn|345/351 brn|[silent]","|-damage|p2a: Ferrothorn|302/351 brn|[from] brn","|turn|21","|","|move|p1a: Zapdos|Heat Wave|p2a: Ferrothorn","|-supereffective|p2a: Ferrothorn","|-damage|p2a: Ferrothorn|0 fnt","|faint|p2a: Ferrothorn","|","|-heal|p1a: Zapdos|253/321|[from] item: Leftovers","|","|switch|p2a: Aggron|Aggron, M|344/344","|turn|22","|","|switch|p1a: Raikou|Raikou|321/321","|-ability|p1a: Raikou|Pressure","|detailschange|p2a: Aggron|Aggron-Mega, M","|-mega|p2a: Aggron|Aggron|Aggronite","|move|p2a: Aggron|Iron Head|p1a: Raikou","|-resisted|p1a: Raikou","|-damage|p1a: Raikou|232/321","|","|-heal|p1a: Raikou|252/321|[from] item: Leftovers","|turn|23","|","|move|p1a: Raikou|Substitute|p1a: Raikou","|-start|p1a: Raikou|Substitute","|-damage|p1a: Raikou|172/321","|move|p2a: Aggron|Earthquake|p1a: Raikou","|-supereffective|p1a: Raikou","|-end|p1a: Raikou|Substitute","|","|-heal|p1a: Raikou|192/321|[from] item: Leftovers","|turn|24","|","|move|p1a: Raikou|Thunderbolt|p2a: Aggron","|-damage|p2a: Aggron|191/344","|move|p2a: Aggron|Iron Head|p1a: Raikou","|-resisted|p1a: Raikou","|-damage|p1a: Raikou|93/321","|","|-heal|p1a: Raikou|113/321|[from] item: Leftovers","|turn|25","|","|move|p1a: Raikou|Substitute|p1a: Raikou","|-start|p1a: Raikou|Substitute","|-damage|p1a: Raikou|33/321","|move|p2a: Aggron|Iron Head|p1a: Raikou","|-resisted|p1a: Raikou","|-end|p1a: Raikou|Substitute","|","|-heal|p1a: Raikou|53/321|[from] item: Leftovers","|turn|26","|","|move|p1a: Raikou|Thunderbolt|p2a: Aggron","|-crit|p2a: Aggron","|-damage|p2a: Aggron|0 fnt","|faint|p2a: Aggron","|","|-heal|p1a: Raikou|73/321|[from] item: Leftovers","|","|switch|p2a: Heatran|Heatran, M|386/386","|-item|p2a: Heatran|Air Balloon","|turn|27","|","|move|p1a: Raikou|Thunderbolt|p2a: Heatran","|-damage|p2a: Heatran|259/386","|-enditem|p2a: Heatran|Air Balloon","|move|p2a: Heatran|Flamethrower|p1a: Raikou","|-damage|p1a: Raikou|0 fnt","|faint|p1a: Raikou","|","|","|switch|p1a: Eelektross|Eelektross, M|311/311","|turn|28","|","|move|p2a: Heatran|Flamethrower|p1a: Eelektross","|-damage|p1a: Eelektross|203/311","|move|p1a: Eelektross|Drain Punch|p2a: Heatran","|-supereffective|p2a: Heatran","|-damage|p2a: Heatran|123/386","|-heal|p1a: Eelektross|271/311|[from] drain|[of] p2a: Heatran","|","|turn|29","|","|move|p2a: Heatran|Flamethrower|p1a: Eelektross","|-damage|p1a: Eelektross|171/311","|move|p1a: Eelektross|Drain Punch|p2a: Heatran","|-supereffective|p2a: Heatran","|-damage|p2a: Heatran|0 fnt","|-heal|p1a: Eelektross|233/311|[from] drain|[of] p2a: Heatran","|faint|p2a: Heatran","|","|","|switch|p2a: Excadrill|Excadrill, F|81/361","|-ability|p2a: Excadrill|Mold Breaker","|turn|30","|","|move|p2a: Excadrill|Earthquake|p1a: Eelektross","|-supereffective|p1a: Eelektross","|-damage|p1a: Eelektross|0 fnt","|faint|p1a: Eelektross","|","|","|switch|p1a: Zapdos|Zapdos|253/321","|-ability|p1a: Zapdos|Pressure","|turn|31","|","|move|p2a: Excadrill|Earthquake|p1a: Zapdos","|-immune|p1a: Zapdos|[msg]","|move|p1a: Zapdos|Heat Wave|p2a: Excadrill","|-supereffective|p2a: Excadrill","|-damage|p2a: Excadrill|0 fnt","|faint|p2a: Excadrill","|","|win|Intern Twizz"],"p1rating":{"entryid":"7448162","serverid":"eos","formatid":"monotype","userid":"interntwizz","username":"Intern Twizz","w":14,"l":"15","t":"0","gxe":49.9,"r":"1464.8595243929","rd":"82.910812222231","sigma":"0","rptime":"1439024400","rpr":1499.3785365962,"rprd":60.572150734113,"rpsigma":"0","acre":1128.7976103119,"lacre":1128.7976103119,"oldacre":"1104.2353934901"},"p2rating":{"entryid":"7429437","serverid":"eos","formatid":"monotype","userid":"jake1079","username":"Jake1079","w":"24","l":39,"t":"0","gxe":41.5,"r":"1429.3355216087","rd":"51.736783120287","sigma":"0","rptime":"1439024400","rpr":1435.1414513224,"rprd":44.640486688341,"rpsigma":"0","acre":1073.8610319602,"lacre":1073.8610319602,"oldacre":"1098.150713296"},"endType":"normal"}