{"seed":[43595,35480,56083,28119],"turns":25,"p1":"Alliance- WU용의TANG","p2":"Guard Choppah","p1team":[{"name":"ラティオス","species":"latios","item":"choicescarf","ability":"Levitate","moves":["hiddenpowerfire","dragonpulse","psyshock","icebeam"],"nature":"Timid","evs":{"hp":0,"atk":0,"def":4,"spa":252,"spd":0,"spe":252},"ivs":{"hp":31,"atk":30,"def":31,"spa":30,"spd":31,"spe":30}},{"name":"キュレム","species":"kyuremblack","item":"lifeorb","ability":"Teravolt","moves":["icebeam","outrage","fusionbolt","ironhead"],"nature":"Naive","evs":{"hp":0,"atk":100,"def":0,"spa":180,"spd":0,"spe":228},"shiny":true,"ivs":{"hp":31,"atk":31,"def":31,"spa":31,"spd":31,"spe":31}},{"name":"ボーマンダ","species":"salamence","item":"choicescarf","ability":"Moxie","moves":["outrage","aerialace","steelwing","earthquake"],"nature":"Jolly","evs":{"hp":0,"atk":252,"def":4,"spa":0,"spd":0,"spe":252},"ivs":{"hp":31,"atk":31,"def":31,"spa":31,"spd":31,"spe":31}},{"name":"サザンドラ","species":"hydreigon","item":"lifeorb","ability":"Levitate","moves":["darkpulse","flamethrower","dracometeor","flashcannon"],"nature":"Timid","evs":{"hp":4,"atk":0,"def":0,"spa":252,"spd":0,"spe":252},"shiny":true,"ivs":{"hp":31,"atk":31,"def":31,"spa":31,"spd":31,"spe":31}},{"name":"ガブリアス","species":"garchomp","item":"rockyhelmet","ability":"Rough Skin","moves":["stealthrock","earthquake","dragontail","endure"],"nature":"Impish","evs":{"hp":252,"atk":0,"def":232,"spa":0,"spd":24,"spe":0},"ivs":{"hp":31,"atk":31,"def":31,"spa":31,"spd":31,"spe":31}},{"name":"ラティアス","species":"latias","item":"latiasite","ability":"Levitate","moves":["calmmind","recover","psyshock","dragonbreath"],"nature":"Bold","evs":{"hp":252,"atk":0,"def":224,"spa":0,"spd":0,"spe":32},"ivs":{"hp":31,"atk":0,"def":31,"spa":31,"spd":31,"spe":31}}],"p2team":[{"name":"Skarmory","species":"Skarmory","item":"rockyhelmet","ability":"Sturdy","moves":["defog","bravebird","roost","spikes"],"nature":"Impish","evs":{"hp":252,"atk":4,"def":252,"spa":0,"spd":0,"spe":0},"ivs":{"hp":31,"atk":31,"def":31,"spa":31,"spd":31,"spe":31}},{"name":"Heatran","species":"Heatran","item":"leftovers","ability":"Flash Fire","moves":["toxic","lavaplume","flashcannon","protect"],"nature":"Calm","evs":{"hp":252,"atk":0,"def":0,"spa":4,"spd":252,"spe":0},"ivs":{"hp":31,"atk":31,"def":31,"spa":31,"spd":31,"spe":31}},{"name":"Ferrothorn","species":"Ferrothorn","item":"rockyhelmet","ability":"Iron Barbs","moves":["leechseed","powerwhip","toxic","stealthrock"],"nature":"Careful","evs":{"hp":248,"atk":8,"def":0,"spa":0,"spd":252,"spe":0},"ivs":{"hp":31,"atk":31,"def":31,"spa":31,"spd":31,"spe":31}},{"name":"Scizor","species":"Scizor","item":"scizorite","ability":"Technician","moves":["roost","bulletpunch","swordsdance","aerialace"],"nature":"Impish","evs":{"hp":248,"atk":0,"def":252,"spa":0,"spd":8,"spe":0},"ivs":{"hp":31,"atk":31,"def":31,"spa":31,"spd":31,"spe":31}},{"name":"Bisharp","species":"Bisharp","item":"lifeorb","ability":"Defiant","moves":["knockoff","ironhead","suckerpunch","pursuit"],"nature":"Jolly","evs":{"hp":0,"atk":252,"def":0,"spa":0,"spd":4,"spe":252},"ivs":{"hp":31,"atk":31,"def":31,"spa":31,"spd":31,"spe":31}},{"name":"Magnezone","species":"Magnezone","item":"choicescarf","ability":"Magnet Pull","moves":["thunderbolt","voltswitch","flashcannon","hiddenpowerfire"],"nature":"Timid","evs":{"hp":0,"atk":0,"def":0,"spa":252,"spd":4,"spe":252},"ivs":{"hp":31,"atk":30,"def":31,"spa":30,"spd":31,"spe":30}}],"log":["|player|p1|Alliance- WU용의TANG|alliancewutang.png","|player|p2|Guard Choppah|146","|gametype|singles","|gen|6","|tier|Monotype","|rated","|rule|Baton Pass Clause: Limit one Baton Passer, can't pass Spe and other stats simultaneously","|rule|Swagger Clause: Swagger is banned","|rule|Same Type Clause: Pokémon in a team must share a type","|clearpoke","|poke|p1|Latios, M","|poke|p1|Kyurem-Black, shiny","|poke|p1|Salamence, M","|poke|p1|Hydreigon, M, shiny","|poke|p1|Garchomp, M","|poke|p1|Latias, F","|poke|p2|Skarmory, M","|poke|p2|Heatran, F","|poke|p2|Ferrothorn, F","|poke|p2|Scizor, F","|poke|p2|Bisharp, F","|poke|p2|Magnezone","|rule|Sleep Clause Mod: Limit one foe put to sleep","|rule|Species Clause: Limit one of each Pokémon","|rule|OHKO Clause: OHKO moves are banned","|rule|Moody Clause: Moody is banned","|rule|Evasion Moves Clause: Evasion moves are banned","|rule|Endless Battle Clause: Forcing endless battles is banned","|rule|HP Percentage Mod: HP is shown in percentages","|teampreview","|","|start","|switch|p1a: サザンドラ|Hydreigon, M, shiny|326/326","|switch|p2a: Skarmory|Skarmory, M|334/334","|turn|1","|","|move|p1a: サザンドラ|Dark Pulse|p2a: Skarmory","|-damage|p2a: Skarmory|71/334","|-damage|p1a: サザンドラ|294/326|[from] item: Life Orb","|cant|p2a: Skarmory|flinch","|","|turn|2","|","|move|p1a: サザンドラ|Dark Pulse|p2a: Skarmory","|-damage|p2a: Skarmory|0 fnt","|-damage|p1a: サザンドラ|262/326|[from] item: Life Orb","|faint|p2a: Skarmory","|","|","|switch|p2a: Heatran|Heatran, F|386/386","|turn|3","|","|move|p1a: サザンドラ|Dark Pulse|p2a: Heatran","|-damage|p2a: Heatran|252/386","|-damage|p1a: サザンドラ|230/326|[from] item: Life Orb","|move|p2a: Heatran|Toxic|p1a: サザンドラ","|-status|p1a: サザンドラ|tox","|","|-heal|p2a: Heatran|276/386|[from] item: Leftovers","|-damage|p1a: サザンドラ|210/326 tox|[from] psn","|turn|4","|","|switch|p1a: ガブリアス|Garchomp, M|420/420","|move|p2a: Heatran|Protect|p2a: Heatran","|-fail|p2a: Heatran","|","|-heal|p2a: Heatran|300/386|[from] item: Leftovers","|turn|5","|","|move|p1a: ガブリアス|Earthquake|p2a: Heatran","|-supereffective|p2a: Heatran","|-damage|p2a: Heatran|0 fnt","|faint|p2a: Heatran","|","|","|switch|p2a: Ferrothorn|Ferrothorn, F|351/351","|turn|6","|","|switch|p1a: サザンドラ|Hydreigon, M, shiny|210/326 tox","|move|p2a: Ferrothorn|Power Whip|p1a: サザンドラ","|-resisted|p1a: サザンドラ","|-damage|p1a: サザンドラ|132/326 tox","|","|-damage|p1a: サザンドラ|112/326 tox|[from] psn","|turn|7","|","|move|p1a: サザンドラ|Flamethrower|p2a: Ferrothorn","|-supereffective|p2a: Ferrothorn","|-damage|p2a: Ferrothorn|8/351","|-damage|p1a: サザンドラ|80/326 tox|[from] item: Life Orb","|move|p2a: Ferrothorn|Stealth Rock|p1a: サザンドラ","|-sidestart|p1: Alliance- WU용의TANG|move: Stealth Rock","|","|-damage|p1a: サザンドラ|40/326 tox|[from] psn","|turn|8","|","|move|p1a: サザンドラ|Flamethrower|p2a: Ferrothorn","|-supereffective|p2a: Ferrothorn","|-damage|p2a: Ferrothorn|0 fnt","|-damage|p1a: サザンドラ|8/326 tox|[from] item: Life Orb","|faint|p2a: Ferrothorn","|","|-damage|p1a: サザンドラ|0 fnt|[from] psn","|faint|p1a: サザンドラ","|","|switch|p1a: ラティオス|Latios, M|301/301","|switch|p2a: Bisharp|Bisharp, F|271/271","|-damage|p1a: ラティオス|264/301|[from] Stealth Rock","|turn|9","|","|move|p2a: Bisharp|Sucker Punch|p1a: ラティオス","|-supereffective|p1a: ラティオス","|-damage|p1a: ラティオス|0 fnt","|-damage|p2a: Bisharp|244/271|[from] item: Life Orb","|faint|p1a: ラティオス","|","|","|switch|p1a: ボーマンダ|Salamence, M|331/331","|-damage|p1a: ボーマンダ|249/331|[from] Stealth Rock","|turn|10","|","|move|p2a: Bisharp|Sucker Punch|p1a: ボーマンダ","|-damage|p1a: ボーマンダ|41/331","|-damage|p2a: Bisharp|217/271|[from] item: Life Orb","|move|p1a: ボーマンダ|Earthquake|p2a: Bisharp","|-supereffective|p2a: Bisharp","|-damage|p2a: Bisharp|0 fnt","|faint|p2a: Bisharp","|-boost|p1a: ボーマンダ|atk|1|[from] ability: Moxie","|","|","|switch|p2a: Scizor|Scizor, F|343/343","|turn|11","|","|switch|p1a: ガブリアス|Garchomp, M|420/420","|-damage|p1a: ガブリアス|394/420|[from] Stealth Rock","|detailschange|p2a: Scizor|Scizor-Mega, F","|-mega|p2a: Scizor|Scizor|Scizorite","|move|p2a: Scizor|Swords Dance|p2a: Scizor","|-boost|p2a: Scizor|atk|2","|","|turn|12","|","|move|p2a: Scizor|Bullet Punch|p1a: ガブリアス","|-damage|p1a: ガブリアス|244/420","|-damage|p2a: Scizor|301/343|[from] ability: Rough Skin|[of] p1a: ガブリアス","|-damage|p2a: Scizor|244/343|[from] item: Rocky Helmet|[of] p1a: ガブリアス","|move|p1a: ガブリアス|Earthquake|p2a: Scizor","|-damage|p2a: Scizor|163/343","|","|turn|13","|","|move|p1a: ガブリアス|Earthquake|p2a: Scizor","|-damage|p2a: Scizor|85/343","|move|p2a: Scizor|Roost|p2a: Scizor","|-heal|p2a: Scizor|257/343","|","|turn|14","|","|move|p2a: Scizor|Swords Dance|p2a: Scizor","|-boost|p2a: Scizor|atk|2","|move|p1a: ガブリアス|Dragon Tail|p2a: Scizor|[miss]","|-miss|p1a: ガブリアス|p2a: Scizor","|","|turn|15","|","|move|p2a: Scizor|Bullet Punch|p1a: ガブリアス","|-damage|p1a: ガブリアス|6/420","|-damage|p2a: Scizor|215/343|[from] ability: Rough Skin|[of] p1a: ガブリアス","|-damage|p2a: Scizor|158/343|[from] item: Rocky Helmet|[of] p1a: ガブリアス","|move|p1a: ガブリアス|Earthquake|p2a: Scizor","|-damage|p2a: Scizor|74/343","|","|turn|16","|","|move|p2a: Scizor|Bullet Punch|p1a: ガブリアス","|-damage|p1a: ガブリアス|0 fnt","|-damage|p2a: Scizor|32/343|[from] ability: Rough Skin|[of] p1a: ガブリアス","|-damage|p2a: Scizor|0 fnt|[from] item: Rocky Helmet|[of] p1a: ガブリアス","|faint|p2a: Scizor","|faint|p1a: ガブリアス","|","|","|switch|p1a: キュレム|Kyurem-Black, shiny|391/391","|switch|p2a: Magnezone|Magnezone|281/281","|-damage|p1a: キュレム|294/391|[from] Stealth Rock","|-ability|p1a: キュレム|Teravolt","|turn|17","|","|move|p2a: Magnezone|Flash Cannon|p1a: キュレム","|-supereffective|p1a: キュレム","|-damage|p1a: キュレム|0 fnt","|faint|p1a: キュレム","|","|","|switch|p1a: ラティアス|Latias, F|364/364","|-damage|p1a: ラティアス|319/364|[from] Stealth Rock","|turn|18","|","|detailschange|p1a: ラティアス|Latias-Mega, F","|-mega|p1a: ラティアス|Latias|Latiasite","|move|p2a: Magnezone|Flash Cannon|p1a: ラティアス","|-damage|p1a: ラティアス|214/364","|move|p1a: ラティアス|Calm Mind|p1a: ラティアス","|-boost|p1a: ラティアス|spa|1","|-boost|p1a: ラティアス|spd|1","|","|turn|19","|","|move|p2a: Magnezone|Flash Cannon|p1a: ラティアス","|-damage|p1a: ラティアス|148/364","|move|p1a: ラティアス|Recover|p1a: ラティアス","|-heal|p1a: ラティアス|330/364","|","|turn|20","|","|move|p2a: Magnezone|Flash Cannon|p1a: ラティアス","|-damage|p1a: ラティアス|258/364","|move|p1a: ラティアス|Calm Mind|p1a: ラティアス","|-boost|p1a: ラティアス|spa|1","|-boost|p1a: ラティアス|spd|1","|","|turn|21","|","|move|p2a: Magnezone|Flash Cannon|p1a: ラティアス","|-damage|p1a: ラティアス|209/364","|move|p1a: ラティアス|Calm Mind|p1a: ラティアス","|-boost|p1a: ラティアス|spa|1","|-boost|p1a: ラティアス|spd|1","|","|turn|22","|","|move|p2a: Magnezone|Flash Cannon|p1a: ラティアス","|-damage|p1a: ラティアス|167/364","|move|p1a: ラティアス|Recover|p1a: ラティアス","|-heal|p1a: ラティアス|349/364","|","|turn|23","|","|move|p2a: Magnezone|Flash Cannon|p1a: ラティアス","|-damage|p1a: ラティアス|309/364","|move|p1a: ラティアス|Calm Mind|p1a: ラティアス","|-boost|p1a: ラティアス|spa|1","|-boost|p1a: ラティアス|spd|1","|","|turn|24","|","|move|p2a: Magnezone|Flash Cannon|p1a: ラティアス","|-crit|p1a: ラティアス","|-damage|p1a: ラティアス|170/364","|move|p1a: ラティアス|Psyshock|p2a: Magnezone","|-resisted|p2a: Magnezone","|-damage|p2a: Magnezone|107/281","|","|turn|25","|","|win|Alliance- WU용의TANG"],"p1rating":{"entryid":"7022950","serverid":"eos","formatid":"monotype","userid":"alliancewutang","username":"Alliance - Wu Tang","w":47,"l":"20","t":"0","gxe":68.6,"r":"1656.2145089817","rd":"50.371973774151","sigma":"0","rptime":"1438938000","rpr":1647.8318354617,"rprd":44.824606971562,"rpsigma":"0","acre":1299.1876489288,"lacre":1299.1876489288,"oldacre":"1268.6610001972"},"p2rating":{"entryid":"7425426","serverid":"eos","formatid":"monotype","userid":"guardchoppah","username":"Guard Choppah","w":"24","l":7,"t":"0","gxe":74.9,"r":"1683.3319553746","rd":"71.936269136568","sigma":"0","rptime":"1438938000","rpr":1709.0930791721,"rprd":60.342601519302,"rpsigma":"0","acre":1322.335053775,"lacre":1322.335053775,"oldacre":"1346.7563727603"},"endType":"forfeit"}