{"seed":[819,23828,53624,49259],"turns":44,"p1":"Intern Twizz","p2":"GL♅Reshiram","p1team":[{"name":"Rotom-Wash","species":"Rotom-Wash","item":"choicescarf","ability":"Levitate","moves":["hydropump","voltswitch","trick","willowisp"],"nature":"Timid","evs":{"hp":0,"atk":0,"def":0,"spa":252,"spd":4,"spe":252},"ivs":{"hp":31,"atk":31,"def":31,"spa":31,"spd":31,"spe":31}},{"name":"Zapdos","species":"Zapdos","item":"leftovers","ability":"Pressure","moves":["toxic","roost","discharge","heatwave"],"nature":"Bold","evs":{"hp":0,"atk":0,"def":252,"spa":56,"spd":200,"spe":0},"ivs":{"hp":31,"atk":31,"def":31,"spa":31,"spd":31,"spe":31}},{"name":"Ampharos","species":"Ampharos","item":"ampharosite","ability":"Static","moves":["cottonguard","rest","sleeptalk","dragonpulse"],"nature":"Bold","evs":{"hp":0,"atk":0,"def":252,"spa":136,"spd":120,"spe":0},"ivs":{"hp":31,"atk":31,"def":31,"spa":31,"spd":31,"spe":31}},{"name":"Raikou","species":"Raikou","item":"leftovers","ability":"Pressure","moves":["substitute","calmmind","extrasensory","thunderbolt"],"nature":"Timid","evs":{"hp":0,"atk":0,"def":0,"spa":252,"spd":4,"spe":252},"ivs":{"hp":31,"atk":31,"def":31,"spa":31,"spd":31,"spe":31}},{"name":"Eelektross","species":"Eelektross","item":"assaultvest","ability":"Levitate","moves":["knockoff","drainpunch","gigadrain","thunderbolt"],"nature":"Brave","evs":{"hp":0,"atk":36,"def":0,"spa":220,"spd":252,"spe":0},"ivs":{"hp":31,"atk":31,"def":31,"spa":31,"spd":31,"spe":31}},{"name":"Magnezone","species":"Magnezone","item":"leftovers","ability":"Sturdy","moves":["flashcannon","thunderbolt","protect","hiddenpowerice"],"nature":"Modest","evs":{"hp":76,"atk":0,"def":180,"spa":252,"spd":0,"spe":0},"ivs":{"hp":31,"atk":30,"def":30,"spa":31,"spd":31,"spe":31}}],"p2team":[{"name":"Heatran","species":"Heatran","item":"assaultvest","ability":"Flash Fire","moves":["firespin","earthpower","dragonpulse","flashcannon"],"nature":"Mild","evs":{"hp":108,"atk":0,"def":0,"spa":252,"spd":148,"spe":0},"ivs":{"hp":31,"atk":31,"def":31,"spa":31,"spd":31,"spe":31}},{"name":"Delphox","species":"Delphox","item":"lumberry","ability":"Blaze","moves":["calmmind","fireblast","sunnyday","solarbeam"],"nature":"Timid","evs":{"hp":0,"atk":0,"def":4,"spa":252,"spd":0,"spe":252},"ivs":{"hp":31,"atk":31,"def":31,"spa":31,"spd":31,"spe":31}},{"name":"Torkoal","species":"Torkoal","item":"leftovers","ability":"Shell Armor","moves":["protect","toxic","lavaplume","rapidspin"],"nature":"Bold","evs":{"hp":252,"atk":0,"def":252,"spa":4,"spd":0,"spe":0},"ivs":{"hp":31,"atk":31,"def":31,"spa":31,"spd":31,"spe":31}},{"name":"Rotom-Heat","species":"Rotom-Heat","item":"lightclay","ability":"Levitate","moves":["voltswitch","painsplit","reflect","lightscreen"],"nature":"Timid","evs":{"hp":236,"atk":0,"def":8,"spa":4,"spd":8,"spe":252},"ivs":{"hp":31,"atk":31,"def":31,"spa":31,"spd":31,"spe":31}},{"name":"Infernape","species":"Infernape","item":"lifeorb","ability":"Iron Fist","moves":["firepunch","machpunch","thunderpunch","uturn"],"nature":"Jolly","evs":{"hp":4,"atk":252,"def":0,"spa":0,"spd":0,"spe":252},"ivs":{"hp":31,"atk":31,"def":31,"spa":31,"spd":31,"spe":31}},{"name":"Charizard","species":"Charizard","item":"charizarditex","ability":"Blaze","moves":["dragondance","roost","dragonclaw","earthquake"],"nature":"Adamant","evs":{"hp":176,"atk":252,"def":0,"spa":0,"spd":0,"spe":80},"ivs":{"hp":31,"atk":31,"def":31,"spa":31,"spd":31,"spe":31}}],"log":["|player|p1|Intern Twizz|161","|player|p2|GL♅Reshiram|68","|gametype|singles","|gen|6","|tier|Monotype","|rated","|rule|Baton Pass Clause: Limit one Baton Passer, can't pass Spe and other stats simultaneously","|rule|Swagger Clause: Swagger is banned","|rule|Same Type Clause: Pokémon in a team must share a type","|clearpoke","|poke|p1|Rotom-Wash","|poke|p1|Zapdos","|poke|p1|Ampharos, F","|poke|p1|Raikou","|poke|p1|Eelektross, M","|poke|p1|Magnezone","|poke|p2|Heatran, M","|poke|p2|Delphox, F","|poke|p2|Torkoal, F","|poke|p2|Rotom-Heat","|poke|p2|Infernape, F","|poke|p2|Charizard, F","|rule|Sleep Clause Mod: Limit one foe put to sleep","|rule|Species Clause: Limit one of each Pokémon","|rule|OHKO Clause: OHKO moves are banned","|rule|Moody Clause: Moody is banned","|rule|Evasion Moves Clause: Evasion moves are banned","|rule|Endless Battle Clause: Forcing endless battles is banned","|rule|HP Percentage Mod: HP is shown in percentages","|teampreview","|","|start","|switch|p1a: Rotom-Wash|Rotom-Wash|241/241","|switch|p2a: Heatran|Heatran, M|350/350","|turn|1","|","|move|p1a: Rotom-Wash|Volt Switch|p2a: Heatran","|-damage|p2a: Heatran|292/350","|","|switch|p1a: Eelektross|Eelektross, M|311/311","|move|p2a: Heatran|Dragon Pulse|p1a: Eelektross","|-crit|p1a: Eelektross","|-damage|p1a: Eelektross|215/311","|","|turn|2","|","|switch|p2a: Rotom-Heat|Rotom-Heat|300/300","|move|p1a: Eelektross|Knock Off|p2a: Rotom-Heat","|-damage|p2a: Rotom-Heat|204/300","|-enditem|p2a: Rotom-Heat|Light Clay|[from] move: Knock Off|[of] p1a: Eelektross","|","|turn|3","|","|switch|p1a: Rotom-Wash|Rotom-Wash|241/241","|move|p2a: Rotom-Heat|Light Screen|p2a: Rotom-Heat","|-sidestart|p2: GL♅Reshiram|move: Light Screen","|","|turn|4","|","|move|p1a: Rotom-Wash|Hydro Pump|p2a: Rotom-Heat|[miss]","|-miss|p1a: Rotom-Wash|p2a: Rotom-Heat","|move|p2a: Rotom-Heat|Pain Split|p1a: Rotom-Wash","|-sethp|p1a: Rotom-Wash|222/241|p2a: Rotom-Heat|222/300|[from] move: Pain Split","|","|turn|5","|","|move|p1a: Rotom-Wash|Hydro Pump|p2a: Rotom-Heat","|-supereffective|p2a: Rotom-Heat","|-damage|p2a: Rotom-Heat|53/300","|move|p2a: Rotom-Heat|Pain Split|p1a: Rotom-Wash","|-sethp|p1a: Rotom-Wash|137/241|p2a: Rotom-Heat|137/300|[from] move: Pain Split","|","|turn|6","|","|move|p1a: Rotom-Wash|Hydro Pump|p2a: Rotom-Heat","|-supereffective|p2a: Rotom-Heat","|-damage|p2a: Rotom-Heat|0 fnt","|faint|p2a: Rotom-Heat","|","|","|switch|p2a: Delphox|Delphox, F|291/291","|turn|7","|","|switch|p1a: Eelektross|Eelektross, M|215/311","|move|p2a: Delphox|Sunny Day|p2a: Delphox","|-weather|SunnyDay","|","|-weather|SunnyDay|[upkeep]","|-sideend|p2: GL♅Reshiram|move: Light Screen","|turn|8","|","|move|p2a: Delphox|Calm Mind|p2a: Delphox","|-boost|p2a: Delphox|spa|1","|-boost|p2a: Delphox|spd|1","|move|p1a: Eelektross|Knock Off|p2a: Delphox","|-supereffective|p2a: Delphox","|-damage|p2a: Delphox|43/291","|-enditem|p2a: Delphox|Lum Berry|[from] move: Knock Off|[of] p1a: Eelektross","|","|-weather|SunnyDay|[upkeep]","|turn|9","|","|move|p2a: Delphox|Fire Blast|p1a: Eelektross","|-damage|p1a: Eelektross|0 fnt","|faint|p1a: Eelektross","|","|-weather|SunnyDay|[upkeep]","|","|switch|p1a: Raikou|Raikou|321/321","|-ability|p1a: Raikou|Pressure","|turn|10","|","|switch|p2a: Torkoal|Torkoal, F|344/344","|move|p1a: Raikou|Thunderbolt|p2a: Torkoal","|-damage|p2a: Torkoal|148/344","|","|-weather|SunnyDay|[upkeep]","|-heal|p2a: Torkoal|169/344|[from] item: Leftovers","|turn|11","|","|move|p2a: Torkoal|Protect|p2a: Torkoal","|-singleturn|p2a: Torkoal|Protect","|move|p1a: Raikou|Thunderbolt|p2a: Torkoal","|-activate|p2a: Torkoal|Protect","|","|-weather|none","|-heal|p2a: Torkoal|190/344|[from] item: Leftovers","|turn|12","|","|switch|p2a: Heatran|Heatran, M|292/350","|move|p1a: Raikou|Substitute|p1a: Raikou","|-start|p1a: Raikou|Substitute","|-damage|p1a: Raikou|241/321","|","|-heal|p1a: Raikou|261/321|[from] item: Leftovers","|turn|13","|","|move|p1a: Raikou|Calm Mind|p1a: Raikou","|-boost|p1a: Raikou|spa|1","|-boost|p1a: Raikou|spd|1","|move|p2a: Heatran|Earth Power|p1a: Raikou","|-supereffective|p1a: Raikou","|-end|p1a: Raikou|Substitute","|","|-heal|p1a: Raikou|281/321|[from] item: Leftovers","|turn|14","|","|move|p1a: Raikou|Substitute|p1a: Raikou","|-start|p1a: Raikou|Substitute","|-damage|p1a: Raikou|201/321","|move|p2a: Heatran|Earth Power|p1a: Raikou","|-supereffective|p1a: Raikou","|-end|p1a: Raikou|Substitute","|","|-heal|p1a: Raikou|221/321|[from] item: Leftovers","|turn|15","|","|move|p1a: Raikou|Calm Mind|p1a: Raikou","|-boost|p1a: Raikou|spa|1","|-boost|p1a: Raikou|spd|1","|move|p2a: Heatran|Earth Power|p1a: Raikou","|-supereffective|p1a: Raikou","|-damage|p1a: Raikou|93/321","|","|-heal|p1a: Raikou|113/321|[from] item: Leftovers","|turn|16","|","|move|p1a: Raikou|Thunderbolt|p2a: Heatran","|-damage|p2a: Heatran|124/350","|move|p2a: Heatran|Earth Power|p1a: Raikou","|-crit|p1a: Raikou","|-supereffective|p1a: Raikou","|-damage|p1a: Raikou|0 fnt","|faint|p1a: Raikou","|","|","|switch|p1a: Rotom-Wash|Rotom-Wash|137/241","|turn|17","|","|switch|p2a: Delphox|Delphox, F|43/291","|move|p1a: Rotom-Wash|Hydro Pump|p2a: Delphox|[miss]","|-miss|p1a: Rotom-Wash|p2a: Delphox","|","|turn|18","|","|move|p1a: Rotom-Wash|Hydro Pump|p2a: Delphox","|-supereffective|p2a: Delphox","|-damage|p2a: Delphox|0 fnt","|faint|p2a: Delphox","|","|","|switch|p2a: Charizard|Charizard, F|341/341","|turn|19","|","|switch|p1a: Magnezone|Magnezone|300/300","|detailschange|p2a: Charizard|Charizard-Mega-X, F","|-mega|p2a: Charizard|Charizard|Charizardite X","|move|p2a: Charizard|Dragon Claw|p1a: Magnezone","|-resisted|p1a: Magnezone","|-damage|p1a: Magnezone|222/300","|","|-heal|p1a: Magnezone|240/300|[from] item: Leftovers","|turn|20","|","|move|p2a: Charizard|Earthquake|p1a: Magnezone","|-supereffective|p1a: Magnezone","|-damage|p1a: Magnezone|0 fnt","|faint|p1a: Magnezone","|","|","|switch|p1a: Zapdos|Zapdos|321/321","|-ability|p1a: Zapdos|Pressure","|turn|21","|","|switch|p2a: Heatran|Heatran, M|124/350","|move|p1a: Zapdos|Discharge|p2a: Heatran","|-damage|p2a: Heatran|55/350","|","|turn|22","|","|move|p1a: Zapdos|Discharge|p2a: Heatran","|-damage|p2a: Heatran|0 fnt","|faint|p2a: Heatran","|","|","|switch|p2a: Infernape|Infernape, F|294/294","|turn|23","|","|move|p2a: Infernape|Fire Punch|p1a: Zapdos","|-damage|p1a: Zapdos|173/321","|-damage|p2a: Infernape|265/294|[from] item: Life Orb","|move|p1a: Zapdos|Discharge|p2a: Infernape","|-damage|p2a: Infernape|106/294","|-status|p2a: Infernape|par","|","|-heal|p1a: Zapdos|193/321|[from] item: Leftovers","|turn|24","|","|move|p1a: Zapdos|Roost|p1a: Zapdos","|-heal|p1a: Zapdos|321/321","|move|p2a: Infernape|Fire Punch|p1a: Zapdos","|-damage|p1a: Zapdos|168/321","|-damage|p2a: Infernape|77/294 par|[from] item: Life Orb","|","|-heal|p1a: Zapdos|188/321|[from] item: Leftovers","|turn|25","|","|switch|p1a: Rotom-Wash|Rotom-Wash|137/241","|move|p2a: Infernape|Fire Punch|p1a: Rotom-Wash","|-resisted|p1a: Rotom-Wash","|-damage|p1a: Rotom-Wash|53/241","|-damage|p2a: Infernape|48/294 par|[from] item: Life Orb","|","|turn|26","|","|move|p2a: Infernape|Mach Punch|p1a: Rotom-Wash","|-damage|p1a: Rotom-Wash|0 fnt","|-damage|p2a: Infernape|19/294 par|[from] item: Life Orb","|faint|p1a: Rotom-Wash","|","|","|switch|p1a: Zapdos|Zapdos|188/321","|-ability|p1a: Zapdos|Pressure","|turn|27","|","|move|p1a: Zapdos|Roost|p1a: Zapdos","|-heal|p1a: Zapdos|321/321","|move|p2a: Infernape|Thunder Punch|p1a: Zapdos","|-resisted|p1a: Zapdos","|-damage|p1a: Zapdos|277/321","|-damage|p2a: Infernape|0 fnt|[from] item: Life Orb","|faint|p2a: Infernape","|","|-heal|p1a: Zapdos|297/321|[from] item: Leftovers","|","|switch|p2a: Torkoal|Torkoal, F|190/344","|turn|28","|","|move|p2a: Torkoal|Protect|p2a: Torkoal","|-singleturn|p2a: Torkoal|Protect","|move|p1a: Zapdos|Discharge|p2a: Torkoal","|-activate|p2a: Torkoal|Protect","|","|-heal|p1a: Zapdos|317/321|[from] item: Leftovers","|-heal|p2a: Torkoal|211/344|[from] item: Leftovers","|turn|29","|","|move|p1a: Zapdos|Discharge|p2a: Torkoal","|-damage|p2a: Torkoal|37/344","|move|p2a: Torkoal|Toxic|p1a: Zapdos|[miss]","|-miss|p2a: Torkoal|p1a: Zapdos","|","|-heal|p1a: Zapdos|321/321|[from] item: Leftovers","|-heal|p2a: Torkoal|58/344|[from] item: Leftovers","|turn|30","|","|move|p1a: Zapdos|Discharge|p2a: Torkoal","|-damage|p2a: Torkoal|0 fnt","|faint|p2a: Torkoal","|","|","|switch|p2a: Charizard|Charizard-Mega-X, F|341/341","|turn|31","|","|move|p2a: Charizard|Dragon Dance|p2a: Charizard","|-boost|p2a: Charizard|atk|1","|-boost|p2a: Charizard|spe|1","|move|p1a: Zapdos|Discharge|p2a: Charizard","|-resisted|p2a: Charizard","|-damage|p2a: Charizard|275/341","|-status|p2a: Charizard|par","|","|turn|32","|","|move|p1a: Zapdos|Discharge|p2a: Charizard","|-resisted|p2a: Charizard","|-damage|p2a: Charizard|206/341 par","|move|p2a: Charizard|Dragon Dance|p2a: Charizard","|-boost|p2a: Charizard|atk|1","|-boost|p2a: Charizard|spe|1","|","|turn|33","|","|move|p1a: Zapdos|Discharge|p2a: Charizard","|-resisted|p2a: Charizard","|-damage|p2a: Charizard|143/341 par","|cant|p2a: Charizard|par","|","|turn|34","|","|move|p1a: Zapdos|Discharge|p2a: Charizard","|-resisted|p2a: Charizard","|-damage|p2a: Charizard|76/341 par","|move|p2a: Charizard|Roost|p2a: Charizard","|-heal|p2a: Charizard|247/341 par","|","|turn|35","|","|move|p1a: Zapdos|Discharge|p2a: Charizard","|-resisted|p2a: Charizard","|-damage|p2a: Charizard|184/341 par","|move|p2a: Charizard|Dragon Dance|p2a: Charizard","|-boost|p2a: Charizard|atk|1","|-boost|p2a: Charizard|spe|1","|","|turn|36","|","|move|p1a: Zapdos|Discharge|p2a: Charizard","|-resisted|p2a: Charizard","|-damage|p2a: Charizard|113/341 par","|move|p2a: Charizard|Roost|p2a: Charizard","|-heal|p2a: Charizard|284/341 par","|","|turn|37","|","|move|p1a: Zapdos|Discharge|p2a: Charizard","|-crit|p2a: Charizard","|-resisted|p2a: Charizard","|-damage|p2a: Charizard|189/341 par","|move|p2a: Charizard|Dragon Dance|p2a: Charizard","|-boost|p2a: Charizard|atk|1","|-boost|p2a: Charizard|spe|1","|","|turn|38","|","|move|p1a: Zapdos|Discharge|p2a: Charizard","|-resisted|p2a: Charizard","|-damage|p2a: Charizard|123/341 par","|move|p2a: Charizard|Roost|p2a: Charizard","|-heal|p2a: Charizard|294/341 par","|","|turn|39","|","|move|p1a: Zapdos|Discharge|p2a: Charizard","|-resisted|p2a: Charizard","|-damage|p2a: Charizard|224/341 par","|move|p2a: Charizard|Roost|p2a: Charizard","|-heal|p2a: Charizard|341/341 par","|","|turn|40","|","|move|p1a: Zapdos|Discharge|p2a: Charizard","|-resisted|p2a: Charizard","|-damage|p2a: Charizard|269/341 par","|cant|p2a: Charizard|par","|","|turn|41","|","|move|p1a: Zapdos|Discharge|p2a: Charizard","|-resisted|p2a: Charizard","|-damage|p2a: Charizard|201/341 par","|cant|p2a: Charizard|par","|","|turn|42","|","|move|p1a: Zapdos|Discharge|p2a: Charizard","|-resisted|p2a: Charizard","|-damage|p2a: Charizard|132/341 par","|cant|p2a: Charizard|par","|","|turn|43","|","|move|p1a: Zapdos|Discharge|p2a: Charizard","|-resisted|p2a: Charizard","|-damage|p2a: Charizard|62/341 par","|cant|p2a: Charizard|par","|","|turn|44","|","|move|p1a: Zapdos|Discharge|p2a: Charizard","|-resisted|p2a: Charizard","|-damage|p2a: Charizard|0 fnt","|faint|p2a: Charizard","|","|win|Intern Twizz"],"p1rating":{"entryid":"7448162","serverid":"eos","formatid":"monotype","userid":"interntwizz","username":"Intern Twizz","w":12,"l":"13","t":"0","gxe":49.5,"r":"1464.8595243929","rd":"82.910812222231","sigma":"0","rptime":"1439024400","rpr":1495.8300375171,"rprd":64.132201894788,"rpsigma":"0","acre":1125.0315752494,"lacre":1125.0315752494,"oldacre":"1097.8593110589"},"p2rating":{"entryid":"6886801","serverid":"eos","formatid":"monotype","userid":"glreshiram","username":"GL♅Reshiram","w":"17","l":17,"t":"0","gxe":48.9,"r":"1476.9386202871","rd":"62.64757143868","sigma":"0","rptime":"1439024400","rpr":1491.6485199979,"rprd":58.668823358023,"rpsigma":"0","acre":1096.4771464684,"lacre":1096.4771464684,"oldacre":"1123.3048322769"},"endType":"normal"}