{"seed":[54168,31691,28650,28718],"turns":29,"p1":"SWL ROCK","p2":"GTX♅Bzumzum","p1team":[{"name":"Azumarill","species":"Azumarill","item":"choiceband","ability":"Huge Power","moves":["aquajet","superpower","playrough","knockoff"],"nature":"Adamant","evs":{"hp":88,"atk":252,"def":4,"spa":0,"spd":0,"spe":164},"ivs":{"hp":31,"atk":31,"def":31,"spa":31,"spd":31,"spe":31}},{"name":"Empoleon","species":"Empoleon","item":"leftovers","ability":"Torrent","moves":["flashcannon","defog","stealthrock","roar"],"nature":"Calm","evs":{"hp":252,"atk":0,"def":4,"spa":0,"spd":252,"spe":0},"ivs":{"hp":31,"atk":31,"def":31,"spa":31,"spd":31,"spe":31}},{"name":"Tentacruel","species":"Tentacruel","item":"blacksludge","ability":"Liquid Ooze","moves":["acidspray","sludgewave","scald","rapidspin"],"nature":"Calm","evs":{"hp":252,"atk":0,"def":0,"spa":0,"spd":148,"spe":108},"ivs":{"hp":31,"atk":31,"def":31,"spa":31,"spd":31,"spe":31}},{"name":"Quagsire","species":"Quagsire","item":"leftovers","ability":"Unaware","moves":["scald","earthquake","toxic","recover"],"nature":"Impish","evs":{"hp":252,"atk":4,"def":252,"spa":0,"spd":0,"spe":0},"ivs":{"hp":31,"atk":31,"def":31,"spa":31,"spd":31,"spe":31}},{"name":"Sharpedo","species":"Sharpedo","item":"sharpedonite","ability":"Speed Boost","moves":["protect","waterfall","crunch","icefang"],"nature":"Jolly","evs":{"hp":0,"atk":252,"def":0,"spa":0,"spd":4,"spe":252},"ivs":{"hp":31,"atk":31,"def":31,"spa":31,"spd":31,"spe":31}},{"name":"Gyarados","species":"Gyarados","item":"leftovers","ability":"Intimidate","moves":["waterfall","rest","sleeptalk","thunderwave"],"nature":"Careful","evs":{"hp":248,"atk":0,"def":0,"spa":0,"spd":252,"spe":8},"ivs":{"hp":31,"atk":31,"def":31,"spa":31,"spd":31,"spe":31}}],"p2team":[{"name":"Elec","species":"manectric","item":"manectite","ability":"Lightning Rod","moves":["thunderbolt","hiddenpowergrass","voltswitch","overheat"],"nature":"Timid","evs":{"hp":0,"atk":0,"def":0,"spa":252,"spd":4,"spe":252},"gender":"M","ivs":{"hp":31,"atk":30,"def":31,"spa":30,"spd":31,"spe":31}},{"name":"Water-Safe","species":"rotomwash","item":"chestoberry","ability":"Levitate","moves":["hydropump","rest","willowisp","endure"],"nature":"Calm","evs":{"hp":248,"atk":0,"def":0,"spa":8,"spd":252,"spe":0},"ivs":{"hp":31,"atk":31,"def":31,"spa":31,"spd":31,"spe":31}},{"name":"Magnezone","species":"Magnezone","item":"choicespecs","ability":"Sturdy","moves":["hiddenpowerice","flashcannon","triattack","signalbeam"],"nature":"Modest","evs":{"hp":248,"atk":0,"def":0,"spa":252,"spd":0,"spe":8},"ivs":{"hp":31,"atk":30,"def":30,"spa":31,"spd":31,"spe":31}},{"name":"Genius","species":"thundurus","item":"focussash","ability":"Prankster","moves":["taunt","grassknot","focusblast","embargo"],"nature":"Timid","evs":{"hp":0,"atk":0,"def":0,"spa":252,"spd":4,"spe":252},"shiny":true,"ivs":{"hp":31,"atk":31,"def":31,"spa":31,"spd":31,"spe":31}},{"name":"Zapz","species":"zapdos","item":"leftovers","ability":"Pressure","moves":["heatwave","roost","extrasensory","defog"],"nature":"Modest","evs":{"hp":252,"atk":0,"def":0,"spa":252,"spd":4,"spe":0},"shiny":true,"ivs":{"hp":31,"atk":31,"def":31,"spa":31,"spd":31,"spe":31}},{"name":"Plugg-in Failure","species":"electivire","item":"choicescarf","ability":"Motor Drive","moves":["crosschop","earthquake","icepunch","bodyslam"],"nature":"Adamant","evs":{"hp":0,"atk":252,"def":0,"spa":0,"spd":4,"spe":252},"gender":"M","shiny":true,"ivs":{"hp":31,"atk":31,"def":31,"spa":31,"spd":31,"spe":31}}],"log":["|player|p1|SWL ROCK|wardenrock.png","|player|p2|GTX♅Bzumzum|225","|gametype|singles","|gen|6","|tier|Monotype","|rated","|rule|Baton Pass Clause: Limit one Baton Passer, can't pass Spe and other stats simultaneously","|rule|Swagger Clause: Swagger is banned","|rule|Same Type Clause: Pokémon in a team must share a type","|clearpoke","|poke|p1|Azumarill, M","|poke|p1|Empoleon, M","|poke|p1|Tentacruel, M","|poke|p1|Quagsire, F","|poke|p1|Sharpedo, M","|poke|p1|Gyarados, M","|poke|p2|Manectric, M","|poke|p2|Rotom-Wash","|poke|p2|Magnezone","|poke|p2|Thundurus, M, shiny","|poke|p2|Zapdos, shiny","|poke|p2|Electivire, M, shiny","|rule|Sleep Clause Mod: Limit one foe put to sleep","|rule|Species Clause: Limit one of each Pokémon","|rule|OHKO Clause: OHKO moves are banned","|rule|Moody Clause: Moody is banned","|rule|Evasion Moves Clause: Evasion moves are banned","|rule|Endless Battle Clause: Forcing endless battles is banned","|rule|HP Percentage Mod: HP is shown in percentages","|teampreview","|","|start","|switch|p1a: Quagsire|Quagsire, F|394/394","|switch|p2a: Genius|Thundurus, M, shiny|299/299","|turn|1","|","|switch|p1a: Empoleon|Empoleon, M|372/372","|move|p2a: Genius|Grass Knot|p1a: Empoleon","|-damage|p1a: Empoleon|302/372","|","|-heal|p1a: Empoleon|325/372|[from] item: Leftovers","|turn|2","|","|move|p2a: Genius|Embargo|p1a: Empoleon","|-start|p1a: Empoleon|Embargo","|move|p1a: Empoleon|Stealth Rock|p2a: Genius","|-sidestart|p2: GTX♅Bzumzum|move: Stealth Rock","|","|turn|3","|","|move|p2a: Genius|Focus Blast|p1a: Empoleon","|-supereffective|p1a: Empoleon","|-damage|p1a: Empoleon|127/372","|move|p1a: Empoleon|Roar|p2a: Genius","|drag|p2a: Magnezone|Magnezone|343/343","|-damage|p2a: Magnezone|322/343|[from] Stealth Rock","|","|turn|4","|","|move|p2a: Magnezone|Tri Attack|p1a: Empoleon","|-resisted|p1a: Empoleon","|-damage|p1a: Empoleon|73/372","|move|p1a: Empoleon|Roar|p2a: Magnezone","|drag|p2a: Water-Safe|Rotom-Wash|303/303","|-damage|p2a: Water-Safe|266/303|[from] Stealth Rock","|","|turn|5","|","|move|p2a: Water-Safe|Hydro Pump|p1a: Empoleon","|-resisted|p1a: Empoleon","|-damage|p1a: Empoleon|26/372","|move|p1a: Empoleon|Roar|p2a: Water-Safe","|drag|p2a: Plugg-in Failure|Electivire, M, shiny|291/291","|-damage|p2a: Plugg-in Failure|255/291|[from] Stealth Rock","|","|turn|6","|","|move|p2a: Plugg-in Failure|Body Slam|p1a: Empoleon","|-resisted|p1a: Empoleon","|-damage|p1a: Empoleon|0 fnt","|faint|p1a: Empoleon","|","|","|switch|p1a: Azumarill|Azumarill, M|363/363","|turn|7","|","|move|p2a: Plugg-in Failure|Body Slam|p1a: Azumarill","|-damage|p1a: Azumarill|240/363","|-status|p1a: Azumarill|par","|move|p1a: Azumarill|Play Rough|p2a: Plugg-in Failure","|-damage|p2a: Plugg-in Failure|0 fnt","|faint|p2a: Plugg-in Failure","|","|","|switch|p2a: Zapz|Zapdos, shiny|384/384","|-damage|p2a: Zapz|288/384|[from] Stealth Rock","|-ability|p2a: Zapz|Pressure","|turn|8","|","|move|p2a: Zapz|Defog|p1a: Azumarill","|-unboost|p1a: Azumarill|evasion|1","|-sideend|p2: GTX♅Bzumzum|Stealth Rock|[from] move: Defog|[of] p2a: Zapz","|move|p1a: Azumarill|Play Rough|p2a: Zapz","|-damage|p2a: Zapz|0 fnt","|faint|p2a: Zapz","|","|","|switch|p2a: Water-Safe|Rotom-Wash|266/303","|turn|9","|","|switch|p2a: Magnezone|Magnezone|322/343","|switch|p1a: Tentacruel|Tentacruel, M|364/364","|","|turn|10","|","|move|p1a: Tentacruel|Scald|p2a: Magnezone","|-damage|p2a: Magnezone|237/343","|move|p2a: Magnezone|Flash Cannon|p1a: Tentacruel","|-resisted|p1a: Tentacruel","|-damage|p1a: Tentacruel|281/364","|","|-heal|p1a: Tentacruel|303/364|[from] item: Black Sludge","|turn|11","|","|move|p1a: Tentacruel|Scald|p2a: Magnezone","|-damage|p2a: Magnezone|155/343","|move|p2a: Magnezone|Flash Cannon|p1a: Tentacruel","|-resisted|p1a: Tentacruel","|-damage|p1a: Tentacruel|222/364","|","|-heal|p1a: Tentacruel|244/364|[from] item: Black Sludge","|turn|12","|","|move|p1a: Tentacruel|Scald|p2a: Magnezone","|-damage|p2a: Magnezone|65/343","|move|p2a: Magnezone|Flash Cannon|p1a: Tentacruel","|-resisted|p1a: Tentacruel","|-damage|p1a: Tentacruel|160/364","|","|-heal|p1a: Tentacruel|182/364|[from] item: Black Sludge","|turn|13","|","|switch|p2a: Water-Safe|Rotom-Wash|266/303","|move|p1a: Tentacruel|Scald|p2a: Water-Safe","|-resisted|p2a: Water-Safe","|-damage|p2a: Water-Safe|238/303","|-status|p2a: Water-Safe|brn","|","|-heal|p1a: Tentacruel|204/364|[from] item: Black Sludge","|-damage|p2a: Water-Safe|201/303 brn|[from] brn","|turn|14","|","|move|p1a: Tentacruel|Sludge Wave|p2a: Water-Safe","|-damage|p2a: Water-Safe|132/303 brn","|move|p2a: Water-Safe|Will-O-Wisp|p1a: Tentacruel","|-status|p1a: Tentacruel|brn","|","|-heal|p1a: Tentacruel|226/364 brn|[from] item: Black Sludge","|-damage|p1a: Tentacruel|181/364 brn|[from] brn","|-damage|p2a: Water-Safe|95/303 brn|[from] brn","|turn|15","|","|move|p2a: Water-Safe|Endure|p2a: Water-Safe","|-singleturn|p2a: Water-Safe|move: Endure","|move|p1a: Tentacruel|Sludge Wave|p2a: Water-Safe","|-damage|p2a: Water-Safe|31/303 brn","|","|-heal|p1a: Tentacruel|203/364 brn|[from] item: Black Sludge","|-damage|p1a: Tentacruel|158/364 brn|[from] brn","|-damage|p2a: Water-Safe|0 fnt|[from] brn","|faint|p2a: Water-Safe","|","|switch|p2a: Elec|Manectric, M|281/281","|turn|16","|","|move|p2a: Elec|Thunderbolt|p1a: Tentacruel","|-supereffective|p1a: Tentacruel","|-damage|p1a: Tentacruel|0 fnt","|faint|p1a: Tentacruel","|","|","|switch|p1a: Quagsire|Quagsire, F|394/394","|turn|17","|","|detailschange|p2a: Elec|Manectric-Mega, M","|-mega|p2a: Elec|Manectric|Manectite","|-ability|p2a: Elec|Intimidate","|-unboost|p1a: Quagsire|atk|1","|move|p2a: Elec|Hidden Power|p1a: Quagsire","|-supereffective|p1a: Quagsire","|-damage|p1a: Quagsire|6/394","|move|p1a: Quagsire|Scald|p2a: Elec","|-damage|p2a: Elec|214/281","|","|-heal|p1a: Quagsire|30/394|[from] item: Leftovers","|turn|18","|","|move|p2a: Elec|Overheat|p1a: Quagsire","|-resisted|p1a: Quagsire","|-damage|p1a: Quagsire|0 fnt","|-unboost|p2a: Elec|spa|2","|faint|p1a: Quagsire","|","|","|switch|p1a: Azumarill|Azumarill, M|240/363 par","|turn|19","|","|move|p1a: Azumarill|Aqua Jet|p2a: Elec","|-damage|p2a: Elec|49/281","|move|p2a: Elec|Volt Switch|p1a: Azumarill","|-supereffective|p1a: Azumarill","|-damage|p1a: Azumarill|88/363 par","|","|switch|p2a: Genius|Thundurus, M, shiny|299/299","|","|turn|20","|","|move|p2a: Genius|Embargo|p1a: Azumarill","|-start|p1a: Azumarill|Embargo","|move|p1a: Azumarill|Aqua Jet|p2a: Genius","|-damage|p2a: Genius|182/299","|","|turn|21","|","|switch|p1a: Gyarados|Gyarados, M|393/393","|-ability|p1a: Gyarados|Intimidate","|-unboost|p2a: Genius|atk|1","|move|p2a: Genius|Focus Blast|p1a: Gyarados","|-resisted|p1a: Gyarados","|-damage|p1a: Gyarados|342/393","|","|-heal|p1a: Gyarados|366/393|[from] item: Leftovers","|turn|22","|","|move|p2a: Genius|Taunt|p1a: Gyarados","|-start|p1a: Gyarados|move: Taunt","|move|p1a: Gyarados|Waterfall|p2a: Genius","|-damage|p2a: Genius|25/299","|","|-heal|p1a: Gyarados|390/393|[from] item: Leftovers","|turn|23","|","|move|p2a: Genius|Embargo|p1a: Gyarados","|-start|p1a: Gyarados|Embargo","|move|p1a: Gyarados|Waterfall|p2a: Genius","|-damage|p2a: Genius|0 fnt","|faint|p2a: Genius","|","|","|switch|p2a: Elec|Manectric-Mega, M|49/281","|-ability|p2a: Elec|Intimidate","|-unboost|p1a: Gyarados|atk|1","|turn|24","|","|move|p2a: Elec|Thunderbolt|p1a: Gyarados","|-supereffective|p1a: Gyarados","|-damage|p1a: Gyarados|0 fnt","|faint|p1a: Gyarados","|","|","|switch|p1a: Sharpedo|Sharpedo, M|281/281","|turn|25","|","|move|p1a: Sharpedo|Protect|p1a: Sharpedo","|-singleturn|p1a: Sharpedo|Protect","|move|p2a: Elec|Thunderbolt|p1a: Sharpedo","|-activate|p1a: Sharpedo|Protect","|","|-boost|p1a: Sharpedo|spe|1|[from] ability: Speed Boost","|turn|26","|","|move|p1a: Sharpedo|Waterfall|p2a: Elec","|-damage|p2a: Elec|0 fnt","|faint|p2a: Elec","|","|-boost|p1a: Sharpedo|spe|1|[from] ability: Speed Boost","|","|switch|p2a: Magnezone|Magnezone|65/343","|turn|27","|","|detailschange|p1a: Sharpedo|Sharpedo-Mega, M","|-mega|p1a: Sharpedo|Sharpedo|Sharpedonite","|move|p1a: Sharpedo|Ice Fang|p2a: Magnezone","|-resisted|p2a: Magnezone","|-damage|p2a: Magnezone|14/343","|-status|p2a: Magnezone|frz","|cant|p2a: Magnezone|frz","|","|turn|28","|","|move|p1a: Sharpedo|Ice Fang|p2a: Magnezone|[miss]","|-miss|p1a: Sharpedo|p2a: Magnezone","|cant|p2a: Magnezone|frz","|","|turn|29","|","|move|p1a: Sharpedo|Ice Fang|p2a: Magnezone","|-resisted|p2a: Magnezone","|-damage|p2a: Magnezone|0 fnt","|faint|p2a: Magnezone","|","|win|SWL ROCK"],"p1rating":{"entryid":"7496999","serverid":"eos","formatid":"monotype","userid":"swlrock","username":"SWL ROCK","w":2,"l":"1","t":"0","gxe":49.9,"r":"1500","rd":"130","sigma":"0","rptime":"1439024400","rpr":1499.2385873153,"rprd":112.16458524688,"rpsigma":"0","acre":1075.5066427545,"lacre":1075.5066427545,"oldacre":"1046.12247255"},"p2rating":{"entryid":"6857825","serverid":"eos","formatid":"monotype","userid":"gtxbzumzum","username":"GTX♅Bzumzum","w":"24","l":92,"t":"0","gxe":22.3,"r":1265.3810950017,"rd":37.484576131452,"sigma":"0","rptime":1439024400,"rpr":1263.7254242193,"rprd":37.356045887622,"rpsigma":"0","acre":1000,"lacre":1000,"oldacre":"1007.1274623982"},"endType":"normal"}