{"seed":[54866,63976,17577,10423],"turns":40,"p1":"Emg_DemZii","p2":"LightOfAKnowing","p1team":[{"name":"Hoopa-Death","species":"hoopaunbound","item":"choicescarf","ability":"Magician","moves":["psychic","focusblast","darkpulse","gunkshot"],"nature":"Hasty","evs":{"hp":0,"atk":4,"def":0,"spa":252,"spd":0,"spe":252},"ivs":{"hp":31,"atk":31,"def":31,"spa":31,"spd":31,"spe":31}},{"name":"Drip Drop","species":"sableye","item":"sablenite","ability":"Prankster","moves":["calmmind","snarl","willowisp","recover"],"nature":"Calm","evs":{"hp":4,"atk":0,"def":252,"spa":8,"spd":244,"spe":0},"shiny":true,"ivs":{"hp":31,"atk":31,"def":31,"spa":31,"spd":31,"spe":31}},{"name":"Not a power ranger","species":"bisharp","item":"choicescarf","ability":"Defiant","moves":["ironhead","stoneedge","brickbreak","suckerpunch"],"nature":"Jolly","evs":{"hp":0,"atk":252,"def":0,"spa":0,"spd":4,"spe":252},"shiny":true,"ivs":{"hp":31,"atk":31,"def":31,"spa":31,"spd":31,"spe":31}},{"name":"Mark","species":"umbreon","item":"leftovers","ability":"Synchronize","moves":["healbell","moonlight","toxic","darkpulse"],"nature":"Calm","evs":{"hp":0,"atk":0,"def":252,"spa":4,"spd":252,"spe":0},"shiny":true,"ivs":{"hp":31,"atk":31,"def":31,"spa":31,"spd":31,"spe":31}},{"name":"Rape","species":"drapion","item":"choiceband","ability":"Sniper","moves":["crosspoison","nightslash","firefang","substitute"],"nature":"Adamant","evs":{"hp":248,"atk":252,"def":0,"spa":0,"spd":8,"spe":0},"shiny":true,"ivs":{"hp":31,"atk":31,"def":31,"spa":31,"spd":31,"spe":31}},{"name":"No ideas 4 names","species":"mandibuzz","item":"rockyhelmet","ability":"Big Pecks","moves":["roost","tailwind","heatwave","taunt"],"nature":"Bold","evs":{"hp":248,"atk":0,"def":252,"spa":0,"spd":0,"spe":0},"shiny":true,"ivs":{"hp":31,"atk":31,"def":31,"spa":31,"spd":31,"spe":31}}],"p2team":[{"name":"Chesnaught","species":"Chesnaught","item":"leftovers","ability":"Bulletproof","moves":["spikyshield","leechseed","seedbomb","drainpunch"],"nature":"Impish","evs":{"hp":248,"atk":8,"def":252,"spa":0,"spd":0,"spe":0},"ivs":{"hp":31,"atk":31,"def":31,"spa":31,"spd":31,"spe":31}},{"name":"Ferrothorn","species":"Ferrothorn","item":"rockyhelmet","ability":"Iron Barbs","moves":["leechseed","powerwhip","ironhead","stealthrock"],"nature":"Impish","evs":{"hp":248,"atk":8,"def":252,"spa":0,"spd":0,"spe":0},"ivs":{"hp":31,"atk":31,"def":31,"spa":31,"spd":31,"spe":31}},{"name":"Roserade","species":"Roserade","item":"focussash","ability":"Technician","moves":["weatherball","sludgebomb","gigadrain","sleeppowder"],"nature":"Modest","evs":{"hp":0,"atk":0,"def":0,"spa":248,"spd":8,"spe":252},"ivs":{"hp":31,"atk":30,"def":30,"spa":31,"spd":31,"spe":31}},{"name":"Ludicolo","species":"Ludicolo","item":"damprock","ability":"Swift Swim","moves":["raindance","icebeam","scald","focusblast"],"nature":"Modest","evs":{"hp":0,"atk":0,"def":0,"spa":252,"spd":4,"spe":252},"ivs":{"hp":31,"atk":31,"def":31,"spa":31,"spd":31,"spe":31}},{"name":"Sceptile","species":"Sceptile","item":"sceptilite","ability":"Overgrow","moves":["dragonpulse","energyball","synthesis","hiddenpowerice"],"nature":"Timid","evs":{"hp":0,"atk":0,"def":0,"spa":252,"spd":4,"spe":252},"ivs":{"hp":31,"atk":30,"def":30,"spa":31,"spd":31,"spe":31}},{"name":"Rotom-Mow","species":"Rotom-Mow","item":"choicescarf","ability":"Levitate","moves":["thunderbolt","raindance","willowisp","leafstorm"],"nature":"Timid","evs":{"hp":0,"atk":0,"def":0,"spa":252,"spd":4,"spe":252},"ivs":{"hp":31,"atk":31,"def":31,"spa":31,"spd":31,"spe":31}}],"log":["|player|p1|Emg_DemZii|274","|player|p2|LightOfAKnowing|8","|gametype|singles","|gen|6","|tier|Monotype","|rated","|rule|Baton Pass Clause: Limit one Baton Passer, can't pass Spe and other stats simultaneously","|rule|Swagger Clause: Swagger is banned","|rule|Same Type Clause: Pokémon in a team must share a type","|clearpoke","|poke|p1|Hoopa-Unbound","|poke|p1|Sableye, M, shiny","|poke|p1|Bisharp, M, shiny","|poke|p1|Umbreon, F, shiny","|poke|p1|Drapion, M, shiny","|poke|p1|Mandibuzz, F, shiny","|poke|p2|Chesnaught, F","|poke|p2|Ferrothorn, M","|poke|p2|Roserade, F","|poke|p2|Ludicolo, M","|poke|p2|Sceptile, F","|poke|p2|Rotom-Mow","|rule|Sleep Clause Mod: Limit one foe put to sleep","|rule|Species Clause: Limit one of each Pokémon","|rule|OHKO Clause: OHKO moves are banned","|rule|Moody Clause: Moody is banned","|rule|Evasion Moves Clause: Evasion moves are banned","|rule|Endless Battle Clause: Forcing endless battles is banned","|rule|HP Percentage Mod: HP is shown in percentages","|teampreview","|","|start","|switch|p1a: Rape|Drapion, M, shiny|343/343","|switch|p2a: Sceptile|Sceptile, F|281/281","|turn|1","|","|detailschange|p2a: Sceptile|Sceptile-Mega, F","|-mega|p2a: Sceptile|Sceptile|Sceptilite","|move|p2a: Sceptile|Dragon Pulse|p1a: Rape","|-damage|p1a: Rape|154/343","|move|p1a: Rape|Fire Fang|p2a: Sceptile","|-damage|p2a: Sceptile|147/281","|","|turn|2","|","|switch|p1a: Not a power ranger|Bisharp, M, shiny|271/271","|move|p2a: Sceptile|Dragon Pulse|p1a: Not a power ranger","|-resisted|p1a: Not a power ranger","|-damage|p1a: Not a power ranger|167/271","|","|turn|3","|","|move|p2a: Sceptile|Synthesis|p2a: Sceptile","|-heal|p2a: Sceptile|281/281","|move|p1a: Not a power ranger|Iron Head|p2a: Sceptile","|-damage|p2a: Sceptile|98/281","|","|turn|4","|","|switch|p2a: Chesnaught|Chesnaught, F|379/379","|move|p1a: Not a power ranger|Iron Head|p2a: Chesnaught","|-damage|p2a: Chesnaught|298/379","|","|-heal|p2a: Chesnaught|321/379|[from] item: Leftovers","|turn|5","|","|switch|p1a: Hoopa-Death|Hoopa-Unbound|301/301","|move|p2a: Chesnaught|Leech Seed|p1a: Hoopa-Death","|-start|p1a: Hoopa-Death|move: Leech Seed","|","|-heal|p2a: Chesnaught|344/379|[from] item: Leftovers","|-damage|p1a: Hoopa-Death|264/301|[from] Leech Seed|[of] p2a: Chesnaught","|-heal|p2a: Chesnaught|379/379|[silent]","|turn|6","|","|move|p2a: Chesnaught|Spiky Shield|p2a: Chesnaught","|-singleturn|p2a: Chesnaught|move: Protect","|move|p1a: Hoopa-Death|Psychic|p2a: Chesnaught","|-activate|p2a: Chesnaught|Protect","|","|-damage|p1a: Hoopa-Death|227/301|[from] Leech Seed|[of] p2a: Chesnaught","|turn|7","|","|switch|p1a: Drip Drop|Sableye, M, shiny|242/242","|switch|p2a: Ferrothorn|Ferrothorn, M|351/351","|","|turn|8","|","|detailschange|p1a: Drip Drop|Sableye-Mega, M, shiny","|-mega|p1a: Drip Drop|Sableye|Sablenite","|move|p1a: Drip Drop|Will-O-Wisp|p2a: Ferrothorn","|-status|p2a: Ferrothorn|brn","|move|p2a: Ferrothorn|Power Whip|p1a: Drip Drop|[miss]","|-miss|p2a: Ferrothorn|p1a: Drip Drop","|","|-damage|p2a: Ferrothorn|308/351 brn|[from] brn","|turn|9","|","|switch|p2a: Ludicolo|Ludicolo, M|301/301","|move|p1a: Drip Drop|Calm Mind|p1a: Drip Drop","|-boost|p1a: Drip Drop|spa|1","|-boost|p1a: Drip Drop|spd|1","|","|turn|10","|","|move|p2a: Ludicolo|Rain Dance|p2a: Ludicolo","|-weather|RainDance","|move|p1a: Drip Drop|Will-O-Wisp|p2a: Ludicolo","|-status|p2a: Ludicolo|brn","|","|-weather|RainDance|[upkeep]","|-damage|p2a: Ludicolo|264/301 brn|[from] brn","|turn|11","|","|move|p2a: Ludicolo|Scald|p1a: Drip Drop","|-damage|p1a: Drip Drop|166/242","|move|p1a: Drip Drop|Snarl|p2a: Ludicolo","|-crit|p2a: Ludicolo","|-damage|p2a: Ludicolo|128/301 brn","|-unboost|p2a: Ludicolo|spa|1","|","|-weather|RainDance|[upkeep]","|-damage|p2a: Ludicolo|91/301 brn|[from] brn","|turn|12","|","|move|p2a: Ludicolo|Scald|p1a: Drip Drop","|-damage|p1a: Drip Drop|115/242","|move|p1a: Drip Drop|Calm Mind|p1a: Drip Drop","|-boost|p1a: Drip Drop|spa|1","|-boost|p1a: Drip Drop|spd|1","|","|-weather|RainDance|[upkeep]","|-damage|p2a: Ludicolo|54/301 brn|[from] brn","|turn|13","|","|move|p2a: Ludicolo|Scald|p1a: Drip Drop","|-crit|p1a: Drip Drop","|-damage|p1a: Drip Drop|0 fnt","|faint|p1a: Drip Drop","|","|-weather|RainDance|[upkeep]","|-damage|p2a: Ludicolo|17/301 brn|[from] brn","|","|switch|p1a: Mark|Umbreon, F, shiny|331/331","|turn|14","|","|move|p2a: Ludicolo|Focus Blast|p1a: Mark","|-supereffective|p1a: Mark","|-damage|p1a: Mark|233/331","|move|p1a: Mark|Dark Pulse|p2a: Ludicolo","|-damage|p2a: Ludicolo|0 fnt","|faint|p2a: Ludicolo","|","|-weather|RainDance|[upkeep]","|-heal|p1a: Mark|253/331|[from] item: Leftovers","|","|switch|p2a: Ferrothorn|Ferrothorn, M|308/351 brn","|turn|15","|","|switch|p1a: No ideas 4 names|Mandibuzz, F, shiny|423/423","|move|p2a: Ferrothorn|Stealth Rock|p1a: No ideas 4 names","|-sidestart|p1: Emg_DemZii|move: Stealth Rock","|","|-weather|RainDance|[upkeep]","|-damage|p2a: Ferrothorn|265/351 brn|[from] brn","|turn|16","|","|move|p1a: No ideas 4 names|Taunt|p2a: Ferrothorn","|-start|p2a: Ferrothorn|move: Taunt","|cant|p2a: Ferrothorn|move: Taunt|Leech Seed","|","|-weather|RainDance|[upkeep]","|-damage|p2a: Ferrothorn|222/351 brn|[from] brn","|turn|17","|","|switch|p2a: Rotom-Mow|Rotom-Mow|241/241","|move|p1a: No ideas 4 names|Tailwind|p1a: No ideas 4 names","|-sidestart|p1: Emg_DemZii|move: Tailwind","|","|-weather|none","|turn|18","|","|move|p2a: Rotom-Mow|Thunderbolt|p1a: No ideas 4 names","|-supereffective|p1a: No ideas 4 names","|-damage|p1a: No ideas 4 names|109/423","|move|p1a: No ideas 4 names|Heat Wave|p2a: Rotom-Mow","|-supereffective|p2a: Rotom-Mow","|-damage|p2a: Rotom-Mow|155/241","|","|turn|19","|","|move|p2a: Rotom-Mow|Thunderbolt|p1a: No ideas 4 names","|-supereffective|p1a: No ideas 4 names","|-damage|p1a: No ideas 4 names|0 fnt","|faint|p1a: No ideas 4 names","|","|","|switch|p1a: Rape|Drapion, M, shiny|154/343","|-damage|p1a: Rape|112/343|[from] Stealth Rock","|turn|20","|","|move|p1a: Rape|Fire Fang|p2a: Rotom-Mow","|-supereffective|p2a: Rotom-Mow","|-damage|p2a: Rotom-Mow|0 fnt","|faint|p2a: Rotom-Mow","|","|-sideend|p1: Emg_DemZii|move: Tailwind","|","|switch|p2a: Sceptile|Sceptile-Mega, F|98/281","|turn|21","|","|move|p2a: Sceptile|Dragon Pulse|p1a: Rape","|-damage|p1a: Rape|0 fnt","|faint|p1a: Rape","|","|","|switch|p1a: Hoopa-Death|Hoopa-Unbound|227/301","|-damage|p1a: Hoopa-Death|190/301|[from] Stealth Rock","|turn|22","|","|move|p2a: Sceptile|Dragon Pulse|p1a: Hoopa-Death","|-damage|p1a: Hoopa-Death|60/301","|move|p1a: Hoopa-Death|Gunk Shot|p2a: Sceptile","|-supereffective|p2a: Sceptile","|-damage|p2a: Sceptile|0 fnt","|faint|p2a: Sceptile","|","|","|switch|p2a: Ferrothorn|Ferrothorn, M|222/351 brn","|turn|23","|","|switch|p1a: Not a power ranger|Bisharp, M, shiny|167/271","|-damage|p1a: Not a power ranger|151/271|[from] Stealth Rock","|move|p2a: Ferrothorn|Leech Seed|p1a: Not a power ranger","|-start|p1a: Not a power ranger|move: Leech Seed","|","|-damage|p1a: Not a power ranger|118/271|[from] Leech Seed|[of] p2a: Ferrothorn","|-heal|p2a: Ferrothorn|255/351 brn|[silent]","|-damage|p2a: Ferrothorn|212/351 brn|[from] brn","|turn|24","|","|move|p1a: Not a power ranger|Brick Break|p2a: Ferrothorn","|-supereffective|p2a: Ferrothorn","|-damage|p2a: Ferrothorn|114/351 brn","|-damage|p1a: Not a power ranger|85/271|[from] ability: Iron Barbs|[of] p2a: Ferrothorn","|-damage|p1a: Not a power ranger|40/271|[from] item: Rocky Helmet|[of] p2a: Ferrothorn","|move|p2a: Ferrothorn|Power Whip|p1a: Not a power ranger|[miss]","|-miss|p2a: Ferrothorn|p1a: Not a power ranger","|","|-damage|p1a: Not a power ranger|7/271|[from] Leech Seed|[of] p2a: Ferrothorn","|-heal|p2a: Ferrothorn|147/351 brn|[silent]","|-damage|p2a: Ferrothorn|104/351 brn|[from] brn","|turn|25","|","|move|p1a: Not a power ranger|Brick Break|p2a: Ferrothorn","|-supereffective|p2a: Ferrothorn","|-damage|p2a: Ferrothorn|0 fnt","|-damage|p1a: Not a power ranger|0 fnt|[from] ability: Iron Barbs|[of] p2a: Ferrothorn","|faint|p1a: Not a power ranger","|faint|p2a: Ferrothorn","|","|","|switch|p1a: Mark|Umbreon, F, shiny|253/331","|switch|p2a: Chesnaught|Chesnaught, F|379/379","|-damage|p1a: Mark|212/331|[from] Stealth Rock","|turn|26","|","|move|p1a: Mark|Moonlight|p1a: Mark","|-heal|p1a: Mark|331/331","|move|p2a: Chesnaught|Drain Punch|p1a: Mark","|-supereffective|p1a: Mark","|-damage|p1a: Mark|193/331","|","|-heal|p1a: Mark|213/331|[from] item: Leftovers","|turn|27","|","|move|p1a: Mark|Toxic|p2a: Chesnaught","|-status|p2a: Chesnaught|tox","|move|p2a: Chesnaught|Leech Seed|p1a: Mark","|-start|p1a: Mark|move: Leech Seed","|","|-heal|p1a: Mark|233/331|[from] item: Leftovers","|-damage|p1a: Mark|192/331|[from] Leech Seed|[of] p2a: Chesnaught","|-damage|p2a: Chesnaught|356/379 tox|[from] psn","|turn|28","|","|move|p1a: Mark|Dark Pulse|p2a: Chesnaught","|-resisted|p2a: Chesnaught","|-damage|p2a: Chesnaught|314/379 tox","|move|p2a: Chesnaught|Drain Punch|p1a: Mark","|-supereffective|p1a: Mark","|-damage|p1a: Mark|64/331","|-heal|p2a: Chesnaught|378/379 tox|[from] drain|[of] p1a: Mark","|","|-heal|p1a: Mark|84/331|[from] item: Leftovers","|-heal|p2a: Chesnaught|379/379 tox|[from] item: Leftovers","|-damage|p1a: Mark|43/331|[from] Leech Seed|[of] p2a: Chesnaught","|-damage|p2a: Chesnaught|333/379 tox|[from] psn","|turn|29","|","|move|p1a: Mark|Moonlight|p1a: Mark","|-heal|p1a: Mark|208/331","|move|p2a: Chesnaught|Drain Punch|p1a: Mark","|-supereffective|p1a: Mark","|-damage|p1a: Mark|70/331","|-heal|p2a: Chesnaught|379/379 tox|[from] drain|[of] p1a: Mark","|","|-heal|p1a: Mark|90/331|[from] item: Leftovers","|-damage|p1a: Mark|49/331|[from] Leech Seed|[of] p2a: Chesnaught","|-damage|p2a: Chesnaught|310/379 tox|[from] psn","|turn|30","|","|move|p1a: Mark|Moonlight|p1a: Mark","|-heal|p1a: Mark|214/331","|move|p2a: Chesnaught|Drain Punch|p1a: Mark","|-supereffective|p1a: Mark","|-damage|p1a: Mark|68/331","|-heal|p2a: Chesnaught|379/379 tox|[from] drain|[of] p1a: Mark","|","|-heal|p1a: Mark|88/331|[from] item: Leftovers","|-damage|p1a: Mark|47/331|[from] Leech Seed|[of] p2a: Chesnaught","|-damage|p2a: Chesnaught|287/379 tox|[from] psn","|turn|31","|","|switch|p2a: Roserade|Roserade, F|261/261","|move|p1a: Mark|Moonlight|p1a: Mark","|-heal|p1a: Mark|212/331","|","|-heal|p1a: Mark|232/331|[from] item: Leftovers","|-damage|p1a: Mark|191/331|[from] Leech Seed|[of] p2a: Roserade","|turn|32","|","|move|p2a: Roserade|Sleep Powder|p1a: Mark","|-status|p1a: Mark|slp","|cant|p1a: Mark|slp","|","|-heal|p1a: Mark|211/331 slp|[from] item: Leftovers","|-damage|p1a: Mark|170/331 slp|[from] Leech Seed|[of] p2a: Roserade","|turn|33","|","|switch|p2a: Chesnaught|Chesnaught, F|287/379 tox","|-curestatus|p1a: Mark|slp","|move|p1a: Mark|Dark Pulse|p2a: Chesnaught","|-resisted|p2a: Chesnaught","|-damage|p2a: Chesnaught|247/379 tox","|","|-heal|p1a: Mark|190/331|[from] item: Leftovers","|-heal|p2a: Chesnaught|270/379 tox|[from] item: Leftovers","|-damage|p1a: Mark|149/331|[from] Leech Seed|[of] p2a: Chesnaught","|-heal|p2a: Chesnaught|311/379 tox|[silent]","|-damage|p2a: Chesnaught|288/379 tox|[from] psn","|turn|34","|","|move|p1a: Mark|Moonlight|p1a: Mark","|-heal|p1a: Mark|314/331","|move|p2a: Chesnaught|Drain Punch|p1a: Mark","|-supereffective|p1a: Mark","|-damage|p1a: Mark|170/331","|-heal|p2a: Chesnaught|360/379 tox|[from] drain|[of] p1a: Mark","|","|-heal|p1a: Mark|190/331|[from] item: Leftovers","|-heal|p2a: Chesnaught|379/379 tox|[from] item: Leftovers","|-damage|p1a: Mark|149/331|[from] Leech Seed|[of] p2a: Chesnaught","|-damage|p2a: Chesnaught|333/379 tox|[from] psn","|turn|35","|","|move|p1a: Mark|Moonlight|p1a: Mark","|-heal|p1a: Mark|314/331","|move|p2a: Chesnaught|Drain Punch|p1a: Mark","|-supereffective|p1a: Mark","|-damage|p1a: Mark|168/331","|-heal|p2a: Chesnaught|379/379 tox|[from] drain|[of] p1a: Mark","|","|-heal|p1a: Mark|188/331|[from] item: Leftovers","|-damage|p1a: Mark|147/331|[from] Leech Seed|[of] p2a: Chesnaught","|-damage|p2a: Chesnaught|310/379 tox|[from] psn","|turn|36","|","|switch|p2a: Roserade|Roserade, F|261/261","|move|p1a: Mark|Moonlight|p1a: Mark","|-heal|p1a: Mark|312/331","|","|-heal|p1a: Mark|331/331|[from] item: Leftovers","|-damage|p1a: Mark|290/331|[from] Leech Seed|[of] p2a: Roserade","|turn|37","|","|move|p2a: Roserade|Sludge Bomb|p1a: Mark","|-crit|p1a: Mark","|-damage|p1a: Mark|131/331","|-status|p1a: Mark|psn","|move|p1a: Mark|Moonlight|p1a: Mark","|-heal|p1a: Mark|296/331 psn","|","|-heal|p1a: Mark|316/331 psn|[from] item: Leftovers","|-damage|p1a: Mark|275/331 psn|[from] Leech Seed|[of] p2a: Roserade","|-damage|p1a: Mark|234/331 psn|[from] psn","|turn|38","|","|move|p2a: Roserade|Sludge Bomb|p1a: Mark","|-damage|p1a: Mark|126/331 psn","|move|p1a: Mark|Dark Pulse|p2a: Roserade","|-damage|p2a: Roserade|197/261","|","|-heal|p1a: Mark|146/331 psn|[from] item: Leftovers","|-damage|p1a: Mark|105/331 psn|[from] Leech Seed|[of] p2a: Roserade","|-heal|p2a: Roserade|238/261|[silent]","|-damage|p1a: Mark|64/331 psn|[from] psn","|turn|39","|","|move|p2a: Roserade|Giga Drain|p1a: Mark","|-damage|p1a: Mark|0 fnt","|-heal|p2a: Roserade|261/261|[from] drain|[of] p1a: Mark","|faint|p1a: Mark","|","|","|switch|p1a: Hoopa-Death|Hoopa-Unbound|60/301","|-damage|p1a: Hoopa-Death|23/301|[from] Stealth Rock","|turn|40","|","|move|p1a: Hoopa-Death|Psychic|p2a: Roserade","|-supereffective|p2a: Roserade","|-enditem|p2a: Roserade|Focus Sash","|-damage|p2a: Roserade|1/261","|move|p2a: Roserade|Sludge Bomb|p1a: Hoopa-Death","|-damage|p1a: Hoopa-Death|0 fnt","|faint|p1a: Hoopa-Death","|","|win|LightOfAKnowing"],"p1rating":{"entryid":"7361210","serverid":"eos","formatid":"monotype","userid":"emgdemzii","username":"Emg_DemZii","w":"6","l":16,"t":"0","gxe":30.8,"r":1354.9897068034,"rd":69.648218576485,"sigma":"0","rptime":1439024400,"rpr":1344.6074307031,"rprd":68.368227359564,"rpsigma":"0","acre":1023.7688352183,"lacre":1023.7688352183,"oldacre":"1038.0781311794"},"p2rating":{"entryid":"6481865","serverid":"eos","formatid":"monotype","userid":"lightofaknowing","username":"Light-Of-A-Knowing","w":116,"l":"156","t":"0","gxe":41.5,"r":"1434.7480712357","rd":"30.943436751248","sigma":"0","rptime":"1439024400","rpr":1434.8998476095,"rprd":30.729034627879,"rpsigma":"0","acre":1096.1527216442,"lacre":1096.1527216442,"oldacre":"1069.1728912241"},"endType":"normal"}