{"seed":[19470,62334,18930,26262],"turns":27,"p1":"Crystl Sabo","p2":"Infinitereasons","p1team":[{"name":"Cradily","species":"Cradily","item":"leftovers","ability":"Storm Drain","moves":["stockpile","recover","toxic","stealthrock"],"nature":"Calm","evs":{"hp":252,"atk":0,"def":0,"spa":4,"spd":252,"spe":0},"shiny":true,"ivs":{"hp":31,"atk":31,"def":31,"spa":31,"spd":31,"spe":31}},{"name":"Rhydon","species":"Rhydon","item":"eviolite","ability":"Rock Head","moves":["swordsdance","avalanche","doubleedge","earthquake"],"nature":"Adamant","evs":{"hp":248,"atk":0,"def":252,"spa":0,"spd":0,"spe":0},"shiny":true,"ivs":{"hp":31,"atk":31,"def":31,"spa":31,"spd":31,"spe":31}},{"name":"Tyranitar","species":"Tyranitar","item":"choicescarf","ability":"Sand Stream","moves":["stoneedge","crunch","superpower","earthquake"],"nature":"Jolly","evs":{"hp":0,"atk":252,"def":0,"spa":0,"spd":4,"spe":252},"shiny":true,"ivs":{"hp":31,"atk":31,"def":31,"spa":31,"spd":31,"spe":31}},{"name":"Aerodactyl","species":"Aerodactyl","item":"aerodactylite","ability":"Pressure","moves":["stoneedge","earthquake","aerialace","taunt"],"nature":"Jolly","evs":{"hp":0,"atk":252,"def":0,"spa":0,"spd":4,"spe":252},"ivs":{"hp":31,"atk":31,"def":31,"spa":31,"spd":31,"spe":31}},{"name":"Terrakion","species":"Terrakion","item":"choicescarf","ability":"Justified","moves":["earthquake","closecombat","stoneedge","poisonjab"],"nature":"Jolly","evs":{"hp":0,"atk":252,"def":0,"spa":0,"spd":4,"spe":252},"shiny":true,"ivs":{"hp":31,"atk":31,"def":31,"spa":31,"spd":31,"spe":31}},{"name":"Omastar","species":"Omastar","item":"focussash","ability":"Shell Armor","moves":["shellsmash","hydropump","icebeam","stoneedge"],"nature":"Rash","evs":{"hp":0,"atk":4,"def":0,"spa":252,"spd":0,"spe":252},"ivs":{"hp":31,"atk":31,"def":31,"spa":31,"spd":31,"spe":31}}],"p2team":[{"name":"Moist Mofo","species":"gastrodon","item":"assaultvest","ability":"Storm Drain","moves":["earthpower","scald","icebeam","hiddenpowerfire"],"nature":"Calm","evs":{"hp":252,"atk":0,"def":0,"spa":4,"spd":252,"spe":0},"ivs":{"hp":31,"atk":30,"def":31,"spa":30,"spd":31,"spe":30}},{"name":"Dead Mofo","species":"mamoswine","item":"lifeorb","ability":"Thick Fat","moves":["iciclecrash","earthquake","iceshard","knockoff"],"nature":"Jolly","evs":{"hp":4,"atk":252,"def":0,"spa":0,"spd":0,"spe":252},"ivs":{"hp":31,"atk":31,"def":31,"spa":31,"spd":31,"spe":31}},{"name":"Drill Mofo","species":"excadrill","item":"lifeorb","ability":"Sand Rush","moves":["earthquake","rockslide","ironhead","swordsdance"],"nature":"Adamant","evs":{"hp":0,"atk":252,"def":0,"spa":0,"spd":4,"spe":252},"shiny":true,"ivs":{"hp":31,"atk":31,"def":31,"spa":31,"spd":31,"spe":31}},{"name":"God Mofo","species":"landorus","item":"lifeorb","ability":"Sheer Force","moves":["earthpower","focusblast","psychic","sludgewave"],"nature":"Timid","evs":{"hp":0,"atk":0,"def":0,"spa":252,"spd":4,"spe":252},"ivs":{"hp":31,"atk":31,"def":31,"spa":31,"spd":31,"spe":31}},{"name":"Phat Mofo","species":"hippowdon","item":"leftovers","ability":"Sand Stream","moves":["earthquake","stealthrock","whirlwind","slackoff"],"nature":"Impish","evs":{"hp":252,"atk":4,"def":252,"spa":0,"spd":0,"spe":0},"ivs":{"hp":31,"atk":31,"def":31,"spa":31,"spd":31,"spe":31}},{"name":"Claws Mofo","species":"gliscor","item":"toxicorb","ability":"Poison Heal","moves":["earthquake","protect","toxic","substitute"],"nature":"Impish","evs":{"hp":248,"atk":0,"def":188,"spa":0,"spd":0,"spe":72},"shiny":true,"ivs":{"hp":31,"atk":31,"def":31,"spa":31,"spd":31,"spe":31}}],"log":["|player|p1|Crystl Sabo|crystlsabo.png","|player|p2|Infinitereasons|blankinfinite.png","|gametype|singles","|gen|6","|tier|Monotype","|rated","|rule|Baton Pass Clause: Limit one Baton Passer, can't pass Spe and other stats simultaneously","|rule|Swagger Clause: Swagger is banned","|rule|Same Type Clause: Pokémon in a team must share a type","|clearpoke","|poke|p1|Cradily, F, shiny","|poke|p1|Rhydon, F, shiny","|poke|p1|Tyranitar, M, shiny","|poke|p1|Aerodactyl, F","|poke|p1|Terrakion, shiny","|poke|p1|Omastar, F","|poke|p2|Gastrodon, M","|poke|p2|Mamoswine, F","|poke|p2|Excadrill, M, shiny","|poke|p2|Landorus, M","|poke|p2|Hippowdon, M","|poke|p2|Gliscor, M, shiny","|rule|Sleep Clause Mod: Limit one foe put to sleep","|rule|Species Clause: Limit one of each Pokémon","|rule|OHKO Clause: OHKO moves are banned","|rule|Moody Clause: Moody is banned","|rule|Evasion Moves Clause: Evasion moves are banned","|rule|Endless Battle Clause: Forcing endless battles is banned","|rule|HP Percentage Mod: HP is shown in percentages","|teampreview","|","|start","|switch|p1a: Aerodactyl|Aerodactyl, F|301/301","|switch|p2a: Claws Mofo|Gliscor, M, shiny|353/353","|-ability|p1a: Aerodactyl|Pressure","|turn|1","|","|detailschange|p1a: Aerodactyl|Aerodactyl-Mega, F","|-mega|p1a: Aerodactyl|Aerodactyl|Aerodactylite","|move|p2a: Claws Mofo|Protect|p2a: Claws Mofo","|-singleturn|p2a: Claws Mofo|Protect","|move|p1a: Aerodactyl|Taunt|p2a: Claws Mofo","|-activate|p2a: Claws Mofo|Protect","|","|-status|p2a: Claws Mofo|tox|[from] item: Toxic Orb","|turn|2","|","|switch|p2a: Moist Mofo|Gastrodon, M|426/426","|move|p1a: Aerodactyl|Taunt|p2a: Moist Mofo","|-start|p2a: Moist Mofo|move: Taunt","|","|turn|3","|","|switch|p1a: Cradily|Cradily, F, shiny|376/376","|move|p2a: Moist Mofo|Scald|p1a: Cradily","|-boost|p1a: Cradily|spa|1|[from] ability: Storm Drain","|","|turn|4","|","|move|p1a: Cradily|Toxic|p2a: Moist Mofo","|-status|p2a: Moist Mofo|tox","|move|p2a: Moist Mofo|Ice Beam|p1a: Cradily","|-supereffective|p1a: Cradily","|-damage|p1a: Cradily|286/376","|-status|p1a: Cradily|frz","|","|-heal|p1a: Cradily|309/376 frz|[from] item: Leftovers","|-damage|p2a: Moist Mofo|400/426 tox|[from] psn","|-end|p2a: Moist Mofo|move: Taunt","|turn|5","|","|cant|p1a: Cradily|frz","|move|p2a: Moist Mofo|Ice Beam|p1a: Cradily","|-supereffective|p1a: Cradily","|-damage|p1a: Cradily|211/376 frz","|","|-heal|p1a: Cradily|234/376 frz|[from] item: Leftovers","|-damage|p2a: Moist Mofo|348/426 tox|[from] psn","|turn|6","|","|cant|p1a: Cradily|frz","|move|p2a: Moist Mofo|Ice Beam|p1a: Cradily","|-supereffective|p1a: Cradily","|-damage|p1a: Cradily|144/376 frz","|","|-heal|p1a: Cradily|167/376 frz|[from] item: Leftovers","|-damage|p2a: Moist Mofo|270/426 tox|[from] psn","|turn|7","|","|switch|p2a: Dead Mofo|Mamoswine, F|362/362","|cant|p1a: Cradily|frz","|","|-heal|p1a: Cradily|190/376 frz|[from] item: Leftovers","|turn|8","|","|move|p2a: Dead Mofo|Icicle Crash|p1a: Cradily","|-supereffective|p1a: Cradily","|-damage|p1a: Cradily|0 fnt","|-damage|p2a: Dead Mofo|326/362|[from] item: Life Orb","|faint|p1a: Cradily","|","|","|switch|p1a: Terrakion|Terrakion, shiny|323/323","|turn|9","|","|switch|p2a: Claws Mofo|Gliscor, M, shiny|353/353 tox","|move|p1a: Terrakion|Close Combat|p2a: Claws Mofo","|-resisted|p2a: Claws Mofo","|-damage|p2a: Claws Mofo|281/353 tox","|-unboost|p1a: Terrakion|def|1","|-unboost|p1a: Terrakion|spd|1","|","|-heal|p2a: Claws Mofo|325/353 tox|[from] ability: Poison Heal","|turn|10","|","|switch|p1a: Aerodactyl|Aerodactyl-Mega, F|301/301","|move|p2a: Claws Mofo|Substitute|p2a: Claws Mofo","|-start|p2a: Claws Mofo|Substitute","|-damage|p2a: Claws Mofo|237/353 tox","|","|-heal|p2a: Claws Mofo|281/353 tox|[from] ability: Poison Heal","|turn|11","|","|move|p1a: Aerodactyl|Stone Edge|p2a: Claws Mofo|[miss]","|-miss|p1a: Aerodactyl|p2a: Claws Mofo","|move|p2a: Claws Mofo|Toxic|p1a: Aerodactyl|[miss]","|-miss|p2a: Claws Mofo|p1a: Aerodactyl","|","|-heal|p2a: Claws Mofo|325/353 tox|[from] ability: Poison Heal","|turn|12","|","|move|p1a: Aerodactyl|Stone Edge|p2a: Claws Mofo","|-end|p2a: Claws Mofo|Substitute","|move|p2a: Claws Mofo|Toxic|p1a: Aerodactyl","|-status|p1a: Aerodactyl|tox","|","|-damage|p1a: Aerodactyl|283/301 tox|[from] psn","|-heal|p2a: Claws Mofo|353/353 tox|[from] ability: Poison Heal","|turn|13","|","|move|p2a: Claws Mofo|Protect|p2a: Claws Mofo","|-singleturn|p2a: Claws Mofo|Protect","|move|p1a: Aerodactyl|Taunt|p2a: Claws Mofo","|-activate|p2a: Claws Mofo|Protect","|","|-damage|p1a: Aerodactyl|247/301 tox|[from] psn","|turn|14","|","|switch|p1a: Omastar|Omastar, F|281/281","|switch|p2a: Dead Mofo|Mamoswine, F|326/362","|","|turn|15","|","|move|p2a: Dead Mofo|Earthquake|p1a: Omastar","|-supereffective|p1a: Omastar","|-enditem|p1a: Omastar|Focus Sash","|-damage|p1a: Omastar|1/281","|-damage|p2a: Dead Mofo|290/362|[from] item: Life Orb","|move|p1a: Omastar|Hydro Pump|p2a: Dead Mofo","|-supereffective|p2a: Dead Mofo","|-damage|p2a: Dead Mofo|0 fnt","|faint|p2a: Dead Mofo","|","|","|switch|p2a: Claws Mofo|Gliscor, M, shiny|353/353 tox","|turn|16","|","|move|p2a: Claws Mofo|Earthquake|p1a: Omastar","|-supereffective|p1a: Omastar","|-damage|p1a: Omastar|0 fnt","|faint|p1a: Omastar","|","|","|switch|p1a: Rhydon|Rhydon, F, shiny|413/413","|turn|17","|","|move|p2a: Claws Mofo|Substitute|p2a: Claws Mofo","|-start|p2a: Claws Mofo|Substitute","|-damage|p2a: Claws Mofo|265/353 tox","|move|p1a: Rhydon|Swords Dance|p1a: Rhydon","|-boost|p1a: Rhydon|atk|2","|","|-heal|p2a: Claws Mofo|309/353 tox|[from] ability: Poison Heal","|turn|18","|","|move|p2a: Claws Mofo|Toxic|p1a: Rhydon","|-status|p1a: Rhydon|tox","|move|p1a: Rhydon|Avalanche|p2a: Claws Mofo","|-supereffective|p2a: Claws Mofo","|-end|p2a: Claws Mofo|Substitute","|","|-heal|p2a: Claws Mofo|353/353 tox|[from] ability: Poison Heal","|-damage|p1a: Rhydon|388/413 tox|[from] psn","|turn|19","|","|switch|p2a: Moist Mofo|Gastrodon, M|270/426 tox","|move|p1a: Rhydon|Avalanche|p2a: Moist Mofo","|-damage|p2a: Moist Mofo|92/426 tox","|","|-damage|p1a: Rhydon|338/413 tox|[from] psn","|-damage|p2a: Moist Mofo|66/426 tox|[from] psn","|turn|20","|","|switch|p1a: Tyranitar|Tyranitar, M, shiny|341/341","|-weather|Sandstorm","|move|p2a: Moist Mofo|Scald|p1a: Tyranitar","|-supereffective|p1a: Tyranitar","|-damage|p1a: Tyranitar|227/341","|","|-weather|Sandstorm|[upkeep]","|-damage|p2a: Moist Mofo|14/426 tox|[from] psn","|turn|21","|","|move|p1a: Tyranitar|Crunch|p2a: Moist Mofo","|-damage|p2a: Moist Mofo|0 fnt","|faint|p2a: Moist Mofo","|","|-weather|Sandstorm|[upkeep]","|","|switch|p2a: Drill Mofo|Excadrill, M, shiny|361/361","|turn|22","|","|move|p2a: Drill Mofo|Iron Head|p1a: Tyranitar","|-supereffective|p1a: Tyranitar","|-damage|p1a: Tyranitar|0 fnt","|-damage|p2a: Drill Mofo|325/361|[from] item: Life Orb","|faint|p1a: Tyranitar","|","|-weather|Sandstorm|[upkeep]","|","|switch|p1a: Rhydon|Rhydon, F, shiny|338/413 tox","|turn|23","|","|move|p2a: Drill Mofo|Earthquake|p1a: Rhydon","|-supereffective|p1a: Rhydon","|-damage|p1a: Rhydon|78/413 tox","|-damage|p2a: Drill Mofo|289/361|[from] item: Life Orb","|move|p1a: Rhydon|Earthquake|p2a: Drill Mofo","|-supereffective|p2a: Drill Mofo","|-damage|p2a: Drill Mofo|0 fnt","|faint|p2a: Drill Mofo","|","|-weather|Sandstorm|[upkeep]","|-damage|p1a: Rhydon|53/413 tox|[from] psn","|","|switch|p2a: God Mofo|Landorus, M|319/319","|turn|24","|","|move|p2a: God Mofo|Psychic|p1a: Rhydon","|-damage|p1a: Rhydon|0 fnt","|faint|p1a: Rhydon","|","|-weather|none","|","|switch|p1a: Terrakion|Terrakion, shiny|323/323","|turn|25","|","|move|p1a: Terrakion|Stone Edge|p2a: God Mofo","|-damage|p2a: God Mofo|117/319","|move|p2a: God Mofo|Earth Power|p1a: Terrakion","|-supereffective|p1a: Terrakion","|-damage|p1a: Terrakion|0 fnt","|faint|p1a: Terrakion","|","|","|switch|p1a: Aerodactyl|Aerodactyl-Mega, F|247/301 tox","|turn|26","|","|move|p1a: Aerodactyl|Stone Edge|p2a: God Mofo|[miss]","|-miss|p1a: Aerodactyl|p2a: God Mofo","|move|p2a: God Mofo|Psychic|p1a: Aerodactyl","|-damage|p1a: Aerodactyl|83/301 tox","|","|-damage|p1a: Aerodactyl|65/301 tox|[from] psn","|turn|27","|","|move|p1a: Aerodactyl|Stone Edge|p2a: God Mofo|[miss]","|-miss|p1a: Aerodactyl|p2a: God Mofo","|move|p2a: God Mofo|Psychic|p1a: Aerodactyl","|-damage|p1a: Aerodactyl|0 fnt","|faint|p1a: Aerodactyl","|","|win|Infinitereasons"],"p1rating":{"entryid":"5846197","serverid":"eos","formatid":"monotype","userid":"crystlsabo","username":"Crystl Sabo","w":"58","l":53,"t":"0","gxe":53.2,"r":"1530.0685553176","rd":"41.084445318777","sigma":"0","rptime":"1439024400","rpr":1523.8795952826,"rprd":40.361617326138,"rpsigma":"0","acre":1139.763499156,"lacre":1139.763499156,"oldacre":"1161.6074053308"},"p2rating":{"entryid":"7206103","serverid":"eos","formatid":"monotype","userid":"infinitereasons","username":"Infinitereasons ☾","w":8,"l":"1","t":"0","gxe":72,"r":"1589.7107679471","rd":"109.18537775491","sigma":"0","rptime":"1439024400","rpr":1683.3246853718,"rprd":91.476763586267,"rpsigma":"0","acre":1227.5481520186,"lacre":1227.5481520186,"oldacre":"1205.7042458438"},"endType":"normal"}