{"seed":[36892,24812,21914,16480],"turns":36,"p1":"GL♅Reshiram","p2":"KGBeast","p1team":[{"name":"Heatran","species":"Heatran","item":"assaultvest","ability":"Flash Fire","moves":["lavaplume","earthpower","dragonpulse","flashcannon"],"nature":"Mild","evs":{"hp":108,"atk":0,"def":0,"spa":252,"spd":148,"spe":0},"ivs":{"hp":31,"atk":31,"def":31,"spa":31,"spd":31,"spe":31}},{"name":"Delphox","species":"Delphox","item":"lumberry","ability":"Blaze","moves":["calmmind","fireblast","sunnyday","grassknot"],"nature":"Timid","evs":{"hp":0,"atk":0,"def":4,"spa":252,"spd":0,"spe":252},"ivs":{"hp":31,"atk":31,"def":31,"spa":31,"spd":31,"spe":31}},{"name":"Torkoal","species":"Torkoal","item":"leftovers","ability":"Shell Armor","moves":["protect","toxic","lavaplume","rapidspin"],"nature":"Bold","evs":{"hp":252,"atk":0,"def":252,"spa":4,"spd":0,"spe":0},"ivs":{"hp":31,"atk":31,"def":31,"spa":31,"spd":31,"spe":31}},{"name":"Rotom-Heat","species":"Rotom-Heat","item":"lightclay","ability":"Levitate","moves":["voltswitch","painsplit","reflect","lightscreen"],"nature":"Timid","evs":{"hp":236,"atk":0,"def":8,"spa":4,"spd":8,"spe":252},"ivs":{"hp":31,"atk":31,"def":31,"spa":31,"spd":31,"spe":31}},{"name":"Infernape","species":"Infernape","item":"lifeorb","ability":"Iron Fist","moves":["firepunch","machpunch","thunderpunch","uturn"],"nature":"Jolly","evs":{"hp":4,"atk":252,"def":0,"spa":0,"spd":0,"spe":252},"ivs":{"hp":31,"atk":31,"def":31,"spa":31,"spd":31,"spe":31}},{"name":"Charizard","species":"Charizard","item":"charizarditex","ability":"Blaze","moves":["dragondance","roost","dragonclaw","earthquake"],"nature":"Adamant","evs":{"hp":176,"atk":252,"def":0,"spa":0,"spd":0,"spe":80},"ivs":{"hp":31,"atk":31,"def":31,"spa":31,"spd":31,"spe":31}}],"p2team":[{"name":"Charizard","species":"Charizard","item":"charizarditey","ability":"Blaze","moves":["defog","focusblast","fireblast","solarbeam"],"nature":"Timid","evs":{"hp":0,"atk":0,"def":0,"spa":252,"spd":4,"spe":252},"ivs":{"hp":31,"atk":31,"def":31,"spa":31,"spd":31,"spe":31}},{"name":"Torkoal","species":"Torkoal","item":"leftovers","ability":"White Smoke","moves":["stealthrock","lavaplume","rapidspin","yawn"],"nature":"Bold","evs":{"hp":252,"atk":0,"def":252,"spa":0,"spd":0,"spe":4},"ivs":{"hp":31,"atk":31,"def":31,"spa":31,"spd":31,"spe":31}},{"name":"Darmanitan","species":"Darmanitan","item":"choicescarf","ability":"Sheer Force","moves":["flareblitz","uturn","rockslide","superpower"],"nature":"Jolly","evs":{"hp":0,"atk":252,"def":0,"spa":0,"spd":4,"spe":252},"ivs":{"hp":31,"atk":31,"def":31,"spa":31,"spd":31,"spe":31}},{"name":"Heatran","species":"Heatran","item":"leftovers","ability":"Flash Fire","moves":["lavaplume","toxic","earthpower","flashcannon"],"nature":"Calm","evs":{"hp":248,"atk":0,"def":0,"spa":0,"spd":252,"spe":8},"ivs":{"hp":31,"atk":0,"def":31,"spa":31,"spd":31,"spe":31}},{"name":"Rotom-Heat","species":"Rotom-Heat","item":"choicescarf","ability":"Levitate","moves":["voltswitch","thunderbolt","hiddenpowerice","overheat"],"nature":"Timid","evs":{"hp":0,"atk":0,"def":0,"spa":252,"spd":4,"spe":252},"ivs":{"hp":31,"atk":30,"def":30,"spa":31,"spd":31,"spe":31}},{"name":"Arcanine","species":"Arcanine","item":"leftovers","ability":"Intimidate","moves":["willowisp","flareblitz","extremespeed","morningsun"],"nature":"Impish","evs":{"hp":252,"atk":0,"def":252,"spa":0,"spd":0,"spe":4},"ivs":{"hp":31,"atk":31,"def":31,"spa":31,"spd":31,"spe":31}}],"log":["|player|p1|GL♅Reshiram|68","|player|p2|KGBeast|kgbeast.png","|gametype|singles","|gen|6","|tier|Monotype","|rated","|rule|Baton Pass Clause: Limit one Baton Passer, can't pass Spe and other stats simultaneously","|rule|Swagger Clause: Swagger is banned","|rule|Same Type Clause: Pokémon in a team must share a type","|clearpoke","|poke|p1|Heatran, M","|poke|p1|Delphox, F","|poke|p1|Torkoal, M","|poke|p1|Rotom-Heat","|poke|p1|Infernape, M","|poke|p1|Charizard, F","|poke|p2|Charizard, M","|poke|p2|Torkoal, F","|poke|p2|Darmanitan, F","|poke|p2|Heatran, M","|poke|p2|Rotom-Heat","|poke|p2|Arcanine, M","|rule|Sleep Clause Mod: Limit one foe put to sleep","|rule|Species Clause: Limit one of each Pokémon","|rule|OHKO Clause: OHKO moves are banned","|rule|Moody Clause: Moody is banned","|rule|Evasion Moves Clause: Evasion moves are banned","|rule|Endless Battle Clause: Forcing endless battles is banned","|rule|HP Percentage Mod: HP is shown in percentages","|teampreview","|","|start","|switch|p1a: Heatran|Heatran, M|350/350","|switch|p2a: Charizard|Charizard, M|297/297","|turn|1","|","|detailschange|p2a: Charizard|Charizard-Mega-Y, M","|-mega|p2a: Charizard|Charizard|Charizardite Y","|-weather|SunnyDay","|move|p2a: Charizard|Focus Blast|p1a: Heatran|[miss]","|-miss|p2a: Charizard|p1a: Heatran","|move|p1a: Heatran|Dragon Pulse|p2a: Charizard","|-damage|p2a: Charizard|200/297","|","|-weather|SunnyDay|[upkeep]","|turn|2","|","|switch|p2a: Heatran|Heatran, M|385/385","|switch|p1a: Delphox|Delphox, F|291/291","|","|-weather|SunnyDay|[upkeep]","|turn|3","|","|move|p1a: Delphox|Calm Mind|p1a: Delphox","|-boost|p1a: Delphox|spa|1","|-boost|p1a: Delphox|spd|1","|move|p2a: Heatran|Toxic|p1a: Delphox","|-status|p1a: Delphox|tox","|-enditem|p1a: Delphox|Lum Berry|[eat]","|-curestatus|p1a: Delphox|tox","|","|-weather|SunnyDay|[upkeep]","|turn|4","|","|move|p1a: Delphox|Calm Mind|p1a: Delphox","|-boost|p1a: Delphox|spa|1","|-boost|p1a: Delphox|spd|1","|move|p2a: Heatran|Toxic|p1a: Delphox","|-status|p1a: Delphox|tox","|","|-weather|SunnyDay|[upkeep]","|-damage|p1a: Delphox|273/291 tox|[from] psn","|turn|5","|","|switch|p2a: Rotom-Heat|Rotom-Heat|241/241","|move|p1a: Delphox|Calm Mind|p1a: Delphox","|-boost|p1a: Delphox|spa|1","|-boost|p1a: Delphox|spd|1","|","|-weather|none","|-damage|p1a: Delphox|237/291 tox|[from] psn","|turn|6","|","|move|p2a: Rotom-Heat|Volt Switch|p1a: Delphox","|-damage|p1a: Delphox|194/291 tox","|","|switch|p2a: Heatran|Heatran, M|385/385","|move|p1a: Delphox|Fire Blast|p2a: Heatran","|-start|p2a: Heatran|ability: Flash Fire","|","|-damage|p1a: Delphox|140/291 tox|[from] psn","|turn|7","|","|-end|p2a: Heatran|ability: Flash Fire|[silent]","|switch|p2a: Rotom-Heat|Rotom-Heat|241/241","|move|p1a: Delphox|Grass Knot|p2a: Rotom-Heat","|-resisted|p2a: Rotom-Heat","|-damage|p2a: Rotom-Heat|217/241","|","|-damage|p1a: Delphox|68/291 tox|[from] psn","|turn|8","|","|switch|p1a: Heatran|Heatran, M|350/350","|move|p2a: Rotom-Heat|Volt Switch|p1a: Heatran","|-damage|p1a: Heatran|284/350","|","|switch|p2a: Charizard|Charizard-Mega-Y, M|200/297","|-weather|SunnyDay","|","|-weather|SunnyDay|[upkeep]","|turn|9","|","|switch|p1a: Delphox|Delphox, F|68/291 tox","|move|p2a: Charizard|Focus Blast|p1a: Delphox","|-resisted|p1a: Delphox","|-damage|p1a: Delphox|0 fnt","|faint|p1a: Delphox","|","|-weather|SunnyDay|[upkeep]","|","|switch|p1a: Rotom-Heat|Rotom-Heat|300/300","|turn|10","|","|switch|p2a: Heatran|Heatran, M|385/385","|move|p1a: Rotom-Heat|Light Screen|p1a: Rotom-Heat","|-sidestart|p1: GL♅Reshiram|move: Light Screen","|","|-weather|SunnyDay|[upkeep]","|turn|11","|","|move|p1a: Rotom-Heat|Reflect|p1a: Rotom-Heat","|-sidestart|p1: GL♅Reshiram|Reflect","|move|p2a: Heatran|Toxic|p1a: Rotom-Heat|[miss]","|-miss|p2a: Heatran|p1a: Rotom-Heat","|","|-weather|SunnyDay|[upkeep]","|turn|12","|","|move|p1a: Rotom-Heat|Volt Switch|p2a: Heatran","|-damage|p2a: Heatran|330/385","|","|switch|p1a: Heatran|Heatran, M|284/350","|move|p2a: Heatran|Earth Power|p1a: Heatran","|-supereffective|p1a: Heatran","|-damage|p1a: Heatran|182/350","|","|-weather|none","|-heal|p2a: Heatran|354/385|[from] item: Leftovers","|turn|13","|","|switch|p2a: Charizard|Charizard-Mega-Y, M|200/297","|-weather|SunnyDay","|move|p1a: Heatran|Dragon Pulse|p2a: Charizard","|-damage|p2a: Charizard|99/297","|","|-weather|SunnyDay|[upkeep]","|turn|14","|","|move|p2a: Charizard|Focus Blast|p1a: Heatran","|-supereffective|p1a: Heatran","|-damage|p1a: Heatran|91/350","|-unboost|p1a: Heatran|spd|1","|move|p1a: Heatran|Dragon Pulse|p2a: Charizard","|-damage|p2a: Charizard|0 fnt","|faint|p2a: Charizard","|","|-weather|SunnyDay|[upkeep]","|","|switch|p2a: Darmanitan|Darmanitan, F|351/351","|turn|15","|","|switch|p1a: Torkoal|Torkoal, M|344/344","|move|p2a: Darmanitan|Superpower|p1a: Torkoal","|-damage|p1a: Torkoal|301/344","|-unboost|p2a: Darmanitan|atk|1","|-unboost|p2a: Darmanitan|def|1","|","|-weather|SunnyDay|[upkeep]","|-heal|p1a: Torkoal|322/344|[from] item: Leftovers","|turn|16","|","|switch|p2a: Torkoal|Torkoal, F|344/344","|move|p1a: Torkoal|Toxic|p2a: Torkoal","|-status|p2a: Torkoal|tox","|","|-weather|SunnyDay|[upkeep]","|-heal|p1a: Torkoal|343/344|[from] item: Leftovers","|-damage|p2a: Torkoal|323/344 tox|[from] psn","|turn|17","|","|switch|p2a: Heatran|Heatran, M|354/385","|move|p1a: Torkoal|Protect|p1a: Torkoal","|-fail|p1a: Torkoal","|","|-weather|none","|-heal|p2a: Heatran|378/385|[from] item: Leftovers","|-heal|p1a: Torkoal|344/344|[from] item: Leftovers","|-sideend|p1: GL♅Reshiram|move: Light Screen","|turn|18","|","|move|p1a: Torkoal|Protect|p1a: Torkoal","|-singleturn|p1a: Torkoal|Protect","|move|p2a: Heatran|Earth Power|p1a: Torkoal","|-activate|p1a: Torkoal|Protect","|","|-heal|p2a: Heatran|385/385|[from] item: Leftovers","|-sideend|p1: GL♅Reshiram|Reflect","|turn|19","|","|switch|p1a: Rotom-Heat|Rotom-Heat|300/300","|move|p2a: Heatran|Toxic|p1a: Rotom-Heat","|-status|p1a: Rotom-Heat|tox","|","|-damage|p1a: Rotom-Heat|282/300 tox|[from] psn","|turn|20","|","|switch|p2a: Torkoal|Torkoal, F|323/344 tox","|move|p1a: Rotom-Heat|Light Screen|p1a: Rotom-Heat","|-sidestart|p1: GL♅Reshiram|move: Light Screen","|","|-heal|p2a: Torkoal|344/344 tox|[from] item: Leftovers","|-damage|p1a: Rotom-Heat|246/300 tox|[from] psn","|-damage|p2a: Torkoal|323/344 tox|[from] psn","|turn|21","|","|move|p1a: Rotom-Heat|Reflect|p1a: Rotom-Heat","|-sidestart|p1: GL♅Reshiram|Reflect","|move|p2a: Torkoal|Stealth Rock|p1a: Rotom-Heat","|-sidestart|p1: GL♅Reshiram|move: Stealth Rock","|","|-heal|p2a: Torkoal|344/344 tox|[from] item: Leftovers","|-damage|p1a: Rotom-Heat|192/300 tox|[from] psn","|-damage|p2a: Torkoal|302/344 tox|[from] psn","|turn|22","|","|move|p1a: Rotom-Heat|Pain Split|p2a: Torkoal","|-sethp|p2a: Torkoal|247/344 tox|p1a: Rotom-Heat|247/300 tox|[from] move: Pain Split","|move|p2a: Torkoal|Yawn|p1a: Rotom-Heat","|-fail|p1a: Rotom-Heat","|","|-heal|p2a: Torkoal|268/344 tox|[from] item: Leftovers","|-damage|p1a: Rotom-Heat|175/300 tox|[from] psn","|-damage|p2a: Torkoal|205/344 tox|[from] psn","|turn|23","|","|move|p1a: Rotom-Heat|Volt Switch|p2a: Torkoal","|-damage|p2a: Torkoal|99/344 tox","|","|switch|p1a: Heatran|Heatran, M|91/350","|-damage|p1a: Heatran|48/350|[from] Stealth Rock","|move|p2a: Torkoal|Yawn|p1a: Heatran","|-start|p1a: Heatran|move: Yawn|[of] p2a: Torkoal","|","|-heal|p2a: Torkoal|120/344 tox|[from] item: Leftovers","|-damage|p2a: Torkoal|36/344 tox|[from] psn","|turn|24","|","|switch|p1a: Torkoal|Torkoal, M|344/344","|-damage|p1a: Torkoal|258/344|[from] Stealth Rock","|move|p2a: Torkoal|Yawn|p1a: Torkoal","|-start|p1a: Torkoal|move: Yawn|[of] p2a: Torkoal","|","|-heal|p2a: Torkoal|57/344 tox|[from] item: Leftovers","|-heal|p1a: Torkoal|279/344|[from] item: Leftovers","|-damage|p2a: Torkoal|0 fnt|[from] psn","|faint|p2a: Torkoal","|","|switch|p2a: Heatran|Heatran, M|385/385","|turn|25","|","|move|p2a: Heatran|Earth Power|p1a: Torkoal","|-supereffective|p1a: Torkoal","|-damage|p1a: Torkoal|170/344","|move|p1a: Torkoal|Rapid Spin|p2a: Heatran","|-resisted|p2a: Heatran","|-damage|p2a: Heatran|380/385","|-sideend|p1: GL♅Reshiram|Stealth Rock|[from] move: Rapid Spin|[of] p1a: Torkoal","|","|-end|p1a: Torkoal|move: Yawn|[silent]","|-status|p1a: Torkoal|slp","|-heal|p2a: Heatran|385/385|[from] item: Leftovers","|-heal|p1a: Torkoal|191/344 slp|[from] item: Leftovers","|turn|26","|","|switch|p1a: Charizard|Charizard, F|341/341","|move|p2a: Heatran|Earth Power|p1a: Charizard","|-immune|p1a: Charizard|[msg]","|","|turn|27","|","|move|p1a: Charizard|Dragon Dance|p1a: Charizard","|-boost|p1a: Charizard|atk|1","|-boost|p1a: Charizard|spe|1","|move|p2a: Heatran|Toxic|p1a: Charizard","|-status|p1a: Charizard|tox","|","|-damage|p1a: Charizard|320/341 tox|[from] psn","|-sideend|p1: GL♅Reshiram|move: Light Screen","|turn|28","|","|switch|p2a: Arcanine|Arcanine, M|384/384","|-ability|p2a: Arcanine|Intimidate","|-unboost|p1a: Charizard|atk|1","|move|p1a: Charizard|Dragon Dance|p1a: Charizard","|-boost|p1a: Charizard|atk|1","|-boost|p1a: Charizard|spe|1","|","|-damage|p1a: Charizard|278/341 tox|[from] psn","|-sideend|p1: GL♅Reshiram|Reflect","|turn|29","|","|detailschange|p1a: Charizard|Charizard-Mega-X, F","|-mega|p1a: Charizard|Charizard|Charizardite X","|move|p2a: Arcanine|Extreme Speed|p1a: Charizard","|-damage|p1a: Charizard|213/341 tox","|move|p1a: Charizard|Earthquake|p2a: Arcanine","|-supereffective|p2a: Arcanine","|-damage|p2a: Arcanine|44/384","|","|-heal|p2a: Arcanine|68/384|[from] item: Leftovers","|-damage|p1a: Charizard|150/341 tox|[from] psn","|turn|30","|","|move|p2a: Arcanine|Extreme Speed|p1a: Charizard","|-damage|p1a: Charizard|87/341 tox","|move|p1a: Charizard|Dragon Claw|p2a: Arcanine","|-damage|p2a: Arcanine|0 fnt","|faint|p2a: Arcanine","|","|-damage|p1a: Charizard|3/341 tox|[from] psn","|","|switch|p2a: Rotom-Heat|Rotom-Heat|217/241","|turn|31","|","|move|p1a: Charizard|Roost|p1a: Charizard","|-heal|p1a: Charizard|174/341 tox","|move|p2a: Rotom-Heat|Volt Switch|p1a: Charizard","|-resisted|p1a: Charizard","|-damage|p1a: Charizard|111/341 tox","|","|switch|p2a: Darmanitan|Darmanitan, F|351/351","|","|-damage|p1a: Charizard|6/341 tox|[from] psn","|turn|32","|","|switch|p2a: Rotom-Heat|Rotom-Heat|217/241","|move|p1a: Charizard|Dragon Claw|p2a: Rotom-Heat","|-crit|p2a: Rotom-Heat","|-damage|p2a: Rotom-Heat|0 fnt","|faint|p2a: Rotom-Heat","|","|-damage|p1a: Charizard|0 fnt|[from] psn","|faint|p1a: Charizard","|","|switch|p2a: Darmanitan|Darmanitan, F|351/351","|switch|p1a: Rotom-Heat|Rotom-Heat|175/300 tox","|turn|33","|","|switch|p2a: Heatran|Heatran, M|385/385","|move|p1a: Rotom-Heat|Reflect|p1a: Rotom-Heat","|-sidestart|p1: GL♅Reshiram|Reflect","|","|-damage|p1a: Rotom-Heat|157/300 tox|[from] psn","|turn|34","|","|move|p1a: Rotom-Heat|Light Screen|p1a: Rotom-Heat","|-sidestart|p1: GL♅Reshiram|move: Light Screen","|move|p2a: Heatran|Earth Power|p1a: Rotom-Heat","|-immune|p1a: Rotom-Heat|[msg]","|","|-damage|p1a: Rotom-Heat|121/300 tox|[from] psn","|turn|35","|","|move|p1a: Rotom-Heat|Pain Split|p2a: Heatran","|-sethp|p2a: Heatran|253/385|p1a: Rotom-Heat|253/300 tox|[from] move: Pain Split","|move|p2a: Heatran|Earth Power|p1a: Rotom-Heat","|-immune|p1a: Rotom-Heat|[msg]","|","|-heal|p2a: Heatran|277/385|[from] item: Leftovers","|-damage|p1a: Rotom-Heat|199/300 tox|[from] psn","|turn|36","|","|win|GL♅Reshiram"],"p1rating":{"entryid":"6886801","serverid":"eos","formatid":"monotype","userid":"glreshiram","username":"GL♅Reshiram","w":15,"l":"15","t":"0","gxe":49,"r":1476.9386202871,"rd":62.64757143868,"sigma":"0","rptime":1439024400,"rpr":1492.2305465526,"rprd":61.823948788868,"rpsigma":"0","acre":1102.5287471008,"lacre":1102.5287471008,"oldacre":"1059.5753682195"},"p2rating":{"entryid":"6349485","serverid":"eos","formatid":"monotype","userid":"kgbeast","username":"KGBeast","w":"66","l":35,"t":"0","gxe":63.8,"r":"1626.0169202879","rd":"40.725674110957","sigma":"0","rptime":"1439024400","rpr":1607.2716079816,"rprd":38.902230866542,"rpsigma":"0","acre":1165.1203214006,"lacre":1165.1203214006,"oldacre":"1199.6891156179"},"endType":"forfeit"}