{"seed":[47977,10459,27708,45600],"turns":22,"p1":"BL4cK Dolphin검은돌고래","p2":"Carnie Marx","p1team":[{"name":"ラティオス","species":"latios","item":"choicescarf","ability":"Levitate","moves":["hiddenpowerfire","dragonpulse","psyshock","icebeam"],"nature":"Timid","evs":{"hp":0,"atk":0,"def":4,"spa":252,"spd":0,"spe":252},"ivs":{"hp":31,"atk":30,"def":31,"spa":30,"spd":31,"spe":30}},{"name":"キュレム","species":"kyuremblack","item":"lifeorb","ability":"Teravolt","moves":["icebeam","outrage","fusionbolt","ironhead"],"nature":"Naive","evs":{"hp":0,"atk":100,"def":0,"spa":180,"spd":0,"spe":228},"shiny":true,"ivs":{"hp":31,"atk":31,"def":31,"spa":31,"spd":31,"spe":31}},{"name":"ボーマンダ","species":"salamence","item":"choicescarf","ability":"Moxie","moves":["outrage","aerialace","steelwing","earthquake"],"nature":"Jolly","evs":{"hp":0,"atk":252,"def":4,"spa":0,"spd":0,"spe":252},"ivs":{"hp":31,"atk":31,"def":31,"spa":31,"spd":31,"spe":31}},{"name":"サザンドラ","species":"hydreigon","item":"lifeorb","ability":"Levitate","moves":["darkpulse","flamethrower","dracometeor","flashcannon"],"nature":"Timid","evs":{"hp":4,"atk":0,"def":0,"spa":252,"spd":0,"spe":252},"shiny":true,"ivs":{"hp":31,"atk":31,"def":31,"spa":31,"spd":31,"spe":31}},{"name":"ガブリアス","species":"garchomp","item":"rockyhelmet","ability":"Rough Skin","moves":["stealthrock","earthquake","dragontail","endure"],"nature":"Impish","evs":{"hp":252,"atk":0,"def":232,"spa":0,"spd":24,"spe":0},"ivs":{"hp":31,"atk":31,"def":31,"spa":31,"spd":31,"spe":31}},{"name":"ラティアス","species":"latias","item":"latiasite","ability":"Levitate","moves":["calmmind","recover","psyshock","dragonbreath"],"nature":"Bold","evs":{"hp":252,"atk":0,"def":224,"spa":0,"spd":0,"spe":32},"ivs":{"hp":31,"atk":0,"def":31,"spa":31,"spd":31,"spe":31}}],"p2team":[{"name":"Sharpedo","species":"Sharpedo","item":"focussash","ability":"Speed Boost","moves":["crunch","waterfall","earthquake","destinybond"],"nature":"Adamant","evs":{"hp":0,"atk":252,"def":0,"spa":0,"spd":4,"spe":252},"ivs":{"hp":31,"atk":31,"def":31,"spa":31,"spd":31,"spe":31}},{"name":"Clawitzer","species":"Clawitzer","item":"choicescarf","ability":"Mega Launcher","moves":["dragonpulse","darkpulse","waterpulse","icebeam"],"nature":"Timid","evs":{"hp":0,"atk":0,"def":0,"spa":252,"spd":4,"spe":252},"ivs":{"hp":31,"atk":31,"def":31,"spa":31,"spd":31,"spe":31}},{"name":"Ludicolo","species":"Ludicolo","item":"leftovers","ability":"Swift Swim","moves":["gigadrain","icebeam","surf","energyball"],"nature":"Modest","evs":{"hp":0,"atk":0,"def":0,"spa":252,"spd":4,"spe":252},"ivs":{"hp":31,"atk":31,"def":31,"spa":31,"spd":31,"spe":31}},{"name":"Quagsire","species":"Quagsire","item":"leftovers","ability":"Unaware","moves":["protect","icepunch","waterfall","toxic"],"nature":"Impish","evs":{"hp":252,"atk":4,"def":252,"spa":0,"spd":0,"spe":0},"ivs":{"hp":31,"atk":31,"def":31,"spa":31,"spd":31,"spe":31}},{"name":"Rotom-Wash","species":"Rotom-Wash","item":"leftovers","ability":"Levitate","moves":["discharge","thunderwave","charge","painsplit"],"nature":"Calm","evs":{"hp":252,"atk":0,"def":0,"spa":4,"spd":252,"spe":0},"ivs":{"hp":31,"atk":31,"def":31,"spa":31,"spd":31,"spe":31}},{"name":"Politoed","species":"Politoed","item":"leftovers","ability":"Drizzle","moves":["scald","icebeam","psychic","toxic"],"nature":"Bold","evs":{"hp":252,"atk":0,"def":252,"spa":4,"spd":0,"spe":0},"ivs":{"hp":31,"atk":31,"def":31,"spa":31,"spd":31,"spe":31}}],"log":["|player|p1|BL4cK Dolphin검은돌고래|alliancewutang.png","|player|p2|Carnie Marx|238","|gametype|singles","|gen|6","|tier|Monotype","|rated","|rule|Baton Pass Clause: Limit one Baton Passer, can't pass Spe and other stats simultaneously","|rule|Swagger Clause: Swagger is banned","|rule|Same Type Clause: Pokémon in a team must share a type","|clearpoke","|poke|p1|Latios, M","|poke|p1|Kyurem-Black, shiny","|poke|p1|Salamence, M","|poke|p1|Hydreigon, F, shiny","|poke|p1|Garchomp, F","|poke|p1|Latias, F","|poke|p2|Sharpedo, M","|poke|p2|Clawitzer, M","|poke|p2|Ludicolo, F","|poke|p2|Quagsire, F","|poke|p2|Rotom-Wash","|poke|p2|Politoed, M","|rule|Sleep Clause Mod: Limit one foe put to sleep","|rule|Species Clause: Limit one of each Pokémon","|rule|OHKO Clause: OHKO moves are banned","|rule|Moody Clause: Moody is banned","|rule|Evasion Moves Clause: Evasion moves are banned","|rule|Endless Battle Clause: Forcing endless battles is banned","|rule|HP Percentage Mod: HP is shown in percentages","|teampreview","|","|start","|switch|p1a: キュレム|Kyurem-Black, shiny|391/391","|switch|p2a: Clawitzer|Clawitzer, M|283/283","|-ability|p1a: キュレム|Teravolt","|turn|1","|","|move|p2a: Clawitzer|Dragon Pulse|p1a: キュレム","|-supereffective|p1a: キュレム","|-damage|p1a: キュレム|65/391","|move|p1a: キュレム|Fusion Bolt|p2a: Clawitzer","|-supereffective|p2a: Clawitzer","|-damage|p2a: Clawitzer|0 fnt","|-damage|p1a: キュレム|26/391|[from] item: Life Orb","|faint|p2a: Clawitzer","|","|","|switch|p2a: Rotom-Wash|Rotom-Wash|304/304","|turn|2","|","|switch|p1a: サザンドラ|Hydreigon, F, shiny|326/326","|move|p2a: Rotom-Wash|Discharge|p1a: サザンドラ","|-resisted|p1a: サザンドラ","|-damage|p1a: サザンドラ|275/326","|-status|p1a: サザンドラ|par","|","|turn|3","|","|move|p2a: Rotom-Wash|Charge|p2a: Rotom-Wash","|-boost|p2a: Rotom-Wash|spd|1","|-activate|p2a: Rotom-Wash|move: Charge","|move|p1a: サザンドラ|Dark Pulse|p2a: Rotom-Wash","|-damage|p2a: Rotom-Wash|221/304","|-damage|p1a: サザンドラ|243/326 par|[from] item: Life Orb","|","|-heal|p2a: Rotom-Wash|240/304|[from] item: Leftovers","|turn|4","|","|move|p2a: Rotom-Wash|Discharge|p1a: サザンドラ","|-resisted|p1a: サザンドラ","|-damage|p1a: サザンドラ|141/326 par","|move|p1a: サザンドラ|Draco Meteor|p2a: Rotom-Wash","|-damage|p2a: Rotom-Wash|106/304","|-unboost|p1a: サザンドラ|spa|2","|-damage|p1a: サザンドラ|109/326 par|[from] item: Life Orb","|","|-heal|p2a: Rotom-Wash|125/304|[from] item: Leftovers","|turn|5","|","|move|p2a: Rotom-Wash|Charge|p2a: Rotom-Wash","|-boost|p2a: Rotom-Wash|spd|1","|-activate|p2a: Rotom-Wash|move: Charge","|move|p1a: サザンドラ|Draco Meteor|p2a: Rotom-Wash","|-damage|p2a: Rotom-Wash|70/304","|-unboost|p1a: サザンドラ|spa|2","|-damage|p1a: サザンドラ|77/326 par|[from] item: Life Orb","|","|-heal|p2a: Rotom-Wash|89/304|[from] item: Leftovers","|turn|6","|","|move|p2a: Rotom-Wash|Discharge|p1a: サザンドラ","|-resisted|p1a: サザンドラ","|-damage|p1a: サザンドラ|0 fnt","|faint|p1a: サザンドラ","|","|-heal|p2a: Rotom-Wash|108/304|[from] item: Leftovers","|","|switch|p1a: ボーマンダ|Salamence, M|331/331","|turn|7","|","|move|p1a: ボーマンダ|Outrage|p2a: Rotom-Wash","|-damage|p2a: Rotom-Wash|0 fnt","|faint|p2a: Rotom-Wash","|-boost|p1a: ボーマンダ|atk|1|[from] ability: Moxie","|","|","|switch|p2a: Sharpedo|Sharpedo, M|281/281","|turn|8","|","|move|p1a: ボーマンダ|Outrage|p2a: Sharpedo|[from]lockedmove","|-enditem|p2a: Sharpedo|Focus Sash","|-damage|p2a: Sharpedo|1/281","|-start|p1a: ボーマンダ|confusion|[fatigue]","|move|p2a: Sharpedo|Destiny Bond|p2a: Sharpedo","|-singlemove|p2a: Sharpedo|Destiny Bond","|","|-boost|p2a: Sharpedo|spe|1|[from] ability: Speed Boost","|turn|9","|","|switch|p1a: ガブリアス|Garchomp, F|420/420","|move|p2a: Sharpedo|Crunch|p1a: ガブリアス","|-damage|p1a: ガブリアス|306/420","|-damage|p2a: Sharpedo|0 fnt|[from] ability: Rough Skin|[of] p1a: ガブリアス","|faint|p2a: Sharpedo","|","|","|switch|p2a: Quagsire|Quagsire, F|394/394","|turn|10","|","|move|p1a: ガブリアス|Stealth Rock|p2a: Quagsire","|-sidestart|p2: Carnie Marx|move: Stealth Rock","|move|p2a: Quagsire|Ice Punch|p1a: ガブリアス","|-supereffective|p1a: ガブリアス","|-damage|p1a: ガブリアス|158/420","|-damage|p2a: Quagsire|345/394|[from] ability: Rough Skin|[of] p1a: ガブリアス","|-damage|p2a: Quagsire|280/394|[from] item: Rocky Helmet|[of] p1a: ガブリアス","|","|-heal|p2a: Quagsire|304/394|[from] item: Leftovers","|turn|11","|","|move|p2a: Quagsire|Toxic|p1a: ガブリアス","|-status|p1a: ガブリアス|tox","|move|p1a: ガブリアス|Dragon Tail|p2a: Quagsire","|-damage|p2a: Quagsire|234/394","|drag|p2a: Ludicolo|Ludicolo, F|301/301","|-damage|p2a: Ludicolo|264/301|[from] Stealth Rock","|","|-heal|p2a: Ludicolo|282/301|[from] item: Leftovers","|-damage|p1a: ガブリアス|132/420 tox|[from] psn","|turn|12","|","|move|p2a: Ludicolo|Ice Beam|p1a: ガブリアス","|-supereffective|p1a: ガブリアス","|-damage|p1a: ガブリアス|0 fnt","|faint|p1a: ガブリアス","|","|-heal|p2a: Ludicolo|300/301|[from] item: Leftovers","|","|switch|p1a: ボーマンダ|Salamence, M|331/331","|turn|13","|","|switch|p2a: Quagsire|Quagsire, F|234/394","|-damage|p2a: Quagsire|210/394|[from] Stealth Rock","|move|p1a: ボーマンダ|Aerial Ace|p2a: Quagsire","|-damage|p2a: Quagsire|122/394","|","|-heal|p2a: Quagsire|146/394|[from] item: Leftovers","|turn|14","|","|switch|p1a: キュレム|Kyurem-Black, shiny|26/391","|-ability|p1a: キュレム|Teravolt","|move|p2a: Quagsire|Toxic|p1a: キュレム","|-status|p1a: キュレム|tox","|","|-heal|p2a: Quagsire|170/394|[from] item: Leftovers","|-damage|p1a: キュレム|2/391 tox|[from] psn","|turn|15","|","|move|p2a: Quagsire|Protect|p2a: Quagsire","|-singleturn|p2a: Quagsire|Protect","|move|p1a: キュレム|Ice Beam|p2a: Quagsire","|-activate|p2a: Quagsire|Protect","|","|-heal|p2a: Quagsire|194/394|[from] item: Leftovers","|-damage|p1a: キュレム|0 fnt|[from] psn","|faint|p1a: キュレム","|","|switch|p1a: ラティオス|Latios, M|301/301","|turn|16","|","|move|p1a: ラティオス|Dragon Pulse|p2a: Quagsire","|-crit|p2a: Quagsire","|-damage|p2a: Quagsire|0 fnt","|faint|p2a: Quagsire","|","|","|switch|p2a: Politoed|Politoed, M|384/384","|-damage|p2a: Politoed|336/384|[from] Stealth Rock","|-weather|RainDance","|turn|17","|","|move|p1a: ラティオス|Dragon Pulse|p2a: Politoed","|-damage|p2a: Politoed|182/384","|move|p2a: Politoed|Ice Beam|p1a: ラティオス","|-supereffective|p1a: ラティオス","|-damage|p1a: ラティオス|181/301","|","|-weather|RainDance|[upkeep]","|-heal|p2a: Politoed|206/384|[from] item: Leftovers","|turn|18","|","|move|p1a: ラティオス|Dragon Pulse|p2a: Politoed","|-damage|p2a: Politoed|50/384","|move|p2a: Politoed|Ice Beam|p1a: ラティオス","|-supereffective|p1a: ラティオス","|-damage|p1a: ラティオス|69/301","|","|-weather|RainDance|[upkeep]","|-heal|p2a: Politoed|74/384|[from] item: Leftovers","|turn|19","|","|move|p1a: ラティオス|Dragon Pulse|p2a: Politoed","|-damage|p2a: Politoed|0 fnt","|faint|p2a: Politoed","|","|-weather|RainDance|[upkeep]","|","|switch|p2a: Ludicolo|Ludicolo, F|300/301","|-damage|p2a: Ludicolo|263/301|[from] Stealth Rock","|turn|20","|","|move|p1a: ラティオス|Dragon Pulse|p2a: Ludicolo","|-damage|p2a: Ludicolo|116/301","|move|p2a: Ludicolo|Ice Beam|p1a: ラティオス","|-supereffective|p1a: ラティオス","|-damage|p1a: ラティオス|0 fnt","|faint|p1a: ラティオス","|","|-weather|RainDance|[upkeep]","|-heal|p2a: Ludicolo|134/301|[from] item: Leftovers","|","|switch|p1a: ラティアス|Latias, F|364/364","|turn|21","|","|detailschange|p1a: ラティアス|Latias-Mega, F","|-mega|p1a: ラティアス|Latias|Latiasite","|move|p2a: Ludicolo|Ice Beam|p1a: ラティアス","|-supereffective|p1a: ラティアス","|-damage|p1a: ラティアス|244/364","|move|p1a: ラティアス|Calm Mind|p1a: ラティアス","|-boost|p1a: ラティアス|spa|1","|-boost|p1a: ラティアス|spd|1","|","|-weather|none","|-heal|p2a: Ludicolo|152/301|[from] item: Leftovers","|turn|22","|","|move|p1a: ラティアス|Psyshock|p2a: Ludicolo","|-damage|p2a: Ludicolo|0 fnt","|faint|p2a: Ludicolo","|","|win|BL4cK Dolphin검은돌고래"],"p1rating":{"entryid":"7481072","serverid":"eos","formatid":"monotype","userid":"bl4ckdolphin","username":"BL4cK Dolphin검은돌고래","w":1,"l":"2","t":"0","gxe":46.9,"r":"1500","rd":"130","sigma":"0","rptime":"1438938000","rpr":1475.1083516794,"rprd":110.46598175742,"rpsigma":"0","acre":1040,"lacre":1040,"oldacre":"1000"},"p2rating":{"entryid":"5821777","serverid":"eos","formatid":"monotype","userid":"carniemarx","username":"Carnie Marx","w":"66","l":91,"t":"0","gxe":41.6,"r":"1446.4157928552","rd":"34.257343800669","sigma":"0","rptime":"1438938000","rpr":1436.1762507786,"rprd":33.686237602757,"rpsigma":"0","acre":1000,"lacre":1000,"oldacre":"1000"},"endType":"normal"}