{"seed":[6579,40468,30910,40465],"turns":31,"p1":"Prof. Nightmare","p2":"Alliance - Warner","p1team":[{"name":"Haunted Vagina","species":"cloyster","item":"focussash","ability":"Skill Link","moves":["shellsmash","iciclespear","iceshard","rockblast"],"nature":"Jolly","evs":{"hp":0,"atk":252,"def":0,"spa":0,"spd":4,"spe":252},"ivs":{"hp":31,"atk":31,"def":31,"spa":31,"spd":31,"spe":31}},{"name":"Ghostly Gardevoir?","species":"froslass","item":"focussash","ability":"Cursed Body","moves":["destinybond","icebeam","protect","shadowball"],"nature":"Timid","evs":{"hp":0,"atk":0,"def":0,"spa":252,"spd":4,"spe":252},"ivs":{"hp":31,"atk":31,"def":31,"spa":31,"spd":31,"spe":31}},{"name":"Crystal Meth","species":"regice","item":"leftovers","ability":"Clear Body","moves":["gravity","icebeam","zapcannon","focusblast"],"nature":"Bold","evs":{"hp":252,"atk":0,"def":252,"spa":0,"spd":4,"spe":0},"ivs":{"hp":31,"atk":31,"def":31,"spa":31,"spd":31,"spe":31}},{"name":"Arnold Palmer","species":"kyuremblack","item":"choicescarf","ability":"Teravolt","moves":["icebeam","earthpower","outrage","ironhead"],"nature":"Naive","evs":{"hp":0,"atk":4,"def":0,"spa":252,"spd":0,"spe":252},"ivs":{"hp":31,"atk":31,"def":31,"spa":31,"spd":31,"spe":31}},{"name":"Snuffleupagus","species":"piloswine","item":"eviolite","ability":"Thick Fat","moves":["earthquake","stealthrock","iceshard","freezedry"],"nature":"Sassy","evs":{"hp":252,"atk":0,"def":56,"spa":0,"spd":200,"spe":0},"ivs":{"hp":31,"atk":30,"def":31,"spa":30,"spd":31,"spe":30}},{"name":"Iced Coffee Table","species":"avalugg","item":"leftovers","ability":"Sturdy","moves":["toxic","rapidspin","roar","recover"],"nature":"Careful","evs":{"hp":252,"atk":4,"def":0,"spa":0,"spd":252,"spe":0},"ivs":{"hp":31,"atk":31,"def":31,"spa":31,"spd":31,"spe":31}}],"p2team":[{"name":"Scizor","species":"Scizor","item":"choiceband","ability":"Technician","moves":["bulletpunch","uturn","knockoff","pursuit"],"nature":"Adamant","evs":{"hp":248,"atk":252,"def":0,"spa":0,"spd":4,"spe":4},"ivs":{"hp":31,"atk":31,"def":31,"spa":31,"spd":31,"spe":31}},{"name":"Forretress","species":"Forretress","item":"leftovers","ability":"Overcoat","moves":["stealthrock","toxic","rapidspin","voltswitch"],"nature":"Bold","evs":{"hp":252,"atk":0,"def":252,"spa":4,"spd":0,"spe":0},"ivs":{"hp":31,"atk":31,"def":31,"spa":31,"spd":31,"spe":31}},{"name":"Pinsir","species":"Pinsir","item":"pinsirite","ability":"Hyper Cutter","moves":["quickattack","return","swordsdance","earthquake"],"nature":"Jolly","evs":{"hp":0,"atk":252,"def":0,"spa":0,"spd":4,"spe":252},"ivs":{"hp":31,"atk":31,"def":31,"spa":31,"spd":31,"spe":31}},{"name":"Volcarona","species":"Volcarona","item":"sitrusberry","ability":"Flame Body","moves":["fierydance","roost","gigadrain","quiverdance"],"nature":"Timid","evs":{"hp":0,"atk":0,"def":0,"spa":128,"spd":128,"spe":252},"ivs":{"hp":31,"atk":0,"def":31,"spa":31,"spd":31,"spe":31}},{"name":"Heracross","species":"Heracross","item":"choicescarf","ability":"Moxie","moves":["earthquake","megahorn","knockoff","closecombat"],"nature":"Jolly","evs":{"hp":0,"atk":252,"def":0,"spa":0,"spd":4,"spe":252},"ivs":{"hp":31,"atk":31,"def":31,"spa":31,"spd":31,"spe":31}},{"name":"Genesect","species":"Genesect","item":"choicescarf","ability":"Download","moves":["uturn","thunderbolt","icebeam","energyball"],"nature":"Hasty","evs":{"hp":0,"atk":4,"def":0,"spa":252,"spd":0,"spe":252},"ivs":{"hp":31,"atk":31,"def":31,"spa":31,"spd":31,"spe":31}}],"log":["|player|p1|Prof. Nightmare|profnightmare.png","|player|p2|Alliance - Warner|126","|gametype|singles","|gen|6","|tier|Monotype","|rated","|rule|Baton Pass Clause: Limit one Baton Passer, can't pass Spe and other stats simultaneously","|rule|Swagger Clause: Swagger is banned","|rule|Same Type Clause: Pokémon in a team must share a type","|clearpoke","|poke|p1|Cloyster, F","|poke|p1|Froslass, F","|poke|p1|Regice","|poke|p1|Kyurem-Black","|poke|p1|Piloswine, M","|poke|p1|Avalugg, F","|poke|p2|Scizor, F","|poke|p2|Forretress, M","|poke|p2|Pinsir, F","|poke|p2|Volcarona, F","|poke|p2|Heracross, F","|poke|p2|Genesect-*","|rule|Sleep Clause Mod: Limit one foe put to sleep","|rule|Species Clause: Limit one of each Pokémon","|rule|OHKO Clause: OHKO moves are banned","|rule|Moody Clause: Moody is banned","|rule|Evasion Moves Clause: Evasion moves are banned","|rule|Endless Battle Clause: Forcing endless battles is banned","|rule|HP Percentage Mod: HP is shown in percentages","|teampreview","|","|start","|switch|p1a: Snuffleupagus|Piloswine, M|404/404","|switch|p2a: Genesect|Genesect|283/283","|-boost|p2a: Genesect|atk|1|[from] ability: Download","|turn|1","|","|move|p2a: Genesect|Energy Ball|p1a: Snuffleupagus","|-supereffective|p1a: Snuffleupagus","|-damage|p1a: Snuffleupagus|260/404","|-unboost|p1a: Snuffleupagus|spd|1","|move|p1a: Snuffleupagus|Stealth Rock|p2a: Genesect","|-sidestart|p2: Alliance - Warner|move: Stealth Rock","|","|turn|2","|","|move|p2a: Genesect|Energy Ball|p1a: Snuffleupagus","|-supereffective|p1a: Snuffleupagus","|-damage|p1a: Snuffleupagus|42/404","|move|p1a: Snuffleupagus|Earthquake|p2a: Genesect","|-damage|p2a: Genesect|148/283","|","|turn|3","|","|switch|p1a: Crystal Meth|Regice|364/364","|move|p2a: Genesect|Energy Ball|p1a: Crystal Meth","|-damage|p1a: Crystal Meth|310/364","|","|-heal|p1a: Crystal Meth|332/364|[from] item: Leftovers","|turn|4","|","|switch|p2a: Forretress|Forretress, M|354/354","|-damage|p2a: Forretress|310/354|[from] Stealth Rock","|move|p1a: Crystal Meth|Gravity|p1a: Crystal Meth","|-fieldstart|move: Gravity","|","|-heal|p1a: Crystal Meth|354/364|[from] item: Leftovers","|-heal|p2a: Forretress|332/354|[from] item: Leftovers","|turn|5","|","|move|p1a: Crystal Meth|Zap Cannon|p2a: Forretress","|-damage|p2a: Forretress|191/354","|-status|p2a: Forretress|par","|move|p2a: Forretress|Rapid Spin|p1a: Crystal Meth","|-crit|p1a: Crystal Meth","|-damage|p1a: Crystal Meth|339/364","|-sideend|p2: Alliance - Warner|Stealth Rock|[from] move: Rapid Spin|[of] p2a: Forretress","|","|-heal|p1a: Crystal Meth|361/364|[from] item: Leftovers","|-heal|p2a: Forretress|213/354 par|[from] item: Leftovers","|turn|6","|","|switch|p1a: Snuffleupagus|Piloswine, M|42/404","|move|p2a: Forretress|Toxic|p1a: Snuffleupagus","|-status|p1a: Snuffleupagus|tox","|","|-heal|p2a: Forretress|235/354 par|[from] item: Leftovers","|-damage|p1a: Snuffleupagus|17/404 tox|[from] psn","|turn|7","|","|move|p1a: Snuffleupagus|Stealth Rock|p2a: Forretress","|-sidestart|p2: Alliance - Warner|move: Stealth Rock","|cant|p2a: Forretress|par","|","|-heal|p2a: Forretress|257/354 par|[from] item: Leftovers","|-damage|p1a: Snuffleupagus|0 fnt|[from] psn","|faint|p1a: Snuffleupagus","|","|switch|p1a: Haunted Vagina|Cloyster, F|241/241","|turn|8","|","|move|p1a: Haunted Vagina|Shell Smash|p1a: Haunted Vagina","|-unboost|p1a: Haunted Vagina|def|1","|-unboost|p1a: Haunted Vagina|spd|1","|-boost|p1a: Haunted Vagina|atk|2","|-boost|p1a: Haunted Vagina|spa|2","|-boost|p1a: Haunted Vagina|spe|2","|move|p2a: Forretress|Rapid Spin|p1a: Haunted Vagina","|-damage|p1a: Haunted Vagina|229/241","|-sideend|p2: Alliance - Warner|Stealth Rock|[from] move: Rapid Spin|[of] p2a: Forretress","|","|-heal|p2a: Forretress|279/354 par|[from] item: Leftovers","|-fieldend|move: Gravity","|turn|9","|","|move|p1a: Haunted Vagina|Icicle Spear|p2a: Forretress","|-resisted|p2a: Forretress","|-damage|p2a: Forretress|258/354 par","|-resisted|p2a: Forretress","|-damage|p2a: Forretress|236/354 par","|-resisted|p2a: Forretress","|-damage|p2a: Forretress|214/354 par","|-resisted|p2a: Forretress","|-damage|p2a: Forretress|194/354 par","|-resisted|p2a: Forretress","|-damage|p2a: Forretress|174/354 par","|-hitcount|p2a: Forretress|5","|cant|p2a: Forretress|par","|","|-heal|p2a: Forretress|196/354 par|[from] item: Leftovers","|turn|10","|","|move|p1a: Haunted Vagina|Shell Smash|p1a: Haunted Vagina","|-unboost|p1a: Haunted Vagina|def|1","|-unboost|p1a: Haunted Vagina|spd|1","|-boost|p1a: Haunted Vagina|atk|2","|-boost|p1a: Haunted Vagina|spa|2","|-boost|p1a: Haunted Vagina|spe|2","|move|p2a: Forretress|Volt Switch|p1a: Haunted Vagina","|-supereffective|p1a: Haunted Vagina","|-damage|p1a: Haunted Vagina|0 fnt","|faint|p1a: Haunted Vagina","|","|switch|p2a: Heracross|Heracross, F|301/301","|","|","|switch|p1a: Ghostly Gardevoir?|Froslass, F|281/281","|turn|11","|","|move|p1a: Ghostly Gardevoir?|Protect|p1a: Ghostly Gardevoir?","|-singleturn|p1a: Ghostly Gardevoir?|Protect","|move|p2a: Heracross|Knock Off|p1a: Ghostly Gardevoir?","|-activate|p1a: Ghostly Gardevoir?|Protect","|","|turn|12","|","|switch|p1a: Iced Coffee Table|Avalugg, F|394/394","|move|p2a: Heracross|Knock Off|p1a: Iced Coffee Table","|-damage|p1a: Iced Coffee Table|328/394","|-enditem|p1a: Iced Coffee Table|Leftovers|[from] move: Knock Off|[of] p2a: Heracross","|","|turn|13","|","|switch|p2a: Forretress|Forretress, M|196/354 par","|move|p1a: Iced Coffee Table|Recover|p1a: Iced Coffee Table","|-heal|p1a: Iced Coffee Table|394/394","|","|-heal|p2a: Forretress|218/354 par|[from] item: Leftovers","|turn|14","|","|cant|p2a: Forretress|par","|move|p1a: Iced Coffee Table|Roar|p2a: Forretress","|drag|p2a: Scizor|Scizor, F|343/343","|","|turn|15","|","|switch|p2a: Forretress|Forretress, M|218/354 par","|move|p1a: Iced Coffee Table|Roar|p2a: Forretress","|drag|p2a: Pinsir|Pinsir, F|271/271","|","|turn|16","|","|switch|p2a: Forretress|Forretress, M|218/354 par","|move|p1a: Iced Coffee Table|Toxic|p2a: Forretress","|-fail|p2a: Forretress","|","|-heal|p2a: Forretress|240/354 par|[from] item: Leftovers","|turn|17","|","|cant|p2a: Forretress|par","|move|p1a: Iced Coffee Table|Roar|p2a: Forretress","|drag|p2a: Scizor|Scizor, F|343/343","|","|turn|18","|","|switch|p2a: Forretress|Forretress, M|240/354 par","|move|p1a: Iced Coffee Table|Roar|p2a: Forretress","|drag|p2a: Heracross|Heracross, F|301/301","|","|turn|19","|","|switch|p2a: Forretress|Forretress, M|240/354 par","|move|p1a: Iced Coffee Table|Rapid Spin|p2a: Forretress","|-resisted|p2a: Forretress","|-damage|p2a: Forretress|235/354 par","|","|-heal|p2a: Forretress|257/354 par|[from] item: Leftovers","|turn|20","|","|cant|p2a: Forretress|par","|move|p1a: Iced Coffee Table|Roar|p2a: Forretress","|drag|p2a: Volcarona|Volcarona, F|311/311","|","|turn|21","|","|move|p2a: Volcarona|Fiery Dance|p1a: Iced Coffee Table","|-supereffective|p1a: Iced Coffee Table","|-damage|p1a: Iced Coffee Table|116/394","|move|p1a: Iced Coffee Table|Toxic|p2a: Volcarona","|-status|p2a: Volcarona|tox","|","|-damage|p2a: Volcarona|292/311 tox|[from] psn","|turn|22","|","|move|p2a: Volcarona|Fiery Dance|p1a: Iced Coffee Table","|-supereffective|p1a: Iced Coffee Table","|-damage|p1a: Iced Coffee Table|0 fnt","|faint|p1a: Iced Coffee Table","|","|-damage|p2a: Volcarona|254/311 tox|[from] psn","|","|switch|p1a: Crystal Meth|Regice|361/364","|turn|23","|","|move|p2a: Volcarona|Fiery Dance|p1a: Crystal Meth","|-supereffective|p1a: Crystal Meth","|-damage|p1a: Crystal Meth|209/364","|move|p1a: Crystal Meth|Gravity|p1a: Crystal Meth","|-fieldstart|move: Gravity","|","|-heal|p1a: Crystal Meth|231/364|[from] item: Leftovers","|-damage|p2a: Volcarona|197/311 tox|[from] psn","|turn|24","|","|move|p2a: Volcarona|Fiery Dance|p1a: Crystal Meth","|-supereffective|p1a: Crystal Meth","|-damage|p1a: Crystal Meth|97/364","|move|p1a: Crystal Meth|Zap Cannon|p2a: Volcarona|[miss]","|-miss|p1a: Crystal Meth|p2a: Volcarona","|","|-heal|p1a: Crystal Meth|119/364|[from] item: Leftovers","|-damage|p2a: Volcarona|121/311 tox|[from] psn","|-enditem|p2a: Volcarona|Sitrus Berry|[eat]","|-heal|p2a: Volcarona|198/311 tox|[from] item: Sitrus Berry","|turn|25","|","|move|p2a: Volcarona|Fiery Dance|p1a: Crystal Meth","|-supereffective|p1a: Crystal Meth","|-damage|p1a: Crystal Meth|0 fnt","|-boost|p2a: Volcarona|spa|1","|faint|p1a: Crystal Meth","|","|-damage|p2a: Volcarona|103/311 tox|[from] psn","|","|switch|p1a: Arnold Palmer|Kyurem-Black|391/391","|-ability|p1a: Arnold Palmer|Teravolt","|turn|26","|","|move|p1a: Arnold Palmer|Earth Power|p2a: Volcarona","|-damage|p2a: Volcarona|11/311 tox","|move|p2a: Volcarona|Fiery Dance|p1a: Arnold Palmer","|-damage|p1a: Arnold Palmer|166/391","|","|-damage|p2a: Volcarona|0 fnt|[from] psn","|faint|p2a: Volcarona","|","|switch|p2a: Scizor|Scizor, F|343/343","|turn|27","|","|move|p2a: Scizor|Bullet Punch|p1a: Arnold Palmer","|-supereffective|p1a: Arnold Palmer","|-damage|p1a: Arnold Palmer|0 fnt","|faint|p1a: Arnold Palmer","|","|-fieldend|move: Gravity","|","|switch|p1a: Ghostly Gardevoir?|Froslass, F|281/281","|turn|28","|","|move|p1a: Ghostly Gardevoir?|Protect|p1a: Ghostly Gardevoir?","|-singleturn|p1a: Ghostly Gardevoir?|Protect","|move|p2a: Scizor|Bullet Punch|p1a: Ghostly Gardevoir?","|-activate|p1a: Ghostly Gardevoir?|Protect","|","|turn|29","|","|move|p2a: Scizor|Bullet Punch|p1a: Ghostly Gardevoir?","|-supereffective|p1a: Ghostly Gardevoir?","|-enditem|p1a: Ghostly Gardevoir?|Focus Sash","|-damage|p1a: Ghostly Gardevoir?|1/281","|-start|p2a: Scizor|Disable|Bullet Punch","|move|p1a: Ghostly Gardevoir?|Ice Beam|p2a: Scizor","|-resisted|p2a: Scizor","|-damage|p2a: Scizor|268/343","|","|turn|30","|","|switch|p2a: Genesect|Genesect|148/283","|-boost|p2a: Genesect|atk|1|[from] ability: Download","|move|p1a: Ghostly Gardevoir?|Protect|p1a: Ghostly Gardevoir?","|-fail|p1a: Ghostly Gardevoir?","|","|turn|31","|","|move|p2a: Genesect|U-turn|p1a: Ghostly Gardevoir?","|-crit|p1a: Ghostly Gardevoir?","|-resisted|p1a: Ghostly Gardevoir?","|-damage|p1a: Ghostly Gardevoir?|0 fnt","|-start|p2a: Genesect|Disable|U-turn","|faint|p1a: Ghostly Gardevoir?","|","|win|Alliance - Warner"],"p1rating":{"entryid":"6844732","serverid":"eos","formatid":"monotype","userid":"profnightmare","username":"Prof. Nightmare","w":"16","l":22,"t":"0","gxe":44.1,"r":1461.1607449416,"rd":61.80420050335,"sigma":"0","rptime":1439024400,"rpr":1454.6055143913,"rprd":61.01595445349,"rpsigma":"0","acre":1049.2222231149,"lacre":1049.2222231149,"oldacre":"1057.4587003836"},"p2rating":{"entryid":"7343610","serverid":"eos","formatid":"monotype","userid":"alliancewarner","username":"Alliance - Warner","w":20,"l":"8","t":"0","gxe":66.5,"r":"1600.9428405602","rd":"67.931389444463","sigma":"0","rptime":"1439024400","rpr":1631.1780270284,"rprd":62.16761891798,"rpsigma":"0","acre":1287.1874364765,"lacre":1287.1874364765,"oldacre":"1276.1280837908"},"endType":"normal"}