{"seed":[914,88,35415,35855],"turns":38,"p1":"Guard Naruto","p2":"MrNyanNyanz","p1team":[{"name":"Ditto","species":"Ditto","item":"choicescarf","ability":"Imposter","moves":["transform"],"nature":"Bold","evs":{"hp":252,"atk":0,"def":252,"spa":0,"spd":6,"spe":0},"ivs":{"hp":31,"atk":31,"def":31,"spa":31,"spd":31,"spe":31}},{"name":"Miltank","species":"Miltank","item":"leftovers","ability":"Thick Fat","moves":["bodyslam","earthquake","stealthrock","milkdrink"],"nature":"Careful","evs":{"hp":248,"atk":0,"def":60,"spa":0,"spd":200,"spe":0},"ivs":{"hp":31,"atk":31,"def":31,"spa":31,"spd":31,"spe":31}},{"name":"Kecleon","species":"Kecleon","item":"lifeorb","ability":"Protean","moves":["drainpunch","suckerpunch","shadowsneak","firepunch"],"nature":"Adamant","evs":{"hp":248,"atk":252,"def":0,"spa":0,"spd":8,"spe":0},"ivs":{"hp":31,"atk":31,"def":31,"spa":31,"spd":31,"spe":31}},{"name":"Audino","species":"Audino","item":"audinite","ability":"Regenerator","moves":["wish","protect","healbell","dazzlinggleam"],"nature":"Modest","evs":{"hp":248,"atk":0,"def":200,"spa":0,"spd":60,"spe":0},"ivs":{"hp":31,"atk":31,"def":31,"spa":31,"spd":31,"spe":31}},{"name":"Pyroar","species":"Pyroar","item":"choicespecs","ability":"Unnerve","moves":["flamethrower","darkpulse","hypervoice","overheat"],"nature":"Timid","evs":{"hp":0,"atk":0,"def":0,"spa":252,"spd":4,"spe":252},"ivs":{"hp":31,"atk":31,"def":31,"spa":31,"spd":31,"spe":31}},{"name":"Snorlax","species":"Snorlax","item":"leftovers","ability":"Thick Fat","moves":["bodyslam","earthquake","rest","sleeptalk"],"nature":"Impish","evs":{"hp":248,"atk":0,"def":200,"spa":0,"spd":60,"spe":0},"ivs":{"hp":31,"atk":31,"def":31,"spa":31,"spd":31,"spe":31}}],"p2team":[{"name":"Jirachi","species":"Jirachi","item":"leftovers","ability":"Serene Grace","moves":["thunderwave","ironhead","wish","stealthrock"],"nature":"Careful","evs":{"hp":252,"atk":0,"def":0,"spa":0,"spd":224,"spe":32},"ivs":{"hp":31,"atk":31,"def":31,"spa":31,"spd":31,"spe":31}},{"name":"Gardevoir","species":"Gardevoir","item":"gardevoirite","ability":"Trace","moves":["substitute","hypervoice","shadowball","psyshock"],"nature":"Timid","evs":{"hp":4,"atk":0,"def":0,"spa":252,"spd":0,"spe":252},"ivs":{"hp":31,"atk":30,"def":31,"spa":30,"spd":31,"spe":30}},{"name":"Slowbro","species":"Slowbro","item":"rockyhelmet","ability":"Regenerator","moves":["slackoff","scald","flamethrower","thunderwave"],"nature":"Bold","evs":{"hp":248,"atk":0,"def":252,"spa":8,"spd":0,"spe":0},"ivs":{"hp":31,"atk":31,"def":31,"spa":31,"spd":31,"spe":31}},{"name":"Victini","species":"Victini","item":"choicescarf","ability":"Victory Star","moves":["vcreate","boltstrike","uturn","zenheadbutt"],"nature":"Jolly","evs":{"hp":0,"atk":252,"def":0,"spa":0,"spd":4,"spe":252},"ivs":{"hp":31,"atk":31,"def":31,"spa":31,"spd":31,"spe":31}},{"name":"Hoopa-Unbound","species":"Hoopa-Unbound","item":"lifeorb","ability":"Magician","moves":["hyperspacefury","hyperspacehole","drainpunch","substitute"],"nature":"Lonely","evs":{"hp":252,"atk":252,"def":0,"spa":4,"spd":0,"spe":0},"ivs":{"hp":31,"atk":31,"def":31,"spa":31,"spd":31,"spe":31}},{"name":"Deoxys-Speed","species":"Deoxys-Speed","item":"lifeorb","ability":"Pressure","moves":["superpower","extremespeed","knockoff","psychoboost"],"nature":"Hasty","evs":{"hp":0,"atk":252,"def":0,"spa":4,"spd":0,"spe":252},"ivs":{"hp":31,"atk":31,"def":31,"spa":31,"spd":31,"spe":31}}],"log":["|player|p1|Guard Naruto|284","|player|p2|MrNyanNyanz|mrnyannyanz.gif","|gametype|singles","|gen|6","|tier|Monotype","|rated","|rule|Baton Pass Clause: Limit one Baton Passer, can't pass Spe and other stats simultaneously","|rule|Swagger Clause: Swagger is banned","|rule|Same Type Clause: Pokémon in a team must share a type","|clearpoke","|poke|p1|Ditto","|poke|p1|Miltank, F","|poke|p1|Kecleon, M","|poke|p1|Audino, M","|poke|p1|Pyroar, M","|poke|p1|Snorlax, F","|poke|p2|Jirachi","|poke|p2|Gardevoir, M","|poke|p2|Slowbro, F","|poke|p2|Victini","|poke|p2|Hoopa-Unbound","|poke|p2|Deoxys-Speed","|rule|Sleep Clause Mod: Limit one foe put to sleep","|rule|Species Clause: Limit one of each Pokémon","|rule|OHKO Clause: OHKO moves are banned","|rule|Moody Clause: Moody is banned","|rule|Evasion Moves Clause: Evasion moves are banned","|rule|Endless Battle Clause: Forcing endless battles is banned","|rule|HP Percentage Mod: HP is shown in percentages","|teampreview","|","|start","|switch|p1a: Miltank|Miltank, F|393/393","|switch|p2a: Victini|Victini|341/341","|turn|1","|","|move|p2a: Victini|U-turn|p1a: Miltank","|-damage|p1a: Miltank|333/393","|","|switch|p2a: Gardevoir|Gardevoir, M|278/278","|-ability|p2a: Gardevoir|Thick Fat|[from] ability: Trace|[of] p1a: Miltank","|move|p1a: Miltank|Stealth Rock|p2a: Gardevoir","|-sidestart|p2: MrNyanNyanz|move: Stealth Rock","|","|-heal|p1a: Miltank|357/393|[from] item: Leftovers","|turn|2","|","|detailschange|p2a: Gardevoir|Gardevoir-Mega, M","|-mega|p2a: Gardevoir|Gardevoir|Gardevoirite","|move|p2a: Gardevoir|Substitute|p2a: Gardevoir","|-start|p2a: Gardevoir|Substitute","|-damage|p2a: Gardevoir|209/278","|move|p1a: Miltank|Body Slam|p2a: Gardevoir","|-end|p2a: Gardevoir|Substitute","|","|-heal|p1a: Miltank|381/393|[from] item: Leftovers","|turn|3","|","|move|p2a: Gardevoir|Hyper Voice|p1a: Miltank","|-damage|p1a: Miltank|164/393","|move|p1a: Miltank|Body Slam|p2a: Gardevoir","|-damage|p2a: Gardevoir|80/278","|","|-heal|p1a: Miltank|188/393|[from] item: Leftovers","|turn|4","|","|move|p2a: Gardevoir|Hyper Voice|p1a: Miltank","|-damage|p1a: Miltank|0 fnt","|faint|p1a: Miltank","|","|","|switch|p1a: Pyroar|Pyroar, M|313/313","|-ability|p1a: Pyroar|Unnerve|p2: MrNyanNyanz","|turn|5","|","|switch|p2a: Hoopa-Unbound|Hoopa-Unbound|364/364","|-damage|p2a: Hoopa-Unbound|319/364|[from] Stealth Rock","|move|p1a: Pyroar|Hyper Voice|p2a: Hoopa-Unbound","|-damage|p2a: Hoopa-Unbound|139/364","|","|turn|6","|","|switch|p2a: Jirachi|Jirachi|404/404","|-damage|p2a: Jirachi|379/404|[from] Stealth Rock","|move|p1a: Pyroar|Hyper Voice|p2a: Jirachi","|-resisted|p2a: Jirachi","|-damage|p2a: Jirachi|296/404","|","|-heal|p2a: Jirachi|321/404|[from] item: Leftovers","|turn|7","|","|switch|p1a: Kecleon|Kecleon, M|323/323","|move|p2a: Jirachi|Wish|p2a: Jirachi","|","|-heal|p2a: Jirachi|346/404|[from] item: Leftovers","|turn|8","|","|switch|p2a: Slowbro|Slowbro, F|393/393","|-damage|p2a: Slowbro|344/393|[from] Stealth Rock","|move|p1a: Kecleon|Drain Punch|p2a: Slowbro","|-start|p1a: Kecleon|typechange|Fighting|[from] Protean","|-resisted|p2a: Slowbro","|-damage|p2a: Slowbro|289/393","|-damage|p1a: Kecleon|270/323|[from] item: Rocky Helmet|[of] p2a: Slowbro","|-damage|p1a: Kecleon|238/323|[from] item: Life Orb","|","|-heal|p2a: Slowbro|393/393|[from] move: Wish|[wisher] Jirachi","|turn|9","|","|switch|p1a: Audino|Audino, M|409/409","|move|p2a: Slowbro|Scald|p1a: Audino","|-damage|p1a: Audino|315/409","|","|turn|10","|","|switch|p2a: Jirachi|Jirachi|346/404","|-damage|p2a: Jirachi|321/404|[from] Stealth Rock","|detailschange|p1a: Audino|Audino-Mega, M","|-mega|p1a: Audino|Audino|Audinite","|move|p1a: Audino|Dazzling Gleam|p2a: Jirachi","|-resisted|p2a: Jirachi","|-damage|p2a: Jirachi|288/404","|","|-heal|p2a: Jirachi|313/404|[from] item: Leftovers","|turn|11","|","|switch|p1a: Pyroar|Pyroar, M|313/313","|-ability|p1a: Pyroar|Unnerve|p2: MrNyanNyanz","|move|p2a: Jirachi|Thunder Wave|p1a: Pyroar","|-status|p1a: Pyroar|par","|","|-heal|p2a: Jirachi|338/404|[from] item: Leftovers","|turn|12","|","|switch|p1a: Audino|Audino-Mega, M|315/409","|move|p2a: Jirachi|Iron Head|p1a: Audino","|-supereffective|p1a: Audino","|-damage|p1a: Audino|177/409","|","|-heal|p2a: Jirachi|363/404|[from] item: Leftovers","|turn|13","|","|move|p2a: Jirachi|Iron Head|p1a: Audino","|-supereffective|p1a: Audino","|-damage|p1a: Audino|37/409","|move|p1a: Audino|Wish|p1a: Audino","|","|-heal|p2a: Jirachi|388/404|[from] item: Leftovers","|turn|14","|","|move|p1a: Audino|Protect|p1a: Audino","|-singleturn|p1a: Audino|Protect","|move|p2a: Jirachi|Wish|p2a: Jirachi","|","|-heal|p1a: Audino|241/409|[from] move: Wish|[wisher] Audino","|-heal|p2a: Jirachi|404/404|[from] item: Leftovers","|turn|15","|","|move|p2a: Jirachi|Iron Head|p1a: Audino","|-supereffective|p1a: Audino","|-damage|p1a: Audino|113/409","|cant|p1a: Audino|flinch","|","|turn|16","|","|move|p2a: Jirachi|Iron Head|p1a: Audino","|-supereffective|p1a: Audino","|-damage|p1a: Audino|0 fnt","|faint|p1a: Audino","|","|","|switch|p1a: Pyroar|Pyroar, M|313/313 par","|-ability|p1a: Pyroar|Unnerve|p2: MrNyanNyanz","|turn|17","|","|move|p2a: Jirachi|Iron Head|p1a: Pyroar","|-resisted|p1a: Pyroar","|-damage|p1a: Pyroar|256/313 par","|cant|p1a: Pyroar|flinch","|","|turn|18","|","|move|p2a: Jirachi|Iron Head|p1a: Pyroar","|-resisted|p1a: Pyroar","|-damage|p1a: Pyroar|195/313 par","|move|p1a: Pyroar|Dark Pulse|p2a: Jirachi","|-supereffective|p2a: Jirachi","|-damage|p2a: Jirachi|216/404","|","|-heal|p2a: Jirachi|241/404|[from] item: Leftovers","|turn|19","|","|move|p2a: Jirachi|Iron Head|p1a: Pyroar","|-crit|p1a: Pyroar","|-resisted|p1a: Pyroar","|-damage|p1a: Pyroar|96/313 par","|cant|p1a: Pyroar|flinch","|","|-heal|p2a: Jirachi|266/404|[from] item: Leftovers","|turn|20","|","|move|p2a: Jirachi|Iron Head|p1a: Pyroar","|-resisted|p1a: Pyroar","|-damage|p1a: Pyroar|36/313 par","|move|p1a: Pyroar|Dark Pulse|p2a: Jirachi","|-supereffective|p2a: Jirachi","|-damage|p2a: Jirachi|86/404","|","|-heal|p2a: Jirachi|111/404|[from] item: Leftovers","|turn|21","|","|move|p2a: Jirachi|Iron Head|p1a: Pyroar","|-resisted|p1a: Pyroar","|-damage|p1a: Pyroar|0 fnt","|faint|p1a: Pyroar","|","|-heal|p2a: Jirachi|136/404|[from] item: Leftovers","|","|switch|p1a: Kecleon|Kecleon, M|238/323","|turn|22","|","|switch|p2a: Slowbro|Slowbro, F|393/393","|-damage|p2a: Slowbro|344/393|[from] Stealth Rock","|move|p1a: Kecleon|Fire Punch|p2a: Slowbro","|-start|p1a: Kecleon|typechange|Fire|[from] Protean","|-resisted|p2a: Slowbro","|-damage|p2a: Slowbro|293/393","|-damage|p1a: Kecleon|185/323|[from] item: Rocky Helmet|[of] p2a: Slowbro","|-damage|p1a: Kecleon|153/323|[from] item: Life Orb","|","|turn|23","|","|switch|p1a: Snorlax|Snorlax, F|523/523","|move|p2a: Slowbro|Thunder Wave|p1a: Snorlax","|-status|p1a: Snorlax|par","|","|turn|24","|","|switch|p2a: Jirachi|Jirachi|136/404","|-damage|p2a: Jirachi|111/404|[from] Stealth Rock","|cant|p1a: Snorlax|par","|","|-heal|p2a: Jirachi|136/404|[from] item: Leftovers","|turn|25","|","|move|p2a: Jirachi|Iron Head|p1a: Snorlax","|-damage|p1a: Snorlax|432/523 par","|cant|p1a: Snorlax|flinch","|","|-heal|p2a: Jirachi|161/404|[from] item: Leftovers","|-heal|p1a: Snorlax|464/523 par|[from] item: Leftovers","|turn|26","|","|move|p2a: Jirachi|Iron Head|p1a: Snorlax","|-damage|p1a: Snorlax|362/523 par","|move|p1a: Snorlax|Earthquake|p2a: Jirachi","|-supereffective|p2a: Jirachi","|-damage|p2a: Jirachi|0 fnt","|faint|p2a: Jirachi","|","|-heal|p1a: Snorlax|394/523 par|[from] item: Leftovers","|","|switch|p2a: Hoopa-Unbound|Hoopa-Unbound|139/364","|-damage|p2a: Hoopa-Unbound|94/364|[from] Stealth Rock","|turn|27","|","|switch|p1a: Ditto|Ditto|300/300","|-transform|p1a: Ditto|p2a: Hoopa-Unbound","|move|p2a: Hoopa-Unbound|Drain Punch|p1a: Ditto","|-damage|p1a: Ditto|28/300","|-heal|p2a: Hoopa-Unbound|230/364|[from] drain|[of] p1a: Ditto","|-damage|p2a: Hoopa-Unbound|194/364|[from] item: Life Orb","|","|turn|28","|","|switch|p2a: Slowbro|Slowbro, F|393/393","|-damage|p2a: Slowbro|344/393|[from] Stealth Rock","|move|p1a: Ditto|Drain Punch|p2a: Slowbro","|-resisted|p2a: Slowbro","|-damage|p2a: Slowbro|304/393","|-heal|p1a: Ditto|48/300|[from] drain|[of] p2a: Slowbro","|-damage|p1a: Ditto|0 fnt|[from] item: Rocky Helmet|[of] p2a: Slowbro","|faint|p1a: Ditto","|","|","|switch|p1a: Kecleon|Kecleon, M|153/323","|turn|29","|","|move|p1a: Kecleon|Shadow Sneak|p2a: Slowbro","|-start|p1a: Kecleon|typechange|Ghost|[from] Protean","|-supereffective|p2a: Slowbro","|-damage|p2a: Slowbro|187/393","|-damage|p1a: Kecleon|100/323|[from] item: Rocky Helmet|[of] p2a: Slowbro","|-damage|p1a: Kecleon|68/323|[from] item: Life Orb","|move|p2a: Slowbro|Slack Off|p2a: Slowbro","|-heal|p2a: Slowbro|384/393","|","|turn|30","|","|move|p1a: Kecleon|Sucker Punch|p2a: Slowbro","|-start|p1a: Kecleon|typechange|Dark|[from] Protean","|-fail|p1a: Kecleon","|move|p2a: Slowbro|Slack Off|p2a: Slowbro","|-heal|p2a: Slowbro|393/393","|","|turn|31","|","|move|p1a: Kecleon|Shadow Sneak|p2a: Slowbro","|-start|p1a: Kecleon|typechange|Ghost|[from] Protean","|-supereffective|p2a: Slowbro","|-damage|p2a: Slowbro|284/393","|-damage|p1a: Kecleon|15/323|[from] item: Rocky Helmet|[of] p2a: Slowbro","|-damage|p1a: Kecleon|0 fnt|[from] item: Life Orb","|faint|p1a: Kecleon","|move|p2a: Slowbro|Thunder Wave|p1: Kecleon|[notarget]","|-notarget","|","|","|switch|p1a: Snorlax|Snorlax, F|394/523 par","|turn|32","|","|move|p2a: Slowbro|Slack Off|p2a: Slowbro","|-heal|p2a: Slowbro|393/393","|cant|p1a: Snorlax|par","|","|-heal|p1a: Snorlax|426/523 par|[from] item: Leftovers","|turn|33","|","|move|p2a: Slowbro|Scald|p1a: Snorlax","|-damage|p1a: Snorlax|341/523 par","|move|p1a: Snorlax|Earthquake|p2a: Slowbro","|-damage|p2a: Slowbro|338/393","|","|-heal|p1a: Snorlax|373/523 par|[from] item: Leftovers","|turn|34","|","|move|p2a: Slowbro|Scald|p1a: Snorlax","|-damage|p1a: Snorlax|294/523 par","|move|p1a: Snorlax|Earthquake|p2a: Slowbro","|-damage|p2a: Slowbro|276/393","|","|-heal|p1a: Snorlax|326/523 par|[from] item: Leftovers","|turn|35","|","|move|p2a: Slowbro|Scald|p1a: Snorlax","|-damage|p1a: Snorlax|235/523 par","|move|p1a: Snorlax|Rest|p1a: Snorlax","|-status|p1a: Snorlax|slp","|-heal|p1a: Snorlax|523/523 slp|[silent]","|-status|p1a: Snorlax|slp|[from] move: Rest","|","|turn|36","|","|switch|p2a: Gardevoir|Gardevoir-Mega, M|80/278","|-damage|p2a: Gardevoir|46/278|[from] Stealth Rock","|cant|p1a: Snorlax|slp","|move|p1a: Snorlax|Sleep Talk|p1a: Snorlax","|move|p1a: Snorlax|Body Slam|p2a: Gardevoir|[from]Sleep Talk","|-damage|p2a: Gardevoir|0 fnt","|faint|p2a: Gardevoir","|","|","|switch|p2a: Deoxys-Speed|Deoxys-Speed|241/241","|-damage|p2a: Deoxys-Speed|211/241|[from] Stealth Rock","|-ability|p2a: Deoxys-Speed|Pressure","|turn|37","|","|move|p2a: Deoxys-Speed|Superpower|p1a: Snorlax","|-supereffective|p1a: Snorlax","|-damage|p1a: Snorlax|227/523 slp","|-unboost|p2a: Deoxys-Speed|atk|1","|-unboost|p2a: Deoxys-Speed|def|1","|-damage|p2a: Deoxys-Speed|187/241|[from] item: Life Orb","|cant|p1a: Snorlax|slp","|move|p1a: Snorlax|Sleep Talk|p1a: Snorlax","|move|p1a: Snorlax|Body Slam|p2a: Deoxys-Speed|[from]Sleep Talk","|-damage|p2a: Deoxys-Speed|0 fnt","|faint|p2a: Deoxys-Speed","|","|-heal|p1a: Snorlax|259/523 slp|[from] item: Leftovers","|","|switch|p2a: Hoopa-Unbound|Hoopa-Unbound|194/364","|-damage|p2a: Hoopa-Unbound|149/364|[from] Stealth Rock","|turn|38","|","|move|p2a: Hoopa-Unbound|Drain Punch|p1a: Snorlax","|-supereffective|p1a: Snorlax","|-damage|p1a: Snorlax|0 fnt","|-heal|p2a: Hoopa-Unbound|279/364|[from] drain|[of] p1a: Snorlax","|-damage|p2a: Hoopa-Unbound|243/364|[from] item: Life Orb","|faint|p1a: Snorlax","|","|win|MrNyanNyanz"],"p1rating":{"entryid":"7460015","serverid":"eos","formatid":"monotype","userid":"guardnaruto","username":"Guard Naruto","w":"2","l":5,"t":"0","gxe":42.1,"r":"1466.0434440081","rd":"122.3574861412","sigma":"0","rptime":"1439024400","rpr":1437.8709501408,"rprd":94.883166204674,"rpsigma":"0","acre":1044.8065370808,"lacre":1044.8065370808,"oldacre":"1052.8890081783"},"p2rating":{"entryid":"6703862","serverid":"eos","formatid":"monotype","userid":"mrnyannyanz","username":"MrNyanNyanz","w":76,"l":"58","t":"0","gxe":56.2,"r":"1540.3845958676","rd":"31.86221735723","sigma":"0","rptime":"1439024400","rpr":1547.0312211959,"rprd":31.530461348725,"rpsigma":"0","acre":1278.6580728403,"lacre":1278.6580728403,"oldacre":"1267.3906987236"},"endType":"normal"}