{"seed":[47212,58524,5767,14821],"turns":28,"p1":"Guard Wulf - ⓓⓔⓐⓓ","p2":"Guard Naruto","p1team":[{"name":"Skarmory","species":"Skarmory","item":"leftovers","ability":"Sturdy","moves":["roost","stealthrock","ironhead","roar"],"nature":"Impish","evs":{"hp":250,"atk":4,"def":232,"spa":0,"spd":0,"spe":24},"ivs":{"hp":31,"atk":31,"def":31,"spa":31,"spd":31,"spe":31}},{"name":"Mandibuzz","species":"Mandibuzz","item":"leftovers","ability":"Overcoat","moves":["defog","bravebird","roost","toxic"],"nature":"Careful","evs":{"hp":248,"atk":8,"def":0,"spa":0,"spd":252,"spe":0},"ivs":{"hp":31,"atk":31,"def":31,"spa":31,"spd":31,"spe":31}},{"name":"Thundurus","species":"Thundurus","item":"leftovers","ability":"Prankster","moves":["thunderwave","thunderbolt","hiddenpowerice","taunt"],"nature":"Timid","evs":{"hp":0,"atk":0,"def":0,"spa":252,"spd":4,"spe":252},"ivs":{"hp":31,"atk":30,"def":30,"spa":31,"spd":31,"spe":31}},{"name":"Gliscor","species":"Gliscor","item":"toxicorb","ability":"Poison Heal","moves":["knockoff","earthquake","roost","aerialace"],"nature":"Impish","evs":{"hp":244,"atk":4,"def":188,"spa":0,"spd":0,"spe":72},"ivs":{"hp":31,"atk":31,"def":31,"spa":31,"spd":31,"spe":31}},{"name":"Charizard","species":"Charizard","item":"charizarditex","ability":"Blaze","moves":["dragondance","roost","dragonclaw","firepunch"],"nature":"Jolly","evs":{"hp":0,"atk":252,"def":0,"spa":0,"spd":4,"spe":252},"ivs":{"hp":31,"atk":31,"def":31,"spa":31,"spd":31,"spe":31}},{"name":"Tornadus-Therian","species":"Tornadus-Therian","item":"assaultvest","ability":"Regenerator","moves":["uturn","hurricane","heatwave","focusblast"],"nature":"Hasty","evs":{"hp":132,"atk":0,"def":0,"spa":160,"spd":0,"spe":216},"ivs":{"hp":31,"atk":31,"def":31,"spa":31,"spd":31,"spe":31}}],"p2team":[{"name":"Ditto","species":"Ditto","item":"choicescarf","ability":"Imposter","moves":["transform"],"nature":"Bold","evs":{"hp":252,"atk":0,"def":252,"spa":0,"spd":6,"spe":0},"ivs":{"hp":31,"atk":31,"def":31,"spa":31,"spd":31,"spe":31}},{"name":"Miltank","species":"Miltank","item":"leftovers","ability":"Thick Fat","moves":["bodyslam","toxic","stealthrock","milkdrink"],"nature":"Careful","evs":{"hp":248,"atk":0,"def":60,"spa":0,"spd":200,"spe":0},"ivs":{"hp":31,"atk":31,"def":31,"spa":31,"spd":31,"spe":31}},{"name":"Kecleon","species":"Kecleon","item":"lifeorb","ability":"Protean","moves":["drainpunch","suckerpunch","shadowsneak","firepunch"],"nature":"Adamant","evs":{"hp":248,"atk":252,"def":0,"spa":0,"spd":8,"spe":0},"ivs":{"hp":31,"atk":31,"def":31,"spa":31,"spd":31,"spe":31}},{"name":"Audino","species":"Audino","item":"audinite","ability":"Regenerator","moves":["calmmind","flamethrower","healbell","drainingkiss"],"nature":"Bold","evs":{"hp":164,"atk":0,"def":252,"spa":40,"spd":52,"spe":0},"ivs":{"hp":31,"atk":31,"def":31,"spa":31,"spd":31,"spe":31}},{"name":"Pyroar","species":"Pyroar","item":"choicespecs","ability":"Unnerve","moves":["flamethrower","darkpulse","hypervoice","overheat"],"nature":"Timid","evs":{"hp":0,"atk":0,"def":0,"spa":252,"spd":4,"spe":252},"ivs":{"hp":31,"atk":31,"def":31,"spa":31,"spd":31,"spe":31}},{"name":"Snorlax","species":"Snorlax","item":"leftovers","ability":"Thick Fat","moves":["bodyslam","earthquake","rest","sleeptalk"],"nature":"Impish","evs":{"hp":248,"atk":0,"def":200,"spa":0,"spd":60,"spe":0},"ivs":{"hp":31,"atk":31,"def":31,"spa":31,"spd":31,"spe":31}}],"log":["|player|p1|Guard Wulf - ⓓⓔⓐⓓ|143","|player|p2|Guard Naruto|284","|gametype|singles","|gen|6","|tier|Monotype","|rated","|rule|Baton Pass Clause: Limit one Baton Passer, can't pass Spe and other stats simultaneously","|rule|Swagger Clause: Swagger is banned","|rule|Same Type Clause: Pokémon in a team must share a type","|clearpoke","|poke|p1|Skarmory, M","|poke|p1|Mandibuzz, F","|poke|p1|Thundurus, M","|poke|p1|Gliscor, F","|poke|p1|Charizard, F","|poke|p1|Tornadus-Therian, M","|poke|p2|Ditto","|poke|p2|Miltank, F","|poke|p2|Kecleon, F","|poke|p2|Audino, M","|poke|p2|Pyroar, F","|poke|p2|Snorlax, F","|rule|Sleep Clause Mod: Limit one foe put to sleep","|rule|Species Clause: Limit one of each Pokémon","|rule|OHKO Clause: OHKO moves are banned","|rule|Moody Clause: Moody is banned","|rule|Evasion Moves Clause: Evasion moves are banned","|rule|Endless Battle Clause: Forcing endless battles is banned","|rule|HP Percentage Mod: HP is shown in percentages","|teampreview","|","|start","|switch|p1a: Tornadus-Therian|Tornadus-Therian, M|332/332","|switch|p2a: Miltank|Miltank, F|393/393","|turn|1","|","|move|p1a: Tornadus-Therian|Focus Blast|p2a: Miltank","|-supereffective|p2a: Miltank","|-damage|p2a: Miltank|149/393","|-unboost|p2a: Miltank|spd|1","|move|p2a: Miltank|Toxic|p1a: Tornadus-Therian","|-status|p1a: Tornadus-Therian|tox","|","|-heal|p2a: Miltank|173/393|[from] item: Leftovers","|-damage|p1a: Tornadus-Therian|312/332 tox|[from] psn","|turn|2","|","|switch|p2a: Ditto|Ditto|300/300","|-transform|p2a: Ditto|p1a: Tornadus-Therian","|move|p1a: Tornadus-Therian|Hurricane|p2a: Ditto","|-damage|p2a: Ditto|134/300","|","|-damage|p1a: Tornadus-Therian|272/332 tox|[from] psn","|turn|3","|","|switch|p1a: Mandibuzz|Mandibuzz, F|423/423","|move|p2a: Ditto|U-turn|p1a: Mandibuzz","|-damage|p1a: Mandibuzz|372/423","|","|switch|p2a: Audino|Audino, M|388/388","|","|-heal|p1a: Mandibuzz|398/423|[from] item: Leftovers","|turn|4","|","|detailschange|p2a: Audino|Audino-Mega, M","|-mega|p2a: Audino|Audino|Audinite","|move|p1a: Mandibuzz|Toxic|p2a: Audino","|-status|p2a: Audino|tox","|move|p2a: Audino|Calm Mind|p2a: Audino","|-boost|p2a: Audino|spa|1","|-boost|p2a: Audino|spd|1","|","|-heal|p1a: Mandibuzz|423/423|[from] item: Leftovers","|-damage|p2a: Audino|364/388 tox|[from] psn","|turn|5","|","|switch|p1a: Skarmory|Skarmory, M|333/333","|move|p2a: Audino|Heal Bell|p2a: Audino","|-cureteam|p2a: Audino|[from] move: HealBell","|","|turn|6","|","|move|p2a: Audino|Flamethrower|p1a: Skarmory","|-crit|p1a: Skarmory","|-supereffective|p1a: Skarmory","|-ability|p1a: Skarmory|Sturdy","|-damage|p1a: Skarmory|1/333","|move|p1a: Skarmory|Roar|p2a: Audino","|drag|p2a: Kecleon|Kecleon, F|323/323","|","|-heal|p1a: Skarmory|21/333|[from] item: Leftovers","|turn|7","|","|move|p2a: Kecleon|Shadow Sneak|p1a: Skarmory","|-start|p2a: Kecleon|typechange|Ghost|[from] Protean","|-damage|p1a: Skarmory|0 fnt","|-damage|p2a: Kecleon|291/323|[from] item: Life Orb","|faint|p1a: Skarmory","|","|","|switch|p1a: Gliscor|Gliscor, F|352/352","|turn|8","|","|move|p1a: Gliscor|Knock Off|p2a: Kecleon","|-supereffective|p2a: Kecleon","|-damage|p2a: Kecleon|101/323","|-enditem|p2a: Kecleon|Life Orb|[from] move: Knock Off|[of] p1a: Gliscor","|move|p2a: Kecleon|Fire Punch|p1a: Gliscor","|-start|p2a: Kecleon|typechange|Fire|[from] Protean","|-damage|p1a: Gliscor|279/352","|-status|p1a: Gliscor|brn","|","|-damage|p1a: Gliscor|235/352 brn|[from] brn","|turn|9","|","|move|p2a: Kecleon|Shadow Sneak|p1a: Gliscor","|-start|p2a: Kecleon|typechange|Ghost|[from] Protean","|-damage|p1a: Gliscor|198/352 brn","|move|p1a: Gliscor|Earthquake|p2a: Kecleon","|-damage|p2a: Kecleon|32/323","|","|-damage|p1a: Gliscor|154/352 brn|[from] brn","|turn|10","|","|move|p2a: Kecleon|Sucker Punch|p1a: Gliscor","|-start|p2a: Kecleon|typechange|Dark|[from] Protean","|-damage|p1a: Gliscor|75/352 brn","|move|p1a: Gliscor|Earthquake|p2a: Kecleon","|-damage|p2a: Kecleon|0 fnt","|faint|p2a: Kecleon","|","|-damage|p1a: Gliscor|31/352 brn|[from] brn","|","|switch|p2a: Audino|Audino-Mega, M|364/388","|turn|11","|","|move|p1a: Gliscor|Earthquake|p2a: Audino","|-damage|p2a: Audino|331/388","|move|p2a: Audino|Calm Mind|p2a: Audino","|-boost|p2a: Audino|spa|1","|-boost|p2a: Audino|spd|1","|","|-damage|p1a: Gliscor|0 fnt|[from] brn","|faint|p1a: Gliscor","|","|switch|p1a: Charizard|Charizard, F|297/297","|turn|12","|","|move|p1a: Charizard|Dragon Dance|p1a: Charizard","|-boost|p1a: Charizard|atk|1","|-boost|p1a: Charizard|spe|1","|move|p2a: Audino|Calm Mind|p2a: Audino","|-boost|p2a: Audino|spa|1","|-boost|p2a: Audino|spd|1","|","|turn|13","|","|switch|p2a: Miltank|Miltank, F|173/393","|move|p1a: Charizard|Fire Punch|p2a: Miltank","|-damage|p2a: Miltank|98/393","|","|-heal|p2a: Miltank|122/393|[from] item: Leftovers","|turn|14","|","|move|p1a: Charizard|Dragon Claw|p2a: Miltank","|-damage|p2a: Miltank|22/393","|move|p2a: Miltank|Toxic|p1a: Charizard","|-status|p1a: Charizard|tox","|","|-heal|p2a: Miltank|46/393|[from] item: Leftovers","|-damage|p1a: Charizard|279/297 tox|[from] psn","|turn|15","|","|detailschange|p1a: Charizard|Charizard-Mega-X, F","|-mega|p1a: Charizard|Charizard|Charizardite X","|move|p1a: Charizard|Dragon Claw|p2a: Miltank","|-damage|p2a: Miltank|0 fnt","|faint|p2a: Miltank","|","|-damage|p1a: Charizard|243/297 tox|[from] psn","|","|switch|p2a: Ditto|Ditto|234/300","|-transform|p2a: Ditto|p1a: Charizard","|turn|16","|","|switch|p1a: Tornadus-Therian|Tornadus-Therian, M|332/332 tox","|move|p2a: Ditto|Dragon Claw|p1a: Tornadus-Therian","|-damage|p1a: Tornadus-Therian|0 fnt","|faint|p1a: Tornadus-Therian","|","|","|switch|p1a: Thundurus|Thundurus, M|299/299","|turn|17","|","|switch|p2a: Snorlax|Snorlax, F|523/523","|move|p1a: Thundurus|Thunder Wave|p2a: Snorlax","|-status|p2a: Snorlax|par","|","|turn|18","|","|move|p1a: Thundurus|Thunderbolt|p2a: Snorlax","|-damage|p2a: Snorlax|382/523 par","|cant|p2a: Snorlax|par","|","|-heal|p2a: Snorlax|414/523 par|[from] item: Leftovers","|turn|19","|","|move|p1a: Thundurus|Thunderbolt|p2a: Snorlax","|-damage|p2a: Snorlax|273/523 par","|move|p2a: Snorlax|Body Slam|p1a: Thundurus","|-damage|p1a: Thundurus|140/299","|","|-heal|p1a: Thundurus|158/299|[from] item: Leftovers","|-heal|p2a: Snorlax|305/523 par|[from] item: Leftovers","|turn|20","|","|move|p1a: Thundurus|Thunderbolt|p2a: Snorlax","|-damage|p2a: Snorlax|175/523 par","|move|p2a: Snorlax|Rest|p2a: Snorlax","|-status|p2a: Snorlax|slp","|-heal|p2a: Snorlax|523/523 slp|[silent]","|-status|p2a: Snorlax|slp|[from] move: Rest","|","|-heal|p1a: Thundurus|176/299|[from] item: Leftovers","|turn|21","|","|switch|p1a: Charizard|Charizard-Mega-X, F|243/297 tox","|cant|p2a: Snorlax|slp","|move|p2a: Snorlax|Sleep Talk|p2a: Snorlax","|move|p2a: Snorlax|Body Slam|p1a: Charizard|[from]Sleep Talk","|-crit|p1a: Charizard","|-damage|p1a: Charizard|86/297 tox","|","|-damage|p1a: Charizard|68/297 tox|[from] psn","|turn|22","|","|move|p1a: Charizard|Dragon Claw|p2a: Snorlax","|-crit|p2a: Snorlax","|-damage|p2a: Snorlax|247/523 slp","|cant|p2a: Snorlax|slp","|","|-heal|p2a: Snorlax|279/523 slp|[from] item: Leftovers","|-damage|p1a: Charizard|32/297 tox|[from] psn","|turn|23","|","|move|p1a: Charizard|Dragon Claw|p2a: Snorlax","|-damage|p2a: Snorlax|105/523 slp","|-curestatus|p2a: Snorlax|slp","|move|p2a: Snorlax|Earthquake|p1a: Charizard","|-supereffective|p1a: Charizard","|-damage|p1a: Charizard|0 fnt","|faint|p1a: Charizard","|","|-heal|p2a: Snorlax|137/523|[from] item: Leftovers","|","|switch|p1a: Thundurus|Thundurus, M|176/299","|turn|24","|","|move|p1a: Thundurus|Taunt|p2a: Snorlax","|-start|p2a: Snorlax|move: Taunt","|cant|p2a: Snorlax|move: Taunt|Rest","|","|-heal|p1a: Thundurus|194/299|[from] item: Leftovers","|-heal|p2a: Snorlax|169/523|[from] item: Leftovers","|turn|25","|","|move|p1a: Thundurus|Thunderbolt|p2a: Snorlax","|-crit|p2a: Snorlax","|-damage|p2a: Snorlax|0 fnt","|faint|p2a: Snorlax","|","|-heal|p1a: Thundurus|212/299|[from] item: Leftovers","|","|switch|p2a: Ditto|Ditto|234/300","|-transform|p2a: Ditto|p1a: Thundurus","|turn|26","|","|switch|p1a: Mandibuzz|Mandibuzz, F|423/423","|move|p2a: Ditto|Thunderbolt|p1a: Mandibuzz","|-supereffective|p1a: Mandibuzz","|-damage|p1a: Mandibuzz|193/423","|","|-heal|p1a: Mandibuzz|219/423|[from] item: Leftovers","|turn|27","|","|move|p2a: Ditto|Thunderbolt|p1a: Mandibuzz","|-supereffective|p1a: Mandibuzz","|-damage|p1a: Mandibuzz|0 fnt","|faint|p1a: Mandibuzz","|","|","|switch|p1a: Thundurus|Thundurus, M|212/299","|turn|28","|","|move|p2a: Ditto|Thunderbolt|p1a: Thundurus","|-crit|p1a: Thundurus","|-damage|p1a: Thundurus|0 fnt","|faint|p1a: Thundurus","|","|win|Guard Naruto"],"p1rating":{"entryid":"7326062","serverid":"eos","formatid":"monotype","userid":"guardwulf","username":"Guard Wulf","w":"43","l":23,"t":"0","gxe":61.7,"r":"1607.4810361933","rd":"46.059337814947","sigma":"0","rptime":"1439024400","rpr":1590.5471978118,"rprd":43.867153590124,"rpsigma":"0","acre":1165.0412962292,"lacre":1165.0412962292,"oldacre":"1201.7099817231"},"p2rating":{"entryid":"7460015","serverid":"eos","formatid":"monotype","userid":"guardnaruto","username":"Guard Naruto","w":3,"l":"6","t":"0","gxe":44,"r":"1466.0434440081","rd":"122.3574861412","sigma":"0","rptime":"1439024400","rpr":1453.1390098249,"rprd":89.434411634182,"rpsigma":"0","acre":1078.9035896973,"lacre":1078.9035896973,"oldacre":"1025.9410347818"},"endType":"normal"}