{"seed":[60283,37523,36955,6233],"turns":21,"p1":"Silver-MNP","p2":"inferno sasuke","p1team":[{"name":"Night","species":"umbreon","item":"leftovers","ability":"Synchronize","moves":["foulplay","toxic","confuseray","moonlight"],"nature":"Calm","evs":{"hp":252,"atk":0,"def":4,"spa":0,"spd":252,"spe":0},"gender":"M","shiny":true,"ivs":{"hp":31,"atk":31,"def":31,"spa":31,"spd":31,"spe":31}},{"name":"Rose","species":"hydreigon","item":"focussash","ability":"Levitate","moves":["darkpulse","fireblast","dracometeor","thunderfang"],"nature":"Hasty","evs":{"hp":0,"atk":4,"def":0,"spa":252,"spd":0,"spe":252},"gender":"F","ivs":{"hp":31,"atk":31,"def":31,"spa":31,"spd":31,"spe":31}},{"name":"Seth","species":"weavile","item":"expertbelt","ability":"Pressure","moves":["nightslash","iceshard","icepunch","darkpulse"],"nature":"Hasty","evs":{"hp":0,"atk":4,"def":0,"spa":4,"spd":0,"spe":252},"gender":"M","ivs":{"hp":31,"atk":31,"def":31,"spa":31,"spd":31,"spe":31}},{"name":"Demon","species":"houndoom","item":"houndoominite","ability":"Unnerve","moves":["flamethrower","fireblast","darkpulse","crunch"],"nature":"Hasty","evs":{"hp":0,"atk":4,"def":0,"spa":252,"spd":0,"spe":252},"gender":"M","ivs":{"hp":31,"atk":31,"def":31,"spa":31,"spd":31,"spe":31}},{"name":"Sonya","species":"tyranitar","item":"smoothrock","ability":"Sand Stream","moves":["stealthrock","crunch","icebeam","stoneedge"],"nature":"Naughty","evs":{"hp":248,"atk":252,"def":0,"spa":8,"spd":0,"spe":0},"gender":"F","shiny":true,"ivs":{"hp":31,"atk":31,"def":31,"spa":31,"spd":31,"spe":31}},{"name":"Friday","species":"honchkrow","item":"quickclaw","ability":"Super Luck","moves":["suckerpunch","roost","bravebird","superpower"],"nature":"Adamant","evs":{"hp":248,"atk":252,"def":0,"spa":0,"spd":8,"spe":0},"gender":"F","shiny":true,"ivs":{"hp":31,"atk":31,"def":31,"spa":31,"spd":31,"spe":31}}],"p2team":[{"name":"kyubbi","species":"ninetales","item":"choicescarf","ability":"Drought","moves":["fireblast","solarbeam","darkpulse","extrasensory"],"nature":"Timid","evs":{"hp":4,"atk":0,"def":0,"spa":252,"spd":0,"spe":252},"ivs":{"hp":31,"atk":31,"def":31,"spa":31,"spd":31,"spe":31}},{"name":"gyuki","species":"darmanitan","item":"lifeorb","ability":"Sheer Force","moves":["flareblitz","earthquake","rockslide","brickbreak"],"nature":"Jolly","evs":{"hp":4,"atk":252,"def":0,"spa":0,"spd":0,"spe":252},"ivs":{"hp":31,"atk":31,"def":31,"spa":31,"spd":31,"spe":31}},{"name":"chomei","species":"volcarona","item":"leftovers","ability":"Flame Body","moves":["quiverdance","bugbuzz","fierydance","roost"],"nature":"Timid","evs":{"hp":240,"atk":0,"def":252,"spa":0,"spd":0,"spe":16},"ivs":{"hp":31,"atk":31,"def":31,"spa":31,"spd":31,"spe":31}},{"name":"isobu","species":"heatran","item":"airballoon","ability":"Flash Fire","moves":["stoneedge","flamethrower","flashcannon","stealthrock"],"nature":"Mild","evs":{"hp":252,"atk":4,"def":0,"spa":252,"spd":0,"spe":0},"ivs":{"hp":31,"atk":31,"def":31,"spa":31,"spd":31,"spe":31}},{"name":"easy bake","species":"rotomheat","item":"leftovers","ability":"Levitate","moves":["reflect","lightscreen","overheat","willowisp"],"nature":"Calm","evs":{"hp":252,"atk":0,"def":0,"spa":4,"spd":252,"spe":0},"ivs":{"hp":31,"atk":31,"def":31,"spa":31,"spd":31,"spe":31}},{"name":"Charizard","species":"Charizard","item":"charizarditex","ability":"Blaze","moves":["dragondance","flareblitz","flamecharge","outrage"],"nature":"Adamant","evs":{"hp":0,"atk":252,"def":0,"spa":0,"spd":4,"spe":252},"ivs":{"hp":31,"atk":31,"def":31,"spa":31,"spd":31,"spe":31}}],"log":["|player|p1|Silver-MNP|101","|player|p2|inferno sasuke|281","|gametype|singles","|gen|6","|tier|Monotype","|rated","|rule|Baton Pass Clause: Limit one Baton Passer, can't pass Spe and other stats simultaneously","|rule|Swagger Clause: Swagger is banned","|rule|Same Type Clause: Pokémon in a team must share a type","|clearpoke","|poke|p1|Umbreon, M, shiny","|poke|p1|Hydreigon, F","|poke|p1|Weavile, M","|poke|p1|Houndoom, M","|poke|p1|Tyranitar, F, shiny","|poke|p1|Honchkrow, F, shiny","|poke|p2|Ninetales, M","|poke|p2|Darmanitan, F","|poke|p2|Volcarona, F","|poke|p2|Heatran, F","|poke|p2|Rotom-Heat","|poke|p2|Charizard, F","|rule|Sleep Clause Mod: Limit one foe put to sleep","|rule|Species Clause: Limit one of each Pokémon","|rule|OHKO Clause: OHKO moves are banned","|rule|Moody Clause: Moody is banned","|rule|Evasion Moves Clause: Evasion moves are banned","|rule|Endless Battle Clause: Forcing endless battles is banned","|rule|HP Percentage Mod: HP is shown in percentages","|teampreview","|","|start","|switch|p1a: Sonya|Tyranitar, F, shiny|403/403","|switch|p2a: isobu|Heatran, F|386/386","|-item|p2a: isobu|Air Balloon","|-weather|Sandstorm","|turn|1","|","|move|p2a: isobu|Flash Cannon|p1a: Sonya","|-supereffective|p1a: Sonya","|-damage|p1a: Sonya|167/403","|-unboost|p1a: Sonya|spd|1","|move|p1a: Sonya|Stealth Rock|p2a: isobu","|-sidestart|p2: inferno sasuke|move: Stealth Rock","|","|-weather|Sandstorm|[upkeep]","|turn|2","|","|move|p2a: isobu|Flash Cannon|p1a: Sonya","|-supereffective|p1a: Sonya","|-damage|p1a: Sonya|0 fnt","|faint|p1a: Sonya","|","|-weather|Sandstorm|[upkeep]","|","|switch|p1a: Friday|Honchkrow, F, shiny|403/403","|turn|3","|","|move|p1a: Friday|Sucker Punch|p2a: isobu","|-crit|p2a: isobu","|-damage|p2a: isobu|124/386","|-enditem|p2a: isobu|Air Balloon","|move|p2a: isobu|Stone Edge|p1a: Friday","|-supereffective|p1a: Friday","|-damage|p1a: Friday|145/403","|","|-weather|Sandstorm|[upkeep]","|-damage|p1a: Friday|120/403|[from] sandstorm","|turn|4","|","|move|p2a: isobu|Stone Edge|p1a: Friday","|-supereffective|p1a: Friday","|-damage|p1a: Friday|0 fnt","|faint|p1a: Friday","|","|-weather|Sandstorm|[upkeep]","|","|switch|p1a: Rose|Hydreigon, F|325/325","|turn|5","|","|move|p1a: Rose|Dark Pulse|p2a: isobu","|-damage|p2a: isobu|0 fnt","|faint|p2a: isobu","|","|-weather|Sandstorm|[upkeep]","|-damage|p1a: Rose|305/325|[from] sandstorm","|","|switch|p2a: gyuki|Darmanitan, F|352/352","|-damage|p2a: gyuki|264/352|[from] Stealth Rock","|turn|6","|","|move|p1a: Rose|Dark Pulse|p2a: gyuki","|-damage|p2a: gyuki|24/352","|move|p2a: gyuki|Brick Break|p1a: Rose","|-crit|p1a: Rose","|-supereffective|p1a: Rose","|-damage|p1a: Rose|0 fnt","|-damage|p2a: gyuki|0 fnt|[from] item: Life Orb","|faint|p1a: Rose","|faint|p2a: gyuki","|","|-weather|Sandstorm|[upkeep]","|","|switch|p1a: Seth|Weavile, M|281/281","|switch|p2a: chomei|Volcarona, F|371/371","|-ability|p1a: Seth|Pressure","|-damage|p2a: chomei|186/371|[from] Stealth Rock","|turn|7","|","|move|p1a: Seth|Ice Shard|p2a: chomei","|-resisted|p2a: chomei","|-damage|p2a: chomei|158/371","|move|p2a: chomei|Fiery Dance|p1a: Seth","|-crit|p1a: Seth","|-supereffective|p1a: Seth","|-damage|p1a: Seth|0 fnt","|faint|p1a: Seth","|","|-weather|Sandstorm|[upkeep]","|-damage|p2a: chomei|135/371|[from] sandstorm","|-heal|p2a: chomei|158/371|[from] item: Leftovers","|","|switch|p1a: Demon|Houndoom, M|291/291","|-ability|p1a: Demon|Unnerve|p2: inferno sasuke","|turn|8","|","|detailschange|p1a: Demon|Houndoom-Mega, M","|-mega|p1a: Demon|Houndoom|Houndoominite","|move|p1a: Demon|Dark Pulse|p2a: chomei","|-damage|p2a: chomei|23/371","|cant|p2a: chomei|flinch","|","|-weather|none","|-heal|p2a: chomei|46/371|[from] item: Leftovers","|turn|9","|","|move|p1a: Demon|Crunch|p2a: chomei","|-damage|p2a: chomei|0 fnt","|faint|p2a: chomei","|","|","|switch|p2a: Charizard|Charizard, F|297/297","|-damage|p2a: Charizard|149/297|[from] Stealth Rock","|turn|10","|","|detailschange|p2a: Charizard|Charizard-Mega-X, F","|-mega|p2a: Charizard|Charizard|Charizardite X","|move|p1a: Demon|Crunch|p2a: Charizard","|-damage|p2a: Charizard|76/297","|move|p2a: Charizard|Outrage|p1a: Demon","|-damage|p1a: Demon|0 fnt","|faint|p1a: Demon","|","|","|switch|p1a: Night|Umbreon, M, shiny|394/394","|turn|11","|","|move|p2a: Charizard|Outrage|p1a: Night|[from]lockedmove","|-damage|p1a: Night|99/394","|-start|p2a: Charizard|confusion|[fatigue]","|move|p1a: Night|Toxic|p2a: Charizard","|-status|p2a: Charizard|tox","|","|-heal|p1a: Night|123/394|[from] item: Leftovers","|-damage|p2a: Charizard|58/297 tox|[from] psn","|turn|12","|","|-activate|p2a: Charizard|confusion","|-damage|p2a: Charizard|9/297 tox|[from] confusion","|move|p1a: Night|Moonlight|p1a: Night","|-heal|p1a: Night|320/394","|","|-heal|p1a: Night|344/394|[from] item: Leftovers","|-damage|p2a: Charizard|0 fnt|[from] psn","|faint|p2a: Charizard","|","|switch|p2a: kyubbi|Ninetales, M|288/288","|-damage|p2a: kyubbi|216/288|[from] Stealth Rock","|-weather|SunnyDay","|turn|13","|","|move|p2a: kyubbi|Fire Blast|p1a: Night","|-damage|p1a: Night|211/394","|move|p1a: Night|Confuse Ray|p2a: kyubbi","|-start|p2a: kyubbi|confusion","|","|-weather|SunnyDay|[upkeep]","|-heal|p1a: Night|235/394|[from] item: Leftovers","|turn|14","|","|-activate|p2a: kyubbi|confusion","|-damage|p2a: kyubbi|187/288|[from] confusion","|move|p1a: Night|Toxic|p2a: kyubbi","|-status|p2a: kyubbi|tox","|","|-weather|SunnyDay|[upkeep]","|-heal|p1a: Night|259/394|[from] item: Leftovers","|-damage|p2a: kyubbi|169/288 tox|[from] psn","|turn|15","|","|-activate|p2a: kyubbi|confusion","|move|p2a: kyubbi|Fire Blast|p1a: Night","|-damage|p1a: Night|124/394","|move|p1a: Night|Foul Play|p2a: kyubbi","|-damage|p2a: kyubbi|72/288 tox","|","|-weather|SunnyDay|[upkeep]","|-heal|p1a: Night|148/394|[from] item: Leftovers","|-damage|p2a: kyubbi|36/288 tox|[from] psn","|turn|16","|","|-end|p2a: kyubbi|confusion","|move|p2a: kyubbi|Fire Blast|p1a: Night","|-damage|p1a: Night|12/394","|move|p1a: Night|Moonlight|p1a: Night","|-heal|p1a: Night|275/394","|","|-weather|SunnyDay|[upkeep]","|-heal|p1a: Night|299/394|[from] item: Leftovers","|-damage|p2a: kyubbi|0 fnt|[from] psn","|faint|p2a: kyubbi","|","|switch|p2a: easy bake|Rotom-Heat|304/304","|-damage|p2a: easy bake|228/304|[from] Stealth Rock","|turn|17","|","|move|p2a: easy bake|Overheat|p1a: Night","|-crit|p1a: Night","|-damage|p1a: Night|97/394","|-unboost|p2a: easy bake|spa|2","|move|p1a: Night|Confuse Ray|p2a: easy bake","|-start|p2a: easy bake|confusion","|","|-weather|none","|-heal|p2a: easy bake|247/304|[from] item: Leftovers","|-heal|p1a: Night|121/394|[from] item: Leftovers","|turn|18","|","|-activate|p2a: easy bake|confusion","|-damage|p2a: easy bake|225/304|[from] confusion","|move|p1a: Night|Moonlight|p1a: Night","|-heal|p1a: Night|318/394","|","|-heal|p2a: easy bake|244/304|[from] item: Leftovers","|-heal|p1a: Night|342/394|[from] item: Leftovers","|turn|19","|","|-activate|p2a: easy bake|confusion","|-damage|p2a: easy bake|225/304|[from] confusion","|move|p1a: Night|Toxic|p2a: easy bake","|-status|p2a: easy bake|tox","|","|-heal|p2a: easy bake|244/304 tox|[from] item: Leftovers","|-heal|p1a: Night|366/394|[from] item: Leftovers","|-damage|p2a: easy bake|225/304 tox|[from] psn","|turn|20","|","|-activate|p2a: easy bake|confusion","|-damage|p2a: easy bake|203/304 tox|[from] confusion","|move|p1a: Night|Foul Play|p2a: easy bake","|-damage|p2a: easy bake|137/304 tox","|","|-heal|p2a: easy bake|156/304 tox|[from] item: Leftovers","|-heal|p1a: Night|390/394|[from] item: Leftovers","|-damage|p2a: easy bake|118/304 tox|[from] psn","|turn|21","|","|-activate|p2a: easy bake|confusion","|-damage|p2a: easy bake|97/304 tox|[from] confusion","|move|p1a: Night|Foul Play|p2a: easy bake","|-damage|p2a: easy bake|28/304 tox","|","|-heal|p2a: easy bake|47/304 tox|[from] item: Leftovers","|-heal|p1a: Night|394/394|[from] item: Leftovers","|-damage|p2a: easy bake|0 fnt|[from] psn","|faint|p2a: easy bake","|","|win|Silver-MNP"],"p1rating":{"entryid":"7303911","serverid":"eos","formatid":"monotype","userid":"silvermnp","username":"Silver-MNP","w":1,"l":"1","t":"0","gxe":48.5,"r":1463.1693371005,"rd":123.06474665529,"sigma":"0","rptime":1438765200,"rpr":1488.4604207339,"rprd":117.06778448223,"rpsigma":"0","acre":1047.2090958569,"lacre":1047.2090958569,"oldacre":"1000"},"p2rating":{"entryid":"7291991","serverid":"eos","formatid":"monotype","userid":"infernosasuke","username":"Inferno Sasuke","w":"7","l":20,"t":"0","gxe":31.2,"r":"1336.2081262852","rd":"73.728974546799","sigma":"0","rptime":"1438765200","rpr":1348.4144301352,"rprd":65.45928352142,"rpsigma":"0","acre":1040.2988049068,"lacre":1040.2988049068,"oldacre":"1063.30891653"},"endType":"normal"}