{"seed":[18716,48712,9642,41080],"turns":18,"p1":"silver - anon","p2":"Guard Wanderer","p1team":[{"name":"Hippowdon","species":"Hippowdon","item":"leftovers","ability":"Sand Stream","moves":["earthquake","stealthrock","slackoff","toxic"],"nature":"Impish","evs":{"hp":252,"atk":6,"def":252,"spa":0,"spd":0,"spe":0},"ivs":{"hp":31,"atk":31,"def":31,"spa":31,"spd":31,"spe":31}},{"name":"Garchomp","species":"Garchomp","item":"garchompite","ability":"Rough Skin","moves":["earthquake","dracometeor","fireblast","stoneedge"],"nature":"Rash","evs":{"hp":0,"atk":172,"def":0,"spa":156,"spd":0,"spe":180},"ivs":{"hp":31,"atk":31,"def":31,"spa":31,"spd":31,"spe":31}},{"name":"Gastrodon","species":"Gastrodon","item":"leftovers","ability":"Storm Drain","moves":["scald","recover","icebeam","earthpower"],"nature":"","evs":{"hp":0,"atk":0,"def":0,"spa":0,"spd":0,"spe":0},"ivs":{"hp":31,"atk":31,"def":31,"spa":31,"spd":31,"spe":31}},{"name":"Excadrill","species":"Excadrill","item":"airballoon","ability":"Sand Rush","moves":["earthquake","ironhead","rockslide","swordsdance"],"nature":"Adamant","evs":{"hp":0,"atk":252,"def":0,"spa":0,"spd":4,"spe":252},"ivs":{"hp":31,"atk":31,"def":31,"spa":31,"spd":31,"spe":31}},{"name":"Landorus","species":"Landorus","item":"lifeorb","ability":"Sheer Force","moves":["earthpower","knockoff","rockslide","sludgewave"],"nature":"Naive","evs":{"hp":0,"atk":6,"def":0,"spa":252,"spd":0,"spe":252},"ivs":{"hp":31,"atk":31,"def":31,"spa":31,"spd":31,"spe":31}},{"name":"Claydol","species":"Claydol","item":"leftovers","ability":"Levitate","moves":["rapidspin","earthpower","shadowball","psyshock"],"nature":"Modest","evs":{"hp":6,"atk":0,"def":0,"spa":252,"spd":0,"spe":2},"ivs":{"hp":31,"atk":31,"def":31,"spa":31,"spd":31,"spe":31}}],"p2team":[{"name":"Skuntank","species":"Skuntank","item":"","ability":"Stench","moves":["snatch","thief","suckerpunch","poisonjab"],"nature":"Adamant","evs":{"hp":248,"atk":252,"def":0,"spa":0,"spd":8,"spe":0},"ivs":{"hp":31,"atk":31,"def":31,"spa":31,"spd":31,"spe":31}},{"name":"Drapion","species":"Drapion","item":"airballoon","ability":"Sniper","moves":["toxicspikes","pursuit","earthquake","rocktomb"],"nature":"Adamant","evs":{"hp":248,"atk":252,"def":0,"spa":0,"spd":8,"spe":0},"ivs":{"hp":31,"atk":31,"def":31,"spa":31,"spd":31,"spe":31}},{"name":"Tentacruel","species":"Tentacruel","item":"assaultvest","ability":"Liquid Ooze","moves":["scald","acidspray","gigadrain","icebeam"],"nature":"Timid","evs":{"hp":0,"atk":0,"def":0,"spa":252,"spd":4,"spe":252},"ivs":{"hp":31,"atk":31,"def":31,"spa":31,"spd":31,"spe":31}},{"name":"Weezing","species":"Weezing","item":"sitrusberry","ability":"Levitate","moves":["toxicspikes","willowisp","memento","thief"],"nature":"Careful","evs":{"hp":248,"atk":0,"def":8,"spa":0,"spd":252,"spe":0},"ivs":{"hp":31,"atk":31,"def":31,"spa":31,"spd":31,"spe":31}},{"name":"Gengar","species":"Gengar","item":"brightpowder","ability":"Levitate","moves":["reflecttype","darkpulse","psychic","shadowball"],"nature":"Timid","evs":{"hp":0,"atk":0,"def":0,"spa":252,"spd":4,"spe":252},"ivs":{"hp":31,"atk":31,"def":31,"spa":31,"spd":31,"spe":31}},{"name":"Crobat","species":"Crobat","item":"whiteherb","ability":"Infiltrator","moves":["curse","acrobatics","roost","hypnosis"],"nature":"Jolly","evs":{"hp":248,"atk":8,"def":0,"spa":0,"spd":0,"spe":252},"ivs":{"hp":31,"atk":31,"def":31,"spa":31,"spd":31,"spe":31}}],"log":["|player|p1|silver - anon|163","|player|p2|Guard Wanderer|235","|gametype|singles","|gen|6","|tier|Monotype","|rated","|rule|Baton Pass Clause: Limit one Baton Passer, can't pass Spe and other stats simultaneously","|rule|Swagger Clause: Swagger is banned","|rule|Same Type Clause: Pokémon in a team must share a type","|clearpoke","|poke|p1|Hippowdon, M","|poke|p1|Garchomp, M","|poke|p1|Gastrodon, M","|poke|p1|Excadrill, F","|poke|p1|Landorus, M","|poke|p1|Claydol","|poke|p2|Skuntank, M","|poke|p2|Drapion, F","|poke|p2|Tentacruel, M","|poke|p2|Weezing, F","|poke|p2|Gengar, F","|poke|p2|Crobat, F","|rule|Sleep Clause Mod: Limit one foe put to sleep","|rule|Species Clause: Limit one of each Pokémon","|rule|OHKO Clause: OHKO moves are banned","|rule|Moody Clause: Moody is banned","|rule|Evasion Moves Clause: Evasion moves are banned","|rule|Endless Battle Clause: Forcing endless battles is banned","|rule|HP Percentage Mod: HP is shown in percentages","|teampreview","|","|start","|switch|p1a: Hippowdon|Hippowdon, M|420/420","|switch|p2a: Weezing|Weezing, F|333/333","|-weather|Sandstorm","|turn|1","|","|move|p2a: Weezing|Will-O-Wisp|p1a: Hippowdon","|-status|p1a: Hippowdon|brn","|move|p1a: Hippowdon|Stealth Rock|p2a: Weezing","|-sidestart|p2: Guard Wanderer|move: Stealth Rock","|","|-weather|Sandstorm|[upkeep]","|-damage|p2a: Weezing|313/333|[from] sandstorm","|-damage|p1a: Hippowdon|368/420 brn|[from] brn","|turn|2","|","|switch|p1a: Claydol|Claydol|262/262","|move|p2a: Weezing|Toxic Spikes|p1a: Claydol","|-sidestart|p1: silver - anon|move: Toxic Spikes","|","|-weather|Sandstorm|[upkeep]","|-damage|p2a: Weezing|293/333|[from] sandstorm","|turn|3","|","|switch|p2a: Gengar|Gengar, F|261/261","|-damage|p2a: Gengar|229/261|[from] Stealth Rock","|move|p1a: Claydol|Shadow Ball|p2a: Gengar","|-supereffective|p2a: Gengar","|-damage|p2a: Gengar|51/261","|","|-weather|Sandstorm|[upkeep]","|-damage|p2a: Gengar|35/261|[from] sandstorm","|turn|4","|","|move|p2a: Gengar|Shadow Ball|p1a: Claydol","|-supereffective|p1a: Claydol","|-damage|p1a: Claydol|20/262","|move|p1a: Claydol|Shadow Ball|p2a: Gengar","|-supereffective|p2a: Gengar","|-damage|p2a: Gengar|0 fnt","|faint|p2a: Gengar","|","|-weather|Sandstorm|[upkeep]","|-heal|p1a: Claydol|36/262|[from] item: Leftovers","|","|switch|p2a: Skuntank|Skuntank, M|409/409","|-damage|p2a: Skuntank|358/409|[from] Stealth Rock","|turn|5","|","|switch|p1a: Landorus|Landorus, M|319/319","|move|p2a: Skuntank|Thief|p1a: Landorus","|-damage|p1a: Landorus|208/319","|-item|p2a: Skuntank|Life Orb|[from] move: Thief|[of] p1a: Landorus","|-damage|p2a: Skuntank|318/409|[from] item: Life Orb","|","|-weather|none","|turn|6","|","|move|p2a: Skuntank|Sucker Punch|p1a: Landorus","|-damage|p1a: Landorus|44/319","|-damage|p2a: Skuntank|278/409|[from] item: Life Orb","|move|p1a: Landorus|Earth Power|p2a: Skuntank","|-supereffective|p2a: Skuntank","|-damage|p2a: Skuntank|0 fnt","|faint|p2a: Skuntank","|","|","|switch|p2a: Tentacruel|Tentacruel, M|301/301","|-damage|p2a: Tentacruel|264/301|[from] Stealth Rock","|turn|7","|","|move|p1a: Landorus|Earth Power|p2a: Tentacruel","|-supereffective|p2a: Tentacruel","|-damage|p2a: Tentacruel|60/301","|move|p2a: Tentacruel|Giga Drain|p1a: Landorus","|-damage|p1a: Landorus|0 fnt","|-heal|p2a: Tentacruel|82/301|[from] drain|[of] p1a: Landorus","|faint|p1a: Landorus","|","|","|switch|p1a: Hippowdon|Hippowdon, M|368/420 brn","|-weather|Sandstorm","|turn|8","|","|switch|p2a: Weezing|Weezing, F|293/333","|-damage|p2a: Weezing|252/333|[from] Stealth Rock","|move|p1a: Hippowdon|Earthquake|p2a: Weezing","|-immune|p2a: Weezing|[msg]","|","|-weather|Sandstorm|[upkeep]","|-damage|p2a: Weezing|232/333|[from] sandstorm","|-heal|p1a: Hippowdon|394/420 brn|[from] item: Leftovers","|-damage|p1a: Hippowdon|342/420 brn|[from] brn","|turn|9","|","|switch|p1a: Claydol|Claydol|36/262","|move|p2a: Weezing|Will-O-Wisp|p1a: Claydol|[miss]","|-miss|p2a: Weezing|p1a: Claydol","|","|-weather|Sandstorm|[upkeep]","|-damage|p2a: Weezing|212/333|[from] sandstorm","|-heal|p1a: Claydol|52/262|[from] item: Leftovers","|turn|10","|","|move|p1a: Claydol|Shadow Ball|p2a: Weezing","|-damage|p2a: Weezing|152/333","|-enditem|p2a: Weezing|Sitrus Berry|[eat]","|-heal|p2a: Weezing|235/333|[from] item: Sitrus Berry","|move|p2a: Weezing|Thief|p1a: Claydol","|-supereffective|p1a: Claydol","|-damage|p1a: Claydol|0 fnt","|-item|p2a: Weezing|Leftovers|[from] move: Thief|[of] p1a: Claydol","|faint|p1a: Claydol","|","|-weather|Sandstorm|[upkeep]","|-damage|p2a: Weezing|215/333|[from] sandstorm","|-heal|p2a: Weezing|235/333|[from] item: Leftovers","|","|switch|p1a: Garchomp|Garchomp, M|357/357","|-status|p1a: Garchomp|psn","|turn|11","|","|detailschange|p1a: Garchomp|Garchomp-Mega, M","|-mega|p1a: Garchomp|Garchomp|Garchompite","|move|p1a: Garchomp|Draco Meteor|p2a: Weezing","|-damage|p2a: Weezing|34/333","|-unboost|p1a: Garchomp|spa|2","|move|p2a: Weezing|Toxic Spikes|p1a: Garchomp","|-sidestart|p1: silver - anon|move: Toxic Spikes","|","|-weather|Sandstorm|[upkeep]","|-damage|p2a: Weezing|14/333|[from] sandstorm","|-heal|p2a: Weezing|34/333|[from] item: Leftovers","|-damage|p1a: Garchomp|313/357 psn|[from] psn","|turn|12","|","|move|p1a: Garchomp|Stone Edge|p2a: Weezing","|-damage|p2a: Weezing|0 fnt","|faint|p2a: Weezing","|","|-weather|none","|-damage|p1a: Garchomp|269/357 psn|[from] psn","|","|switch|p2a: Crobat|Crobat, F|373/373","|-damage|p2a: Crobat|280/373|[from] Stealth Rock","|turn|13","|","|move|p2a: Crobat|Curse|p2a: Crobat","|-unboost|p2a: Crobat|spe|1","|-boost|p2a: Crobat|atk|1","|-boost|p2a: Crobat|def|1","|-enditem|p2a: Crobat|White Herb","|-restoreboost|p2a: Crobat|[silent]","|move|p1a: Garchomp|Stone Edge|p2a: Crobat","|-crit|p2a: Crobat","|-supereffective|p2a: Crobat","|-damage|p2a: Crobat|0 fnt","|faint|p2a: Crobat","|","|-damage|p1a: Garchomp|225/357 psn|[from] psn","|","|switch|p2a: Drapion|Drapion, F|343/343","|-damage|p2a: Drapion|301/343|[from] Stealth Rock","|-item|p2a: Drapion|Air Balloon","|turn|14","|","|move|p1a: Garchomp|Earthquake|p2a: Drapion","|-immune|p2a: Drapion|[msg]","|move|p2a: Drapion|Earthquake|p1a: Garchomp","|-damage|p1a: Garchomp|139/357 psn","|","|-damage|p1a: Garchomp|95/357 psn|[from] psn","|turn|15","|","|move|p1a: Garchomp|Stone Edge|p2a: Drapion","|-damage|p2a: Drapion|167/343","|-enditem|p2a: Drapion|Air Balloon","|move|p2a: Drapion|Earthquake|p1a: Garchomp","|-damage|p1a: Garchomp|0 fnt","|faint|p1a: Garchomp","|","|","|switch|p1a: Hippowdon|Hippowdon, M|342/420 brn","|-weather|Sandstorm","|turn|16","|","|move|p2a: Drapion|Earthquake|p1a: Hippowdon","|-damage|p1a: Hippowdon|279/420 brn","|move|p1a: Hippowdon|Earthquake|p2a: Drapion","|-supereffective|p2a: Drapion","|-damage|p2a: Drapion|58/343","|","|-weather|Sandstorm|[upkeep]","|-damage|p2a: Drapion|37/343|[from] sandstorm","|-heal|p1a: Hippowdon|305/420 brn|[from] item: Leftovers","|-damage|p1a: Hippowdon|253/420 brn|[from] brn","|turn|17","|","|move|p2a: Drapion|Rock Tomb|p1a: Hippowdon","|-resisted|p1a: Hippowdon","|-damage|p1a: Hippowdon|232/420 brn","|-unboost|p1a: Hippowdon|spe|1","|move|p1a: Hippowdon|Earthquake|p2a: Drapion","|-crit|p2a: Drapion","|-supereffective|p2a: Drapion","|-damage|p2a: Drapion|0 fnt","|faint|p2a: Drapion","|","|-weather|Sandstorm|[upkeep]","|-heal|p1a: Hippowdon|258/420 brn|[from] item: Leftovers","|-damage|p1a: Hippowdon|206/420 brn|[from] brn","|","|switch|p2a: Tentacruel|Tentacruel, M|82/301","|-damage|p2a: Tentacruel|45/301|[from] Stealth Rock","|turn|18","|","|move|p2a: Tentacruel|Giga Drain|p1a: Hippowdon","|-supereffective|p1a: Hippowdon","|-damage|p1a: Hippowdon|30/420 brn","|-heal|p2a: Tentacruel|133/301|[from] drain|[of] p1a: Hippowdon","|move|p1a: Hippowdon|Earthquake|p2a: Tentacruel","|-supereffective|p2a: Tentacruel","|-damage|p2a: Tentacruel|0 fnt","|faint|p2a: Tentacruel","|","|win|silver - anon"],"p1rating":{"entryid":"5851484","serverid":"eos","formatid":"monotype","userid":"silveranon","username":"silver - anon","w":161,"l":"111","t":"0","gxe":58.5,"r":"1563.1418483717","rd":"29.184384360186","sigma":"0","rptime":"1438765200","rpr":1564.6054561456,"rprd":29.098824345476,"rpsigma":"0","acre":1191.5144184893,"lacre":1191.5144184893,"oldacre":"1171.0467705665"},"p2rating":{"entryid":"6731189","serverid":"eos","formatid":"monotype","userid":"guardwanderer","username":"Guard Wanderer","w":"77","l":109,"t":"0","gxe":39.6,"r":"1416.6716065611","rd":"31.012894024758","sigma":"0","rptime":"1438765200","rpr":1420.6867048516,"rprd":30.134660832961,"rpsigma":"0","acre":1086.8870828253,"lacre":1086.8870828253,"oldacre":"1107.3547307481"},"endType":"normal"}