{"seed":[53801,5434,23443,32158],"turns":22,"p1":"LightOfAKnowing","p2":"DJ Biggie","p1team":[{"name":"Roserade","species":"Roserade","item":"choicescarf","ability":"Technician","moves":["weatherball","sludgebomb","gigadrain","sleeppowder"],"nature":"Timid","evs":{"hp":0,"atk":0,"def":0,"spa":252,"spd":4,"spe":252},"ivs":{"hp":31,"atk":30,"def":30,"spa":31,"spd":31,"spe":31}},{"name":"Ludicolo","species":"Ludicolo","item":"damprock","ability":"Swift Swim","moves":["raindance","icebeam","scald","focusblast"],"nature":"Modest","evs":{"hp":0,"atk":0,"def":0,"spa":252,"spd":4,"spe":252},"ivs":{"hp":31,"atk":31,"def":31,"spa":31,"spd":31,"spe":31}},{"name":"Ferrothorn","species":"Ferrothorn","item":"rockyhelmet","ability":"Iron Barbs","moves":["leechseed","powerwhip","ironhead","stealthrock"],"nature":"Impish","evs":{"hp":248,"atk":8,"def":252,"spa":0,"spd":0,"spe":0},"ivs":{"hp":31,"atk":31,"def":31,"spa":31,"spd":31,"spe":31}},{"name":"Sawsbuck","species":"Sawsbuck","item":"heatrock","ability":"Chlorophyll","moves":["sunnyday","hornleech","frustration","jumpkick"],"nature":"Adamant","evs":{"hp":0,"atk":252,"def":0,"spa":0,"spd":4,"spe":252},"happiness":0,"ivs":{"hp":31,"atk":31,"def":31,"spa":31,"spd":31,"spe":31}},{"name":"Venusaur","species":"Venusaur","item":"venusaurite","ability":"Chlorophyll","moves":["sleeppowder","synthesis","sludgebomb","energyball"],"nature":"Modest","evs":{"hp":0,"atk":0,"def":0,"spa":252,"spd":4,"spe":252},"ivs":{"hp":31,"atk":31,"def":31,"spa":31,"spd":31,"spe":31}},{"name":"Cradily","species":"Cradily","item":"assaultvest","ability":"Storm Drain","moves":["ancientpower","earthpower","gigadrain","recover"],"nature":"Modest","evs":{"hp":248,"atk":0,"def":0,"spa":252,"spd":8,"spe":0},"ivs":{"hp":31,"atk":31,"def":31,"spa":31,"spd":31,"spe":31}}],"p2team":[{"name":"Faildra","species":"kingdra","item":"scopelens","ability":"Sniper","moves":["focusenergy","dracometeor","surf","agility"],"nature":"Modest","evs":{"hp":0,"atk":0,"def":4,"spa":252,"spd":0,"spe":252},"ivs":{"hp":31,"atk":31,"def":31,"spa":31,"spd":31,"spe":31}},{"name":"Hen + Tie","species":"tentacruel","item":"blacksludge","ability":"Liquid Ooze","moves":["scald","rapidspin","acidspray","knockoff"],"nature":"Timid","evs":{"hp":248,"atk":0,"def":216,"spa":0,"spd":28,"spe":16},"ivs":{"hp":31,"atk":31,"def":31,"spa":31,"spd":31,"spe":31}},{"name":"Kenny (The Bae)","species":"azumarill","item":"assaultvest","ability":"Sap Sipper","moves":["playrough","waterfall","aquajet","knockoff"],"nature":"Adamant","evs":{"hp":240,"atk":252,"def":0,"spa":0,"spd":16,"spe":0},"gender":"F","ivs":{"hp":31,"atk":31,"def":31,"spa":31,"spd":31,"spe":31}},{"name":"Slippy","species":"politoed","item":"choicespecs","ability":"Drizzle","moves":["scald","hydropump","hiddenpowergrass","mudbomb"],"nature":"Modest","evs":{"hp":248,"atk":0,"def":0,"spa":252,"spd":8,"spe":0},"ivs":{"hp":31,"atk":30,"def":31,"spa":30,"spd":31,"spe":31}},{"name":"Samba de Amigo","species":"ludicolo","item":"lifeorb","ability":"Swift Swim","moves":["hydropump","gigadrain","icebeam","focusblast"],"nature":"Modest","evs":{"hp":0,"atk":0,"def":0,"spa":252,"spd":4,"spe":252},"ivs":{"hp":31,"atk":31,"def":31,"spa":31,"spd":31,"spe":31}},{"name":"JUST DO IT!","species":"swampert","item":"swampertite","ability":"Damp","moves":["waterfall","earthquake","icepunch","poweruppunch"],"nature":"Adamant","evs":{"hp":0,"atk":252,"def":4,"spa":0,"spd":0,"spe":252},"ivs":{"hp":31,"atk":31,"def":31,"spa":31,"spd":31,"spe":31}}],"log":["|player|p1|LightOfAKnowing|lightofaknowing.gif","|player|p2|DJ Biggie|djbiggie.png","|gametype|singles","|gen|6","|tier|Monotype","|rated","|rule|Baton Pass Clause: Limit one Baton Passer, can't pass Spe and other stats simultaneously","|rule|Swagger Clause: Swagger is banned","|rule|Same Type Clause: Pokémon in a team must share a type","|clearpoke","|poke|p1|Roserade, F","|poke|p1|Ludicolo, F","|poke|p1|Ferrothorn, M","|poke|p1|Sawsbuck, F","|poke|p1|Venusaur, F","|poke|p1|Cradily, M","|poke|p2|Kingdra, M","|poke|p2|Tentacruel, M","|poke|p2|Azumarill, F","|poke|p2|Politoed, M","|poke|p2|Ludicolo, M","|poke|p2|Swampert, F","|rule|Sleep Clause Mod: Limit one foe put to sleep","|rule|Species Clause: Limit one of each Pokémon","|rule|OHKO Clause: OHKO moves are banned","|rule|Moody Clause: Moody is banned","|rule|Evasion Moves Clause: Evasion moves are banned","|rule|Endless Battle Clause: Forcing endless battles is banned","|rule|HP Percentage Mod: HP is shown in percentages","|teampreview","|","|start","|switch|p1a: Ferrothorn|Ferrothorn, M|351/351","|switch|p2a: Slippy|Politoed, M|383/383","|-weather|RainDance","|turn|1","|","|move|p2a: Slippy|Scald|p1a: Ferrothorn","|-resisted|p1a: Ferrothorn","|-damage|p1a: Ferrothorn|237/351","|move|p1a: Ferrothorn|Stealth Rock|p2a: Slippy","|-sidestart|p2: DJ Biggie|move: Stealth Rock","|","|-weather|RainDance|[upkeep]","|turn|2","|","|switch|p2a: Hen + Tie|Tentacruel, M|363/363","|-damage|p2a: Hen + Tie|318/363|[from] Stealth Rock","|move|p1a: Ferrothorn|Leech Seed|p2a: Hen + Tie","|-start|p2a: Hen + Tie|move: Leech Seed","|","|-weather|RainDance|[upkeep]","|-heal|p2a: Hen + Tie|340/363|[from] item: Black Sludge","|-damage|p2a: Hen + Tie|295/363|[from] Leech Seed|[of] p1a: Ferrothorn","|-damage|p1a: Ferrothorn|192/351|[from] ability: Liquid Ooze|[of] p2a: Hen + Tie","|turn|3","|","|move|p2a: Hen + Tie|Scald|p1a: Ferrothorn","|-resisted|p1a: Ferrothorn","|-damage|p1a: Ferrothorn|142/351","|-status|p1a: Ferrothorn|brn","|move|p1a: Ferrothorn|Power Whip|p2a: Hen + Tie","|-damage|p2a: Hen + Tie|220/363","|","|-weather|RainDance|[upkeep]","|-heal|p2a: Hen + Tie|242/363|[from] item: Black Sludge","|-damage|p2a: Hen + Tie|197/363|[from] Leech Seed|[of] p1a: Ferrothorn","|-damage|p1a: Ferrothorn|97/351 brn|[from] ability: Liquid Ooze|[of] p2a: Hen + Tie","|-damage|p1a: Ferrothorn|54/351 brn|[from] brn","|turn|4","|","|move|p2a: Hen + Tie|Rapid Spin|p1a: Ferrothorn","|-resisted|p1a: Ferrothorn","|-damage|p1a: Ferrothorn|51/351 brn","|-damage|p2a: Hen + Tie|152/363|[from] ability: Iron Barbs|[of] p1a: Ferrothorn","|-damage|p2a: Hen + Tie|92/363|[from] item: Rocky Helmet|[of] p1a: Ferrothorn","|-end|p2a: Hen + Tie|Leech Seed|[from] move: Rapid Spin|[of] p2a: Hen + Tie","|-sideend|p2: DJ Biggie|Stealth Rock|[from] move: Rapid Spin|[of] p2a: Hen + Tie","|move|p1a: Ferrothorn|Power Whip|p2a: Hen + Tie","|-crit|p2a: Hen + Tie","|-damage|p2a: Hen + Tie|0 fnt","|faint|p2a: Hen + Tie","|","|-weather|RainDance|[upkeep]","|-damage|p1a: Ferrothorn|8/351 brn|[from] brn","|","|switch|p2a: Faildra|Kingdra, M|291/291","|turn|5","|","|move|p2a: Faildra|Focus Energy|p2a: Faildra","|-start|p2a: Faildra|move: Focus Energy","|move|p1a: Ferrothorn|Power Whip|p2a: Faildra","|-damage|p2a: Faildra|225/291","|","|-weather|none","|-damage|p1a: Ferrothorn|0 fnt|[from] brn","|faint|p1a: Ferrothorn","|","|switch|p1a: Roserade|Roserade, F|261/261","|turn|6","|","|move|p1a: Roserade|Sleep Powder|p2a: Faildra","|-status|p2a: Faildra|slp","|cant|p2a: Faildra|slp","|","|turn|7","|","|switch|p1a: Venusaur|Venusaur, F|301/301","|-curestatus|p2a: Faildra|slp","|move|p2a: Faildra|Draco Meteor|p1a: Venusaur|[miss]","|-miss|p2a: Faildra|p1a: Venusaur","|","|turn|8","|","|detailschange|p1a: Venusaur|Venusaur-Mega, F","|-mega|p1a: Venusaur|Venusaur|Venusaurite","|move|p2a: Faildra|Draco Meteor|p1a: Venusaur","|-crit|p1a: Venusaur","|-damage|p1a: Venusaur|0 fnt","|-unboost|p2a: Faildra|spa|2","|faint|p1a: Venusaur","|","|","|switch|p1a: Roserade|Roserade, F|261/261","|turn|9","|","|move|p1a: Roserade|Giga Drain|p2a: Faildra","|-damage|p2a: Faildra|80/291","|move|p2a: Faildra|Draco Meteor|p1a: Roserade","|-crit|p1a: Roserade","|-damage|p1a: Roserade|0 fnt","|-unboost|p2a: Faildra|spa|2","|faint|p1a: Roserade","|","|","|switch|p1a: Sawsbuck|Sawsbuck, F|301/301","|turn|10","|","|move|p1a: Sawsbuck|Horn Leech|p2a: Faildra","|-damage|p2a: Faildra|0 fnt","|faint|p2a: Faildra","|","|","|switch|p2a: Kenny (The Bae)|Azumarill, F|401/401","|turn|11","|","|move|p1a: Sawsbuck|Horn Leech|p2a: Kenny (The Bae)","|-boost|p2a: Kenny (The Bae)|atk|1|[from] ability: Sap Sipper","|move|p2a: Kenny (The Bae)|Knock Off|p1a: Sawsbuck","|-damage|p1a: Sawsbuck|164/301","|-enditem|p1a: Sawsbuck|Heat Rock|[from] move: Knock Off|[of] p2a: Kenny (The Bae)","|","|turn|12","|","|move|p1a: Sawsbuck|Frustration|p2a: Kenny (The Bae)","|-damage|p2a: Kenny (The Bae)|206/401","|move|p2a: Kenny (The Bae)|Play Rough|p1a: Sawsbuck","|-damage|p1a: Sawsbuck|0 fnt","|faint|p1a: Sawsbuck","|","|","|switch|p1a: Ludicolo|Ludicolo, F|301/301","|turn|13","|","|move|p1a: Ludicolo|Scald|p2a: Kenny (The Bae)","|-resisted|p2a: Kenny (The Bae)","|-damage|p2a: Kenny (The Bae)|156/401","|move|p2a: Kenny (The Bae)|Knock Off|p1a: Ludicolo","|-damage|p1a: Ludicolo|155/301","|-enditem|p1a: Ludicolo|Damp Rock|[from] move: Knock Off|[of] p2a: Kenny (The Bae)","|","|turn|14","|","|move|p1a: Ludicolo|Scald|p2a: Kenny (The Bae)","|-resisted|p2a: Kenny (The Bae)","|-damage|p2a: Kenny (The Bae)|111/401","|-status|p2a: Kenny (The Bae)|brn","|move|p2a: Kenny (The Bae)|Play Rough|p1a: Ludicolo|[miss]","|-miss|p2a: Kenny (The Bae)|p1a: Ludicolo","|","|-damage|p2a: Kenny (The Bae)|61/401 brn|[from] brn","|turn|15","|","|move|p1a: Ludicolo|Scald|p2a: Kenny (The Bae)","|-resisted|p2a: Kenny (The Bae)","|-damage|p2a: Kenny (The Bae)|13/401 brn","|move|p2a: Kenny (The Bae)|Play Rough|p1a: Ludicolo","|-damage|p1a: Ludicolo|65/301","|","|-damage|p2a: Kenny (The Bae)|0 fnt|[from] brn","|faint|p2a: Kenny (The Bae)","|","|switch|p2a: Slippy|Politoed, M|383/383","|-weather|RainDance","|turn|16","|","|move|p1a: Ludicolo|Scald|p2a: Slippy","|-resisted|p2a: Slippy","|-damage|p2a: Slippy|293/383","|-status|p2a: Slippy|brn","|move|p2a: Slippy|Hidden Power|p1a: Ludicolo","|-damage|p1a: Ludicolo|0 fnt","|faint|p1a: Ludicolo","|","|-weather|RainDance|[upkeep]","|-damage|p2a: Slippy|246/383 brn|[from] brn","|","|switch|p1a: Cradily|Cradily, M|375/375","|turn|17","|","|switch|p2a: Samba de Amigo|Ludicolo, M|301/301","|move|p1a: Cradily|Giga Drain|p2a: Samba de Amigo","|-damage|p2a: Samba de Amigo|190/301","|","|-weather|RainDance|[upkeep]","|turn|18","|","|move|p2a: Samba de Amigo|Giga Drain|p1a: Cradily","|-damage|p1a: Cradily|285/375","|-heal|p2a: Samba de Amigo|235/301|[from] drain|[of] p1a: Cradily","|-damage|p2a: Samba de Amigo|205/301|[from] item: Life Orb","|move|p1a: Cradily|Giga Drain|p2a: Samba de Amigo","|-damage|p2a: Samba de Amigo|100/301","|-heal|p1a: Cradily|338/375|[from] drain|[of] p2a: Samba de Amigo","|","|-weather|RainDance|[upkeep]","|turn|19","|","|move|p2a: Samba de Amigo|Focus Blast|p1a: Cradily","|-supereffective|p1a: Cradily","|-damage|p1a: Cradily|122/375","|-damage|p2a: Samba de Amigo|70/301|[from] item: Life Orb","|move|p1a: Cradily|Giga Drain|p2a: Samba de Amigo","|-damage|p2a: Samba de Amigo|0 fnt","|-heal|p1a: Cradily|157/375|[from] drain|[of] p2a: Samba de Amigo","|faint|p2a: Samba de Amigo","|","|-weather|RainDance|[upkeep]","|","|switch|p2a: JUST DO IT!|Swampert, F|341/341","|turn|20","|","|detailschange|p2a: JUST DO IT!|Swampert-Mega, F","|-mega|p2a: JUST DO IT!|Swampert|Swampertite","|move|p2a: JUST DO IT!|Waterfall|p1a: Cradily","|-boost|p1a: Cradily|spa|1|[from] ability: Storm Drain","|move|p1a: Cradily|Giga Drain|p2a: JUST DO IT!","|-supereffective|p2a: JUST DO IT!","|-damage|p2a: JUST DO IT!|0 fnt","|-heal|p1a: Cradily|328/375|[from] drain|[of] p2a: JUST DO IT!","|faint|p2a: JUST DO IT!","|","|-weather|none","|","|switch|p2a: Slippy|Politoed, M|246/383 brn","|-weather|RainDance","|turn|21","|","|move|p2a: Slippy|Mud Bomb|p1a: Cradily","|-damage|p1a: Cradily|267/375","|-unboost|p1a: Cradily|accuracy|1","|move|p1a: Cradily|Giga Drain|p2a: Slippy|[miss]","|-miss|p1a: Cradily|p2a: Slippy","|","|-weather|RainDance|[upkeep]","|-damage|p2a: Slippy|199/383 brn|[from] brn","|turn|22","|","|move|p2a: Slippy|Mud Bomb|p1a: Cradily","|-damage|p1a: Cradily|202/375","|-unboost|p1a: Cradily|accuracy|1","|move|p1a: Cradily|Giga Drain|p2a: Slippy","|-supereffective|p2a: Slippy","|-damage|p2a: Slippy|0 fnt","|-heal|p1a: Cradily|302/375|[from] drain|[of] p2a: Slippy","|faint|p2a: Slippy","|","|win|LightOfAKnowing"],"p1rating":{"entryid":"6481865","serverid":"eos","formatid":"monotype","userid":"lightofaknowing","username":"Light-Of-A-Knowing","w":114,"l":"154","t":"0","gxe":41.4,"r":"1438.6023850998","rd":"30.127556242615","sigma":"0","rptime":"1438765200","rpr":1434.2968014375,"rprd":29.661897891256,"rpsigma":"0","acre":1073.1120182364,"lacre":1073.1120182364,"oldacre":"1024.7959613791"},"p2rating":{"entryid":"7236327","serverid":"eos","formatid":"monotype","userid":"djbiggie","username":"DJ Biggie","w":"20","l":16,"t":"0","gxe":53.3,"r":"1518.6337044183","rd":"61.02654891062","sigma":"0","rptime":"1438765200","rpr":1524.8284441611,"rprd":55.785421762935,"rpsigma":"0","acre":1111.2892617627,"lacre":1111.2892617627,"oldacre":"1144.5825708193"},"endType":"normal"}