{"seed":[49712,9074,16983,19929],"turns":35,"p1":"Carnie Marx","p2":"Guard Wulf - ⓓⓞⓖⓔ","p1team":[{"name":"Murkrow","species":"Murkrow","item":"eviolite","ability":"Prankster","moves":["roost","thunderwave","featherdance","darkpulse"],"nature":"Calm","evs":{"hp":248,"atk":0,"def":0,"spa":8,"spd":252,"spe":0},"ivs":{"hp":31,"atk":31,"def":31,"spa":31,"spd":31,"spe":31}},{"name":"Absol","species":"Absol","item":"scopelens","ability":"Super Luck","moves":["nightslash","shadowclaw","thunderwave","suckerpunch"],"nature":"Jolly","evs":{"hp":0,"atk":252,"def":0,"spa":0,"spd":4,"spe":252},"ivs":{"hp":31,"atk":31,"def":31,"spa":31,"spd":31,"spe":31}},{"name":"Mandibuzz","species":"Mandibuzz","item":"rockyhelmet","ability":"Overcoat","moves":["foulplay","roost","toxic","bravebird"],"nature":"Impish","evs":{"hp":248,"atk":8,"def":252,"spa":0,"spd":0,"spe":0},"ivs":{"hp":31,"atk":31,"def":31,"spa":31,"spd":31,"spe":31}},{"name":"Malamar","species":"Malamar","item":"muscleband","ability":"Contrary","moves":["nightslash","psychocut","superpower","foulplay"],"nature":"Adamant","evs":{"hp":248,"atk":252,"def":0,"spa":0,"spd":8,"spe":0},"ivs":{"hp":31,"atk":31,"def":31,"spa":31,"spd":31,"spe":31}},{"name":"Hydreigon","species":"Hydreigon","item":"choicespecs","ability":"Levitate","moves":["darkpulse","dragonpulse","earthpower","flamethrower"],"nature":"Timid","evs":{"hp":0,"atk":0,"def":0,"spa":252,"spd":4,"spe":252},"ivs":{"hp":31,"atk":31,"def":31,"spa":31,"spd":31,"spe":31}},{"name":"Sharpedo","species":"Sharpedo","item":"focussash","ability":"Speed Boost","moves":["destinybond","crunch","earthquake","waterfall"],"nature":"Adamant","evs":{"hp":0,"atk":252,"def":0,"spa":0,"spd":4,"spe":252},"ivs":{"hp":31,"atk":31,"def":31,"spa":31,"spd":31,"spe":31}}],"p2team":[{"name":"Pidgeot","species":"Pidgeot","item":"pidgeotite","ability":"Big Pecks","moves":["hurricane","heatwave","uturn","roost"],"nature":"Timid","evs":{"hp":0,"atk":0,"def":0,"spa":252,"spd":4,"spe":252},"ivs":{"hp":31,"atk":31,"def":31,"spa":31,"spd":31,"spe":31}},{"name":"Landorus-Therian","species":"Landorus-Therian","item":"leftovers","ability":"Intimidate","moves":["stealthrock","uturn","earthquake","stoneedge"],"nature":"Adamant","evs":{"hp":220,"atk":252,"def":0,"spa":0,"spd":4,"spe":32},"ivs":{"hp":31,"atk":31,"def":31,"spa":31,"spd":31,"spe":31}},{"name":"Staraptor","species":"Staraptor","item":"choicescarf","ability":"Reckless","moves":["doubleedge","bravebird","uturn","closecombat"],"nature":"Jolly","evs":{"hp":0,"atk":252,"def":0,"spa":0,"spd":4,"spe":252},"ivs":{"hp":31,"atk":31,"def":31,"spa":31,"spd":31,"spe":31}},{"name":"Honchkrow","species":"Honchkrow","item":"lifeorb","ability":"Moxie","moves":["suckerpunch","bravebird","roost","superpower"],"nature":"Serious","evs":{"hp":0,"atk":252,"def":4,"spa":0,"spd":0,"spe":252},"ivs":{"hp":31,"atk":31,"def":31,"spa":31,"spd":31,"spe":31}},{"name":"Thundurus-Therian","species":"Thundurus-Therian","item":"choicescarf","ability":"Volt Absorb","moves":["hiddenpowerice","thunderbolt","voltswitch","flashcannon"],"nature":"Timid","evs":{"hp":0,"atk":0,"def":0,"spa":252,"spd":4,"spe":252},"ivs":{"hp":31,"atk":30,"def":30,"spa":31,"spd":31,"spe":31}},{"name":"Togekiss","species":"Togekiss","item":"leftovers","ability":"Serene Grace","moves":["defog","thunderwave","airslash","roost"],"nature":"Calm","evs":{"hp":252,"atk":0,"def":0,"spa":4,"spd":252,"spe":0},"ivs":{"hp":31,"atk":31,"def":31,"spa":31,"spd":31,"spe":31}}],"log":["|player|p1|Carnie Marx|238","|player|p2|Guard Wulf - ⓓⓞⓖⓔ|143","|gametype|singles","|gen|6","|tier|Monotype","|rated","|rule|Baton Pass Clause: Limit one Baton Passer, can't pass Spe and other stats simultaneously","|rule|Swagger Clause: Swagger is banned","|rule|Same Type Clause: Pokémon in a team must share a type","|clearpoke","|poke|p1|Murkrow, F","|poke|p1|Absol, M","|poke|p1|Mandibuzz, F","|poke|p1|Malamar, F","|poke|p1|Hydreigon, M","|poke|p1|Sharpedo, F","|poke|p2|Pidgeot, M","|poke|p2|Landorus-Therian, M","|poke|p2|Staraptor, F","|poke|p2|Honchkrow, M","|poke|p2|Thundurus-Therian, M","|poke|p2|Togekiss, F","|rule|Sleep Clause Mod: Limit one foe put to sleep","|rule|Species Clause: Limit one of each Pokémon","|rule|OHKO Clause: OHKO moves are banned","|rule|Moody Clause: Moody is banned","|rule|Evasion Moves Clause: Evasion moves are banned","|rule|Endless Battle Clause: Forcing endless battles is banned","|rule|HP Percentage Mod: HP is shown in percentages","|teampreview","|","|start","|switch|p1a: Absol|Absol, M|271/271","|switch|p2a: Thundurus-Therian|Thundurus-Therian, M|299/299","|turn|1","|","|switch|p2a: Landorus-Therian|Landorus-Therian, M|374/374","|-ability|p2a: Landorus-Therian|Intimidate","|-unboost|p1a: Absol|atk|1","|move|p1a: Absol|Sucker Punch|p2a: Landorus-Therian","|-fail|p1a: Absol","|","|turn|2","|","|move|p1a: Absol|Night Slash|p2a: Landorus-Therian","|-crit|p2a: Landorus-Therian","|-damage|p2a: Landorus-Therian|187/374","|move|p2a: Landorus-Therian|U-turn|p1a: Absol","|-supereffective|p1a: Absol","|-damage|p1a: Absol|0 fnt","|faint|p1a: Absol","|","|switch|p2a: Thundurus-Therian|Thundurus-Therian, M|299/299","|","|","|switch|p1a: Sharpedo|Sharpedo, F|281/281","|turn|3","|","|move|p2a: Thundurus-Therian|Thunderbolt|p1a: Sharpedo","|-supereffective|p1a: Sharpedo","|-enditem|p1a: Sharpedo|Focus Sash","|-damage|p1a: Sharpedo|1/281","|-status|p1a: Sharpedo|par","|move|p1a: Sharpedo|Crunch|p2a: Thundurus-Therian","|-damage|p2a: Thundurus-Therian|112/299","|","|-boost|p1a: Sharpedo|spe|1|[from] ability: Speed Boost","|turn|4","|","|move|p2a: Thundurus-Therian|Thunderbolt|p1a: Sharpedo","|-supereffective|p1a: Sharpedo","|-damage|p1a: Sharpedo|0 fnt","|faint|p1a: Sharpedo","|","|","|switch|p1a: Hydreigon|Hydreigon, M|325/325","|turn|5","|","|switch|p2a: Togekiss|Togekiss, F|374/374","|move|p1a: Hydreigon|Dark Pulse|p2a: Togekiss","|-resisted|p2a: Togekiss","|-damage|p2a: Togekiss|302/374","|","|-heal|p2a: Togekiss|325/374|[from] item: Leftovers","|turn|6","|","|switch|p1a: Malamar|Malamar, F|375/375","|move|p2a: Togekiss|Thunder Wave|p1a: Malamar","|-status|p1a: Malamar|par","|","|-heal|p2a: Togekiss|348/374|[from] item: Leftovers","|turn|7","|","|switch|p2a: Landorus-Therian|Landorus-Therian, M|187/374","|-ability|p2a: Landorus-Therian|Intimidate","|-boost|p1a: Malamar|atk|1","|move|p1a: Malamar|Superpower|p2a: Landorus-Therian","|-resisted|p2a: Landorus-Therian","|-damage|p2a: Landorus-Therian|69/374","|-boost|p1a: Malamar|atk|1","|-boost|p1a: Malamar|def|1","|","|-heal|p2a: Landorus-Therian|92/374|[from] item: Leftovers","|turn|8","|","|move|p2a: Landorus-Therian|U-turn|p1a: Malamar","|-supereffective|p1a: Malamar","|-damage|p1a: Malamar|75/375 par","|","|switch|p2a: Honchkrow|Honchkrow, M|341/341","|move|p1a: Malamar|Superpower|p2a: Honchkrow","|-damage|p2a: Honchkrow|0 fnt","|-boost|p1a: Malamar|atk|1","|-boost|p1a: Malamar|def|1","|faint|p2a: Honchkrow","|","|","|switch|p2a: Landorus-Therian|Landorus-Therian, M|92/374","|-ability|p2a: Landorus-Therian|Intimidate","|-boost|p1a: Malamar|atk|1","|turn|9","|","|switch|p1a: Mandibuzz|Mandibuzz, F|423/423","|move|p2a: Landorus-Therian|U-turn|p1a: Mandibuzz","|-damage|p1a: Mandibuzz|357/423","|-damage|p2a: Landorus-Therian|30/374|[from] item: Rocky Helmet|[of] p1a: Mandibuzz","|","|switch|p2a: Thundurus-Therian|Thundurus-Therian, M|112/299","|","|turn|10","|","|switch|p1a: Malamar|Malamar, F|75/375 par","|move|p2a: Thundurus-Therian|Thunderbolt|p1a: Malamar","|-damage|p1a: Malamar|0 fnt","|faint|p1a: Malamar","|","|","|switch|p1a: Hydreigon|Hydreigon, M|325/325","|turn|11","|","|switch|p2a: Landorus-Therian|Landorus-Therian, M|30/374","|-ability|p2a: Landorus-Therian|Intimidate","|-unboost|p1a: Hydreigon|atk|1","|move|p1a: Hydreigon|Flamethrower|p2a: Landorus-Therian","|-damage|p2a: Landorus-Therian|0 fnt","|faint|p2a: Landorus-Therian","|","|","|switch|p2a: Togekiss|Togekiss, F|348/374","|turn|12","|","|move|p1a: Hydreigon|Flamethrower|p2a: Togekiss","|-damage|p2a: Togekiss|240/374","|move|p2a: Togekiss|Thunder Wave|p1a: Hydreigon","|-status|p1a: Hydreigon|par","|","|-heal|p2a: Togekiss|263/374|[from] item: Leftovers","|turn|13","|","|move|p2a: Togekiss|Air Slash|p1a: Hydreigon","|-damage|p1a: Hydreigon|217/325 par","|cant|p1a: Hydreigon|flinch","|","|-heal|p2a: Togekiss|286/374|[from] item: Leftovers","|turn|14","|","|move|p2a: Togekiss|Air Slash|p1a: Hydreigon","|-damage|p1a: Hydreigon|109/325 par","|cant|p1a: Hydreigon|flinch","|","|-heal|p2a: Togekiss|309/374|[from] item: Leftovers","|turn|15","|","|move|p2a: Togekiss|Air Slash|p1a: Hydreigon","|-damage|p1a: Hydreigon|3/325 par","|move|p1a: Hydreigon|Flamethrower|p2a: Togekiss","|-damage|p2a: Togekiss|201/374","|","|-heal|p2a: Togekiss|224/374|[from] item: Leftovers","|turn|16","|","|move|p2a: Togekiss|Roost|p2a: Togekiss","|-heal|p2a: Togekiss|374/374","|move|p1a: Hydreigon|Flamethrower|p2a: Togekiss","|-damage|p2a: Togekiss|271/374","|","|-heal|p2a: Togekiss|294/374|[from] item: Leftovers","|turn|17","|","|move|p2a: Togekiss|Air Slash|p1a: Hydreigon","|-damage|p1a: Hydreigon|0 fnt","|faint|p1a: Hydreigon","|","|-heal|p2a: Togekiss|317/374|[from] item: Leftovers","|","|switch|p1a: Murkrow|Murkrow, F|323/323","|turn|18","|","|move|p1a: Murkrow|Thunder Wave|p2a: Togekiss","|-status|p2a: Togekiss|par","|move|p2a: Togekiss|Thunder Wave|p1a: Murkrow","|-status|p1a: Murkrow|par","|","|-heal|p2a: Togekiss|340/374 par|[from] item: Leftovers","|turn|19","|","|move|p1a: Murkrow|Dark Pulse|p2a: Togekiss","|-resisted|p2a: Togekiss","|-damage|p2a: Togekiss|313/374 par","|move|p2a: Togekiss|Air Slash|p1a: Murkrow","|-damage|p1a: Murkrow|235/323 par","|","|-heal|p2a: Togekiss|336/374 par|[from] item: Leftovers","|turn|20","|","|move|p1a: Murkrow|Dark Pulse|p2a: Togekiss","|-resisted|p2a: Togekiss","|-damage|p2a: Togekiss|309/374 par","|cant|p2a: Togekiss|par","|","|-heal|p2a: Togekiss|332/374 par|[from] item: Leftovers","|turn|21","|","|move|p1a: Murkrow|Dark Pulse|p2a: Togekiss","|-resisted|p2a: Togekiss","|-damage|p2a: Togekiss|305/374 par","|cant|p2a: Togekiss|flinch","|","|-heal|p2a: Togekiss|328/374 par|[from] item: Leftovers","|turn|22","|","|switch|p1a: Mandibuzz|Mandibuzz, F|357/423","|cant|p2a: Togekiss|par","|","|-heal|p2a: Togekiss|351/374 par|[from] item: Leftovers","|turn|23","|","|move|p1a: Mandibuzz|Brave Bird|p2a: Togekiss","|-damage|p2a: Togekiss|252/374 par","|-damage|p1a: Mandibuzz|324/423|[from] recoil|[of] p2a: Togekiss","|move|p2a: Togekiss|Thunder Wave|p1a: Mandibuzz","|-status|p1a: Mandibuzz|par","|","|-heal|p2a: Togekiss|275/374 par|[from] item: Leftovers","|turn|24","|","|move|p1a: Mandibuzz|Brave Bird|p2a: Togekiss","|-damage|p2a: Togekiss|161/374 par","|-damage|p1a: Mandibuzz|286/423 par|[from] recoil|[of] p2a: Togekiss","|move|p2a: Togekiss|Air Slash|p1a: Mandibuzz","|-damage|p1a: Mandibuzz|184/423 par","|","|-heal|p2a: Togekiss|184/374 par|[from] item: Leftovers","|turn|25","|","|move|p2a: Togekiss|Air Slash|p1a: Mandibuzz","|-damage|p1a: Mandibuzz|78/423 par","|cant|p1a: Mandibuzz|par","|","|-heal|p2a: Togekiss|207/374 par|[from] item: Leftovers","|turn|26","|","|move|p2a: Togekiss|Air Slash|p1a: Mandibuzz","|-damage|p1a: Mandibuzz|0 fnt","|faint|p1a: Mandibuzz","|","|-heal|p2a: Togekiss|230/374 par|[from] item: Leftovers","|","|switch|p1a: Murkrow|Murkrow, F|235/323 par","|turn|27","|","|move|p1a: Murkrow|Dark Pulse|p2a: Togekiss","|-resisted|p2a: Togekiss","|-damage|p2a: Togekiss|204/374 par","|move|p2a: Togekiss|Air Slash|p1a: Murkrow","|-damage|p1a: Murkrow|160/323 par","|","|-heal|p2a: Togekiss|227/374 par|[from] item: Leftovers","|turn|28","|","|switch|p2a: Pidgeot|Pidgeot, M|307/307","|move|p1a: Murkrow|Roost|p1a: Murkrow","|-heal|p1a: Murkrow|322/323 par","|","|turn|29","|","|detailschange|p2a: Pidgeot|Pidgeot-Mega, M","|-mega|p2a: Pidgeot|Pidgeot|Pidgeotite","|move|p1a: Murkrow|Thunder Wave|p2a: Pidgeot","|-status|p2a: Pidgeot|par","|move|p2a: Pidgeot|Hurricane|p1a: Murkrow","|-damage|p1a: Murkrow|168/323 par","|","|turn|30","|","|move|p1a: Murkrow|Roost|p1a: Murkrow","|-heal|p1a: Murkrow|323/323 par","|cant|p2a: Pidgeot|par","|","|turn|31","|","|move|p2a: Pidgeot|Hurricane|p1a: Murkrow","|-damage|p1a: Murkrow|172/323 par","|move|p1a: Murkrow|Dark Pulse|p2a: Pidgeot","|-damage|p2a: Pidgeot|211/307 par","|","|turn|32","|","|switch|p2a: Staraptor|Staraptor, F|311/311","|cant|p1a: Murkrow|par","|","|turn|33","|","|move|p1a: Murkrow|Thunder Wave|p2a: Staraptor","|-status|p2a: Staraptor|par","|cant|p2a: Staraptor|par","|","|turn|34","|","|move|p1a: Murkrow|Feather Dance|p2a: Staraptor","|-unboost|p2a: Staraptor|atk|2","|cant|p2a: Staraptor|par","|","|turn|35","|","|move|p2a: Staraptor|Double-Edge|p1a: Murkrow","|-crit|p1a: Murkrow","|-damage|p1a: Murkrow|0 fnt","|-damage|p2a: Staraptor|254/311 par|[from] recoil|[of] p1a: Murkrow","|faint|p1a: Murkrow","|","|win|Guard Wulf - ⓓⓞⓖⓔ"],"p1rating":{"entryid":"5821777","serverid":"eos","formatid":"monotype","userid":"carniemarx","username":"Carnie Marx","w":"65","l":81,"t":"0","gxe":45,"r":"1464.6029795636","rd":"35.938530580638","sigma":"0","rptime":"1438765200","rpr":1462.1057433708,"rprd":35.308001578505,"rpsigma":"0","acre":1065.709867393,"lacre":1065.709867393,"oldacre":"1080.094934862"},"p2rating":{"entryid":"7326062","serverid":"eos","formatid":"monotype","userid":"guardwulf","username":"Guard Wulf","w":29,"l":"14","t":"0","gxe":63.4,"r":"1606.5288676587","rd":"57.122272976983","sigma":"0","rptime":"1438765200","rpr":1604.2036968447,"rprd":52.235352186927,"rpsigma":"0","acre":1222.0375489417,"lacre":1222.0375489417,"oldacre":"1205.7014554414"},"endType":"normal"}