{"seed":[37774,36936,52332,37158],"turns":23,"p1":"Aoi The Psychic","p2":"Guard Wanderer","p1team":[{"name":"Aerodactyl","species":"Aerodactyl","item":"focussash","ability":"Unnerve","moves":["stealthrock","taunt","earthquake","stoneedge"],"nature":"Jolly","evs":{"hp":4,"atk":252,"def":0,"spa":0,"spd":0,"spe":252},"ivs":{"hp":31,"atk":31,"def":31,"spa":31,"spd":31,"spe":31}},{"name":"Omastar","species":"Omastar","item":"focussash","ability":"Weak Armor","moves":["shellsmash","surf","icebeam","hiddenpowergrass"],"nature":"Timid","evs":{"hp":0,"atk":0,"def":0,"spa":252,"spd":4,"spe":252},"ivs":{"hp":31,"atk":30,"def":31,"spa":30,"spd":31,"spe":31}},{"name":"Diancie","species":"Diancie","item":"diancite","ability":"Clear Body","moves":["rockpolish","moonblast","diamondstorm","hiddenpowerfire"],"nature":"","ivs":{"hp":31,"atk":30,"def":31,"spa":30,"spd":31,"spe":30},"evs":{"hp":0,"atk":0,"def":0,"spa":0,"spd":0,"spe":0}},{"name":"Tyrantrum","species":"Tyrantrum","item":"lifeorb","ability":"Rock Head","moves":["dragondance","headsmash","firefang","earthquake"],"nature":"Jolly","evs":{"hp":0,"atk":252,"def":4,"spa":0,"spd":0,"spe":252},"ivs":{"hp":31,"atk":31,"def":31,"spa":31,"spd":31,"spe":31}},{"name":"Tyranitar","species":"Tyranitar","item":"choicescarf","ability":"Sand Stream","moves":["icepunch","pursuit","superpower","stoneedge"],"nature":"Jolly","evs":{"hp":0,"atk":252,"def":4,"spa":0,"spd":0,"spe":252},"ivs":{"hp":31,"atk":31,"def":31,"spa":31,"spd":31,"spe":31}},{"name":"Kabutops","species":"Kabutops","item":"lifeorb","ability":"Battle Armor","moves":["swordsdance","aquajet","stoneedge","waterfall"],"nature":"","evs":{"hp":0,"atk":0,"def":0,"spa":0,"spd":0,"spe":0},"ivs":{"hp":31,"atk":31,"def":31,"spa":31,"spd":31,"spe":31}}],"p2team":[{"name":"Scolipede","species":"Scolipede","item":"blacksludge","ability":"Speed Boost","moves":["swordsdance","steamroller","venomdrench","irondefense"],"nature":"Jolly","evs":{"hp":248,"atk":8,"def":0,"spa":0,"spd":0,"spe":252},"ivs":{"hp":31,"atk":31,"def":31,"spa":31,"spd":31,"spe":31}},{"name":"Skuntank","species":"Skuntank","item":"","ability":"Stench","moves":["snatch","thief","suckerpunch","poisonjab"],"nature":"Adamant","evs":{"hp":248,"atk":252,"def":0,"spa":0,"spd":8,"spe":0},"ivs":{"hp":31,"atk":31,"def":31,"spa":31,"spd":31,"spe":31}},{"name":"Drapion","species":"Drapion","item":"airballoon","ability":"Sniper","moves":["toxicspikes","pursuit","crosspoison","rocktomb"],"nature":"Adamant","evs":{"hp":248,"atk":252,"def":0,"spa":0,"spd":8,"spe":0},"ivs":{"hp":31,"atk":31,"def":31,"spa":31,"spd":31,"spe":31}},{"name":"Tentacruel","species":"Tentacruel","item":"assaultvest","ability":"Liquid Ooze","moves":["scald","acidspray","gigadrain","icebeam"],"nature":"Timid","evs":{"hp":0,"atk":0,"def":0,"spa":252,"spd":4,"spe":252},"ivs":{"hp":31,"atk":31,"def":31,"spa":31,"spd":31,"spe":31}},{"name":"Weezing","species":"Weezing","item":"sitrusberry","ability":"Levitate","moves":["toxicspikes","willowisp","memento","thief"],"nature":"Careful","evs":{"hp":248,"atk":0,"def":8,"spa":0,"spd":252,"spe":0},"ivs":{"hp":31,"atk":31,"def":31,"spa":31,"spd":31,"spe":31}},{"name":"Gengar","species":"Gengar","item":"brightpowder","ability":"Levitate","moves":["reflecttype","darkpulse","psychic","sludgebomb"],"nature":"Timid","evs":{"hp":0,"atk":0,"def":0,"spa":252,"spd":4,"spe":252},"ivs":{"hp":31,"atk":31,"def":31,"spa":31,"spd":31,"spe":31}}],"log":["|player|p1|Aoi The Psychic|96","|player|p2|Guard Wanderer|235","|gametype|singles","|gen|6","|tier|Monotype","|rated","|rule|Baton Pass Clause: Limit one Baton Passer, can't pass Spe and other stats simultaneously","|rule|Swagger Clause: Swagger is banned","|rule|Same Type Clause: Pokémon in a team must share a type","|clearpoke","|poke|p1|Aerodactyl, F","|poke|p1|Omastar, F","|poke|p1|Diancie","|poke|p1|Tyrantrum, F","|poke|p1|Tyranitar, M","|poke|p1|Kabutops, M","|poke|p2|Scolipede, F","|poke|p2|Skuntank, M","|poke|p2|Drapion, M","|poke|p2|Tentacruel, F","|poke|p2|Weezing, M","|poke|p2|Gengar, F","|rule|Sleep Clause Mod: Limit one foe put to sleep","|rule|Species Clause: Limit one of each Pokémon","|rule|OHKO Clause: OHKO moves are banned","|rule|Moody Clause: Moody is banned","|rule|Evasion Moves Clause: Evasion moves are banned","|rule|Endless Battle Clause: Forcing endless battles is banned","|rule|HP Percentage Mod: HP is shown in percentages","|teampreview","|","|start","|switch|p1a: Aerodactyl|Aerodactyl, F|302/302","|switch|p2a: Weezing|Weezing, M|333/333","|-ability|p1a: Aerodactyl|Unnerve|p2: Guard Wanderer","|turn|1","|","|move|p1a: Aerodactyl|Taunt|p2a: Weezing","|-start|p2a: Weezing|move: Taunt","|cant|p2a: Weezing|move: Taunt|Will-O-Wisp","|","|turn|2","|","|switch|p2a: Scolipede|Scolipede, F|323/323","|move|p1a: Aerodactyl|Stealth Rock|p2a: Scolipede","|-sidestart|p2: Guard Wanderer|move: Stealth Rock","|","|turn|3","|","|switch|p2a: Drapion|Drapion, M|343/343","|-damage|p2a: Drapion|301/343|[from] Stealth Rock","|-item|p2a: Drapion|Air Balloon","|move|p1a: Aerodactyl|Earthquake|p2a: Drapion","|-immune|p2a: Drapion|[msg]","|","|turn|4","|","|move|p1a: Aerodactyl|Stone Edge|p2a: Drapion","|-damage|p2a: Drapion|160/343","|-enditem|p2a: Drapion|Air Balloon","|move|p2a: Drapion|Toxic Spikes|p1a: Aerodactyl","|-sidestart|p1: Aoi The Psychic|move: Toxic Spikes","|","|turn|5","|","|switch|p2a: Weezing|Weezing, M|333/333","|-damage|p2a: Weezing|292/333|[from] Stealth Rock","|move|p1a: Aerodactyl|Earthquake|p2a: Weezing","|-immune|p2a: Weezing|[msg]","|","|turn|6","|","|move|p1a: Aerodactyl|Taunt|p2a: Weezing","|-start|p2a: Weezing|move: Taunt","|move|p2a: Weezing|Thief|p1a: Aerodactyl","|-damage|p1a: Aerodactyl|242/302","|","|turn|7","|","|move|p1a: Aerodactyl|Stone Edge|p2a: Weezing","|-damage|p2a: Weezing|156/333","|move|p2a: Weezing|Thief|p1a: Aerodactyl","|-damage|p1a: Aerodactyl|178/302","|","|turn|8","|","|switch|p2a: Gengar|Gengar, F|261/261","|-damage|p2a: Gengar|229/261|[from] Stealth Rock","|move|p1a: Aerodactyl|Stone Edge|p2a: Gengar|[miss]","|-miss|p1a: Aerodactyl|p2a: Gengar","|","|turn|9","|","|move|p1a: Aerodactyl|Taunt|p2a: Gengar|[miss]","|-miss|p1a: Aerodactyl|p2a: Gengar","|move|p2a: Gengar|Reflect Type|p1a: Aerodactyl","|-start|p2a: Gengar|typechange|[from] move: Reflect Type|[of] p1a: Aerodactyl","|","|turn|10","|","|move|p1a: Aerodactyl|Stone Edge|p2a: Gengar","|-supereffective|p2a: Gengar","|-damage|p2a: Gengar|0 fnt","|faint|p2a: Gengar","|","|","|switch|p2a: Skuntank|Skuntank, M|409/409","|-damage|p2a: Skuntank|358/409|[from] Stealth Rock","|turn|11","|","|move|p1a: Aerodactyl|Earthquake|p2a: Skuntank","|-supereffective|p2a: Skuntank","|-damage|p2a: Skuntank|60/409","|move|p2a: Skuntank|Thief|p1a: Aerodactyl","|-damage|p1a: Aerodactyl|46/302","|-item|p2a: Skuntank|Focus Sash|[from] move: Thief|[of] p1a: Aerodactyl","|","|turn|12","|","|move|p2a: Skuntank|Sucker Punch|p1a: Aerodactyl","|-damage|p1a: Aerodactyl|0 fnt","|faint|p1a: Aerodactyl","|","|","|switch|p1a: Kabutops|Kabutops, M|261/261","|-status|p1a: Kabutops|psn","|turn|13","|","|move|p2a: Skuntank|Snatch|p2a: Skuntank","|-singleturn|p2a: Skuntank|Snatch","|move|p1a: Kabutops|Aqua Jet|p2a: Skuntank","|-damage|p2a: Skuntank|0 fnt","|-damage|p1a: Kabutops|235/261 psn|[from] item: Life Orb","|faint|p2a: Skuntank","|","|-damage|p1a: Kabutops|203/261 psn|[from] psn","|","|switch|p2a: Weezing|Weezing, M|156/333","|-damage|p2a: Weezing|115/333|[from] Stealth Rock","|-enditem|p2a: Weezing|Sitrus Berry|[eat]","|-heal|p2a: Weezing|198/333|[from] item: Sitrus Berry","|turn|14","|","|move|p1a: Kabutops|Waterfall|p2a: Weezing","|-damage|p2a: Weezing|76/333","|-damage|p1a: Kabutops|177/261 psn|[from] item: Life Orb","|move|p2a: Weezing|Toxic Spikes|p1a: Kabutops","|-sidestart|p1: Aoi The Psychic|move: Toxic Spikes","|","|-damage|p1a: Kabutops|145/261 psn|[from] psn","|turn|15","|","|move|p1a: Kabutops|Aqua Jet|p2a: Weezing","|-damage|p2a: Weezing|20/333","|-damage|p1a: Kabutops|119/261 psn|[from] item: Life Orb","|move|p2a: Weezing|Memento|p1a: Kabutops","|-unboost|p1a: Kabutops|atk|2","|-unboost|p1a: Kabutops|spa|2","|faint|p2a: Weezing","|","|-damage|p1a: Kabutops|87/261 psn|[from] psn","|","|switch|p2a: Scolipede|Scolipede, F|323/323","|-damage|p2a: Scolipede|243/323|[from] Stealth Rock","|turn|16","|","|move|p2a: Scolipede|Iron Defense|p2a: Scolipede","|-boost|p2a: Scolipede|def|2","|move|p1a: Kabutops|Stone Edge|p2a: Scolipede","|-crit|p2a: Scolipede","|-supereffective|p2a: Scolipede","|-damage|p2a: Scolipede|0 fnt","|-damage|p1a: Kabutops|61/261 psn|[from] item: Life Orb","|faint|p2a: Scolipede","|","|-damage|p1a: Kabutops|29/261 psn|[from] psn","|","|switch|p2a: Tentacruel|Tentacruel, F|301/301","|-damage|p2a: Tentacruel|264/301|[from] Stealth Rock","|turn|17","|","|move|p2a: Tentacruel|Scald|p1a: Kabutops","|-damage|p1a: Kabutops|0 fnt","|faint|p1a: Kabutops","|","|","|switch|p1a: Omastar|Omastar, F|281/281","|-status|p1a: Omastar|tox","|turn|18","|","|move|p2a: Tentacruel|Giga Drain|p1a: Omastar","|-supereffective|p1a: Omastar","|-enditem|p1a: Omastar|Focus Sash","|-damage|p1a: Omastar|1/281 tox","|-heal|p2a: Tentacruel|301/301|[from] drain|[of] p1a: Omastar","|move|p1a: Omastar|Ice Beam|p2a: Tentacruel","|-resisted|p2a: Tentacruel","|-damage|p2a: Tentacruel|272/301","|-status|p2a: Tentacruel|frz","|","|-damage|p1a: Omastar|0 fnt|[from] psn","|faint|p1a: Omastar","|","|switch|p1a: Diancie|Diancie|241/241","|-status|p1a: Diancie|tox","|turn|19","|","|detailschange|p1a: Diancie|Diancie-Mega","|-mega|p1a: Diancie|Diancie|Diancite","|-curestatus|p2a: Tentacruel|frz|[from] move: Scald","|move|p2a: Tentacruel|Scald|p1a: Diancie","|-supereffective|p1a: Diancie","|-damage|p1a: Diancie|55/241 tox","|move|p1a: Diancie|Diamond Storm|p2a: Tentacruel","|-damage|p2a: Tentacruel|40/301","|-boost|p1a: Diancie|def|1","|","|-damage|p1a: Diancie|40/241 tox|[from] psn","|turn|20","|","|move|p2a: Tentacruel|Giga Drain|p1a: Diancie","|-supereffective|p1a: Diancie","|-damage|p1a: Diancie|0 fnt","|-heal|p2a: Tentacruel|60/301|[from] drain|[of] p1a: Diancie","|faint|p1a: Diancie","|","|","|switch|p1a: Tyranitar|Tyranitar, M|341/341","|-status|p1a: Tyranitar|tox","|-weather|Sandstorm","|turn|21","|","|switch|p1a: Tyrantrum|Tyrantrum, F|305/305","|-status|p1a: Tyrantrum|tox","|switch|p2a: Drapion|Drapion, M|160/343","|-damage|p2a: Drapion|118/343|[from] Stealth Rock","|","|-weather|Sandstorm|[upkeep]","|-damage|p2a: Drapion|97/343|[from] sandstorm","|-damage|p1a: Tyrantrum|286/305 tox|[from] psn","|turn|22","|","|move|p1a: Tyrantrum|Head Smash|p2a: Drapion","|-damage|p2a: Drapion|0 fnt","|-damage|p1a: Tyrantrum|256/305 tox|[from] item: Life Orb","|faint|p2a: Drapion","|","|-weather|Sandstorm|[upkeep]","|-damage|p1a: Tyrantrum|218/305 tox|[from] psn","|","|switch|p2a: Tentacruel|Tentacruel, F|60/301","|-damage|p2a: Tentacruel|23/301|[from] Stealth Rock","|turn|23","|","|move|p2a: Tentacruel|Giga Drain|p1a: Tyrantrum","|-damage|p1a: Tyrantrum|153/305 tox","|-heal|p2a: Tentacruel|56/301|[from] drain|[of] p1a: Tyrantrum","|move|p1a: Tyrantrum|Head Smash|p2a: Tentacruel","|-damage|p2a: Tentacruel|0 fnt","|-damage|p1a: Tyrantrum|123/305 tox|[from] item: Life Orb","|faint|p2a: Tentacruel","|","|win|Aoi The Psychic"],"p1rating":{"entryid":7419351,"formatid":"monotype","userid":"aoithepsychic","username":"Aoi The Psychic","r":1500,"rd":130,"sigma":0,"rpr":1532.7734227853,"rprd":122.23687796164,"rpsigma":0,"rptime":1438765200,"w":1,"l":0,"t":0,"gxe":54.1,"acre":1051.6802343011,"lacre":1051.6802343011,"oldacre":1000},"p2rating":{"entryid":"6731189","serverid":"eos","formatid":"monotype","userid":"guardwanderer","username":"Guard Wanderer","w":"74","l":105,"t":"0","gxe":39.4,"r":"1416.6716065611","rd":"31.012894024758","sigma":"0","rptime":"1438765200","rpr":1418.6561274904,"rprd":30.819742669394,"rpsigma":"0","acre":1072.1937807632,"lacre":1072.1937807632,"oldacre":"1104.4939272014"},"endType":"normal"}