{"seed":[65131,19717,55509,20782],"turns":22,"p1":"Guard Wulf - ⓓⓞⓖⓔ","p2":"Emg E4 Bit","p1team":[{"name":"Jirachi","species":"Jirachi","item":"choicescarf","ability":"Serene Grace","moves":["ironhead","uturn","firepunch","zenheadbutt"],"nature":"Jolly","evs":{"hp":0,"atk":252,"def":0,"spa":0,"spd":4,"spe":252},"ivs":{"hp":31,"atk":31,"def":31,"spa":31,"spd":31,"spe":31}},{"name":"Heatran","species":"Heatran","item":"airballoon","ability":"Flash Fire","moves":["lavaplume","ancientpower","earthpower","willowisp"],"nature":"Modest","evs":{"hp":248,"atk":0,"def":0,"spa":252,"spd":8,"spe":0},"ivs":{"hp":31,"atk":31,"def":31,"spa":31,"spd":31,"spe":31}},{"name":"Ferrothorn","species":"Ferrothorn","item":"leftovers","ability":"Iron Barbs","moves":["leechseed","spikes","seedbomb","protect"],"nature":"Careful","evs":{"hp":92,"atk":0,"def":164,"spa":0,"spd":252,"spe":0},"ivs":{"hp":31,"atk":31,"def":31,"spa":31,"spd":31,"spe":31}},{"name":"Skarmory","species":"Skarmory","item":"leftovers","ability":"Sturdy","moves":["stealthrock","whirlwind","roost","bravebird"],"nature":"Impish","evs":{"hp":252,"atk":0,"def":232,"spa":0,"spd":0,"spe":24},"ivs":{"hp":31,"atk":31,"def":31,"spa":31,"spd":31,"spe":31}},{"name":"Scizor","species":"Scizor","item":"scizorite","ability":"Technician","moves":["superpower","swordsdance","bulletpunch","bugbite"],"nature":"Adamant","evs":{"hp":248,"atk":252,"def":0,"spa":0,"spd":8,"spe":0},"ivs":{"hp":31,"atk":31,"def":31,"spa":31,"spd":31,"spe":31}},{"name":"Magnezone","species":"Magnezone","item":"airballoon","ability":"Analytic","moves":["thunderbolt","hiddenpowerice","voltswitch","flashcannon"],"nature":"Modest","evs":{"hp":248,"atk":0,"def":0,"spa":252,"spd":8,"spe":0},"ivs":{"hp":31,"atk":30,"def":30,"spa":31,"spd":31,"spe":31}}],"p2team":[{"name":"Rock God","species":"tyranitar","item":"tyranitarite","ability":"Sand Stream","moves":["dragondance","crunch","icepunch","earthquake"],"nature":"Jolly","evs":{"hp":0,"atk":252,"def":0,"spa":0,"spd":4,"spe":252},"gender":"M","shiny":true,"ivs":{"hp":31,"atk":31,"def":31,"spa":31,"spd":31,"spe":31}},{"name":"Last Thing You See","species":"terrakion","item":"choiceband","ability":"Justified","moves":["stoneedge","closecombat","earthquake","ironhead"],"nature":"Jolly","evs":{"hp":0,"atk":252,"def":4,"spa":0,"spd":0,"spe":252},"shiny":true,"ivs":{"hp":31,"atk":31,"def":31,"spa":31,"spd":31,"spe":31}},{"name":"Blown Back","species":"cradily","item":"leftovers","ability":"Storm Drain","moves":["gigadrain","recover","toxic","mirrorcoat"],"nature":"Calm","evs":{"hp":252,"atk":0,"def":36,"spa":0,"spd":220,"spe":0},"gender":"F","ivs":{"hp":31,"atk":31,"def":31,"spa":31,"spd":31,"spe":31}},{"name":"Unkillable","species":"rhyperior","item":"weaknesspolicy","ability":"Solid Rock","moves":["earthquake","stoneedge","firepunch","avalanche"],"nature":"Impish","evs":{"hp":252,"atk":80,"def":176,"spa":0,"spd":0,"spe":0},"gender":"M","shiny":true,"ivs":{"hp":31,"atk":31,"def":31,"spa":31,"spd":31,"spe":31}},{"name":"Comeback","species":"omastar","item":"focussash","ability":"Weak Armor","moves":["surf","icebeam","hiddenpowerfire","shellsmash"],"nature":"Timid","evs":{"hp":0,"atk":0,"def":4,"spa":252,"spd":0,"spe":252},"gender":"F","ivs":{"hp":31,"atk":30,"def":31,"spa":30,"spd":31,"spe":30}},{"name":"Mah Boy","species":"shuckle","item":"leftovers","ability":"Sturdy","moves":["stickyweb","stealthrock","encore","knockoff"],"nature":"Impish","evs":{"hp":252,"atk":0,"def":156,"spa":0,"spd":100,"spe":0},"gender":"M","shiny":true,"ivs":{"hp":31,"atk":31,"def":31,"spa":31,"spd":31,"spe":31}}],"log":["|player|p1|Guard Wulf - ⓓⓞⓖⓔ|143","|player|p2|Emg E4 Bit|154","|gametype|singles","|gen|6","|tier|Monotype","|rated","|rule|Baton Pass Clause: Limit one Baton Passer, can't pass Spe and other stats simultaneously","|rule|Swagger Clause: Swagger is banned","|rule|Same Type Clause: Pokémon in a team must share a type","|clearpoke","|poke|p1|Jirachi","|poke|p1|Heatran, F","|poke|p1|Ferrothorn, M","|poke|p1|Skarmory, F","|poke|p1|Scizor, M","|poke|p1|Magnezone","|poke|p2|Tyranitar, M, shiny","|poke|p2|Terrakion, shiny","|poke|p2|Cradily, F","|poke|p2|Rhyperior, M, shiny","|poke|p2|Omastar, F","|poke|p2|Shuckle, M, shiny","|rule|Sleep Clause Mod: Limit one foe put to sleep","|rule|Species Clause: Limit one of each Pokémon","|rule|OHKO Clause: OHKO moves are banned","|rule|Moody Clause: Moody is banned","|rule|Evasion Moves Clause: Evasion moves are banned","|rule|Endless Battle Clause: Forcing endless battles is banned","|rule|HP Percentage Mod: HP is shown in percentages","|teampreview","|","|start","|switch|p1a: Jirachi|Jirachi|341/341","|switch|p2a: Comeback|Omastar, F|281/281","|turn|1","|","|switch|p2a: Mah Boy|Shuckle, M, shiny|244/244","|move|p1a: Jirachi|Iron Head|p2a: Mah Boy","|-supereffective|p2a: Mah Boy","|-damage|p2a: Mah Boy|146/244","|","|-heal|p2a: Mah Boy|161/244|[from] item: Leftovers","|turn|2","|","|move|p1a: Jirachi|Iron Head|p2a: Mah Boy","|-supereffective|p2a: Mah Boy","|-damage|p2a: Mah Boy|69/244","|move|p2a: Mah Boy|Knock Off|p1a: Jirachi","|-supereffective|p1a: Jirachi","|-damage|p1a: Jirachi|305/341","|-enditem|p1a: Jirachi|Choice Scarf|[from] move: Knock Off|[of] p2a: Mah Boy","|","|-heal|p2a: Mah Boy|84/244|[from] item: Leftovers","|turn|3","|","|switch|p2a: Unkillable|Rhyperior, M, shiny|434/434","|move|p1a: Jirachi|Iron Head|p2a: Unkillable","|-supereffective|p2a: Unkillable","|-damage|p2a: Unkillable|329/434","|-enditem|p2a: Unkillable|Weakness Policy","|-boost|p2a: Unkillable|atk|2|[from] item: Weakness Policy","|-boost|p2a: Unkillable|spa|2|[from] item: Weakness Policy","|","|turn|4","|","|move|p1a: Jirachi|Iron Head|p2a: Unkillable","|-supereffective|p2a: Unkillable","|-damage|p2a: Unkillable|211/434","|move|p2a: Unkillable|Fire Punch|p1a: Jirachi","|-supereffective|p1a: Jirachi","|-damage|p1a: Jirachi|0 fnt","|faint|p1a: Jirachi","|","|","|switch|p1a: Magnezone|Magnezone|343/343","|-item|p1a: Magnezone|Air Balloon","|turn|5","|","|switch|p1a: Heatran|Heatran, F|385/385","|-item|p1a: Heatran|Air Balloon","|switch|p2a: Mah Boy|Shuckle, M, shiny|84/244","|","|-heal|p2a: Mah Boy|99/244|[from] item: Leftovers","|turn|6","|","|switch|p1a: Scizor|Scizor, M|343/343","|move|p2a: Mah Boy|Knock Off|p1a: Scizor","|-damage|p1a: Scizor|329/343","|","|-heal|p2a: Mah Boy|114/244|[from] item: Leftovers","|turn|7","|","|detailschange|p1a: Scizor|Scizor-Mega, M","|-mega|p1a: Scizor|Scizor|Scizorite","|move|p1a: Scizor|Swords Dance|p1a: Scizor","|-boost|p1a: Scizor|atk|2","|move|p2a: Mah Boy|Encore|p1a: Scizor","|-start|p1a: Scizor|Encore","|","|-heal|p2a: Mah Boy|129/244|[from] item: Leftovers","|turn|8","|","|switch|p2a: Unkillable|Rhyperior, M, shiny|211/434","|move|p1a: Scizor|Swords Dance|p1a: Scizor","|-boost|p1a: Scizor|atk|2","|","|turn|9","|","|switch|p1a: Heatran|Heatran, F|385/385","|-item|p1a: Heatran|Air Balloon","|move|p2a: Unkillable|Stone Edge|p1a: Heatran","|-damage|p1a: Heatran|217/385","|-enditem|p1a: Heatran|Air Balloon","|","|turn|10","|","|switch|p2a: Rock God|Tyranitar, M, shiny|341/341","|-weather|Sandstorm","|move|p1a: Heatran|Will-O-Wisp|p2a: Rock God","|-status|p2a: Rock God|brn","|","|-weather|Sandstorm|[upkeep]","|-damage|p2a: Rock God|299/341 brn|[from] brn","|turn|11","|","|switch|p1a: Ferrothorn|Ferrothorn, M|312/312","|move|p2a: Rock God|Crunch|p1a: Ferrothorn","|-damage|p1a: Ferrothorn|261/312","|-damage|p2a: Rock God|257/341 brn|[from] ability: Iron Barbs|[of] p1a: Ferrothorn","|-unboost|p1a: Ferrothorn|def|1","|","|-weather|Sandstorm|[upkeep]","|-heal|p1a: Ferrothorn|280/312|[from] item: Leftovers","|-damage|p2a: Rock God|215/341 brn|[from] brn","|turn|12","|","|detailschange|p2a: Rock God|Tyranitar-Mega, M, shiny","|-mega|p2a: Rock God|Tyranitar|Tyranitarite","|move|p1a: Ferrothorn|Protect|p1a: Ferrothorn","|-singleturn|p1a: Ferrothorn|Protect","|move|p2a: Rock God|Crunch|p1a: Ferrothorn","|-activate|p1a: Ferrothorn|Protect","|","|-weather|Sandstorm|[upkeep]","|-heal|p1a: Ferrothorn|299/312|[from] item: Leftovers","|-damage|p2a: Rock God|173/341 brn|[from] brn","|turn|13","|","|move|p2a: Rock God|Crunch|p1a: Ferrothorn","|-damage|p1a: Ferrothorn|216/312","|-damage|p2a: Rock God|131/341 brn|[from] ability: Iron Barbs|[of] p1a: Ferrothorn","|move|p1a: Ferrothorn|Spikes|p2a: Rock God","|-sidestart|p2: Emg E4 Bit|Spikes","|","|-weather|Sandstorm|[upkeep]","|-heal|p1a: Ferrothorn|235/312|[from] item: Leftovers","|-damage|p2a: Rock God|89/341 brn|[from] brn","|turn|14","|","|move|p2a: Rock God|Crunch|p1a: Ferrothorn","|-damage|p1a: Ferrothorn|152/312","|-damage|p2a: Rock God|47/341 brn|[from] ability: Iron Barbs|[of] p1a: Ferrothorn","|-unboost|p1a: Ferrothorn|def|1","|move|p1a: Ferrothorn|Spikes|p2a: Rock God","|-sidestart|p2: Emg E4 Bit|Spikes","|","|-weather|none","|-heal|p1a: Ferrothorn|171/312|[from] item: Leftovers","|-damage|p2a: Rock God|5/341 brn|[from] brn","|turn|15","|","|move|p2a: Rock God|Crunch|p1a: Ferrothorn","|-damage|p1a: Ferrothorn|57/312","|-damage|p2a: Rock God|0 fnt|[from] ability: Iron Barbs|[of] p1a: Ferrothorn","|faint|p2a: Rock God","|-unboost|p1a: Ferrothorn|def|1","|move|p1a: Ferrothorn|Spikes|p2: Rock God","|-sidestart|p2: Emg E4 Bit|Spikes","|","|-heal|p1a: Ferrothorn|76/312|[from] item: Leftovers","|","|switch|p2a: Unkillable|Rhyperior, M, shiny|211/434","|-damage|p2a: Unkillable|103/434|[from] Spikes","|turn|16","|","|move|p2a: Unkillable|Fire Punch|p1a: Ferrothorn","|-supereffective|p1a: Ferrothorn","|-damage|p1a: Ferrothorn|0 fnt","|-damage|p2a: Unkillable|49/434|[from] ability: Iron Barbs|[of] p1a: Ferrothorn","|faint|p1a: Ferrothorn","|","|","|switch|p1a: Heatran|Heatran, F|217/385","|turn|17","|","|move|p1a: Heatran|Earth Power|p2a: Unkillable","|-supereffective|p2a: Unkillable","|-damage|p2a: Unkillable|0 fnt","|faint|p2a: Unkillable","|","|","|switch|p2a: Last Thing You See|Terrakion, shiny|323/323","|-damage|p2a: Last Thing You See|243/323|[from] Spikes","|turn|18","|","|switch|p1a: Skarmory|Skarmory, F|334/334","|move|p2a: Last Thing You See|Close Combat|p1a: Skarmory","|-damage|p1a: Skarmory|139/334","|-unboost|p2a: Last Thing You See|def|1","|-unboost|p2a: Last Thing You See|spd|1","|","|-heal|p1a: Skarmory|159/334|[from] item: Leftovers","|turn|19","|","|move|p2a: Last Thing You See|Close Combat|p1a: Skarmory","|-damage|p1a: Skarmory|0 fnt","|-unboost|p2a: Last Thing You See|def|1","|-unboost|p2a: Last Thing You See|spd|1","|faint|p1a: Skarmory","|","|","|switch|p1a: Scizor|Scizor-Mega, M|329/343","|turn|20","|","|switch|p2a: Mah Boy|Shuckle, M, shiny|129/244","|-damage|p2a: Mah Boy|68/244|[from] Spikes","|move|p1a: Scizor|Swords Dance|p1a: Scizor","|-boost|p1a: Scizor|atk|2","|","|-heal|p2a: Mah Boy|83/244|[from] item: Leftovers","|turn|21","|","|move|p1a: Scizor|Bullet Punch|p2a: Mah Boy","|-supereffective|p2a: Mah Boy","|-damage|p2a: Mah Boy|0 fnt","|faint|p2a: Mah Boy","|","|","|switch|p2a: Comeback|Omastar, F|281/281","|-damage|p2a: Comeback|211/281|[from] Spikes","|turn|22","|","|move|p1a: Scizor|Bullet Punch|p2a: Comeback","|-crit|p2a: Comeback","|-damage|p2a: Comeback|0 fnt","|faint|p2a: Comeback","|","|","|win|Guard Wulf - ⓓⓞⓖⓔ"],"p1rating":{"entryid":"7326062","serverid":"eos","formatid":"monotype","userid":"guardwulf","username":"Guard Wulf","w":26,"l":"13","t":"0","gxe":62.6,"r":"1606.5288676587","rd":"57.122272976983","sigma":"0","rptime":"1438765200","rpr":1597.8363915642,"rprd":54.348926464903,"rpsigma":"0","acre":1198.7929022975,"lacre":1198.7929022975,"oldacre":"1186.0311256759"},"p2rating":{"entryid":"7353288","serverid":"eos","formatid":"monotype","userid":"emge4bit","username":"Emg E4 Bit","w":"0","l":2,"t":"0","gxe":41.3,"r":1452.5039836954,"rd":122.29945128484,"sigma":"0","rptime":1438765200,"rpr":1429.7977801739,"rprd":116.62118353513,"rpsigma":"0","acre":1000,"lacre":1000,"oldacre":"1000"},"endType":"forfeit"}