{"seed":[42320,58995,25770,35499],"turns":21,"p1":"Guard Choppah","p2":"LightOfAKnowing","p1team":[{"name":"Altaria","species":"Altaria","item":"altarianite","ability":"Natural Cure","moves":["dragondance","earthquake","return","roost"],"nature":"Adamant","evs":{"hp":0,"atk":252,"def":0,"spa":0,"spd":4,"spe":252},"ivs":{"hp":31,"atk":31,"def":31,"spa":31,"spd":31,"spe":31}},{"name":"Dragonite","species":"Dragonite","item":"choiceband","ability":"Multiscale","moves":["extremespeed","earthquake","outrage","firepunch"],"nature":"Adamant","evs":{"hp":0,"atk":252,"def":0,"spa":0,"spd":4,"spe":252},"ivs":{"hp":31,"atk":31,"def":31,"spa":31,"spd":31,"spe":31}},{"name":"Garchomp","species":"Garchomp","item":"rockyhelmet","ability":"Rough Skin","moves":["earthquake","outrage","fireblast","stealthrock"],"nature":"Lax","evs":{"hp":252,"atk":4,"def":252,"spa":0,"spd":0,"spe":0},"ivs":{"hp":31,"atk":31,"def":31,"spa":31,"spd":31,"spe":31}},{"name":"Kyurem-Black","species":"Kyurem-Black","item":"leftovers","ability":"Teravolt","moves":["outrage","fusionbolt","substitute","ironhead"],"nature":"Adamant","evs":{"hp":252,"atk":252,"def":0,"spa":0,"spd":4,"spe":0},"ivs":{"hp":31,"atk":31,"def":31,"spa":31,"spd":31,"spe":31}},{"name":"Latios","species":"Latios","item":"lifeorb","ability":"Levitate","moves":["dracometeor","energyball","psyshock","recover"],"nature":"Timid","evs":{"hp":0,"atk":0,"def":0,"spa":252,"spd":4,"spe":252},"ivs":{"hp":31,"atk":31,"def":31,"spa":31,"spd":31,"spe":31}},{"name":"Dragalge","species":"Dragalge","item":"blacksludge","ability":"Adaptability","moves":["sludgewave","toxicspikes","dragonpulse","shadowball"],"nature":"Modest","evs":{"hp":252,"atk":0,"def":0,"spa":252,"spd":4,"spe":0},"ivs":{"hp":31,"atk":31,"def":31,"spa":31,"spd":31,"spe":31}}],"p2team":[{"name":"Chesnaught","species":"Chesnaught","item":"leftovers","ability":"Bulletproof","moves":["spikyshield","leechseed","seedbomb","drainpunch"],"nature":"Impish","evs":{"hp":248,"atk":8,"def":252,"spa":0,"spd":0,"spe":0},"ivs":{"hp":31,"atk":31,"def":31,"spa":31,"spd":31,"spe":31}},{"name":"Ferrothorn","species":"Ferrothorn","item":"rockyhelmet","ability":"Iron Barbs","moves":["leechseed","powerwhip","ironhead","stealthrock"],"nature":"Impish","evs":{"hp":248,"atk":8,"def":252,"spa":0,"spd":0,"spe":0},"ivs":{"hp":31,"atk":31,"def":31,"spa":31,"spd":31,"spe":31}},{"name":"Roserade","species":"Roserade","item":"focussash","ability":"Technician","moves":["weatherball","sludgebomb","gigadrain","sleeppowder"],"nature":"","evs":{"hp":248,"atk":8,"def":252,"spa":0,"spd":0,"spe":0},"ivs":{"hp":31,"atk":30,"def":30,"spa":31,"spd":31,"spe":31}},{"name":"Ludicolo","species":"Ludicolo","item":"damprock","ability":"Swift Swim","moves":["raindance","icebeam","scald","focusblast"],"nature":"Modest","evs":{"hp":0,"atk":0,"def":0,"spa":252,"spd":4,"spe":252},"ivs":{"hp":31,"atk":31,"def":31,"spa":31,"spd":31,"spe":31}},{"name":"Sceptile","species":"Sceptile","item":"sceptilite","ability":"Overgrow","moves":["dragonpulse","energyball","synthesis","hiddenpowerice"],"nature":"Timid","evs":{"hp":0,"atk":0,"def":0,"spa":252,"spd":4,"spe":252},"ivs":{"hp":31,"atk":30,"def":30,"spa":31,"spd":31,"spe":31}},{"name":"Rotom-Mow","species":"Rotom-Mow","item":"choicescarf","ability":"Levitate","moves":["thunderbolt","raindance","willowisp","leafstorm"],"nature":"Timid","evs":{"hp":0,"atk":0,"def":0,"spa":252,"spd":4,"spe":252},"ivs":{"hp":31,"atk":31,"def":31,"spa":31,"spd":31,"spe":31}}],"log":["|player|p1|Guard Choppah|146","|player|p2|LightOfAKnowing|lightofaknowing.gif","|gametype|singles","|gen|6","|tier|Monotype","|rated","|rule|Baton Pass Clause: Limit one Baton Passer, can't pass Spe and other stats simultaneously","|rule|Swagger Clause: Swagger is banned","|rule|Same Type Clause: Pokémon in a team must share a type","|clearpoke","|poke|p1|Altaria, M","|poke|p1|Dragonite, F","|poke|p1|Garchomp, F","|poke|p1|Kyurem-Black","|poke|p1|Latios, M","|poke|p1|Dragalge, M","|poke|p2|Chesnaught, F","|poke|p2|Ferrothorn, F","|poke|p2|Roserade, M","|poke|p2|Ludicolo, F","|poke|p2|Sceptile, F","|poke|p2|Rotom-Mow","|rule|Sleep Clause Mod: Limit one foe put to sleep","|rule|Species Clause: Limit one of each Pokémon","|rule|OHKO Clause: OHKO moves are banned","|rule|Moody Clause: Moody is banned","|rule|Evasion Moves Clause: Evasion moves are banned","|rule|Endless Battle Clause: Forcing endless battles is banned","|rule|HP Percentage Mod: HP is shown in percentages","|teampreview","|","|start","|switch|p1a: Dragalge|Dragalge, M|334/334","|switch|p2a: Ludicolo|Ludicolo, F|301/301","|turn|1","|","|move|p2a: Ludicolo|Rain Dance|p2a: Ludicolo","|-weather|RainDance","|move|p1a: Dragalge|Sludge Wave|p2a: Ludicolo","|-supereffective|p2a: Ludicolo","|-damage|p2a: Ludicolo|0 fnt","|faint|p2a: Ludicolo","|","|-weather|RainDance|[upkeep]","|","|switch|p2a: Ferrothorn|Ferrothorn, F|351/351","|turn|2","|","|switch|p1a: Garchomp|Garchomp, F|420/420","|move|p2a: Ferrothorn|Stealth Rock|p1a: Garchomp","|-sidestart|p1: Guard Choppah|move: Stealth Rock","|","|-weather|RainDance|[upkeep]","|turn|3","|","|move|p1a: Garchomp|Stealth Rock|p2a: Ferrothorn","|-sidestart|p2: LightOfAKnowing|move: Stealth Rock","|move|p2a: Ferrothorn|Leech Seed|p1a: Garchomp","|-start|p1a: Garchomp|move: Leech Seed","|","|-weather|RainDance|[upkeep]","|-damage|p1a: Garchomp|368/420|[from] Leech Seed|[of] p2a: Ferrothorn","|turn|4","|","|move|p1a: Garchomp|Earthquake|p2a: Ferrothorn","|-damage|p2a: Ferrothorn|266/351","|move|p2a: Ferrothorn|Power Whip|p1a: Garchomp","|-damage|p1a: Garchomp|268/420","|-damage|p2a: Ferrothorn|223/351|[from] ability: Rough Skin|[of] p1a: Garchomp","|-damage|p2a: Ferrothorn|165/351|[from] item: Rocky Helmet|[of] p1a: Garchomp","|","|-weather|RainDance|[upkeep]","|-damage|p1a: Garchomp|216/420|[from] Leech Seed|[of] p2a: Ferrothorn","|-heal|p2a: Ferrothorn|217/351|[silent]","|turn|5","|","|switch|p1a: Dragalge|Dragalge, M|334/334","|-damage|p1a: Dragalge|293/334|[from] Stealth Rock","|move|p2a: Ferrothorn|Power Whip|p1a: Dragalge","|-resisted|p1a: Dragalge","|-damage|p1a: Dragalge|256/334","|","|-weather|RainDance|[upkeep]","|-heal|p1a: Dragalge|276/334|[from] item: Black Sludge","|turn|6","|","|move|p1a: Dragalge|Shadow Ball|p2a: Ferrothorn","|-damage|p2a: Ferrothorn|142/351","|move|p2a: Ferrothorn|Leech Seed|p1a: Dragalge","|-start|p1a: Dragalge|move: Leech Seed","|","|-weather|RainDance|[upkeep]","|-heal|p1a: Dragalge|296/334|[from] item: Black Sludge","|-damage|p1a: Dragalge|255/334|[from] Leech Seed|[of] p2a: Ferrothorn","|-heal|p2a: Ferrothorn|183/351|[silent]","|turn|7","|","|switch|p1a: Garchomp|Garchomp, F|216/420","|-damage|p1a: Garchomp|190/420|[from] Stealth Rock","|move|p2a: Ferrothorn|Iron Head|p1a: Garchomp","|-damage|p1a: Garchomp|123/420","|-damage|p2a: Ferrothorn|140/351|[from] ability: Rough Skin|[of] p1a: Garchomp","|-damage|p2a: Ferrothorn|82/351|[from] item: Rocky Helmet|[of] p1a: Garchomp","|","|-weather|RainDance|[upkeep]","|turn|8","|","|move|p1a: Garchomp|Earthquake|p2a: Ferrothorn","|-damage|p2a: Ferrothorn|0 fnt","|faint|p2a: Ferrothorn","|","|-weather|none","|","|switch|p2a: Rotom-Mow|Rotom-Mow|241/241","|-damage|p2a: Rotom-Mow|211/241|[from] Stealth Rock","|turn|9","|","|move|p2a: Rotom-Mow|Will-O-Wisp|p1a: Garchomp","|-status|p1a: Garchomp|brn","|move|p1a: Garchomp|Fire Blast|p2a: Rotom-Mow|[miss]","|-miss|p1a: Garchomp|p2a: Rotom-Mow","|","|-damage|p1a: Garchomp|71/420 brn|[from] brn","|turn|10","|","|switch|p2a: Chesnaught|Chesnaught, F|379/379","|-damage|p2a: Chesnaught|356/379|[from] Stealth Rock","|move|p1a: Garchomp|Fire Blast|p2a: Chesnaught","|-supereffective|p2a: Chesnaught","|-damage|p2a: Chesnaught|160/379","|","|-heal|p2a: Chesnaught|183/379|[from] item: Leftovers","|-damage|p1a: Garchomp|19/420 brn|[from] brn","|turn|11","|","|move|p2a: Chesnaught|Spiky Shield|p2a: Chesnaught","|-singleturn|p2a: Chesnaught|move: Protect","|move|p1a: Garchomp|Fire Blast|p2a: Chesnaught","|-activate|p2a: Chesnaught|Protect","|","|-heal|p2a: Chesnaught|206/379|[from] item: Leftovers","|-damage|p1a: Garchomp|0 fnt|[from] brn","|faint|p1a: Garchomp","|","|switch|p1a: Altaria|Altaria, M|291/291","|-damage|p1a: Altaria|219/291|[from] Stealth Rock","|turn|12","|","|detailschange|p1a: Altaria|Altaria-Mega, M","|-mega|p1a: Altaria|Altaria|Altarianite","|move|p1a: Altaria|Dragon Dance|p1a: Altaria","|-boost|p1a: Altaria|atk|1","|-boost|p1a: Altaria|spe|1","|move|p2a: Chesnaught|Leech Seed|p1a: Altaria","|-start|p1a: Altaria|move: Leech Seed","|","|-heal|p2a: Chesnaught|229/379|[from] item: Leftovers","|-damage|p1a: Altaria|183/291|[from] Leech Seed|[of] p2a: Chesnaught","|-heal|p2a: Chesnaught|265/379|[silent]","|turn|13","|","|move|p2a: Chesnaught|Spiky Shield|p2a: Chesnaught","|-singleturn|p2a: Chesnaught|move: Protect","|move|p1a: Altaria|Dragon Dance|p1a: Altaria","|-boost|p1a: Altaria|atk|1","|-boost|p1a: Altaria|spe|1","|","|-heal|p2a: Chesnaught|288/379|[from] item: Leftovers","|-damage|p1a: Altaria|147/291|[from] Leech Seed|[of] p2a: Chesnaught","|-heal|p2a: Chesnaught|324/379|[silent]","|turn|14","|","|move|p2a: Chesnaught|Spiky Shield|p2a: Chesnaught","|-fail|p2a: Chesnaught","|move|p1a: Altaria|Roost|p1a: Altaria","|-heal|p1a: Altaria|291/291","|","|-heal|p2a: Chesnaught|347/379|[from] item: Leftovers","|-damage|p1a: Altaria|255/291|[from] Leech Seed|[of] p2a: Chesnaught","|-heal|p2a: Chesnaught|379/379|[silent]","|turn|15","|","|move|p1a: Altaria|Dragon Dance|p1a: Altaria","|-boost|p1a: Altaria|atk|1","|-boost|p1a: Altaria|spe|1","|move|p2a: Chesnaught|Seed Bomb|p1a: Altaria","|-resisted|p1a: Altaria","|-damage|p1a: Altaria|208/291","|","|-damage|p1a: Altaria|172/291|[from] Leech Seed|[of] p2a: Chesnaught","|turn|16","|","|move|p1a: Altaria|Roost|p1a: Altaria","|-heal|p1a: Altaria|291/291","|move|p2a: Chesnaught|Seed Bomb|p1a: Altaria","|-resisted|p1a: Altaria","|-damage|p1a: Altaria|243/291","|","|-damage|p1a: Altaria|207/291|[from] Leech Seed|[of] p2a: Chesnaught","|turn|17","|","|move|p2a: Chesnaught|Spiky Shield|p2a: Chesnaught","|-singleturn|p2a: Chesnaught|move: Protect","|move|p1a: Altaria|Dragon Dance|p1a: Altaria","|-boost|p1a: Altaria|atk|1","|-boost|p1a: Altaria|spe|1","|","|-damage|p1a: Altaria|171/291|[from] Leech Seed|[of] p2a: Chesnaught","|turn|18","|","|move|p2a: Chesnaught|Spiky Shield|p2a: Chesnaught","|-fail|p2a: Chesnaught","|move|p1a: Altaria|Return|p2a: Chesnaught","|-supereffective|p2a: Chesnaught","|-damage|p2a: Chesnaught|0 fnt","|faint|p2a: Chesnaught","|","|","|switch|p2a: Rotom-Mow|Rotom-Mow|211/241","|-damage|p2a: Rotom-Mow|181/241|[from] Stealth Rock","|turn|19","|","|move|p1a: Altaria|Return|p2a: Rotom-Mow","|-damage|p2a: Rotom-Mow|0 fnt","|faint|p2a: Rotom-Mow","|","|","|switch|p2a: Roserade|Roserade, M|323/323","|-damage|p2a: Roserade|283/323|[from] Stealth Rock","|turn|20","|","|move|p1a: Altaria|Earthquake|p2a: Roserade","|-damage|p2a: Roserade|0 fnt","|faint|p2a: Roserade","|","|","|switch|p2a: Sceptile|Sceptile, F|281/281","|-damage|p2a: Sceptile|246/281|[from] Stealth Rock","|turn|21","|","|detailschange|p2a: Sceptile|Sceptile-Mega, F","|-mega|p2a: Sceptile|Sceptile|Sceptilite","|move|p1a: Altaria|Return|p2a: Sceptile","|-supereffective|p2a: Sceptile","|-damage|p2a: Sceptile|0 fnt","|faint|p2a: Sceptile","|","|win|Guard Choppah"],"p1rating":{"entryid":"7425426","serverid":"eos","formatid":"monotype","userid":"guardchoppah","username":"Guard Choppah","w":7,"l":"1","t":"0","gxe":68.6,"r":"1500","rd":"130","sigma":"0","rptime":"1438765200","rpr":1651.7563628469,"rprd":92.435730409548,"rpsigma":"0","acre":1195.0188137589,"lacre":1195.0188137589,"oldacre":"1176.6770932206"},"p2rating":{"entryid":"6481865","serverid":"eos","formatid":"monotype","userid":"lightofaknowing","username":"Light-Of-A-Knowing","w":"113","l":151,"t":"0","gxe":41.7,"r":1438.6023850998,"rd":30.127556242615,"sigma":"0","rptime":1438765200,"rpr":1436.5910008082,"rprd":30.033740958048,"rpsigma":"0","acre":1065.5129892213,"lacre":1065.5129892213,"oldacre":"1081.858198658"},"endType":"normal"}