{"seed":[47785,53249,19308,49643],"turns":25,"p1":"DJMadness","p2":"Emg GL Test Tech","p1team":[{"name":"The Legend","species":"aegislash","item":"lumberry","ability":"Stance Change","moves":["kingsshield","swordsdance","ironhead","shadowsneak"],"nature":"Adamant","evs":{"hp":252,"atk":252,"def":0,"spa":0,"spd":4,"spe":0},"gender":"M","shiny":true,"ivs":{"hp":31,"atk":31,"def":31,"spa":31,"spd":31,"spe":31}},{"name":"Jellyfish","species":"jellicent","item":"leftovers","ability":"Water Absorb","moves":["recover","willowisp","scald","toxic"],"nature":"Calm","evs":{"hp":252,"atk":0,"def":4,"spa":0,"spd":252,"spe":0},"gender":"F","shiny":true,"ivs":{"hp":31,"atk":31,"def":31,"spa":31,"spd":31,"spe":31}},{"name":"Spooky","species":"gourgeistsuper","item":"sitrusberry","ability":"Frisk","moves":["leechseed","willowisp","protect","shadowsneak"],"nature":"Bold","evs":{"hp":252,"atk":0,"def":252,"spa":0,"spd":4,"spe":0},"gender":"F","shiny":true,"ivs":{"hp":31,"atk":31,"def":31,"spa":31,"spd":31,"spe":31}},{"name":"Sup Bru","species":"sableye","item":"sablenite","ability":"Prankster","moves":["willowisp","calmmind","recover","snarl"],"nature":"Bold","evs":{"hp":252,"atk":0,"def":252,"spa":4,"spd":0,"spe":0},"gender":"M","shiny":true,"ivs":{"hp":31,"atk":31,"def":31,"spa":31,"spd":31,"spe":31}},{"name":"Smiley","species":"gengar","item":"choicespecs","ability":"Levitate","moves":["shadowball","sludgewave","psychic","energyball"],"nature":"Timid","evs":{"hp":0,"atk":0,"def":0,"spa":252,"spd":4,"spe":252},"gender":"M","shiny":true,"ivs":{"hp":31,"atk":31,"def":31,"spa":31,"spd":31,"spe":31}},{"name":"U Need Fire?","species":"chandelure","item":"choicescarf","ability":"Infiltrator","moves":["shadowball","flamethrower","energyball","hiddenpowerice"],"nature":"Modest","evs":{"hp":0,"atk":0,"def":0,"spa":252,"spd":4,"spe":252},"gender":"M","ivs":{"hp":31,"atk":30,"def":30,"spa":31,"spd":31,"spe":31},"shiny":true}],"p2team":[{"name":"Hoopa-Unbound","species":"Hoopa-Unbound","item":"lifeorb","ability":"Magician","moves":["gunkshot","focusblast","psychic","hyperspacefury"],"nature":"Hasty","evs":{"hp":0,"atk":88,"def":0,"spa":168,"spd":0,"spe":252},"ivs":{"hp":31,"atk":31,"def":31,"spa":31,"spd":31,"spe":31}},{"name":"Gardevoir","species":"Gardevoir","item":"gardevoirite","ability":"Trace","moves":["hypervoice","taunt","focusblast","willowisp"],"nature":"Timid","evs":{"hp":4,"atk":0,"def":0,"spa":252,"spd":0,"spe":252},"ivs":{"hp":31,"atk":31,"def":31,"spa":31,"spd":31,"spe":31}},{"name":"Latios","species":"Latios","item":"choicescarf","ability":"Levitate","moves":["dracometeor","trick","psychic","surf"],"nature":"Timid","evs":{"hp":0,"atk":0,"def":0,"spa":252,"spd":4,"spe":252},"ivs":{"hp":31,"atk":31,"def":31,"spa":31,"spd":31,"spe":31}},{"name":"Jirachi","species":"Jirachi","item":"leftovers","ability":"Serene Grace","moves":["thunderwave","ironhead","healingwish","substitute"],"nature":"Careful","evs":{"hp":248,"atk":0,"def":0,"spa":0,"spd":228,"spe":32},"ivs":{"hp":31,"atk":31,"def":31,"spa":31,"spd":31,"spe":31}},{"name":"Deoxys-Defense","species":"Deoxys-Defense","item":"leftovers","ability":"Pressure","moves":["nightshade","recover","cosmicpower","toxic"],"nature":"Careful","evs":{"hp":252,"atk":0,"def":128,"spa":0,"spd":128,"spe":0},"ivs":{"hp":31,"atk":31,"def":31,"spa":31,"spd":31,"spe":31}},{"name":"Slowbro","species":"Slowbro","item":"leftovers","ability":"Regenerator","moves":["scald","slackoff","fireblast","yawn"],"nature":"Bold","evs":{"hp":252,"atk":0,"def":200,"spa":0,"spd":56,"spe":0},"ivs":{"hp":31,"atk":31,"def":31,"spa":31,"spd":31,"spe":31}}],"log":["|player|p1|DJMadness|92","|player|p2|Emg GL Test Tech|149","|gametype|singles","|gen|6","|tier|Monotype","|rated","|rule|Baton Pass Clause: Limit one Baton Passer, can't pass Spe and other stats simultaneously","|rule|Swagger Clause: Swagger is banned","|rule|Same Type Clause: Pokémon in a team must share a type","|clearpoke","|poke|p1|Aegislash, M, shiny","|poke|p1|Jellicent, F, shiny","|poke|p1|Gourgeist-*, F, shiny","|poke|p1|Sableye, M, shiny","|poke|p1|Gengar, M, shiny","|poke|p1|Chandelure, M, shiny","|poke|p2|Hoopa-Unbound","|poke|p2|Gardevoir, F","|poke|p2|Latios, M","|poke|p2|Jirachi","|poke|p2|Deoxys-Defense","|poke|p2|Slowbro, M","|rule|Sleep Clause Mod: Limit one foe put to sleep","|rule|Species Clause: Limit one of each Pokémon","|rule|OHKO Clause: OHKO moves are banned","|rule|Moody Clause: Moody is banned","|rule|Evasion Moves Clause: Evasion moves are banned","|rule|Endless Battle Clause: Forcing endless battles is banned","|rule|HP Percentage Mod: HP is shown in percentages","|teampreview","|","|start","|switch|p1a: Smiley|Gengar, M, shiny|261/261","|switch|p2a: Gardevoir|Gardevoir, F|278/278","|-ability|p2a: Gardevoir|Levitate|[from] ability: Trace|[of] p1a: Smiley","|turn|1","|","|switch|p2a: Latios|Latios, M|301/301","|move|p1a: Smiley|Sludge Wave|p2a: Latios","|-damage|p2a: Latios|66/301","|","|turn|2","|","|switch|p1a: Sup Bru|Sableye, M, shiny|304/304","|move|p2a: Latios|Psychic|p1a: Sup Bru","|-immune|p1a: Sup Bru|[msg]","|","|turn|3","|","|switch|p2a: Gardevoir|Gardevoir, F|278/278","|-ability|p2a: Gardevoir|Prankster|[from] ability: Trace|[of] p1a: Sup Bru","|switch|p1a: The Legend|Aegislash, M, shiny|324/324","|","|turn|4","|","|detailschange|p2a: Gardevoir|Gardevoir-Mega, F","|-mega|p2a: Gardevoir|Gardevoir|Gardevoirite","|move|p2a: Gardevoir|Will-O-Wisp|p1a: The Legend|[miss]","|-miss|p2a: Gardevoir|p1a: The Legend","|-formechange|p1a: The Legend|Aegislash-Blade","|move|p1a: The Legend|Iron Head|p2a: Gardevoir","|-supereffective|p2a: Gardevoir","|-damage|p2a: Gardevoir|0 fnt","|faint|p2a: Gardevoir","|","|","|switch|p2a: Hoopa-Unbound|Hoopa-Unbound|301/301","|turn|5","|","|-formechange|p1a: The Legend|Aegislash","|move|p1a: The Legend|King's Shield|p1a: The Legend","|-singleturn|p1a: The Legend|Protect","|move|p2a: Hoopa-Unbound|Hyperspace Fury|p1a: The Legend","|-supereffective|p1a: The Legend","|-damage|p1a: The Legend|0 fnt","|-unboost|p2a: Hoopa-Unbound|def|1","|-damage|p2a: Hoopa-Unbound|271/301|[from] item: Life Orb","|faint|p1a: The Legend","|","|","|switch|p1a: U Need Fire?|Chandelure, M, shiny|261/261","|turn|6","|","|move|p1a: U Need Fire?|Shadow Ball|p2a: Hoopa-Unbound","|-damage|p2a: Hoopa-Unbound|139/301","|move|p2a: Hoopa-Unbound|Hyperspace Fury|p1a: U Need Fire?","|-supereffective|p1a: U Need Fire?","|-damage|p1a: U Need Fire?|0 fnt","|-unboost|p2a: Hoopa-Unbound|def|1","|-damage|p2a: Hoopa-Unbound|109/301|[from] item: Life Orb","|faint|p1a: U Need Fire?","|","|","|switch|p1a: Jellyfish|Jellicent, F, shiny|404/404","|turn|7","|","|move|p2a: Hoopa-Unbound|Hyperspace Fury|p1a: Jellyfish","|-supereffective|p1a: Jellyfish","|-damage|p1a: Jellyfish|0 fnt","|-unboost|p2a: Hoopa-Unbound|def|1","|-damage|p2a: Hoopa-Unbound|79/301|[from] item: Life Orb","|faint|p1a: Jellyfish","|","|","|switch|p1a: Smiley|Gengar, M, shiny|261/261","|turn|8","|","|switch|p2a: Latios|Latios, M|66/301","|move|p1a: Smiley|Shadow Ball|p2a: Latios","|-crit|p2a: Latios","|-supereffective|p2a: Latios","|-damage|p2a: Latios|0 fnt","|faint|p2a: Latios","|","|","|switch|p2a: Jirachi|Jirachi|403/403","|turn|9","|","|switch|p1a: Spooky|Gourgeist-Super, F, shiny|374/374","|-item|p2a: Jirachi|Leftovers|[from] ability: Frisk|[of] p1a: Spooky|[identify]","|move|p2a: Jirachi|Thunder Wave|p1a: Spooky","|-status|p1a: Spooky|par","|","|turn|10","|","|move|p2a: Jirachi|Iron Head|p1a: Spooky","|-damage|p1a: Spooky|314/374 par","|cant|p1a: Spooky|flinch","|","|turn|11","|","|move|p2a: Jirachi|Substitute|p2a: Jirachi","|-start|p2a: Jirachi|Substitute","|-damage|p2a: Jirachi|303/403","|move|p1a: Spooky|Leech Seed|p2a: Jirachi","|-fail|p2a: Jirachi","|","|-heal|p2a: Jirachi|328/403|[from] item: Leftovers","|turn|12","|","|move|p1a: Spooky|Shadow Sneak|p2a: Jirachi","|-supereffective|p2a: Jirachi","|-activate|p2a: Jirachi|Substitute|[damage]","|move|p2a: Jirachi|Iron Head|p1a: Spooky","|-damage|p1a: Spooky|250/374 par","|","|-heal|p2a: Jirachi|353/403|[from] item: Leftovers","|turn|13","|","|move|p1a: Spooky|Shadow Sneak|p2a: Jirachi","|-supereffective|p2a: Jirachi","|-end|p2a: Jirachi|Substitute","|move|p2a: Jirachi|Iron Head|p1a: Spooky","|-damage|p1a: Spooky|184/374 par","|-enditem|p1a: Spooky|Sitrus Berry|[eat]","|-heal|p1a: Spooky|277/374 par|[from] item: Sitrus Berry","|","|-heal|p2a: Jirachi|378/403|[from] item: Leftovers","|turn|14","|","|move|p1a: Spooky|Shadow Sneak|p2a: Jirachi","|-supereffective|p2a: Jirachi","|-damage|p2a: Jirachi|286/403","|move|p2a: Jirachi|Substitute|p2a: Jirachi","|-start|p2a: Jirachi|Substitute","|-damage|p2a: Jirachi|186/403","|","|-heal|p2a: Jirachi|211/403|[from] item: Leftovers","|turn|15","|","|move|p1a: Spooky|Shadow Sneak|p2a: Jirachi","|-supereffective|p2a: Jirachi","|-activate|p2a: Jirachi|Substitute|[damage]","|move|p2a: Jirachi|Iron Head|p1a: Spooky","|-damage|p1a: Spooky|216/374 par","|","|-heal|p2a: Jirachi|236/403|[from] item: Leftovers","|turn|16","|","|move|p1a: Spooky|Shadow Sneak|p2a: Jirachi","|-supereffective|p2a: Jirachi","|-end|p2a: Jirachi|Substitute","|move|p2a: Jirachi|Iron Head|p1a: Spooky","|-damage|p1a: Spooky|159/374 par","|","|-heal|p2a: Jirachi|261/403|[from] item: Leftovers","|turn|17","|","|switch|p2a: Slowbro|Slowbro, M|394/394","|move|p1a: Spooky|Shadow Sneak|p2a: Slowbro","|-supereffective|p2a: Slowbro","|-damage|p2a: Slowbro|328/394","|","|-heal|p2a: Slowbro|352/394|[from] item: Leftovers","|turn|18","|","|move|p2a: Slowbro|Yawn|p1a: Spooky","|-fail|p1a: Spooky","|move|p1a: Spooky|Leech Seed|p2a: Slowbro|[miss]","|-miss|p1a: Spooky|p2a: Slowbro","|","|-heal|p2a: Slowbro|376/394|[from] item: Leftovers","|turn|19","|","|move|p2a: Slowbro|Fire Blast|p1a: Spooky","|-supereffective|p1a: Spooky","|-damage|p1a: Spooky|0 fnt","|faint|p1a: Spooky","|","|-heal|p2a: Slowbro|394/394|[from] item: Leftovers","|","|switch|p1a: Smiley|Gengar, M, shiny|261/261","|turn|20","|","|move|p1a: Smiley|Shadow Ball|p2a: Slowbro","|-supereffective|p2a: Slowbro","|-damage|p2a: Slowbro|0 fnt","|faint|p2a: Slowbro","|","|","|switch|p2a: Deoxys-Defense|Deoxys-Defense|304/304","|-ability|p2a: Deoxys-Defense|Pressure","|turn|21","|","|move|p1a: Smiley|Shadow Ball|p2a: Deoxys-Defense","|-supereffective|p2a: Deoxys-Defense","|-damage|p2a: Deoxys-Defense|86/304","|move|p2a: Deoxys-Defense|Recover|p2a: Deoxys-Defense","|-heal|p2a: Deoxys-Defense|238/304","|","|-heal|p2a: Deoxys-Defense|257/304|[from] item: Leftovers","|turn|22","|","|move|p1a: Smiley|Shadow Ball|p2a: Deoxys-Defense","|-supereffective|p2a: Deoxys-Defense","|-damage|p2a: Deoxys-Defense|29/304","|move|p2a: Deoxys-Defense|Night Shade|p1a: Smiley","|-damage|p1a: Smiley|161/261","|","|-heal|p2a: Deoxys-Defense|48/304|[from] item: Leftovers","|turn|23","|","|move|p1a: Smiley|Shadow Ball|p2a: Deoxys-Defense","|-supereffective|p2a: Deoxys-Defense","|-damage|p2a: Deoxys-Defense|0 fnt","|faint|p2a: Deoxys-Defense","|","|","|switch|p2a: Jirachi|Jirachi|261/403","|turn|24","|","|move|p1a: Smiley|Shadow Ball|p2a: Jirachi","|-supereffective|p2a: Jirachi","|-damage|p2a: Jirachi|0 fnt","|faint|p2a: Jirachi","|","|","|switch|p2a: Hoopa-Unbound|Hoopa-Unbound|79/301","|turn|25","|","|move|p1a: Smiley|Shadow Ball|p2a: Hoopa-Unbound","|-damage|p2a: Hoopa-Unbound|0 fnt","|faint|p2a: Hoopa-Unbound","|","|win|DJMadness"],"p1rating":{"entryid":"7355209","serverid":"eos","formatid":"monotype","userid":"djmadness","username":"DJMadness","w":24,"l":"22","t":"0","gxe":52.1,"r":"1485.9320494043","rd":"56.96993314407","sigma":"0","rptime":"1438765200","rpr":1515.7069620194,"rprd":53.050895293098,"rpsigma":"0","acre":1220.9371645014,"lacre":1220.9371645014,"oldacre":"1191.9392035461"},"p2rating":{"entryid":"7162853","serverid":"eos","formatid":"monotype","userid":"emggltesttech","username":"Emg GL Test Tech","w":"12","l":4,"t":"0","gxe":67,"r":"1612.3296444451","rd":"99.805079559002","sigma":"0","rptime":"1438765200","rpr":1636.7421226019,"rprd":76.284749732874,"rpsigma":"0","acre":1218.9836422802,"lacre":1218.9836422802,"oldacre":"1247.9816032355"},"endType":"normal"}