{"seed":[25831,24567,63929,2266],"turns":18,"p1":"Alliance - Contort","p2":"Champion Stormvy","p1team":[{"name":"Deez Nuts","species":"heracross","item":"heracronite","ability":"Moxie","moves":["bulletseed","rockblast","pinmissile","closecombat"],"nature":"Adamant","evs":{"hp":0,"atk":252,"def":0,"spa":0,"spd":4,"spe":252},"ivs":{"hp":31,"atk":31,"def":31,"spa":31,"spd":31,"spe":31}},{"name":"Gotta go fast","species":"scolipede","item":"lifeorb","ability":"Speed Boost","moves":["rockslide","megahorn","earthquake","protect"],"nature":"Jolly","evs":{"hp":0,"atk":252,"def":0,"spa":0,"spd":4,"spe":252},"ivs":{"hp":31,"atk":31,"def":31,"spa":31,"spd":31,"spe":31}},{"name":"FieryNight","species":"volcarona","item":"lumberry","ability":"Flame Body","moves":["fierydance","quiverdance","bugbuzz","roost"],"nature":"Bold","evs":{"hp":248,"atk":0,"def":208,"spa":0,"spd":0,"spe":52},"ivs":{"hp":31,"atk":31,"def":31,"spa":31,"spd":31,"spe":31}},{"name":"Ban plox","species":"genesect","item":"choicescarf","ability":"Download","moves":["uturn","ironhead","icebeam","flamethrower"],"nature":"Hasty","evs":{"hp":0,"atk":4,"def":0,"spa":252,"spd":0,"spe":252},"ivs":{"hp":31,"atk":31,"def":31,"spa":31,"spd":31,"spe":31}},{"name":"Referee","species":"forretress","item":"redcard","ability":"Sturdy","moves":["gyroball","rapidspin","voltswitch","stealthrock"],"nature":"Relaxed","evs":{"hp":248,"atk":8,"def":252,"spa":0,"spd":0,"spe":0},"ivs":{"hp":31,"atk":31,"def":31,"spa":31,"spd":31,"spe":0}},{"name":"Le Spider","species":"galvantula","item":"focussash","ability":"Compound Eyes","moves":["thunder","stickyweb","gigadrain","bugbuzz"],"nature":"Timid","evs":{"hp":0,"atk":0,"def":0,"spa":252,"spd":4,"spe":252},"ivs":{"hp":31,"atk":31,"def":31,"spa":31,"spd":31,"spe":31}}],"p2team":[{"name":"Ditto","species":"Ditto","item":"choicescarf","ability":"Imposter","moves":["transform"],"nature":"","shiny":true,"evs":{"hp":0,"atk":0,"def":0,"spa":0,"spd":0,"spe":0},"ivs":{"hp":31,"atk":31,"def":31,"spa":31,"spd":31,"spe":31}},{"name":"Lopunny","species":"Lopunny","item":"lopunnite","ability":"Limber","moves":["highjumpkick","fakeout","return","thunderpunch"],"nature":"Jolly","evs":{"hp":0,"atk":252,"def":0,"spa":0,"spd":4,"spe":252},"shiny":true,"ivs":{"hp":31,"atk":31,"def":31,"spa":31,"spd":31,"spe":31}},{"name":"Meloetta","species":"Meloetta","item":"assaultvest","ability":"Serene Grace","moves":["hypervoice","shadowball","psychic","energyball"],"nature":"Modest","evs":{"hp":0,"atk":0,"def":0,"spa":252,"spd":4,"spe":252},"ivs":{"hp":31,"atk":31,"def":31,"spa":31,"spd":31,"spe":31}},{"name":"Diggersby","species":"Diggersby","item":"lifeorb","ability":"Huge Power","moves":["earthquake","knockoff","quickattack","swordsdance"],"nature":"Adamant","evs":{"hp":0,"atk":252,"def":128,"spa":0,"spd":128,"spe":0},"ivs":{"hp":31,"atk":31,"def":31,"spa":31,"spd":31,"spe":31}},{"name":"Porygon2","species":"Porygon2","item":"eviolite","ability":"Trace","moves":["triattack","recover","icebeam","thunderwave"],"nature":"Bold","evs":{"hp":0,"atk":0,"def":188,"spa":68,"spd":252,"spe":0},"shiny":true,"ivs":{"hp":31,"atk":31,"def":31,"spa":31,"spd":31,"spe":31}},{"name":"Staraptor","species":"Staraptor","item":"choicescarf","ability":"Intimidate","moves":["bravebird","frustration","closecombat","uturn"],"nature":"Jolly","evs":{"hp":0,"atk":252,"def":0,"spa":0,"spd":0,"spe":252},"shiny":true,"happiness":0,"ivs":{"hp":31,"atk":31,"def":31,"spa":31,"spd":31,"spe":31}}],"log":["|player|p1|Alliance - Contort|alliancecontort.png","|player|p2|Champion Stormvy|championstormvy.png","|gametype|singles","|gen|6","|tier|Monotype","|rated","|rule|Baton Pass Clause: Limit one Baton Passer, can't pass Spe and other stats simultaneously","|rule|Swagger Clause: Swagger is banned","|rule|Same Type Clause: Pokémon in a team must share a type","|clearpoke","|poke|p1|Heracross, M","|poke|p1|Scolipede, F","|poke|p1|Volcarona, F","|poke|p1|Genesect-*","|poke|p1|Forretress, F","|poke|p1|Galvantula, F","|poke|p2|Ditto, shiny","|poke|p2|Lopunny, M, shiny","|poke|p2|Meloetta","|poke|p2|Diggersby, F","|poke|p2|Porygon2, shiny","|poke|p2|Staraptor, M, shiny","|rule|Sleep Clause Mod: Limit one foe put to sleep","|rule|Species Clause: Limit one of each Pokémon","|rule|OHKO Clause: OHKO moves are banned","|rule|Moody Clause: Moody is banned","|rule|Evasion Moves Clause: Evasion moves are banned","|rule|Endless Battle Clause: Forcing endless battles is banned","|rule|HP Percentage Mod: HP is shown in percentages","|teampreview","|","|start","|switch|p1a: Referee|Forretress, F|353/353","|switch|p2a: Lopunny|Lopunny, M, shiny|271/271","|turn|1","|","|detailschange|p2a: Lopunny|Lopunny-Mega, M, shiny","|-mega|p2a: Lopunny|Lopunny|Lopunnite","|move|p2a: Lopunny|Fake Out|p1a: Referee","|-resisted|p1a: Referee","|-damage|p1a: Referee|334/353","|-enditem|p1a: Referee|Red Card|[of] p2a: Lopunny","|drag|p2a: Meloetta|Meloetta|341/341","|cant|p1a: Referee|flinch","|","|turn|2","|","|switch|p2a: Ditto|Ditto, shiny|237/237","|-transform|p2a: Ditto|p1a: Referee","|move|p1a: Referee|Stealth Rock|p2a: Ditto","|-sidestart|p2: Champion Stormvy|move: Stealth Rock","|","|turn|3","|","|switch|p1a: FieryNight|Volcarona, F|373/373","|move|p2a: Ditto|Stealth Rock|p1a: FieryNight","|-sidestart|p1: Alliance - Contort|move: Stealth Rock","|","|turn|4","|","|switch|p2a: Meloetta|Meloetta|341/341","|-damage|p2a: Meloetta|299/341|[from] Stealth Rock","|move|p1a: FieryNight|Bug Buzz|p2a: Meloetta","|-crit|p2a: Meloetta","|-supereffective|p2a: Meloetta","|-damage|p2a: Meloetta|63/341","|","|turn|5","|","|move|p2a: Meloetta|Psychic|p1a: FieryNight","|-damage|p1a: FieryNight|192/373","|move|p1a: FieryNight|Bug Buzz|p2a: Meloetta","|-supereffective|p2a: Meloetta","|-damage|p2a: Meloetta|0 fnt","|faint|p2a: Meloetta","|","|","|switch|p2a: Ditto|Ditto, shiny|237/237","|-damage|p2a: Ditto|208/237|[from] Stealth Rock","|-transform|p2a: Ditto|p1a: FieryNight","|turn|6","|","|move|p2a: Ditto|Fiery Dance|p1a: FieryNight","|-damage|p1a: FieryNight|71/373","|move|p1a: FieryNight|Roost|p1a: FieryNight","|-heal|p1a: FieryNight|258/373","|","|turn|7","|","|switch|p1a: Le Spider|Galvantula, F|281/281","|-damage|p1a: Le Spider|211/281|[from] Stealth Rock","|move|p2a: Ditto|Fiery Dance|p1a: Le Spider","|-supereffective|p1a: Le Spider","|-damage|p1a: Le Spider|0 fnt","|faint|p1a: Le Spider","|","|","|switch|p1a: Gotta go fast|Scolipede, F|261/261","|-damage|p1a: Gotta go fast|196/261|[from] Stealth Rock","|turn|8","|","|move|p1a: Gotta go fast|Protect|p1a: Gotta go fast","|-singleturn|p1a: Gotta go fast|Protect","|move|p2a: Ditto|Fiery Dance|p1a: Gotta go fast","|-activate|p1a: Gotta go fast|Protect","|","|-boost|p1a: Gotta go fast|spe|1|[from] ability: Speed Boost","|turn|9","|","|switch|p2a: Diggersby|Diggersby, F|311/311","|-damage|p2a: Diggersby|292/311|[from] Stealth Rock","|move|p1a: Gotta go fast|Rock Slide|p2a: Diggersby","|-resisted|p2a: Diggersby","|-damage|p2a: Diggersby|239/311","|-damage|p1a: Gotta go fast|170/261|[from] item: Life Orb","|","|-boost|p1a: Gotta go fast|spe|1|[from] ability: Speed Boost","|turn|10","|","|move|p1a: Gotta go fast|Megahorn|p2a: Diggersby","|-damage|p2a: Diggersby|0 fnt","|-damage|p1a: Gotta go fast|144/261|[from] item: Life Orb","|faint|p2a: Diggersby","|","|-boost|p1a: Gotta go fast|spe|1|[from] ability: Speed Boost","|","|switch|p2a: Porygon2|Porygon2, shiny|311/311","|-damage|p2a: Porygon2|273/311|[from] Stealth Rock","|-ability|p2a: Porygon2|Speed Boost|[from] ability: Trace|[of] p1a: Gotta go fast","|turn|11","|","|move|p1a: Gotta go fast|Megahorn|p2a: Porygon2","|-damage|p2a: Porygon2|155/311","|-damage|p1a: Gotta go fast|118/261|[from] item: Life Orb","|move|p2a: Porygon2|Tri Attack|p1a: Gotta go fast","|-damage|p1a: Gotta go fast|0 fnt","|faint|p1a: Gotta go fast","|","|-boost|p2a: Porygon2|spe|1|[from] ability: Speed Boost","|","|switch|p1a: Deez Nuts|Heracross, M|301/301","|-damage|p1a: Deez Nuts|264/301|[from] Stealth Rock","|turn|12","|","|detailschange|p1a: Deez Nuts|Heracross-Mega, M","|-mega|p1a: Deez Nuts|Heracross|Heracronite","|move|p1a: Deez Nuts|Close Combat|p2a: Porygon2","|-supereffective|p2a: Porygon2","|-damage|p2a: Porygon2|0 fnt","|-unboost|p1a: Deez Nuts|def|1","|-unboost|p1a: Deez Nuts|spd|1","|faint|p2a: Porygon2","|","|","|switch|p2a: Staraptor|Staraptor, M, shiny|311/311","|-damage|p2a: Staraptor|234/311|[from] Stealth Rock","|-ability|p2a: Staraptor|Intimidate","|-unboost|p1a: Deez Nuts|atk|1","|turn|13","|","|switch|p1a: FieryNight|Volcarona, F|258/373","|-damage|p1a: FieryNight|72/373|[from] Stealth Rock","|move|p2a: Staraptor|Brave Bird|p1a: FieryNight","|-supereffective|p1a: FieryNight","|-damage|p1a: FieryNight|0 fnt","|-damage|p2a: Staraptor|210/311|[from] recoil|[of] p1a: FieryNight","|faint|p1a: FieryNight","|","|","|switch|p1a: Referee|Forretress, F|334/353","|-damage|p1a: Referee|290/353|[from] Stealth Rock","|turn|14","|","|switch|p2a: Ditto|Ditto, shiny|208/237","|-damage|p2a: Ditto|179/237|[from] Stealth Rock","|-transform|p2a: Ditto|p1a: Referee","|move|p1a: Referee|Volt Switch|p2a: Ditto","|-damage|p2a: Ditto|124/237","|","|switch|p1a: Ban plox|Genesect|283/283","|-damage|p1a: Ban plox|248/283|[from] Stealth Rock","|-boost|p1a: Ban plox|spa|1|[from] ability: Download","|","|turn|15","|","|move|p1a: Ban plox|Flamethrower|p2a: Ditto","|-supereffective|p2a: Ditto","|-damage|p2a: Ditto|0 fnt","|faint|p2a: Ditto","|","|","|switch|p2a: Staraptor|Staraptor, M, shiny|210/311","|-damage|p2a: Staraptor|133/311|[from] Stealth Rock","|-ability|p2a: Staraptor|Intimidate","|-unboost|p1a: Ban plox|atk|1","|turn|16","|","|move|p2a: Staraptor|Brave Bird|p1a: Ban plox","|-damage|p1a: Ban plox|32/283","|-damage|p2a: Staraptor|62/311|[from] recoil|[of] p1a: Ban plox","|move|p1a: Ban plox|Flamethrower|p2a: Staraptor","|-damage|p2a: Staraptor|0 fnt","|faint|p2a: Staraptor","|","|","|switch|p2a: Lopunny|Lopunny-Mega, M, shiny|271/271","|-damage|p2a: Lopunny|255/271|[from] Stealth Rock","|turn|17","|","|move|p2a: Lopunny|Fake Out|p1a: Ban plox","|-resisted|p1a: Ban plox","|-damage|p1a: Ban plox|0 fnt","|faint|p1a: Ban plox","|","|","|switch|p1a: Referee|Forretress, F|290/353","|-damage|p1a: Referee|246/353|[from] Stealth Rock","|turn|18","|","|move|p2a: Lopunny|High Jump Kick|p1a: Referee|[miss]","|-miss|p2a: Lopunny|p1a: Referee","|-damage|p2a: Lopunny|120/271|[from] highjumpkick","|move|p1a: Referee|Gyro Ball|p2a: Lopunny","|-damage|p2a: Lopunny|0 fnt","|faint|p2a: Lopunny","|","|win|Alliance - Contort"],"p1rating":{"entryid":"5814858","serverid":"eos","formatid":"monotype","userid":"alliancecontort","username":"Alliance - Contort","w":26,"l":"10","t":"0","gxe":67.5,"r":"1628.5523777155","rd":"68.371937895517","sigma":"0","rptime":"1438765200","rpr":1639.6059212107,"rprd":67.183987814579,"rpsigma":"0","acre":1276.1186847003,"lacre":1276.1186847003,"oldacre":"1250.9803735569"},"p2rating":{"entryid":"6626924","serverid":"eos","formatid":"monotype","userid":"championstormvy","username":"Champion Stormvy","w":"15","l":8,"t":"0","gxe":65.3,"r":"1585.2385126398","rd":"83.283266400604","sigma":"0","rptime":"1438765200","rpr":1621.5143916415,"rprd":67.343124033102,"rpsigma":"0","acre":1227.7642505492,"lacre":1227.7642505492,"oldacre":"1252.9025616926"},"endType":"normal"}