{"seed":[37033,61185,65206,16281],"turns":43,"p1":"Champion Stormvy","p2":"LTIL-Tahit","p1team":[{"name":"Ditto","species":"Ditto","item":"choicescarf","ability":"Imposter","moves":["transform"],"nature":"","shiny":true,"evs":{"hp":0,"atk":0,"def":0,"spa":0,"spd":0,"spe":0},"ivs":{"hp":31,"atk":31,"def":31,"spa":31,"spd":31,"spe":31}},{"name":"Lopunny","species":"Lopunny","item":"lopunnite","ability":"Limber","moves":["highjumpkick","fakeout","return","thunderpunch"],"nature":"Jolly","evs":{"hp":0,"atk":252,"def":0,"spa":0,"spd":4,"spe":252},"shiny":true,"ivs":{"hp":31,"atk":31,"def":31,"spa":31,"spd":31,"spe":31}},{"name":"Meloetta","species":"Meloetta","item":"assaultvest","ability":"Serene Grace","moves":["hypervoice","shadowball","psychic","energyball"],"nature":"Modest","evs":{"hp":0,"atk":0,"def":0,"spa":252,"spd":4,"spe":252},"ivs":{"hp":31,"atk":31,"def":31,"spa":31,"spd":31,"spe":31}},{"name":"Diggersby","species":"Diggersby","item":"lifeorb","ability":"Huge Power","moves":["earthquake","knockoff","quickattack","swordsdance"],"nature":"Adamant","evs":{"hp":0,"atk":252,"def":128,"spa":0,"spd":128,"spe":0},"ivs":{"hp":31,"atk":31,"def":31,"spa":31,"spd":31,"spe":31}},{"name":"Porygon2","species":"Porygon2","item":"eviolite","ability":"Trace","moves":["triattack","recover","icebeam","thunderwave"],"nature":"Bold","evs":{"hp":0,"atk":0,"def":188,"spa":68,"spd":252,"spe":0},"shiny":true,"ivs":{"hp":31,"atk":31,"def":31,"spa":31,"spd":31,"spe":31}},{"name":"Staraptor","species":"Staraptor","item":"choicescarf","ability":"Intimidate","moves":["bravebird","frustration","closecombat","uturn"],"nature":"Jolly","evs":{"hp":0,"atk":252,"def":0,"spa":0,"spd":0,"spe":252},"shiny":true,"happiness":0,"ivs":{"hp":31,"atk":31,"def":31,"spa":31,"spd":31,"spe":31}}],"p2team":[{"name":"Aegi","species":"aegislash","item":"weaknesspolicy","ability":"Stance Change","moves":["kingsshield","shadowball","sacredsword","shadowsneak"],"nature":"Quiet","evs":{"hp":252,"atk":0,"def":0,"spa":252,"spd":4,"spe":0},"ivs":{"hp":31,"atk":31,"def":31,"spa":31,"spd":31,"spe":0}},{"name":"G gar","species":"gengar","item":"widelens","ability":"Levitate","moves":["ominouswind","sludgebomb","focusblast","destinybond"],"nature":"Timid","evs":{"hp":0,"atk":0,"def":0,"spa":252,"spd":4,"spe":252},"ivs":{"hp":31,"atk":31,"def":31,"spa":31,"spd":31,"spe":31}},{"name":"Treve","species":"trevenant","item":"sitrusberry","ability":"Harvest","moves":["substitute","leechseed","willowisp","hornleech"],"nature":"Impish","evs":{"hp":252,"atk":0,"def":148,"spa":0,"spd":108,"spe":0},"ivs":{"hp":31,"atk":31,"def":31,"spa":31,"spd":31,"spe":31}},{"name":"Sableye","species":"Sableye","item":"sablenite","ability":"Prankster","moves":["calmmind","willowisp","recover","dazzlinggleam"],"nature":"Calm","evs":{"hp":0,"atk":0,"def":248,"spa":0,"spd":252,"spe":8},"ivs":{"hp":31,"atk":31,"def":31,"spa":31,"spd":31,"spe":31}},{"name":"G-S","species":"gourgeistsuper","item":"leftovers","ability":"Frisk","moves":["flamecharge","willowisp","leechseed","painsplit"],"nature":"Careful","evs":{"hp":252,"atk":0,"def":252,"spa":0,"spd":4,"spe":0},"ivs":{"hp":31,"atk":31,"def":31,"spa":31,"spd":31,"spe":31}},{"name":"Drifblim","species":"Drifblim","item":"sitrusberry","ability":"Unburden","moves":["hex","willowisp","toxic","clearsmog"],"nature":"Bold","evs":{"hp":252,"atk":0,"def":4,"spa":0,"spd":252,"spe":0},"ivs":{"hp":31,"atk":31,"def":31,"spa":31,"spd":31,"spe":31}}],"log":["|player|p1|Champion Stormvy|championstormvy.png","|player|p2|LTIL-Tahit|169","|gametype|singles","|gen|6","|tier|Monotype","|rated","|rule|Baton Pass Clause: Limit one Baton Passer, can't pass Spe and other stats simultaneously","|rule|Swagger Clause: Swagger is banned","|rule|Same Type Clause: Pokémon in a team must share a type","|clearpoke","|poke|p1|Ditto, shiny","|poke|p1|Lopunny, F, shiny","|poke|p1|Meloetta","|poke|p1|Diggersby, F","|poke|p1|Porygon2, shiny","|poke|p1|Staraptor, F, shiny","|poke|p2|Aegislash, M","|poke|p2|Gengar, M","|poke|p2|Trevenant, F","|poke|p2|Sableye, M","|poke|p2|Gourgeist-*, F","|poke|p2|Drifblim, M","|rule|Sleep Clause Mod: Limit one foe put to sleep","|rule|Species Clause: Limit one of each Pokémon","|rule|OHKO Clause: OHKO moves are banned","|rule|Moody Clause: Moody is banned","|rule|Evasion Moves Clause: Evasion moves are banned","|rule|Endless Battle Clause: Forcing endless battles is banned","|rule|HP Percentage Mod: HP is shown in percentages","|teampreview","|","|start","|switch|p1a: Lopunny|Lopunny, F, shiny|271/271","|switch|p2a: G-S|Gourgeist-Super, F|374/374","|-item|p1a: Lopunny|Lopunnite|[from] ability: Frisk|[of] p2a: G-S|[identify]","|turn|1","|","|detailschange|p1a: Lopunny|Lopunny-Mega, F, shiny","|-mega|p1a: Lopunny|Lopunny|Lopunnite","|move|p1a: Lopunny|Fake Out|p2a: G-S","|-damage|p2a: G-S|326/374","|cant|p2a: G-S|flinch","|","|-heal|p2a: G-S|349/374|[from] item: Leftovers","|turn|2","|","|switch|p1a: Meloetta|Meloetta|341/341","|move|p2a: G-S|Will-O-Wisp|p1a: Meloetta","|-status|p1a: Meloetta|brn","|","|-heal|p2a: G-S|372/374|[from] item: Leftovers","|-damage|p1a: Meloetta|299/341 brn|[from] brn","|turn|3","|","|move|p1a: Meloetta|Shadow Ball|p2a: G-S","|-supereffective|p2a: G-S","|-damage|p2a: G-S|134/374","|move|p2a: G-S|Pain Split|p1a: Meloetta","|-sethp|p1a: Meloetta|216/341 brn|p2a: G-S|216/374|[from] move: Pain Split","|","|-heal|p2a: G-S|239/374|[from] item: Leftovers","|-damage|p1a: Meloetta|174/341 brn|[from] brn","|turn|4","|","|move|p1a: Meloetta|Shadow Ball|p2a: G-S","|-supereffective|p2a: G-S","|-damage|p2a: G-S|3/374","|-unboost|p2a: G-S|spd|1","|move|p2a: G-S|Pain Split|p1a: Meloetta","|-sethp|p1a: Meloetta|88/341 brn|p2a: G-S|88/374|[from] move: Pain Split","|","|-heal|p2a: G-S|111/374|[from] item: Leftovers","|-damage|p1a: Meloetta|46/341 brn|[from] brn","|turn|5","|","|move|p1a: Meloetta|Shadow Ball|p2a: G-S","|-supereffective|p2a: G-S","|-damage|p2a: G-S|0 fnt","|faint|p2a: G-S","|","|-damage|p1a: Meloetta|4/341 brn|[from] brn","|","|switch|p2a: Aegi|Aegislash, M|324/324","|turn|6","|","|switch|p1a: Diggersby|Diggersby, F|311/311","|-formechange|p2a: Aegi|Aegislash-Blade","|move|p2a: Aegi|Sacred Sword|p1a: Diggersby","|-crit|p1a: Diggersby","|-supereffective|p1a: Diggersby","|-damage|p1a: Diggersby|0 fnt","|faint|p1a: Diggersby","|","|","|switch|p1a: Porygon2|Porygon2, shiny|311/311","|turn|7","|","|move|p1a: Porygon2|Thunder Wave|p2a: Aegi","|-status|p2a: Aegi|par","|cant|p2a: Aegi|par","|","|turn|8","|","|switch|p1a: Ditto|Ditto, shiny|237/237","|-transform|p1a: Ditto|p2a: Aegi","|-formechange|p2a: Aegi|Aegislash","|move|p2a: Aegi|King's Shield|p2a: Aegi","|-fail|p2a: Aegi","|","|turn|9","|","|move|p1a: Ditto|Shadow Ball|p2a: Aegi","|-supereffective|p2a: Aegi","|-damage|p2a: Aegi|64/324 par","|-enditem|p2a: Aegi|Weakness Policy","|-boost|p2a: Aegi|atk|2|[from] item: Weakness Policy","|-boost|p2a: Aegi|spa|2|[from] item: Weakness Policy","|-formechange|p2a: Aegi|Aegislash-Blade","|cant|p2a: Aegi|par","|","|turn|10","|","|move|p2a: Aegi|Shadow Sneak|p1a: Ditto","|-crit|p1a: Ditto","|-supereffective|p1a: Ditto","|-damage|p1a: Ditto|0 fnt","|faint|p1a: Ditto","|","|","|switch|p1a: Lopunny|Lopunny-Mega, F, shiny|271/271","|turn|11","|","|-formechange|p2a: Aegi|Aegislash","|move|p2a: Aegi|King's Shield|p2a: Aegi","|-singleturn|p2a: Aegi|Protect","|move|p1a: Lopunny|Fake Out|p2a: Aegi","|-activate|p2a: Aegi|Protect","|-unboost|p1a: Lopunny|atk|2","|","|turn|12","|","|move|p1a: Lopunny|High Jump Kick|p2a: Aegi","|-supereffective|p2a: Aegi","|-damage|p2a: Aegi|0 fnt","|faint|p2a: Aegi","|","|","|switch|p2a: Treve|Trevenant, F|374/374","|turn|13","|","|switch|p1a: Meloetta|Meloetta|4/341 brn","|move|p2a: Treve|Substitute|p2a: Treve","|-start|p2a: Treve|Substitute","|-damage|p2a: Treve|281/374","|","|-damage|p1a: Meloetta|0 fnt|[from] brn","|faint|p1a: Meloetta","|","|switch|p1a: Porygon2|Porygon2, shiny|311/311","|-ability|p1a: Porygon2|Harvest|[from] ability: Trace|[of] p2a: Treve","|turn|14","|","|move|p1a: Porygon2|Ice Beam|p2a: Treve","|-supereffective|p2a: Treve","|-end|p2a: Treve|Substitute","|move|p2a: Treve|Substitute|p2a: Treve","|-start|p2a: Treve|Substitute","|-damage|p2a: Treve|188/374","|","|turn|15","|","|move|p1a: Porygon2|Ice Beam|p2a: Treve","|-supereffective|p2a: Treve","|-end|p2a: Treve|Substitute","|move|p2a: Treve|Leech Seed|p1a: Porygon2","|-start|p1a: Porygon2|move: Leech Seed","|","|-damage|p1a: Porygon2|273/311|[from] Leech Seed|[of] p2a: Treve","|-heal|p2a: Treve|226/374|[silent]","|turn|16","|","|switch|p1a: Staraptor|Staraptor, F, shiny|311/311","|-ability|p1a: Staraptor|Intimidate","|-unboost|p2a: Treve|atk|1","|move|p2a: Treve|Substitute|p2a: Treve","|-start|p2a: Treve|Substitute","|-damage|p2a: Treve|133/374","|-enditem|p2a: Treve|Sitrus Berry|[eat]","|-heal|p2a: Treve|226/374|[from] item: Sitrus Berry","|","|-item|p2a: Treve|Sitrus Berry|[from] ability: Harvest","|turn|17","|","|move|p1a: Staraptor|U-turn|p2a: Treve","|-activate|p2a: Treve|Substitute|[damage]","|","|switch|p1a: Lopunny|Lopunny-Mega, F, shiny|271/271","|move|p2a: Treve|Will-O-Wisp|p1a: Lopunny","|-status|p1a: Lopunny|brn","|","|-damage|p1a: Lopunny|238/271 brn|[from] brn","|turn|18","|","|move|p1a: Lopunny|Return|p2a: Treve","|-end|p2a: Treve|Substitute","|move|p2a: Treve|Substitute|p2a: Treve","|-start|p2a: Treve|Substitute","|-damage|p2a: Treve|133/374","|-enditem|p2a: Treve|Sitrus Berry|[eat]","|-heal|p2a: Treve|226/374|[from] item: Sitrus Berry","|","|-damage|p1a: Lopunny|205/271 brn|[from] brn","|-item|p2a: Treve|Sitrus Berry|[from] ability: Harvest","|turn|19","|","|move|p1a: Lopunny|Return|p2a: Treve","|-end|p2a: Treve|Substitute","|move|p2a: Treve|Leech Seed|p1a: Lopunny","|-start|p1a: Lopunny|move: Leech Seed","|","|-damage|p1a: Lopunny|172/271 brn|[from] Leech Seed|[of] p2a: Treve","|-heal|p2a: Treve|259/374|[silent]","|-damage|p1a: Lopunny|139/271 brn|[from] brn","|turn|20","|","|move|p1a: Lopunny|Return|p2a: Treve","|-damage|p2a: Treve|165/374","|-enditem|p2a: Treve|Sitrus Berry|[eat]","|-heal|p2a: Treve|258/374|[from] item: Sitrus Berry","|move|p2a: Treve|Substitute|p2a: Treve","|-start|p2a: Treve|Substitute","|-damage|p2a: Treve|165/374","|","|-damage|p1a: Lopunny|106/271 brn|[from] Leech Seed|[of] p2a: Treve","|-heal|p2a: Treve|198/374|[silent]","|-damage|p1a: Lopunny|73/271 brn|[from] brn","|turn|21","|","|move|p1a: Lopunny|Return|p2a: Treve","|-activate|p2a: Treve|Substitute|[damage]","|move|p2a: Treve|Horn Leech|p1a: Lopunny","|-damage|p1a: Lopunny|4/271 brn","|-heal|p2a: Treve|233/374|[from] drain|[of] p1a: Lopunny","|","|-damage|p1a: Lopunny|0 fnt|[from] Leech Seed|[of] p2a: Treve","|-heal|p2a: Treve|237/374|[silent]","|-item|p2a: Treve|Sitrus Berry|[from] ability: Harvest","|faint|p1a: Lopunny","|","|switch|p1a: Staraptor|Staraptor, F, shiny|311/311","|-ability|p1a: Staraptor|Intimidate","|-activate|p2a: Treve|Substitute|ability: Intimidate|[of] p1a: Staraptor","|turn|22","|","|move|p1a: Staraptor|U-turn|p2a: Treve","|-end|p2a: Treve|Substitute","|","|switch|p1a: Porygon2|Porygon2, shiny|273/311","|-ability|p1a: Porygon2|Harvest|[from] ability: Trace|[of] p2a: Treve","|move|p2a: Treve|Will-O-Wisp|p1a: Porygon2","|-status|p1a: Porygon2|brn","|","|-damage|p1a: Porygon2|235/311 brn|[from] brn","|turn|23","|","|move|p1a: Porygon2|Thunder Wave|p2a: Treve","|-status|p2a: Treve|par","|move|p2a: Treve|Leech Seed|p1a: Porygon2","|-start|p1a: Porygon2|move: Leech Seed","|","|-damage|p1a: Porygon2|197/311 brn|[from] Leech Seed|[of] p2a: Treve","|-heal|p2a: Treve|275/374 par|[silent]","|-damage|p1a: Porygon2|159/311 brn|[from] brn","|turn|24","|","|move|p1a: Porygon2|Ice Beam|p2a: Treve","|-supereffective|p2a: Treve","|-damage|p2a: Treve|109/374 par","|-enditem|p2a: Treve|Sitrus Berry|[eat]","|-heal|p2a: Treve|202/374 par|[from] item: Sitrus Berry","|move|p2a: Treve|Substitute|p2a: Treve","|-start|p2a: Treve|Substitute","|-damage|p2a: Treve|109/374 par","|","|-damage|p1a: Porygon2|121/311 brn|[from] Leech Seed|[of] p2a: Treve","|-heal|p2a: Treve|147/374 par|[silent]","|-damage|p1a: Porygon2|83/311 brn|[from] brn","|-item|p2a: Treve|Sitrus Berry|[from] ability: Harvest","|-enditem|p2a: Treve|Sitrus Berry|[eat]","|-heal|p2a: Treve|240/374 par|[from] item: Sitrus Berry","|turn|25","|","|move|p1a: Porygon2|Recover|p1a: Porygon2","|-heal|p1a: Porygon2|239/311 brn","|cant|p2a: Treve|par","|","|-damage|p1a: Porygon2|201/311 brn|[from] Leech Seed|[of] p2a: Treve","|-heal|p2a: Treve|278/374 par|[silent]","|-damage|p1a: Porygon2|163/311 brn|[from] brn","|-item|p2a: Treve|Sitrus Berry|[from] ability: Harvest","|turn|26","|","|move|p1a: Porygon2|Ice Beam|p2a: Treve","|-supereffective|p2a: Treve","|-end|p2a: Treve|Substitute","|move|p2a: Treve|Substitute|p2a: Treve","|-start|p2a: Treve|Substitute","|-damage|p2a: Treve|185/374 par","|-enditem|p2a: Treve|Sitrus Berry|[eat]","|-heal|p2a: Treve|278/374 par|[from] item: Sitrus Berry","|","|-damage|p1a: Porygon2|125/311 brn|[from] Leech Seed|[of] p2a: Treve","|-heal|p2a: Treve|316/374 par|[silent]","|-damage|p1a: Porygon2|87/311 brn|[from] brn","|turn|27","|","|move|p1a: Porygon2|Recover|p1a: Porygon2","|-heal|p1a: Porygon2|243/311 brn","|move|p2a: Treve|Horn Leech|p1a: Porygon2","|-damage|p1a: Porygon2|206/311 brn","|-heal|p2a: Treve|335/374 par|[from] drain|[of] p1a: Porygon2","|","|-damage|p1a: Porygon2|168/311 brn|[from] Leech Seed|[of] p2a: Treve","|-heal|p2a: Treve|373/374 par|[silent]","|-damage|p1a: Porygon2|130/311 brn|[from] brn","|-item|p2a: Treve|Sitrus Berry|[from] ability: Harvest","|turn|28","|","|move|p1a: Porygon2|Recover|p1a: Porygon2","|-heal|p1a: Porygon2|286/311 brn","|move|p2a: Treve|Horn Leech|p1a: Porygon2","|-damage|p1a: Porygon2|247/311 brn","|-heal|p2a: Treve|374/374 par|[from] drain|[of] p1a: Porygon2","|","|-damage|p1a: Porygon2|209/311 brn|[from] Leech Seed|[of] p2a: Treve","|-damage|p1a: Porygon2|171/311 brn|[from] brn","|turn|29","|","|switch|p1a: Staraptor|Staraptor, F, shiny|311/311","|-ability|p1a: Staraptor|Intimidate","|-activate|p2a: Treve|Substitute|ability: Intimidate|[of] p1a: Staraptor","|move|p2a: Treve|Horn Leech|p1a: Staraptor","|-resisted|p1a: Staraptor","|-damage|p1a: Staraptor|267/311","|","|turn|30","|","|move|p1a: Staraptor|U-turn|p2a: Treve","|-activate|p2a: Treve|Substitute|[damage]","|","|switch|p1a: Porygon2|Porygon2, shiny|171/311 brn","|-ability|p1a: Porygon2|Harvest|[from] ability: Trace|[of] p2a: Treve","|move|p2a: Treve|Leech Seed|p1a: Porygon2","|-start|p1a: Porygon2|move: Leech Seed","|","|-damage|p1a: Porygon2|133/311 brn|[from] Leech Seed|[of] p2a: Treve","|-damage|p1a: Porygon2|95/311 brn|[from] brn","|turn|31","|","|move|p1a: Porygon2|Recover|p1a: Porygon2","|-heal|p1a: Porygon2|251/311 brn","|move|p2a: Treve|Horn Leech|p1a: Porygon2","|-damage|p1a: Porygon2|218/311 brn","|","|-damage|p1a: Porygon2|180/311 brn|[from] Leech Seed|[of] p2a: Treve","|-damage|p1a: Porygon2|142/311 brn|[from] brn","|turn|32","|","|move|p1a: Porygon2|Recover|p1a: Porygon2","|-heal|p1a: Porygon2|298/311 brn","|move|p2a: Treve|Horn Leech|p1a: Porygon2","|-damage|p1a: Porygon2|261/311 brn","|","|-damage|p1a: Porygon2|223/311 brn|[from] Leech Seed|[of] p2a: Treve","|-damage|p1a: Porygon2|185/311 brn|[from] brn","|turn|33","|","|switch|p1a: Staraptor|Staraptor, F, shiny|267/311","|-ability|p1a: Staraptor|Intimidate","|-activate|p2a: Treve|Substitute|ability: Intimidate|[of] p1a: Staraptor","|move|p2a: Treve|Substitute|p2a: Treve","|-fail|p2a: Treve|move: Substitute","|","|turn|34","|","|move|p1a: Staraptor|U-turn|p2a: Treve","|-end|p2a: Treve|Substitute","|","|switch|p1a: Porygon2|Porygon2, shiny|185/311 brn","|-ability|p1a: Porygon2|Harvest|[from] ability: Trace|[of] p2a: Treve","|move|p2a: Treve|Leech Seed|p1a: Porygon2","|-start|p1a: Porygon2|move: Leech Seed","|","|-damage|p1a: Porygon2|147/311 brn|[from] Leech Seed|[of] p2a: Treve","|-damage|p1a: Porygon2|109/311 brn|[from] brn","|turn|35","|","|move|p1a: Porygon2|Ice Beam|p2a: Treve","|-supereffective|p2a: Treve","|-damage|p2a: Treve|214/374 par","|cant|p2a: Treve|par","|","|-damage|p1a: Porygon2|71/311 brn|[from] Leech Seed|[of] p2a: Treve","|-heal|p2a: Treve|252/374 par|[silent]","|-damage|p1a: Porygon2|33/311 brn|[from] brn","|turn|36","|","|move|p1a: Porygon2|Recover|p1a: Porygon2","|-heal|p1a: Porygon2|189/311 brn","|move|p2a: Treve|Substitute|p2a: Treve","|-start|p2a: Treve|Substitute","|-damage|p2a: Treve|159/374 par","|-enditem|p2a: Treve|Sitrus Berry|[eat]","|-heal|p2a: Treve|252/374 par|[from] item: Sitrus Berry","|","|-damage|p1a: Porygon2|151/311 brn|[from] Leech Seed|[of] p2a: Treve","|-heal|p2a: Treve|290/374 par|[silent]","|-damage|p1a: Porygon2|113/311 brn|[from] brn","|turn|37","|","|move|p1a: Porygon2|Recover|p1a: Porygon2","|-heal|p1a: Porygon2|269/311 brn","|move|p2a: Treve|Horn Leech|p1a: Porygon2","|-damage|p1a: Porygon2|236/311 brn","|-heal|p2a: Treve|307/374 par|[from] drain|[of] p1a: Porygon2","|","|-damage|p1a: Porygon2|198/311 brn|[from] Leech Seed|[of] p2a: Treve","|-heal|p2a: Treve|345/374 par|[silent]","|-damage|p1a: Porygon2|160/311 brn|[from] brn","|turn|38","|","|move|p1a: Porygon2|Recover|p1a: Porygon2","|-heal|p1a: Porygon2|311/311 brn","|cant|p2a: Treve|par","|","|-damage|p1a: Porygon2|273/311 brn|[from] Leech Seed|[of] p2a: Treve","|-heal|p2a: Treve|374/374 par|[silent]","|-damage|p1a: Porygon2|235/311 brn|[from] brn","|turn|39","|","|move|p1a: Porygon2|Ice Beam|p2a: Treve","|-supereffective|p2a: Treve","|-end|p2a: Treve|Substitute","|move|p2a: Treve|Horn Leech|p1a: Porygon2","|-damage|p1a: Porygon2|199/311 brn","|","|-damage|p1a: Porygon2|161/311 brn|[from] Leech Seed|[of] p2a: Treve","|-damage|p1a: Porygon2|123/311 brn|[from] brn","|turn|40","|","|switch|p1a: Staraptor|Staraptor, F, shiny|267/311","|-ability|p1a: Staraptor|Intimidate","|-unboost|p2a: Treve|atk|1","|move|p2a: Treve|Horn Leech|p1a: Staraptor","|-resisted|p1a: Staraptor","|-damage|p1a: Staraptor|234/311","|","|turn|41","|","|move|p1a: Staraptor|Brave Bird|p2a: Treve","|-supereffective|p2a: Treve","|-damage|p2a: Treve|0 fnt","|-damage|p1a: Staraptor|111/311|[from] recoil|[of] p2a: Treve","|faint|p2a: Treve","|","|","|switch|p2a: Drifblim|Drifblim, M|504/504","|turn|42","|","|move|p1a: Staraptor|Brave Bird|p2a: Drifblim","|-crit|p2a: Drifblim","|-damage|p2a: Drifblim|0 fnt","|-damage|p1a: Staraptor|0 fnt|[from] recoil|[of] p2a: Drifblim","|faint|p2a: Drifblim","|faint|p1a: Staraptor","|","|","|switch|p2a: G gar|Gengar, M|261/261","|switch|p1a: Porygon2|Porygon2, shiny|123/311 brn","|-ability|p1a: Porygon2|Levitate|[from] ability: Trace|[of] p2a: G gar","|turn|43","|","|move|p2a: G gar|Focus Blast|p1a: Porygon2","|-supereffective|p1a: Porygon2","|-damage|p1a: Porygon2|0 fnt","|faint|p1a: Porygon2","|","|win|LTIL-Tahit"],"p1rating":{"entryid":"6626924","serverid":"eos","formatid":"monotype","userid":"championstormvy","username":"Champion Stormvy","w":"13","l":7,"t":"0","gxe":64,"r":"1585.2385126398","rd":"83.283266400604","sigma":"0","rptime":"1438765200","rpr":1610.7418190909,"rprd":71.193488092011,"rpsigma":"0","acre":1216.1835670304,"lacre":1216.1835670304,"oldacre":"1245.4747808168"},"p2rating":{"entryid":"6925118","serverid":"eos","formatid":"monotype","userid":"ltiltahit","username":"LTIL-Tahit","w":46,"l":"44","t":"0","gxe":53,"r":"1523.7376713418","rd":"43.901338167174","sigma":"0","rptime":"1438765200","rpr":1522.4028635128,"rprd":41.825809832752,"rpsigma":"0","acre":1214.5329050454,"lacre":1214.5329050454,"oldacre":"1185.241691259"},"endType":"normal"}