{"seed":[36608,23205,17252,24106],"turns":25,"p1":"DJMadness","p2":"Sovereign♕Dooms","p1team":[{"name":"The Legend","species":"aegislash","item":"lumberry","ability":"Stance Change","moves":["kingsshield","swordsdance","ironhead","shadowsneak"],"nature":"Adamant","evs":{"hp":252,"atk":252,"def":0,"spa":0,"spd":4,"spe":0},"gender":"M","shiny":true,"ivs":{"hp":31,"atk":31,"def":31,"spa":31,"spd":31,"spe":31}},{"name":"Jellyfish","species":"jellicent","item":"leftovers","ability":"Water Absorb","moves":["recover","willowisp","scald","toxic"],"nature":"Calm","evs":{"hp":252,"atk":0,"def":4,"spa":0,"spd":252,"spe":0},"gender":"F","shiny":true,"ivs":{"hp":31,"atk":31,"def":31,"spa":31,"spd":31,"spe":31}},{"name":"Spooky","species":"gourgeistsuper","item":"sitrusberry","ability":"Frisk","moves":["leechseed","willowisp","protect","shadowsneak"],"nature":"Bold","evs":{"hp":252,"atk":0,"def":252,"spa":0,"spd":4,"spe":0},"gender":"F","shiny":true,"ivs":{"hp":31,"atk":31,"def":31,"spa":31,"spd":31,"spe":31}},{"name":"Sup Bru","species":"sableye","item":"sablenite","ability":"Prankster","moves":["willowisp","calmmind","recover","snarl"],"nature":"Bold","evs":{"hp":252,"atk":0,"def":252,"spa":4,"spd":0,"spe":0},"gender":"M","shiny":true,"ivs":{"hp":31,"atk":31,"def":31,"spa":31,"spd":31,"spe":31}},{"name":"Smiley","species":"gengar","item":"choicespecs","ability":"Levitate","moves":["shadowball","sludgewave","psychic","energyball"],"nature":"Timid","evs":{"hp":0,"atk":0,"def":0,"spa":252,"spd":4,"spe":252},"gender":"M","shiny":true,"ivs":{"hp":31,"atk":31,"def":31,"spa":31,"spd":31,"spe":31}},{"name":"U Need Fire?","species":"chandelure","item":"choicescarf","ability":"Infiltrator","moves":["shadowball","flamethrower","energyball","hiddenpowerice"],"nature":"Modest","evs":{"hp":0,"atk":0,"def":0,"spa":252,"spd":4,"spe":252},"gender":"M","ivs":{"hp":31,"atk":30,"def":30,"spa":31,"spd":31,"spe":31},"shiny":true}],"p2team":[{"name":"Ludicolo","species":"Ludicolo","item":"lifeorb","ability":"Swift Swim","moves":["gigadrain","scald","focusblast","icebeam"],"nature":"Modest","evs":{"hp":0,"atk":0,"def":0,"spa":252,"spd":4,"spe":252},"ivs":{"hp":31,"atk":0,"def":31,"spa":31,"spd":31,"spe":31}},{"name":"Empoleon","species":"Empoleon","item":"leftovers","ability":"Torrent","moves":["stealthrock","defog","scald","roar"],"nature":"Calm","evs":{"hp":252,"atk":0,"def":0,"spa":4,"spd":252,"spe":0},"ivs":{"hp":31,"atk":0,"def":31,"spa":31,"spd":31,"spe":31}},{"name":"Swampert","species":"Swampert","item":"swampertite","ability":"Torrent","moves":["earthquake","waterfall","icepunch","raindance"],"nature":"Adamant","evs":{"hp":0,"atk":252,"def":0,"spa":0,"spd":4,"spe":252},"ivs":{"hp":31,"atk":31,"def":31,"spa":31,"spd":31,"spe":31}},{"name":"Rotom-Wash","species":"Rotom-Wash","item":"leftovers","ability":"Levitate","moves":["willowisp","painsplit","voltswitch","hydropump"],"nature":"Bold","evs":{"hp":252,"atk":0,"def":252,"spa":4,"spd":0,"spe":0},"ivs":{"hp":31,"atk":0,"def":31,"spa":31,"spd":31,"spe":31}},{"name":"Manaphy","species":"Manaphy","item":"leftovers","ability":"Hydration","moves":["tailglow","psychic","scald","icebeam"],"nature":"Timid","evs":{"hp":0,"atk":0,"def":0,"spa":252,"spd":4,"spe":252},"ivs":{"hp":31,"atk":0,"def":31,"spa":31,"spd":31,"spe":31}},{"name":"Politoed","species":"Politoed","item":"ejectbutton","ability":"Drizzle","moves":["scald","toxic","perishsong","encore"],"nature":"Calm","evs":{"hp":252,"atk":0,"def":4,"spa":0,"spd":252,"spe":0},"ivs":{"hp":31,"atk":0,"def":31,"spa":31,"spd":31,"spe":31}}],"log":["|player|p1|DJMadness|92","|player|p2|Sovereign♕Dooms|20","|gametype|singles","|gen|6","|tier|Monotype","|rated","|rule|Baton Pass Clause: Limit one Baton Passer, can't pass Spe and other stats simultaneously","|rule|Swagger Clause: Swagger is banned","|rule|Same Type Clause: Pokémon in a team must share a type","|clearpoke","|poke|p1|Aegislash, M, shiny","|poke|p1|Jellicent, F, shiny","|poke|p1|Gourgeist-*, F, shiny","|poke|p1|Sableye, M, shiny","|poke|p1|Gengar, M, shiny","|poke|p1|Chandelure, M, shiny","|poke|p2|Ludicolo, M","|poke|p2|Empoleon, F","|poke|p2|Swampert, F","|poke|p2|Rotom-Wash","|poke|p2|Manaphy","|poke|p2|Politoed, F","|rule|Sleep Clause Mod: Limit one foe put to sleep","|rule|Species Clause: Limit one of each Pokémon","|rule|OHKO Clause: OHKO moves are banned","|rule|Moody Clause: Moody is banned","|rule|Evasion Moves Clause: Evasion moves are banned","|rule|Endless Battle Clause: Forcing endless battles is banned","|rule|HP Percentage Mod: HP is shown in percentages","|teampreview","|","|start","|switch|p1a: Smiley|Gengar, M, shiny|261/261","|switch|p2a: Politoed|Politoed, F|384/384","|-weather|RainDance","|turn|1","|","|move|p1a: Smiley|Energy Ball|p2a: Politoed","|-supereffective|p2a: Politoed","|-damage|p2a: Politoed|164/384","|-enditem|p2a: Politoed|Eject Button","|","|switch|p2a: Rotom-Wash|Rotom-Wash|304/304","|","|-weather|RainDance|[upkeep]","|turn|2","|","|move|p1a: Smiley|Energy Ball|p2a: Rotom-Wash","|-supereffective|p2a: Rotom-Wash","|-damage|p2a: Rotom-Wash|0 fnt","|faint|p2a: Rotom-Wash","|","|-weather|RainDance|[upkeep]","|","|switch|p2a: Ludicolo|Ludicolo, M|301/301","|turn|3","|","|switch|p1a: Spooky|Gourgeist-Super, F, shiny|374/374","|-item|p2a: Ludicolo|Life Orb|[from] ability: Frisk|[of] p1a: Spooky|[identify]","|move|p2a: Ludicolo|Scald|p1a: Spooky","|-resisted|p1a: Spooky","|-damage|p1a: Spooky|226/374","|-status|p1a: Spooky|brn","|-damage|p2a: Ludicolo|271/301|[from] item: Life Orb","|","|-weather|RainDance|[upkeep]","|-damage|p1a: Spooky|180/374 brn|[from] brn","|-enditem|p1a: Spooky|Sitrus Berry|[eat]","|-heal|p1a: Spooky|273/374 brn|[from] item: Sitrus Berry","|turn|4","|","|move|p2a: Ludicolo|Ice Beam|p1a: Spooky","|-supereffective|p1a: Spooky","|-damage|p1a: Spooky|0 fnt","|-damage|p2a: Ludicolo|241/301|[from] item: Life Orb","|faint|p1a: Spooky","|","|-weather|RainDance|[upkeep]","|","|switch|p1a: The Legend|Aegislash, M, shiny|324/324","|turn|5","|","|move|p1a: The Legend|King's Shield|p1a: The Legend","|-singleturn|p1a: The Legend|Protect","|move|p2a: Ludicolo|Scald|p1a: The Legend","|-activate|p1a: The Legend|Protect","|","|-weather|none","|turn|6","|","|switch|p2a: Politoed|Politoed, F|164/384","|-weather|RainDance","|move|p1a: The Legend|Swords Dance|p1a: The Legend","|-boost|p1a: The Legend|atk|2","|","|-weather|RainDance|[upkeep]","|turn|7","|","|-formechange|p1a: The Legend|Aegislash-Blade","|move|p1a: The Legend|Shadow Sneak|p2a: Politoed","|-damage|p2a: Politoed|0 fnt","|faint|p2a: Politoed","|","|-weather|RainDance|[upkeep]","|","|switch|p2a: Swampert|Swampert, F|341/341","|turn|8","|","|detailschange|p2a: Swampert|Swampert-Mega, F","|-mega|p2a: Swampert|Swampert|Swampertite","|-formechange|p1a: The Legend|Aegislash","|move|p1a: The Legend|King's Shield|p1a: The Legend","|-singleturn|p1a: The Legend|Protect","|move|p2a: Swampert|Earthquake|p1a: The Legend","|-activate|p1a: The Legend|Protect","|","|-weather|RainDance|[upkeep]","|turn|9","|","|move|p2a: Swampert|Earthquake|p1a: The Legend","|-supereffective|p1a: The Legend","|-damage|p1a: The Legend|0 fnt","|faint|p1a: The Legend","|","|-weather|RainDance|[upkeep]","|","|switch|p1a: U Need Fire?|Chandelure, M, shiny|261/261","|turn|10","|","|move|p2a: Swampert|Waterfall|p1a: U Need Fire?","|-supereffective|p1a: U Need Fire?","|-damage|p1a: U Need Fire?|0 fnt","|faint|p1a: U Need Fire?","|","|-weather|none","|","|switch|p1a: Sup Bru|Sableye, M, shiny|304/304","|turn|11","|","|detailschange|p1a: Sup Bru|Sableye-Mega, M, shiny","|-mega|p1a: Sup Bru|Sableye|Sablenite","|move|p1a: Sup Bru|Calm Mind|p1a: Sup Bru","|-boost|p1a: Sup Bru|spa|1","|-boost|p1a: Sup Bru|spd|1","|move|p2a: Swampert|Waterfall|p1a: Sup Bru","|-crit|p1a: Sup Bru","|-damage|p1a: Sup Bru|132/304","|","|turn|12","|","|move|p2a: Swampert|Rain Dance|p2a: Swampert","|-weather|RainDance","|move|p1a: Sup Bru|Recover|p1a: Sup Bru","|-heal|p1a: Sup Bru|284/304","|","|-weather|RainDance|[upkeep]","|turn|13","|","|move|p2a: Swampert|Waterfall|p1a: Sup Bru","|-damage|p1a: Sup Bru|134/304","|move|p1a: Sup Bru|Will-O-Wisp|p2a: Swampert","|-status|p2a: Swampert|brn","|","|-weather|RainDance|[upkeep]","|-damage|p2a: Swampert|299/341 brn|[from] brn","|turn|14","|","|move|p2a: Swampert|Waterfall|p1a: Sup Bru","|-damage|p1a: Sup Bru|60/304","|cant|p1a: Sup Bru|flinch","|","|-weather|RainDance|[upkeep]","|-damage|p2a: Swampert|257/341 brn|[from] brn","|turn|15","|","|move|p2a: Swampert|Waterfall|p1a: Sup Bru","|-damage|p1a: Sup Bru|0 fnt","|faint|p1a: Sup Bru","|","|-weather|RainDance|[upkeep]","|-damage|p2a: Swampert|215/341 brn|[from] brn","|","|switch|p1a: Smiley|Gengar, M, shiny|261/261","|turn|16","|","|move|p2a: Swampert|Waterfall|p1a: Smiley","|-damage|p1a: Smiley|50/261","|cant|p1a: Smiley|flinch","|","|-weather|none","|-damage|p2a: Swampert|173/341 brn|[from] brn","|turn|17","|","|move|p1a: Smiley|Shadow Ball|p2a: Swampert","|-damage|p2a: Swampert|0 fnt","|faint|p2a: Swampert","|","|","|switch|p2a: Empoleon|Empoleon, F|372/372","|turn|18","|","|switch|p1a: Jellyfish|Jellicent, F, shiny|404/404","|move|p2a: Empoleon|Scald|p1a: Jellyfish","|-immune|p1a: Jellyfish|[msg]","|","|turn|19","|","|move|p2a: Empoleon|Stealth Rock|p1a: Jellyfish","|-sidestart|p1: DJMadness|move: Stealth Rock","|move|p1a: Jellyfish|Will-O-Wisp|p2a: Empoleon","|-status|p2a: Empoleon|brn","|","|-damage|p2a: Empoleon|326/372 brn|[from] brn","|turn|20","|","|move|p1a: Jellyfish|Scald|p2a: Empoleon","|-resisted|p2a: Empoleon","|-damage|p2a: Empoleon|297/372 brn","|move|p2a: Empoleon|Roar|p1a: Jellyfish","|drag|p1a: Smiley|Gengar, M, shiny|50/261","|-damage|p1a: Smiley|18/261|[from] Stealth Rock","|","|-heal|p2a: Empoleon|320/372 brn|[from] item: Leftovers","|-damage|p2a: Empoleon|274/372 brn|[from] brn","|turn|21","|","|move|p1a: Smiley|Shadow Ball|p2a: Empoleon","|-damage|p2a: Empoleon|114/372 brn","|-unboost|p2a: Empoleon|spd|1","|move|p2a: Empoleon|Roar|p1a: Smiley","|drag|p1a: Jellyfish|Jellicent, F, shiny|404/404","|-damage|p1a: Jellyfish|354/404|[from] Stealth Rock","|","|-heal|p1a: Jellyfish|379/404|[from] item: Leftovers","|-heal|p2a: Empoleon|137/372 brn|[from] item: Leftovers","|-damage|p2a: Empoleon|91/372 brn|[from] brn","|turn|22","|","|move|p1a: Jellyfish|Scald|p2a: Empoleon","|-resisted|p2a: Empoleon","|-damage|p2a: Empoleon|45/372 brn","|move|p2a: Empoleon|Roar|p1a: Jellyfish","|drag|p1a: Smiley|Gengar, M, shiny|18/261","|-damage|p1a: Smiley|0 fnt|[from] Stealth Rock","|faint|p1a: Smiley","|","|-heal|p2a: Empoleon|68/372 brn|[from] item: Leftovers","|-damage|p2a: Empoleon|22/372 brn|[from] brn","|","|switch|p1a: Jellyfish|Jellicent, F, shiny|379/404","|-damage|p1a: Jellyfish|329/404|[from] Stealth Rock","|turn|23","|","|move|p1a: Jellyfish|Recover|p1a: Jellyfish","|-heal|p1a: Jellyfish|404/404","|move|p2a: Empoleon|Defog|p1a: Jellyfish","|-unboost|p1a: Jellyfish|evasion|1","|-sideend|p1: DJMadness|Stealth Rock|[from] move: Defog|[of] p1a: Jellyfish","|","|-heal|p2a: Empoleon|45/372 brn|[from] item: Leftovers","|-damage|p2a: Empoleon|0 fnt|[from] brn","|faint|p2a: Empoleon","|","|switch|p2a: Ludicolo|Ludicolo, M|241/301","|turn|24","|","|move|p2a: Ludicolo|Giga Drain|p1a: Jellyfish","|-supereffective|p1a: Jellyfish","|-damage|p1a: Jellyfish|186/404","|-heal|p2a: Ludicolo|301/301|[from] drain|[of] p1a: Jellyfish","|-damage|p2a: Ludicolo|271/301|[from] item: Life Orb","|move|p1a: Jellyfish|Toxic|p2a: Ludicolo","|-status|p2a: Ludicolo|tox","|","|-heal|p1a: Jellyfish|211/404|[from] item: Leftovers","|-damage|p2a: Ludicolo|253/301 tox|[from] psn","|turn|25","|","|move|p2a: Ludicolo|Giga Drain|p1a: Jellyfish","|-supereffective|p1a: Jellyfish","|-damage|p1a: Jellyfish|0 fnt","|-heal|p2a: Ludicolo|301/301 tox|[from] drain|[of] p1a: Jellyfish","|-damage|p2a: Ludicolo|271/301 tox|[from] item: Life Orb","|faint|p1a: Jellyfish","|","|win|Sovereign♕Dooms"],"p1rating":{"entryid":"7355209","serverid":"eos","formatid":"monotype","userid":"djmadness","username":"DJMadness","w":"22","l":22,"t":"0","gxe":50.2,"r":"1485.9320494043","rd":"56.96993314407","sigma":"0","rptime":"1438765200","rpr":1501.6606222913,"rprd":54.055221015625,"rpsigma":"0","acre":1173.7808644871,"lacre":1173.7808644871,"oldacre":"1204.5704034365"},"p2rating":{"entryid":"7390241","serverid":"eos","formatid":"monotype","userid":"sovereigndooms","username":"Sovereign♕Dooms","w":8,"l":"4","t":"0","gxe":60.3,"r":"1606.9124600106","rd":"98.975518015657","sigma":"0","rptime":"1438765200","rpr":1580.5114315564,"rprd":82.997588938396,"rpsigma":"0","acre":1153.413783318,"lacre":1153.413783318,"oldacre":"1122.6242443686"},"endType":"normal"}