{"seed":[4560,31630,14277,59160],"turns":34,"p1":"Knight♕Zygarde","p2":"Champion Stormvy","p1team":[{"name":"Latios","species":"Latios","item":"latiosite","ability":"Levitate","moves":["calmmind","recover","dragonpulse","psyshock"],"nature":"Timid","evs":{"hp":4,"atk":0,"def":0,"spa":252,"spd":0,"spe":252},"ivs":{"hp":31,"atk":31,"def":31,"spa":31,"spd":31,"spe":31}},{"name":"Hoopa-Unbound","species":"Hoopa-Unbound","item":"choicescarf","ability":"Magician","moves":["hyperspacefury","gunkshot","drainpunch","zenheadbutt"],"nature":"Jolly","evs":{"hp":4,"atk":0,"def":0,"spa":0,"spd":0,"spe":252},"ivs":{"hp":31,"atk":31,"def":31,"spa":31,"spd":31,"spe":31}},{"name":"Metagross","species":"Metagross","item":"leftovers","ability":"Clear Body","moves":["earthquake","meteormash","zenheadbutt","thunderpunch"],"nature":"Adamant","evs":{"hp":248,"atk":8,"def":0,"spa":0,"spd":0,"spe":0},"ivs":{"hp":31,"atk":31,"def":31,"spa":31,"spd":31,"spe":31}},{"name":"Victini","species":"Victini","item":"choicescarf","ability":"Victory Star","moves":["vcreate","zenheadbutt","boltstrike","uturn"],"nature":"Jolly","evs":{"hp":0,"atk":252,"def":0,"spa":0,"spd":4,"spe":252},"ivs":{"hp":31,"atk":31,"def":31,"spa":31,"spd":31,"spe":31}},{"name":"Alakazam","species":"Alakazam","item":"lifeorb","ability":"Magic Guard","moves":["calmmind","dazzlinggleam","psyshock","energyball"],"nature":"Timid","evs":{"hp":0,"atk":0,"def":0,"spa":252,"spd":4,"spe":252},"ivs":{"hp":31,"atk":31,"def":31,"spa":31,"spd":31,"spe":31}},{"name":"Jirachi","species":"Jirachi","item":"choicescarf","ability":"Serene Grace","moves":["firepunch","icepunch","zenheadbutt","ironhead"],"nature":"Jolly","evs":{"hp":0,"atk":252,"def":0,"spa":0,"spd":4,"spe":252},"ivs":{"hp":31,"atk":31,"def":31,"spa":31,"spd":31,"spe":31}}],"p2team":[{"name":"Ditto","species":"Ditto","item":"choicescarf","ability":"Imposter","moves":["transform"],"nature":"","shiny":true,"happiness":0,"evs":{"hp":0,"atk":0,"def":0,"spa":0,"spd":0,"spe":0},"ivs":{"hp":31,"atk":31,"def":31,"spa":31,"spd":31,"spe":31}},{"name":"Lopunny","species":"Lopunny","item":"lopunnite","ability":"Limber","moves":["highjumpkick","fakeout","return","thunderpunch"],"nature":"Jolly","evs":{"hp":0,"atk":252,"def":0,"spa":0,"spd":4,"spe":252},"shiny":true,"ivs":{"hp":31,"atk":31,"def":31,"spa":31,"spd":31,"spe":31}},{"name":"Meloetta","species":"Meloetta","item":"assaultvest","ability":"Serene Grace","moves":["hypervoice","shadowball","psychic","energyball"],"nature":"Modest","evs":{"hp":0,"atk":0,"def":0,"spa":252,"spd":4,"spe":252},"ivs":{"hp":31,"atk":31,"def":31,"spa":31,"spd":31,"spe":31}},{"name":"Diggersby","species":"Diggersby","item":"lifeorb","ability":"Huge Power","moves":["earthquake","knockoff","quickattack","swordsdance"],"nature":"Adamant","evs":{"hp":0,"atk":252,"def":128,"spa":0,"spd":128,"spe":0},"ivs":{"hp":31,"atk":31,"def":31,"spa":31,"spd":31,"spe":31}},{"name":"Porygon2","species":"Porygon2","item":"eviolite","ability":"Trace","moves":["triattack","recover","icebeam","thunderwave"],"nature":"Bold","evs":{"hp":0,"atk":0,"def":188,"spa":68,"spd":252,"spe":0},"shiny":true,"ivs":{"hp":31,"atk":31,"def":31,"spa":31,"spd":31,"spe":31}},{"name":"Staraptor","species":"Staraptor","item":"choicescarf","ability":"Intimidate","moves":["bravebird","frustration","closecombat","uturn"],"nature":"Jolly","evs":{"hp":0,"atk":252,"def":0,"spa":0,"spd":0,"spe":252},"shiny":true,"happiness":0,"ivs":{"hp":31,"atk":31,"def":31,"spa":31,"spd":31,"spe":31}}],"log":["|player|p1|Knight♕Zygarde|knightzygarde.png","|player|p2|Champion Stormvy|championstormvy.png","|gametype|singles","|gen|6","|tier|Monotype","|rated","|rule|Baton Pass Clause: Limit one Baton Passer, can't pass Spe and other stats simultaneously","|rule|Swagger Clause: Swagger is banned","|rule|Same Type Clause: Pokémon in a team must share a type","|clearpoke","|poke|p1|Latios, M","|poke|p1|Hoopa-Unbound","|poke|p1|Metagross","|poke|p1|Victini","|poke|p1|Alakazam, M","|poke|p1|Jirachi","|poke|p2|Ditto, shiny","|poke|p2|Lopunny, F, shiny","|poke|p2|Meloetta","|poke|p2|Diggersby, M","|poke|p2|Porygon2, shiny","|poke|p2|Staraptor, F, shiny","|rule|Sleep Clause Mod: Limit one foe put to sleep","|rule|Species Clause: Limit one of each Pokémon","|rule|OHKO Clause: OHKO moves are banned","|rule|Moody Clause: Moody is banned","|rule|Evasion Moves Clause: Evasion moves are banned","|rule|Endless Battle Clause: Forcing endless battles is banned","|rule|HP Percentage Mod: HP is shown in percentages","|teampreview","|","|start","|switch|p1a: Alakazam|Alakazam, M|251/251","|switch|p2a: Lopunny|Lopunny, F, shiny|271/271","|turn|1","|","|detailschange|p2a: Lopunny|Lopunny-Mega, F, shiny","|-mega|p2a: Lopunny|Lopunny|Lopunnite","|move|p2a: Lopunny|Fake Out|p1a: Alakazam","|-damage|p1a: Alakazam|104/251","|cant|p1a: Alakazam|flinch","|","|turn|2","|","|move|p2a: Lopunny|Return|p1a: Alakazam","|-damage|p1a: Alakazam|0 fnt","|faint|p1a: Alakazam","|","|","|switch|p1a: Hoopa-Unbound|Hoopa-Unbound|302/302","|turn|3","|","|switch|p2a: Porygon2|Porygon2, shiny|311/311","|-ability|p2a: Porygon2|Magician|[from] ability: Trace|[of] p1a: Hoopa-Unbound","|move|p1a: Hoopa-Unbound|Zen Headbutt|p2a: Porygon2","|-damage|p2a: Porygon2|232/311","|","|turn|4","|","|switch|p1a: Metagross|Metagross|363/363","|move|p2a: Porygon2|Thunder Wave|p1a: Metagross","|-status|p1a: Metagross|par","|","|turn|5","|","|switch|p2a: Staraptor|Staraptor, F, shiny|311/311","|-ability|p2a: Staraptor|Intimidate","|-fail|p1a: Metagross|unboost|[from] ability: Clear Body|[of] p1a: Metagross","|move|p1a: Metagross|Meteor Mash|p2a: Staraptor","|-crit|p2a: Staraptor","|-damage|p2a: Staraptor|19/311","|","|turn|6","|","|move|p2a: Staraptor|U-turn|p1a: Metagross","|-damage|p1a: Metagross|295/363 par","|","|switch|p2a: Lopunny|Lopunny-Mega, F, shiny|271/271","|move|p1a: Metagross|Thunder Punch|p2a: Lopunny","|-damage|p2a: Lopunny|188/271","|","|-heal|p1a: Metagross|317/363 par|[from] item: Leftovers","|turn|7","|","|move|p2a: Lopunny|Fake Out|p1a: Metagross","|-resisted|p1a: Metagross","|-damage|p1a: Metagross|287/363 par","|cant|p1a: Metagross|flinch","|","|-heal|p1a: Metagross|309/363 par|[from] item: Leftovers","|turn|8","|","|move|p2a: Lopunny|High Jump Kick|p1a: Metagross","|-damage|p1a: Metagross|110/363 par","|move|p1a: Metagross|Zen Headbutt|p2a: Lopunny|[miss]","|-miss|p1a: Metagross|p2a: Lopunny","|","|-heal|p1a: Metagross|132/363 par|[from] item: Leftovers","|turn|9","|","|move|p2a: Lopunny|High Jump Kick|p1a: Metagross","|-damage|p1a: Metagross|0 fnt","|faint|p1a: Metagross","|","|","|switch|p1a: Latios|Latios, M|302/302","|turn|10","|","|switch|p2a: Meloetta|Meloetta|341/341","|detailschange|p1a: Latios|Latios-Mega, M","|-mega|p1a: Latios|Latios|Latiosite","|move|p1a: Latios|Psyshock|p2a: Meloetta","|-resisted|p2a: Meloetta","|-damage|p2a: Meloetta|242/341","|","|turn|11","|","|move|p1a: Latios|Calm Mind|p1a: Latios","|-boost|p1a: Latios|spa|1","|-boost|p1a: Latios|spd|1","|move|p2a: Meloetta|Shadow Ball|p1a: Latios","|-supereffective|p1a: Latios","|-damage|p1a: Latios|192/302","|-unboost|p1a: Latios|spd|1","|","|turn|12","|","|move|p1a: Latios|Calm Mind|p1a: Latios","|-boost|p1a: Latios|spa|1","|-boost|p1a: Latios|spd|1","|move|p2a: Meloetta|Shadow Ball|p1a: Latios","|-supereffective|p1a: Latios","|-damage|p1a: Latios|66/302","|-unboost|p1a: Latios|spd|1","|","|turn|13","|","|switch|p1a: Hoopa-Unbound|Hoopa-Unbound|302/302","|switch|p2a: Staraptor|Staraptor, F, shiny|19/311","|-ability|p2a: Staraptor|Intimidate","|-unboost|p1a: Hoopa-Unbound|atk|1","|","|turn|14","|","|move|p2a: Staraptor|U-turn|p1a: Hoopa-Unbound","|-supereffective|p1a: Hoopa-Unbound","|-damage|p1a: Hoopa-Unbound|0 fnt","|faint|p1a: Hoopa-Unbound","|","|switch|p2a: Porygon2|Porygon2, shiny|232/311","|","|","|switch|p1a: Jirachi|Jirachi|341/341","|-ability|p2a: Porygon2|Serene Grace|[from] ability: Trace|[of] p1a: Jirachi","|turn|15","|","|move|p1a: Jirachi|Iron Head|p2a: Porygon2","|-damage|p2a: Porygon2|172/311","|cant|p2a: Porygon2|flinch","|","|turn|16","|","|move|p1a: Jirachi|Iron Head|p2a: Porygon2","|-damage|p2a: Porygon2|109/311","|move|p2a: Porygon2|Thunder Wave|p1a: Jirachi","|-status|p1a: Jirachi|par","|","|turn|17","|","|switch|p1a: Latios|Latios-Mega, M|66/302","|move|p2a: Porygon2|Recover|p2a: Porygon2","|-heal|p2a: Porygon2|265/311","|","|turn|18","|","|move|p1a: Latios|Recover|p1a: Latios","|-heal|p1a: Latios|217/302","|move|p2a: Porygon2|Thunder Wave|p1a: Latios","|-status|p1a: Latios|par","|","|turn|19","|","|move|p2a: Porygon2|Ice Beam|p1a: Latios","|-supereffective|p1a: Latios","|-damage|p1a: Latios|73/302 par","|move|p1a: Latios|Calm Mind|p1a: Latios","|-boost|p1a: Latios|spa|1","|-boost|p1a: Latios|spd|1","|","|turn|20","|","|move|p2a: Porygon2|Ice Beam|p1a: Latios","|-supereffective|p1a: Latios","|-damage|p1a: Latios|0 fnt","|faint|p1a: Latios","|","|","|switch|p1a: Victini|Victini|341/341","|turn|21","|","|move|p1a: Victini|U-turn|p2a: Porygon2","|-damage|p2a: Porygon2|227/311","|","|switch|p1a: Jirachi|Jirachi|341/341 par","|move|p2a: Porygon2|Thunder Wave|p1a: Jirachi","|-fail|p1a: Jirachi|par","|","|turn|22","|","|move|p2a: Porygon2|Recover|p2a: Porygon2","|-heal|p2a: Porygon2|311/311","|move|p1a: Jirachi|Iron Head|p2a: Porygon2","|-damage|p2a: Porygon2|241/311","|","|turn|23","|","|switch|p2a: Lopunny|Lopunny-Mega, F, shiny|188/271","|move|p1a: Jirachi|Iron Head|p2a: Lopunny","|-damage|p2a: Lopunny|73/271","|","|turn|24","|","|move|p2a: Lopunny|High Jump Kick|p1a: Jirachi|[miss]","|-miss|p2a: Lopunny|p1a: Jirachi","|-damage|p2a: Lopunny|0 fnt|[from] highjumpkick","|faint|p2a: Lopunny","|move|p1a: Jirachi|Iron Head|p2: Lopunny|[notarget]","|-notarget","|","|","|switch|p2a: Staraptor|Staraptor, F, shiny|19/311","|-ability|p2a: Staraptor|Intimidate","|-unboost|p1a: Jirachi|atk|1","|turn|25","|","|move|p2a: Staraptor|U-turn|p1a: Jirachi","|-damage|p1a: Jirachi|267/341 par","|","|switch|p2a: Porygon2|Porygon2, shiny|241/311","|-ability|p2a: Porygon2|Serene Grace|[from] ability: Trace|[of] p1a: Jirachi","|move|p1a: Jirachi|Iron Head|p2a: Porygon2","|-damage|p2a: Porygon2|201/311","|","|turn|26","|","|switch|p1a: Victini|Victini|341/341","|move|p2a: Porygon2|Recover|p2a: Porygon2","|-heal|p2a: Porygon2|311/311","|","|turn|27","|","|switch|p2a: Ditto|Ditto, shiny|237/237","|-transform|p2a: Ditto|p1a: Victini","|move|p1a: Victini|V-create|p2a: Ditto","|-resisted|p2a: Ditto","|-damage|p2a: Ditto|94/237","|-unboost|p1a: Victini|spe|1","|-unboost|p1a: Victini|def|1","|-unboost|p1a: Victini|spd|1","|","|turn|28","|","|move|p2a: Ditto|Bolt Strike|p1a: Victini","|-damage|p1a: Victini|143/341","|move|p1a: Victini|V-create|p2a: Ditto","|-resisted|p2a: Ditto","|-damage|p2a: Ditto|0 fnt","|-unboost|p1a: Victini|spe|1","|-unboost|p1a: Victini|def|1","|-unboost|p1a: Victini|spd|1","|faint|p2a: Ditto","|","|","|switch|p2a: Diggersby|Diggersby, M|311/311","|turn|29","|","|switch|p1a: Jirachi|Jirachi|267/341 par","|move|p2a: Diggersby|Quick Attack|p1a: Jirachi","|-resisted|p1a: Jirachi","|-damage|p1a: Jirachi|205/341 par","|-damage|p2a: Diggersby|280/311|[from] item: Life Orb","|","|turn|30","|","|move|p2a: Diggersby|Earthquake|p1a: Jirachi","|-supereffective|p1a: Jirachi","|-damage|p1a: Jirachi|0 fnt","|-damage|p2a: Diggersby|249/311|[from] item: Life Orb","|faint|p1a: Jirachi","|","|","|switch|p1a: Victini|Victini|143/341","|turn|31","|","|switch|p2a: Staraptor|Staraptor, F, shiny|19/311","|-ability|p2a: Staraptor|Intimidate","|-unboost|p1a: Victini|atk|1","|move|p1a: Victini|Zen Headbutt|p2a: Staraptor","|-damage|p2a: Staraptor|0 fnt","|faint|p2a: Staraptor","|","|","|switch|p2a: Porygon2|Porygon2, shiny|311/311","|-ability|p2a: Porygon2|Victory Star|[from] ability: Trace|[of] p1a: Victini","|turn|32","|","|move|p1a: Victini|Zen Headbutt|p2a: Porygon2","|-damage|p2a: Porygon2|269/311","|move|p2a: Porygon2|Thunder Wave|p1a: Victini","|-status|p1a: Victini|par","|","|turn|33","|","|move|p2a: Porygon2|Tri Attack|p1a: Victini","|-damage|p1a: Victini|34/341 par","|move|p1a: Victini|Zen Headbutt|p2a: Porygon2","|-damage|p2a: Porygon2|226/311","|","|turn|34","|","|move|p2a: Porygon2|Tri Attack|p1a: Victini","|-damage|p1a: Victini|0 fnt","|faint|p1a: Victini","|","|win|Champion Stormvy"],"p1rating":{"entryid":"7130918","serverid":"eos","formatid":"monotype","userid":"knightzygarde","username":"Knight♕Zygarde","w":"36","l":22,"t":"0","gxe":64,"r":"1615.5601682271","rd":"47.605644638437","sigma":"0","rptime":"1438765200","rpr":1608.8400639362,"rprd":47.196242811149,"rpsigma":"0","acre":1202.368769704,"lacre":1202.368769704,"oldacre":"1226.8341330579"},"p2rating":{"entryid":"6626924","serverid":"eos","formatid":"monotype","userid":"championstormvy","username":"Champion Stormvy","w":18,"l":"9","t":"0","gxe":67.6,"r":"1585.2385126398","rd":"83.283266400604","sigma":"0","rptime":"1438765200","rpr":1640.6865250474,"rprd":63.234078986314,"rpsigma":"0","acre":1258.730701255,"lacre":1258.730701255,"oldacre":"1234.2653379011"},"endType":"normal"}