{"seed":[19849,25408,28894,29130],"turns":19,"p1":"xNailz","p2":"Silver-MNP","p1team":[{"name":"Charizard","species":"Charizard","item":"charizarditey","ability":"Blaze","moves":["solarbeam","flamethrower","dragonpulse","defog"],"nature":"Timid","evs":{"hp":0,"atk":0,"def":0,"spa":252,"spd":4,"spe":252},"ivs":{"hp":31,"atk":0,"def":31,"spa":31,"spd":31,"spe":31}},{"name":"Infernape","species":"Infernape","item":"focussash","ability":"Iron Fist","moves":["closecombat","overheat","machpunch","stealthrock"],"nature":"Naive","evs":{"hp":0,"atk":252,"def":4,"spa":0,"spd":0,"spe":252},"ivs":{"hp":31,"atk":30,"def":30,"spa":31,"spd":31,"spe":31}},{"name":"Victini","species":"Victini","item":"choicescarf","ability":"Victory Star","moves":["vcreate","boltstrike","uturn","zenheadbutt"],"nature":"Naive","evs":{"hp":0,"atk":252,"def":0,"spa":4,"spd":0,"spe":252},"ivs":{"hp":31,"atk":31,"def":31,"spa":31,"spd":31,"spe":31}},{"name":"Arcanine","species":"Arcanine","item":"leftovers","ability":"Intimidate","moves":["willowisp","extremespeed","morningsun","ironhead"],"nature":"Impish","evs":{"hp":240,"atk":0,"def":252,"spa":0,"spd":0,"spe":16},"ivs":{"hp":31,"atk":30,"def":30,"spa":31,"spd":31,"spe":31}},{"name":"Rotom-Heat","species":"Rotom-Heat","item":"leftovers","ability":"Levitate","moves":["thunderwave","overheat","hiddenpowerice","voltswitch"],"nature":"Modest","evs":{"hp":248,"atk":0,"def":0,"spa":8,"spd":252,"spe":0},"ivs":{"hp":31,"atk":30,"def":30,"spa":31,"spd":31,"spe":31}},{"name":"Chandelure","species":"Chandelure","item":"lifeorb","ability":"Infiltrator","moves":["flamethrower","energyball","trickroom","shadowball"],"nature":"Quiet","evs":{"hp":248,"atk":0,"def":8,"spa":252,"spd":0,"spe":0},"ivs":{"hp":31,"atk":30,"def":30,"spa":31,"spd":31,"spe":31}}],"p2team":[{"name":"Night","species":"umbreon","item":"leftovers","ability":"Synchronize","moves":["foulplay","toxic","confuseray","moonlight"],"nature":"Calm","evs":{"hp":252,"atk":0,"def":4,"spa":0,"spd":252,"spe":0},"gender":"M","shiny":true,"ivs":{"hp":31,"atk":31,"def":31,"spa":31,"spd":31,"spe":31}},{"name":"Rose","species":"hydreigon","item":"focussash","ability":"Levitate","moves":["darkpulse","fireblast","dracometeor","thunderfang"],"nature":"Hasty","evs":{"hp":0,"atk":4,"def":0,"spa":252,"spd":0,"spe":252},"gender":"F","ivs":{"hp":31,"atk":31,"def":31,"spa":31,"spd":31,"spe":31}},{"name":"Seth","species":"weavile","item":"expertbelt","ability":"Pressure","moves":["nightslash","iceshard","icepunch","darkpulse"],"nature":"Hasty","evs":{"hp":0,"atk":4,"def":0,"spa":4,"spd":0,"spe":252},"gender":"M","ivs":{"hp":31,"atk":31,"def":31,"spa":31,"spd":31,"spe":31}},{"name":"Demon","species":"houndoom","item":"houndoominite","ability":"Unnerve","moves":["flamethrower","fireblast","darkpulse","crunch"],"nature":"Hasty","evs":{"hp":0,"atk":4,"def":0,"spa":252,"spd":0,"spe":252},"gender":"M","ivs":{"hp":31,"atk":31,"def":31,"spa":31,"spd":31,"spe":31}},{"name":"Sonya","species":"tyranitar","item":"smoothrock","ability":"Sand Stream","moves":["stealthrock","crunch","icebeam","stoneedge"],"nature":"Naughty","evs":{"hp":248,"atk":252,"def":0,"spa":8,"spd":0,"spe":0},"gender":"F","shiny":true,"ivs":{"hp":31,"atk":31,"def":31,"spa":31,"spd":31,"spe":31}},{"name":"Wednesday","species":"honchkrow","item":"quickclaw","ability":"Super Luck","moves":["suckerpunch","roost","bravebird","superpower"],"nature":"Adamant","evs":{"hp":248,"atk":252,"def":0,"spa":0,"spd":8,"spe":0},"gender":"F","shiny":true,"ivs":{"hp":31,"atk":31,"def":31,"spa":31,"spd":31,"spe":31}}],"log":["|player|p1|xNailz|160","|player|p2|Silver-MNP|289","|gametype|singles","|gen|6","|tier|Monotype","|rated","|rule|Baton Pass Clause: Limit one Baton Passer, can't pass Spe and other stats simultaneously","|rule|Swagger Clause: Swagger is banned","|rule|Same Type Clause: Pokémon in a team must share a type","|clearpoke","|poke|p1|Charizard, M","|poke|p1|Infernape, M","|poke|p1|Victini","|poke|p1|Arcanine, M","|poke|p1|Rotom-Heat","|poke|p1|Chandelure, M","|poke|p2|Umbreon, M, shiny","|poke|p2|Hydreigon, F","|poke|p2|Weavile, M","|poke|p2|Houndoom, M","|poke|p2|Tyranitar, F, shiny","|poke|p2|Honchkrow, F, shiny","|rule|Sleep Clause Mod: Limit one foe put to sleep","|rule|Species Clause: Limit one of each Pokémon","|rule|OHKO Clause: OHKO moves are banned","|rule|Moody Clause: Moody is banned","|rule|Evasion Moves Clause: Evasion moves are banned","|rule|Endless Battle Clause: Forcing endless battles is banned","|rule|HP Percentage Mod: HP is shown in percentages","|teampreview","|","|start","|switch|p1a: Infernape|Infernape, M|293/293","|switch|p2a: Sonya|Tyranitar, F, shiny|403/403","|-weather|Sandstorm","|turn|1","|","|move|p1a: Infernape|Close Combat|p2a: Sonya","|-supereffective|p2a: Sonya","|-damage|p2a: Sonya|0 fnt","|-unboost|p1a: Infernape|def|1","|-unboost|p1a: Infernape|spd|1","|faint|p2a: Sonya","|","|-weather|Sandstorm|[upkeep]","|-damage|p1a: Infernape|275/293|[from] sandstorm","|","|switch|p2a: Rose|Hydreigon, F|325/325","|turn|2","|","|switch|p1a: Rotom-Heat|Rotom-Heat|303/303","|move|p2a: Rose|Dark Pulse|p1a: Rotom-Heat","|-damage|p1a: Rotom-Heat|189/303","|","|-weather|Sandstorm|[upkeep]","|-damage|p2a: Rose|305/325|[from] sandstorm","|-damage|p1a: Rotom-Heat|171/303|[from] sandstorm","|-heal|p1a: Rotom-Heat|189/303|[from] item: Leftovers","|turn|3","|","|move|p2a: Rose|Draco Meteor|p1a: Rotom-Heat","|-damage|p1a: Rotom-Heat|29/303","|-unboost|p2a: Rose|spa|2","|move|p1a: Rotom-Heat|Volt Switch|p2a: Rose","|-resisted|p2a: Rose","|-damage|p2a: Rose|251/325","|","|switch|p1a: Charizard|Charizard, M|297/297","|","|-weather|Sandstorm|[upkeep]","|-damage|p1a: Charizard|279/297|[from] sandstorm","|-damage|p2a: Rose|231/325|[from] sandstorm","|turn|4","|","|detailschange|p1a: Charizard|Charizard-Mega-Y, M","|-mega|p1a: Charizard|Charizard|Charizardite Y","|-weather|SunnyDay","|move|p1a: Charizard|Dragon Pulse|p2a: Rose","|-supereffective|p2a: Rose","|-damage|p2a: Rose|0 fnt","|faint|p2a: Rose","|","|-weather|SunnyDay|[upkeep]","|","|switch|p2a: Seth|Weavile, M|281/281","|-ability|p2a: Seth|Pressure","|turn|5","|","|switch|p1a: Arcanine|Arcanine, M|381/381","|-ability|p1a: Arcanine|Intimidate","|-unboost|p2a: Seth|atk|1","|move|p2a: Seth|Night Slash|p1a: Arcanine","|-crit|p1a: Arcanine","|-damage|p1a: Arcanine|252/381","|","|-weather|SunnyDay|[upkeep]","|-heal|p1a: Arcanine|275/381|[from] item: Leftovers","|turn|6","|","|move|p1a: Arcanine|Extreme Speed|p2a: Seth","|-damage|p2a: Seth|170/281","|move|p2a: Seth|Dark Pulse|p1a: Arcanine","|-damage|p1a: Arcanine|212/381","|","|-weather|SunnyDay|[upkeep]","|-heal|p1a: Arcanine|235/381|[from] item: Leftovers","|turn|7","|","|move|p1a: Arcanine|Extreme Speed|p2a: Seth","|-damage|p2a: Seth|53/281","|move|p2a: Seth|Ice Shard|p1a: Arcanine","|-resisted|p1a: Arcanine","|-damage|p1a: Arcanine|221/381","|","|-weather|SunnyDay|[upkeep]","|-heal|p1a: Arcanine|244/381|[from] item: Leftovers","|turn|8","|","|move|p1a: Arcanine|Extreme Speed|p2a: Seth","|-damage|p2a: Seth|0 fnt","|faint|p2a: Seth","|","|-weather|none","|-heal|p1a: Arcanine|267/381|[from] item: Leftovers","|","|switch|p2a: Wednesday|Honchkrow, F, shiny|403/403","|turn|9","|-activate|p2a: Wednesday|item: Quick Claw","|","|move|p2a: Wednesday|Sucker Punch|p1a: Arcanine","|-fail|p2a: Wednesday","|move|p1a: Arcanine|Will-O-Wisp|p2a: Wednesday","|-status|p2a: Wednesday|brn","|","|-heal|p1a: Arcanine|290/381|[from] item: Leftovers","|-damage|p2a: Wednesday|353/403 brn|[from] brn","|turn|10","|","|move|p1a: Arcanine|Extreme Speed|p2a: Wednesday","|-damage|p2a: Wednesday|243/403 brn","|move|p2a: Wednesday|Sucker Punch|p1a: Arcanine","|-fail|p2a: Wednesday","|","|-heal|p1a: Arcanine|313/381|[from] item: Leftovers","|-damage|p2a: Wednesday|193/403 brn|[from] brn","|turn|11","|-activate|p2a: Wednesday|item: Quick Claw","|","|move|p2a: Wednesday|Roost|p2a: Wednesday","|-heal|p2a: Wednesday|395/403 brn","|move|p1a: Arcanine|Iron Head|p2a: Wednesday","|-damage|p2a: Wednesday|289/403 brn","|","|-heal|p1a: Arcanine|336/381|[from] item: Leftovers","|-damage|p2a: Wednesday|239/403 brn|[from] brn","|turn|12","|","|move|p1a: Arcanine|Iron Head|p2a: Wednesday","|-damage|p2a: Wednesday|115/403 brn","|move|p2a: Wednesday|Brave Bird|p1a: Arcanine","|-crit|p1a: Arcanine","|-damage|p1a: Arcanine|195/381","|-damage|p2a: Wednesday|68/403 brn|[from] recoil|[of] p1a: Arcanine","|","|-heal|p1a: Arcanine|218/381|[from] item: Leftovers","|-damage|p2a: Wednesday|18/403 brn|[from] brn","|turn|13","|","|move|p1a: Arcanine|Iron Head|p2a: Wednesday","|-damage|p2a: Wednesday|0 fnt","|faint|p2a: Wednesday","|","|-heal|p1a: Arcanine|241/381|[from] item: Leftovers","|","|switch|p2a: Night|Umbreon, M, shiny|394/394","|turn|14","|","|switch|p1a: Infernape|Infernape, M|275/293","|move|p2a: Night|Toxic|p1a: Infernape","|-status|p1a: Infernape|tox","|","|-damage|p1a: Infernape|257/293 tox|[from] psn","|turn|15","|","|move|p1a: Infernape|Close Combat|p2a: Night","|-supereffective|p2a: Night","|-damage|p2a: Night|86/394","|-unboost|p1a: Infernape|def|1","|-unboost|p1a: Infernape|spd|1","|move|p2a: Night|Confuse Ray|p1a: Infernape","|-start|p1a: Infernape|confusion","|","|-heal|p2a: Night|110/394|[from] item: Leftovers","|-damage|p1a: Infernape|221/293 tox|[from] psn","|turn|16","|","|switch|p1a: Victini|Victini|341/341","|move|p2a: Night|Moonlight|p2a: Night","|-heal|p2a: Night|307/394","|","|-heal|p2a: Night|331/394|[from] item: Leftovers","|turn|17","|","|move|p1a: Victini|U-turn|p2a: Night","|-supereffective|p2a: Night","|-damage|p2a: Night|207/394","|","|switch|p1a: Rotom-Heat|Rotom-Heat|29/303","|move|p2a: Night|Foul Play|p1a: Rotom-Heat","|-damage|p1a: Rotom-Heat|0 fnt","|faint|p1a: Rotom-Heat","|","|-heal|p2a: Night|231/394|[from] item: Leftovers","|","|switch|p1a: Infernape|Infernape, M|221/293 tox","|turn|18","|","|move|p1a: Infernape|Close Combat|p2a: Night","|-supereffective|p2a: Night","|-damage|p2a: Night|0 fnt","|-unboost|p1a: Infernape|def|1","|-unboost|p1a: Infernape|spd|1","|faint|p2a: Night","|","|-damage|p1a: Infernape|203/293 tox|[from] psn","|","|switch|p2a: Demon|Houndoom, M|291/291","|-ability|p2a: Demon|Unnerve|p1: xNailz","|turn|19","|","|detailschange|p2a: Demon|Houndoom-Mega, M","|-mega|p2a: Demon|Houndoom|Houndoominite","|move|p1a: Infernape|Close Combat|p2a: Demon","|-supereffective|p2a: Demon","|-damage|p2a: Demon|0 fnt","|-unboost|p1a: Infernape|def|1","|-unboost|p1a: Infernape|spd|1","|faint|p2a: Demon","|","|win|xNailz"],"p1rating":{"entryid":"6782407","serverid":"eos","formatid":"monotype","userid":"xnailz","username":"xNailz","w":27,"l":"9","t":"0","gxe":71.3,"r":"1654.6302157347","rd":"63.794403202018","sigma":"0","rptime":"1438765200","rpr":1673.7495876112,"rprd":61.273924464922,"rpsigma":"0","acre":1274.6421246932,"lacre":1274.6421246932,"oldacre":"1264.3372094265"},"p2rating":{"entryid":"7303911","serverid":"eos","formatid":"monotype","userid":"silvermnp","username":"Silver-MNP","w":"1","l":3,"t":"0","gxe":39.7,"r":"1463.1693371005","rd":"123.06474665529","sigma":"0","rptime":"1438765200","rpr":1417.3905456895,"rprd":108.43881114975,"rpsigma":"0","acre":1024.079707818,"lacre":1024.079707818,"oldacre":"1030.0602861337"},"endType":"normal"}