{"seed":[43039,23696,12656,58687],"turns":24,"p1":"Sovereign♕Mafetan","p2":"Stormvy","p1team":[{"name":"Abomination","species":"kyuremblack","item":"leftovers","ability":"Teravolt","moves":["roost","outrage","ironhead","zenheadbutt"],"nature":"Adamant","evs":{"hp":248,"atk":252,"def":0,"spa":0,"spd":8,"spe":0},"ivs":{"hp":31,"atk":31,"def":31,"spa":31,"spd":31,"spe":31}},{"name":"My First Shiny","species":"abomasnow","item":"abomasite","ability":"Snow Warning","moves":["leechseed","toxic","gigadrain","shadowball"],"nature":"Modest","evs":{"hp":200,"atk":0,"def":0,"spa":108,"spd":200,"spe":0},"gender":"M","shiny":true,"ivs":{"hp":31,"atk":31,"def":31,"spa":31,"spd":31,"spe":31}},{"name":"Watermelon","species":"rotomfrost","item":"leftovers","ability":"Levitate","moves":["voltswitch","willowisp","painsplit","blizzard"],"nature":"Modest","evs":{"hp":248,"atk":0,"def":0,"spa":8,"spd":252,"spe":0},"shiny":true,"ivs":{"hp":31,"atk":31,"def":31,"spa":31,"spd":31,"spe":31}},{"name":"PopGoesTheWeasel","species":"weavile","item":"leftovers","ability":"Pressure","moves":["fakeout","knockoff","icepunch","swordsdance"],"nature":"Adamant","evs":{"hp":0,"atk":252,"def":0,"spa":0,"spd":4,"spe":252},"gender":"F","shiny":true,"ivs":{"hp":31,"atk":31,"def":31,"spa":31,"spd":31,"spe":31}},{"name":"Clitoris","species":"cloyster","item":"focussash","ability":"Skill Link","moves":["shellsmash","rockblast","iciclespear","razorshell"],"nature":"Jolly","evs":{"hp":0,"atk":252,"def":0,"spa":0,"spd":0,"spe":252},"gender":"F","ivs":{"hp":31,"atk":31,"def":31,"spa":31,"spd":31,"spe":31}},{"name":"Flippers","species":"walrein","item":"leftovers","ability":"Ice Body","moves":["earthquake","toxic","protect","waterfall"],"nature":"Adamant","evs":{"hp":248,"atk":252,"def":0,"spa":0,"spd":8,"spe":0},"gender":"F","ivs":{"hp":31,"atk":31,"def":31,"spa":31,"spd":31,"spe":31}}],"p2team":[{"name":"Gyarados","species":"Gyarados","item":"gyaradosite","ability":"Intimidate","moves":["crunch","dragondance","substitute","waterfall"],"nature":"Jolly","evs":{"hp":0,"atk":252,"def":0,"spa":0,"spd":8,"spe":248},"shiny":true,"ivs":{"hp":31,"atk":31,"def":31,"spa":31,"spd":31,"spe":31}},{"name":"Togekiss","species":"Togekiss","item":"leftovers","ability":"Serene Grace","moves":["airslash","thunderwave","dazzlinggleam","defog"],"nature":"Calm","evs":{"hp":28,"atk":0,"def":16,"spa":236,"spd":228,"spe":0},"ivs":{"hp":31,"atk":31,"def":31,"spa":31,"spd":31,"spe":31}},{"name":"Skarmory","species":"Skarmory","item":"leftovers","ability":"Sturdy","moves":["stealthrock","drillpeck","whirlwind","roost"],"nature":"Careful","evs":{"hp":20,"atk":0,"def":236,"spa":0,"spd":252,"spe":0},"shiny":true,"ivs":{"hp":31,"atk":31,"def":31,"spa":31,"spd":31,"spe":31}},{"name":"Thundurus-Therian","species":"Thundurus-Therian","item":"choicescarf","ability":"Volt Absorb","moves":["voltswitch","hiddenpowerice","flashcannon","grassknot"],"nature":"Timid","evs":{"hp":0,"atk":0,"def":4,"spa":252,"spd":0,"spe":252},"ivs":{"hp":31,"atk":30,"def":30,"spa":31,"spd":31,"spe":31}},{"name":"Landorus","species":"Landorus","item":"lifeorb","ability":"Sheer Force","moves":["earthpower","psychic","sludgewave","gravity"],"nature":"Timid","evs":{"hp":0,"atk":0,"def":0,"spa":252,"spd":0,"spe":252},"shiny":true,"ivs":{"hp":31,"atk":31,"def":31,"spa":31,"spd":31,"spe":31}},{"name":"Dragonite","species":"Dragonite","item":"weaknesspolicy","ability":"Multiscale","moves":["extremespeed","dragonclaw","dragondance","roost"],"nature":"","evs":{"hp":0,"atk":252,"def":0,"spa":0,"spd":144,"spe":112},"ivs":{"hp":31,"atk":31,"def":31,"spa":31,"spd":31,"spe":31}}],"log":["|player|p1|Sovereign♕Mafetan|199","|player|p2|Stormvy|championstormvy.png","|gametype|singles","|gen|6","|tier|Monotype","|rated","|rule|Baton Pass Clause: Limit one Baton Passer, can't pass Spe and other stats simultaneously","|rule|Swagger Clause: Swagger is banned","|rule|Same Type Clause: Pokémon in a team must share a type","|clearpoke","|poke|p1|Kyurem-Black","|poke|p1|Abomasnow, M, shiny","|poke|p1|Rotom-Frost, shiny","|poke|p1|Weavile, F, shiny","|poke|p1|Cloyster, F","|poke|p1|Walrein, F","|poke|p2|Gyarados, M, shiny","|poke|p2|Togekiss, M","|poke|p2|Skarmory, M, shiny","|poke|p2|Thundurus-Therian, M","|poke|p2|Landorus, M, shiny","|poke|p2|Dragonite, M","|rule|Sleep Clause Mod: Limit one foe put to sleep","|rule|Species Clause: Limit one of each Pokémon","|rule|OHKO Clause: OHKO moves are banned","|rule|Moody Clause: Moody is banned","|rule|Evasion Moves Clause: Evasion moves are banned","|rule|Endless Battle Clause: Forcing endless battles is banned","|rule|HP Percentage Mod: HP is shown in percentages","|teampreview","|","|start","|switch|p1a: PopGoesTheWeasel|Weavile, F, shiny|281/281","|switch|p2a: Skarmory|Skarmory, M, shiny|276/276","|-ability|p1a: PopGoesTheWeasel|Pressure","|turn|1","|","|move|p1a: PopGoesTheWeasel|Fake Out|p2a: Skarmory","|-resisted|p2a: Skarmory","|-damage|p2a: Skarmory|259/276","|cant|p2a: Skarmory|flinch","|","|-heal|p2a: Skarmory|276/276|[from] item: Leftovers","|turn|2","|","|move|p1a: PopGoesTheWeasel|Swords Dance|p1a: PopGoesTheWeasel","|-boost|p1a: PopGoesTheWeasel|atk|2","|move|p2a: Skarmory|Stealth Rock|p1a: PopGoesTheWeasel","|-sidestart|p1: Sovereign♕Mafetan|move: Stealth Rock","|","|turn|3","|","|move|p1a: PopGoesTheWeasel|Knock Off|p2a: Skarmory","|-damage|p2a: Skarmory|59/276","|-enditem|p2a: Skarmory|Leftovers|[from] move: Knock Off|[of] p1a: PopGoesTheWeasel","|move|p2a: Skarmory|Whirlwind|p1a: PopGoesTheWeasel","|drag|p1a: Watermelon|Rotom-Frost, shiny|303/303","|-damage|p1a: Watermelon|228/303|[from] Stealth Rock","|","|-heal|p1a: Watermelon|246/303|[from] item: Leftovers","|turn|4","|","|switch|p2a: Thundurus-Therian|Thundurus-Therian, M|299/299","|move|p1a: Watermelon|Volt Switch|p2a: Thundurus-Therian","|-immune|p2a: Thundurus-Therian|[msg]","|","|-heal|p1a: Watermelon|264/303|[from] item: Leftovers","|turn|5","|","|move|p2a: Thundurus-Therian|Flash Cannon|p1a: Watermelon","|-damage|p1a: Watermelon|187/303","|-unboost|p1a: Watermelon|spd|1","|move|p1a: Watermelon|Blizzard|p2a: Thundurus-Therian","|-crit|p2a: Thundurus-Therian","|-supereffective|p2a: Thundurus-Therian","|-damage|p2a: Thundurus-Therian|0 fnt","|faint|p2a: Thundurus-Therian","|","|-heal|p1a: Watermelon|205/303|[from] item: Leftovers","|","|switch|p2a: Dragonite|Dragonite, M|323/323","|turn|6","|","|switch|p2a: Togekiss|Togekiss, M|318/318","|move|p1a: Watermelon|Will-O-Wisp|p2a: Togekiss","|-status|p2a: Togekiss|brn","|","|-heal|p1a: Watermelon|223/303|[from] item: Leftovers","|-damage|p2a: Togekiss|279/318 brn|[from] brn","|turn|7","|","|move|p1a: Watermelon|Blizzard|p2a: Togekiss","|-supereffective|p2a: Togekiss","|-damage|p2a: Togekiss|93/318 brn","|move|p2a: Togekiss|Dazzling Gleam|p1a: Watermelon","|-damage|p1a: Watermelon|70/303","|","|-heal|p1a: Watermelon|88/303|[from] item: Leftovers","|-heal|p2a: Togekiss|112/318 brn|[from] item: Leftovers","|-damage|p2a: Togekiss|73/318 brn|[from] brn","|turn|8","|","|move|p1a: Watermelon|Volt Switch|p2a: Togekiss","|-supereffective|p2a: Togekiss","|-damage|p2a: Togekiss|0 fnt","|faint|p2a: Togekiss","|","|switch|p1a: PopGoesTheWeasel|Weavile, F, shiny|281/281","|-damage|p1a: PopGoesTheWeasel|211/281|[from] Stealth Rock","|-ability|p1a: PopGoesTheWeasel|Pressure","|","|-heal|p1a: PopGoesTheWeasel|228/281|[from] item: Leftovers","|","|switch|p2a: Gyarados|Gyarados, M, shiny|331/331","|-ability|p2a: Gyarados|Intimidate","|-unboost|p1a: PopGoesTheWeasel|atk|1","|turn|9","|","|detailschange|p2a: Gyarados|Gyarados-Mega, M, shiny","|-mega|p2a: Gyarados|Gyarados|Gyaradosite","|-ability|p2a: Gyarados|Mold Breaker","|move|p1a: PopGoesTheWeasel|Fake Out|p2a: Gyarados","|-crit|p2a: Gyarados","|-damage|p2a: Gyarados|260/331","|cant|p2a: Gyarados|flinch","|","|-heal|p1a: PopGoesTheWeasel|245/281|[from] item: Leftovers","|turn|10","|","|move|p1a: PopGoesTheWeasel|Swords Dance|p1a: PopGoesTheWeasel","|-boost|p1a: PopGoesTheWeasel|atk|2","|move|p2a: Gyarados|Dragon Dance|p2a: Gyarados","|-boost|p2a: Gyarados|atk|1","|-boost|p2a: Gyarados|spe|1","|","|-heal|p1a: PopGoesTheWeasel|262/281|[from] item: Leftovers","|turn|11","|","|move|p2a: Gyarados|Waterfall|p1a: PopGoesTheWeasel","|-damage|p1a: PopGoesTheWeasel|0 fnt","|faint|p1a: PopGoesTheWeasel","|","|","|switch|p1a: Watermelon|Rotom-Frost, shiny|88/303","|-damage|p1a: Watermelon|13/303|[from] Stealth Rock","|turn|12","|","|move|p2a: Gyarados|Substitute|p2a: Gyarados","|-start|p2a: Gyarados|Substitute","|-damage|p2a: Gyarados|178/331","|move|p1a: Watermelon|Pain Split|p2a: Gyarados","|-fail|p2a: Gyarados","|","|-heal|p1a: Watermelon|31/303|[from] item: Leftovers","|turn|13","|","|move|p2a: Gyarados|Dragon Dance|p2a: Gyarados","|-boost|p2a: Gyarados|atk|1","|-boost|p2a: Gyarados|spe|1","|move|p1a: Watermelon|Volt Switch|p2a: Gyarados","|-supereffective|p2a: Gyarados","|-end|p2a: Gyarados|Substitute","|","|switch|p1a: Abomination|Kyurem-Black|453/453","|-damage|p1a: Abomination|340/453|[from] Stealth Rock","|-ability|p1a: Abomination|Teravolt","|","|-heal|p1a: Abomination|368/453|[from] item: Leftovers","|turn|14","|","|move|p2a: Gyarados|Crunch|p1a: Abomination","|-damage|p1a: Abomination|50/453","|move|p1a: Abomination|Outrage|p2a: Gyarados","|-damage|p2a: Gyarados|0 fnt","|faint|p2a: Gyarados","|","|-heal|p1a: Abomination|78/453|[from] item: Leftovers","|","|switch|p2a: Dragonite|Dragonite, M|323/323","|turn|15","|","|move|p2a: Dragonite|Extreme Speed|p1a: Abomination","|-damage|p1a: Abomination|0 fnt","|faint|p1a: Abomination","|","|","|switch|p1a: My First Shiny|Abomasnow, M, shiny|371/371","|-damage|p1a: My First Shiny|279/371|[from] Stealth Rock","|-weather|Hail","|turn|16","|","|switch|p2a: Skarmory|Skarmory, M, shiny|59/276","|detailschange|p1a: My First Shiny|Abomasnow-Mega, M, shiny","|-mega|p1a: My First Shiny|Abomasnow|Abomasite","|move|p1a: My First Shiny|Leech Seed|p2a: Skarmory","|-start|p2a: Skarmory|move: Leech Seed","|","|-weather|Hail|[upkeep]","|-damage|p2a: Skarmory|42/276|[from] hail","|-damage|p2a: Skarmory|8/276|[from] Leech Seed|[of] p1a: My First Shiny","|-heal|p1a: My First Shiny|313/371|[silent]","|turn|17","|","|move|p2a: Skarmory|Roost|p2a: Skarmory","|-heal|p2a: Skarmory|146/276","|move|p1a: My First Shiny|Giga Drain|p2a: Skarmory","|-resisted|p2a: Skarmory","|-damage|p2a: Skarmory|86/276","|-heal|p1a: My First Shiny|343/371|[from] drain|[of] p2a: Skarmory","|","|-weather|Hail|[upkeep]","|-damage|p2a: Skarmory|69/276|[from] hail","|-damage|p2a: Skarmory|35/276|[from] Leech Seed|[of] p1a: My First Shiny","|-heal|p1a: My First Shiny|371/371|[silent]","|turn|18","|","|move|p2a: Skarmory|Roost|p2a: Skarmory","|-heal|p2a: Skarmory|173/276","|move|p1a: My First Shiny|Giga Drain|p2a: Skarmory","|-resisted|p2a: Skarmory","|-damage|p2a: Skarmory|110/276","|","|-weather|Hail|[upkeep]","|-damage|p2a: Skarmory|93/276|[from] hail","|-damage|p2a: Skarmory|59/276|[from] Leech Seed|[of] p1a: My First Shiny","|turn|19","|","|move|p2a: Skarmory|Roost|p2a: Skarmory","|-heal|p2a: Skarmory|197/276","|move|p1a: My First Shiny|Shadow Ball|p2a: Skarmory","|-damage|p2a: Skarmory|112/276","|-unboost|p2a: Skarmory|spd|1","|","|-weather|Hail|[upkeep]","|-damage|p2a: Skarmory|95/276|[from] hail","|-damage|p2a: Skarmory|61/276|[from] Leech Seed|[of] p1a: My First Shiny","|turn|20","|","|move|p2a: Skarmory|Drill Peck|p1a: My First Shiny","|-supereffective|p1a: My First Shiny","|-damage|p1a: My First Shiny|227/371","|move|p1a: My First Shiny|Giga Drain|p2a: Skarmory","|-resisted|p2a: Skarmory","|-damage|p2a: Skarmory|16/276","|-heal|p1a: My First Shiny|250/371|[from] drain|[of] p2a: Skarmory","|","|-weather|none","|-damage|p2a: Skarmory|0 fnt|[from] Leech Seed|[of] p1a: My First Shiny","|-heal|p1a: My First Shiny|266/371|[silent]","|faint|p2a: Skarmory","|","|switch|p2a: Landorus|Landorus, M, shiny|319/319","|turn|21","|","|move|p2a: Landorus|Sludge Wave|p1a: My First Shiny","|-supereffective|p1a: My First Shiny","|-damage|p1a: My First Shiny|0 fnt","|faint|p1a: My First Shiny","|","|","|switch|p1a: Clitoris|Cloyster, F|241/241","|-damage|p1a: Clitoris|181/241|[from] Stealth Rock","|turn|22","|","|switch|p2a: Dragonite|Dragonite, M|323/323","|move|p1a: Clitoris|Shell Smash|p1a: Clitoris","|-unboost|p1a: Clitoris|def|1","|-unboost|p1a: Clitoris|spd|1","|-boost|p1a: Clitoris|atk|2","|-boost|p1a: Clitoris|spa|2","|-boost|p1a: Clitoris|spe|2","|","|turn|23","|","|move|p2a: Dragonite|Extreme Speed|p1a: Clitoris","|-damage|p1a: Clitoris|89/241","|move|p1a: Clitoris|Icicle Spear|p2a: Dragonite","|-supereffective|p2a: Dragonite","|-damage|p2a: Dragonite|167/323","|-enditem|p2a: Dragonite|Weakness Policy","|-boost|p2a: Dragonite|atk|2|[from] item: Weakness Policy","|-boost|p2a: Dragonite|spa|2|[from] item: Weakness Policy","|-supereffective|p2a: Dragonite","|-damage|p2a: Dragonite|0 fnt","|-hitcount|p2a: Dragonite|2","|faint|p2a: Dragonite","|","|","|switch|p2a: Landorus|Landorus, M, shiny|319/319","|turn|24","|","|move|p1a: Clitoris|Icicle Spear|p2a: Landorus","|-supereffective|p2a: Landorus","|-damage|p2a: Landorus|3/319","|-supereffective|p2a: Landorus","|-damage|p2a: Landorus|0 fnt","|-hitcount|p2a: Landorus|2","|faint|p2a: Landorus","|","|win|Sovereign♕Mafetan"],"p1rating":{"entryid":"7289901","serverid":"eos","formatid":"monotype","userid":"sovereignmafetan","username":"Sovereign♕Mafetan","w":5,"l":"7","t":"0","gxe":44.9,"r":1438.4814908663,"rd":86.525013027474,"sigma":"0","rptime":1438678800,"rpr":1460.4963623973,"rprd":84.375350069512,"rpsigma":"0","acre":1099.3057001465,"lacre":1099.3057001465,"oldacre":"1065.6747096612"},"p2rating":{"entryid":"7405977","serverid":"eos","formatid":"monotype","userid":"stormvy","username":"Stormvy","w":"2","l":1,"t":"0","gxe":55.4,"r":"1500","rd":"130","sigma":"0","rptime":"1438678800","rpr":1543.027763525,"rprd":110.823704578,"rpsigma":"0","acre":1078.096026999,"lacre":1078.096026999,"oldacre":"1105.9835363521"},"endType":"normal"}