{"seed":[54153,22492,35159,17270],"turns":44,"p1":"Zukushiku","p2":"OSoundTrack","p1team":[{"name":"Dusclops","species":"Dusclops","item":"eviolite","ability":"Pressure","moves":["rest","sleeptalk","nightshade","willowisp"],"nature":"Calm","evs":{"hp":252,"atk":0,"def":80,"spa":0,"spd":176,"spe":0},"ivs":{"hp":31,"atk":31,"def":31,"spa":31,"spd":31,"spe":31}},{"name":"Sableye","species":"Sableye","item":"sablenite","ability":"Prankster","moves":["knockoff","willowisp","recover","foulplay"],"nature":"Careful","evs":{"hp":252,"atk":0,"def":112,"spa":0,"spd":144,"spe":0},"shiny":true,"ivs":{"hp":31,"atk":31,"def":31,"spa":31,"spd":31,"spe":31}},{"name":"Chandelure","species":"Chandelure","item":"leftovers","ability":"Flash Fire","moves":["substitute","calmmind","flamethrower","shadowball"],"nature":"Timid","evs":{"hp":160,"atk":0,"def":0,"spa":96,"spd":0,"spe":252},"shiny":true,"ivs":{"hp":31,"atk":31,"def":31,"spa":31,"spd":31,"spe":31}},{"name":"Jellicent","species":"Jellicent","item":"leftovers","ability":"Water Absorb","moves":["scald","taunt","toxic","recover"],"nature":"Calm","evs":{"hp":248,"atk":0,"def":0,"spa":0,"spd":216,"spe":44},"ivs":{"hp":31,"atk":31,"def":31,"spa":31,"spd":31,"spe":31}},{"name":"Gengar","species":"Gengar","item":"lifeorb","ability":"Levitate","moves":["substitute","focusblast","shadowball","painsplit"],"nature":"Timid","evs":{"hp":0,"atk":0,"def":0,"spa":252,"spd":4,"spe":252},"ivs":{"hp":31,"atk":31,"def":31,"spa":31,"spd":31,"spe":31}},{"name":"Golurk","species":"Golurk","item":"focussash","ability":"No Guard","moves":["dynamicpunch","earthquake","stealthrock","icepunch"],"nature":"Adamant","evs":{"hp":0,"atk":252,"def":0,"spa":0,"spd":4,"spe":252},"ivs":{"hp":31,"atk":31,"def":31,"spa":31,"spd":31,"spe":31}}],"p2team":[{"name":"Seismitoad","species":"Seismitoad","item":"assaultvest","ability":"Water Absorb","moves":["earthpower","scald","sludgebomb","grassknot"],"nature":"Modest","evs":{"hp":184,"atk":0,"def":4,"spa":252,"spd":0,"spe":68},"ivs":{"hp":31,"atk":0,"def":31,"spa":31,"spd":31,"spe":31}},{"name":"Gastrodon","species":"Gastrodon","item":"leftovers","ability":"Storm Drain","moves":["earthquake","scald","toxic","recover"],"nature":"Relaxed","evs":{"hp":252,"atk":0,"def":252,"spa":0,"spd":4,"spe":0},"ivs":{"hp":31,"atk":31,"def":31,"spa":31,"spd":31,"spe":31}},{"name":"Mamoswine","species":"Mamoswine","item":"choiceband","ability":"Thick Fat","moves":["earthquake","iciclespear","knockoff","iceshard"],"nature":"Jolly","evs":{"hp":4,"atk":252,"def":0,"spa":0,"spd":0,"spe":252},"ivs":{"hp":31,"atk":31,"def":31,"spa":31,"spd":31,"spe":31}},{"name":"Garchomp","species":"Garchomp","item":"choicescarf","ability":"Rough Skin","moves":["outrage","earthquake","stoneedge","fireblast"],"nature":"Naive","evs":{"hp":0,"atk":252,"def":0,"spa":4,"spd":0,"spe":252},"ivs":{"hp":31,"atk":31,"def":31,"spa":31,"spd":31,"spe":31}},{"name":"Camerupt","species":"Camerupt","item":"cameruptite","ability":"Magma Armor","moves":["fireblast","earthpower","roar","stealthrock"],"nature":"Modest","evs":{"hp":168,"atk":0,"def":4,"spa":252,"spd":0,"spe":84},"ivs":{"hp":31,"atk":31,"def":31,"spa":31,"spd":31,"spe":31}},{"name":"Landorus","species":"Landorus","item":"lifeorb","ability":"Sheer Force","moves":["earthpower","psychic","rockslide","focusblast"],"nature":"Naive","evs":{"hp":0,"atk":4,"def":0,"spa":252,"spd":0,"spe":252},"ivs":{"hp":31,"atk":31,"def":31,"spa":31,"spd":31,"spe":31}}],"log":["|player|p1|Zukushiku|zukushiku.png","|player|p2|OSoundTrack|2","|gametype|singles","|gen|6","|tier|Monotype","|rated","|rule|Baton Pass Clause: Limit one Baton Passer, can't pass Spe and other stats simultaneously","|rule|Swagger Clause: Swagger is banned","|rule|Same Type Clause: Pokémon in a team must share a type","|clearpoke","|poke|p1|Dusclops, M","|poke|p1|Sableye, F, shiny","|poke|p1|Chandelure, M, shiny","|poke|p1|Jellicent, F","|poke|p1|Gengar, F","|poke|p1|Golurk","|poke|p2|Seismitoad, F","|poke|p2|Gastrodon, M","|poke|p2|Mamoswine, F","|poke|p2|Garchomp, F","|poke|p2|Camerupt, F","|poke|p2|Landorus, M","|rule|Sleep Clause Mod: Limit one foe put to sleep","|rule|Species Clause: Limit one of each Pokémon","|rule|OHKO Clause: OHKO moves are banned","|rule|Moody Clause: Moody is banned","|rule|Evasion Moves Clause: Evasion moves are banned","|rule|Endless Battle Clause: Forcing endless battles is banned","|rule|HP Percentage Mod: HP is shown in percentages","|teampreview","|","|start","|switch|p1a: Jellicent|Jellicent, F|403/403","|switch|p2a: Mamoswine|Mamoswine, F|362/362","|turn|1","|","|switch|p1a: Sableye|Sableye, F, shiny|304/304","|move|p2a: Mamoswine|Knock Off|p1a: Sableye","|-damage|p1a: Sableye|177/304","|","|turn|2","|","|switch|p2a: Camerupt|Camerupt, F|323/323","|move|p1a: Sableye|Recover|p1a: Sableye","|-heal|p1a: Sableye|304/304","|","|turn|3","|","|switch|p1a: Gengar|Gengar, F|261/261","|detailschange|p2a: Camerupt|Camerupt-Mega, F","|-mega|p2a: Camerupt|Camerupt|Cameruptite","|move|p2a: Camerupt|Stealth Rock|p1a: Gengar","|-sidestart|p1: Zukushiku|move: Stealth Rock","|","|turn|4","|","|switch|p1a: Jellicent|Jellicent, F|403/403","|-damage|p1a: Jellicent|353/403|[from] Stealth Rock","|switch|p2a: Seismitoad|Seismitoad, F|397/397","|","|-heal|p1a: Jellicent|378/403|[from] item: Leftovers","|turn|5","|","|switch|p2a: Mamoswine|Mamoswine, F|362/362","|switch|p1a: Dusclops|Dusclops, M|284/284","|-damage|p1a: Dusclops|249/284|[from] Stealth Rock","|-ability|p1a: Dusclops|Pressure","|","|turn|6","|","|switch|p2a: Camerupt|Camerupt-Mega, F|323/323","|move|p1a: Dusclops|Will-O-Wisp|p2a: Camerupt","|-immune|p2a: Camerupt|[msg]","|","|turn|7","|","|move|p2a: Camerupt|Fire Blast|p1a: Dusclops","|-damage|p1a: Dusclops|117/284","|move|p1a: Dusclops|Night Shade|p2a: Camerupt","|-damage|p2a: Camerupt|223/323","|","|turn|8","|","|move|p2a: Camerupt|Earth Power|p1a: Dusclops","|-damage|p1a: Dusclops|17/284","|move|p1a: Dusclops|Rest|p1a: Dusclops","|-status|p1a: Dusclops|slp","|-heal|p1a: Dusclops|284/284 slp|[silent]","|-status|p1a: Dusclops|slp|[from] move: Rest","|","|turn|9","|","|switch|p1a: Jellicent|Jellicent, F|378/403","|-damage|p1a: Jellicent|328/403|[from] Stealth Rock","|move|p2a: Camerupt|Earth Power|p1a: Jellicent","|-damage|p1a: Jellicent|151/403","|","|-heal|p1a: Jellicent|176/403|[from] item: Leftovers","|turn|10","|","|switch|p2a: Gastrodon|Gastrodon, M|426/426","|move|p1a: Jellicent|Recover|p1a: Jellicent","|-heal|p1a: Jellicent|378/403","|","|-heal|p1a: Jellicent|403/403|[from] item: Leftovers","|turn|11","|","|move|p1a: Jellicent|Taunt|p2a: Gastrodon","|-start|p2a: Gastrodon|move: Taunt","|cant|p2a: Gastrodon|move: Taunt|Toxic","|","|turn|12","|","|move|p1a: Jellicent|Scald|p2a: Gastrodon","|-boost|p2a: Gastrodon|spa|1|[from] ability: Storm Drain","|move|p2a: Gastrodon|Earthquake|p1a: Jellicent","|-damage|p1a: Jellicent|279/403","|","|-heal|p1a: Jellicent|304/403|[from] item: Leftovers","|turn|13","|","|move|p1a: Jellicent|Toxic|p2a: Gastrodon","|-status|p2a: Gastrodon|tox","|move|p2a: Gastrodon|Earthquake|p1a: Jellicent","|-damage|p1a: Jellicent|166/403","|","|-heal|p1a: Jellicent|191/403|[from] item: Leftovers","|-damage|p2a: Gastrodon|400/426 tox|[from] psn","|-end|p2a: Gastrodon|move: Taunt","|turn|14","|","|switch|p2a: Mamoswine|Mamoswine, F|362/362","|move|p1a: Jellicent|Recover|p1a: Jellicent","|-heal|p1a: Jellicent|393/403","|","|-heal|p1a: Jellicent|403/403|[from] item: Leftovers","|turn|15","|","|switch|p1a: Gengar|Gengar, F|261/261","|-damage|p1a: Gengar|229/261|[from] Stealth Rock","|move|p2a: Mamoswine|Knock Off|p1a: Gengar","|-supereffective|p1a: Gengar","|-damage|p1a: Gengar|0 fnt","|-enditem|p1a: Gengar|Life Orb|[from] move: Knock Off|[of] p2a: Mamoswine","|faint|p1a: Gengar","|","|","|switch|p1a: Sableye|Sableye, F, shiny|304/304","|-damage|p1a: Sableye|266/304|[from] Stealth Rock","|turn|16","|","|switch|p2a: Camerupt|Camerupt-Mega, F|223/323","|move|p1a: Sableye|Foul Play|p2a: Camerupt","|-damage|p2a: Camerupt|106/323","|","|turn|17","|","|move|p1a: Sableye|Foul Play|p2a: Camerupt","|-damage|p2a: Camerupt|0 fnt","|faint|p2a: Camerupt","|","|","|switch|p2a: Landorus|Landorus, M|319/319","|turn|18","|","|switch|p1a: Jellicent|Jellicent, F|403/403","|-damage|p1a: Jellicent|353/403|[from] Stealth Rock","|move|p2a: Landorus|Earth Power|p1a: Jellicent","|-damage|p1a: Jellicent|170/403","|","|-heal|p1a: Jellicent|195/403|[from] item: Leftovers","|turn|19","|","|move|p2a: Landorus|Earth Power|p1a: Jellicent","|-damage|p1a: Jellicent|14/403","|move|p1a: Jellicent|Recover|p1a: Jellicent","|-heal|p1a: Jellicent|216/403","|","|-heal|p1a: Jellicent|241/403|[from] item: Leftovers","|turn|20","|","|move|p2a: Landorus|Earth Power|p1a: Jellicent","|-damage|p1a: Jellicent|66/403","|move|p1a: Jellicent|Recover|p1a: Jellicent","|-heal|p1a: Jellicent|268/403","|","|-heal|p1a: Jellicent|293/403|[from] item: Leftovers","|turn|21","|","|switch|p2a: Mamoswine|Mamoswine, F|362/362","|move|p1a: Jellicent|Recover|p1a: Jellicent","|-heal|p1a: Jellicent|403/403","|","|turn|22","|","|switch|p1a: Golurk|Golurk|319/319","|-damage|p1a: Golurk|300/319|[from] Stealth Rock","|move|p2a: Mamoswine|Earthquake|p1a: Golurk","|-damage|p1a: Golurk|0 fnt","|faint|p1a: Golurk","|","|","|switch|p1a: Sableye|Sableye, F, shiny|266/304","|-damage|p1a: Sableye|228/304|[from] Stealth Rock","|turn|23","|","|switch|p2a: Landorus|Landorus, M|319/319","|move|p1a: Sableye|Knock Off|p2a: Landorus","|-damage|p2a: Landorus|223/319","|-enditem|p2a: Landorus|Life Orb|[from] move: Knock Off|[of] p1a: Sableye","|","|turn|24","|","|switch|p2a: Mamoswine|Mamoswine, F|362/362","|switch|p1a: Dusclops|Dusclops, M|284/284 slp","|-damage|p1a: Dusclops|249/284 slp|[from] Stealth Rock","|-ability|p1a: Dusclops|Pressure","|","|turn|25","|","|move|p2a: Mamoswine|Knock Off|p1a: Dusclops","|-supereffective|p1a: Dusclops","|-damage|p1a: Dusclops|71/284 slp","|-enditem|p1a: Dusclops|Eviolite|[from] move: Knock Off|[of] p2a: Mamoswine","|cant|p1a: Dusclops|slp","|move|p1a: Dusclops|Sleep Talk|p1a: Dusclops","|move|p1a: Dusclops|Rest|p1a: Dusclops|[from]Sleep Talk","|-fail|p1a: Dusclops","|","|turn|26","|","|switch|p1a: Sableye|Sableye, F, shiny|228/304","|-damage|p1a: Sableye|190/304|[from] Stealth Rock","|move|p2a: Mamoswine|Knock Off|p1a: Sableye","|-damage|p1a: Sableye|53/304","|","|turn|27","|","|switch|p2a: Landorus|Landorus, M|223/319","|move|p1a: Sableye|Recover|p1a: Sableye","|-heal|p1a: Sableye|205/304","|","|turn|28","|","|switch|p1a: Jellicent|Jellicent, F|403/403","|-damage|p1a: Jellicent|353/403|[from] Stealth Rock","|move|p2a: Landorus|Earth Power|p1a: Jellicent","|-damage|p1a: Jellicent|220/403","|","|-heal|p1a: Jellicent|245/403|[from] item: Leftovers","|turn|29","|","|switch|p2a: Gastrodon|Gastrodon, M|400/426 tox","|move|p1a: Jellicent|Scald|p2a: Gastrodon","|-boost|p2a: Gastrodon|spa|1|[from] ability: Storm Drain","|","|-heal|p1a: Jellicent|270/403|[from] item: Leftovers","|-heal|p2a: Gastrodon|426/426 tox|[from] item: Leftovers","|-damage|p2a: Gastrodon|400/426 tox|[from] psn","|turn|30","|","|switch|p2a: Mamoswine|Mamoswine, F|362/362","|move|p1a: Jellicent|Scald|p2a: Mamoswine","|-supereffective|p2a: Mamoswine","|-damage|p2a: Mamoswine|126/362","|","|-heal|p1a: Jellicent|295/403|[from] item: Leftovers","|turn|31","|","|switch|p1a: Dusclops|Dusclops, M|71/284 slp","|-damage|p1a: Dusclops|36/284 slp|[from] Stealth Rock","|-ability|p1a: Dusclops|Pressure","|move|p2a: Mamoswine|Earthquake|p1a: Dusclops","|-damage|p1a: Dusclops|0 fnt","|faint|p1a: Dusclops","|","|","|switch|p1a: Chandelure|Chandelure, M, shiny|301/301","|-damage|p1a: Chandelure|226/301|[from] Stealth Rock","|turn|32","|","|switch|p2a: Gastrodon|Gastrodon, M|400/426 tox","|move|p1a: Chandelure|Substitute|p1a: Chandelure","|-start|p1a: Chandelure|Substitute","|-damage|p1a: Chandelure|151/301","|","|-heal|p1a: Chandelure|169/301|[from] item: Leftovers","|-heal|p2a: Gastrodon|426/426 tox|[from] item: Leftovers","|-damage|p2a: Gastrodon|400/426 tox|[from] psn","|turn|33","|","|move|p1a: Chandelure|Shadow Ball|p2a: Gastrodon","|-crit|p2a: Gastrodon","|-damage|p2a: Gastrodon|145/426 tox","|move|p2a: Gastrodon|Earthquake|p1a: Chandelure","|-supereffective|p1a: Chandelure","|-end|p1a: Chandelure|Substitute","|","|-heal|p1a: Chandelure|187/301|[from] item: Leftovers","|-heal|p2a: Gastrodon|171/426 tox|[from] item: Leftovers","|-damage|p2a: Gastrodon|119/426 tox|[from] psn","|turn|34","|","|move|p1a: Chandelure|Shadow Ball|p2a: Gastrodon","|-damage|p2a: Gastrodon|0 fnt","|faint|p2a: Gastrodon","|","|-heal|p1a: Chandelure|205/301|[from] item: Leftovers","|","|switch|p2a: Landorus|Landorus, M|223/319","|turn|35","|","|move|p2a: Landorus|Earth Power|p1a: Chandelure","|-supereffective|p1a: Chandelure","|-damage|p1a: Chandelure|0 fnt","|faint|p1a: Chandelure","|","|","|switch|p1a: Jellicent|Jellicent, F|295/403","|-damage|p1a: Jellicent|245/403|[from] Stealth Rock","|turn|36","|","|switch|p2a: Garchomp|Garchomp, F|357/357","|move|p1a: Jellicent|Recover|p1a: Jellicent","|-heal|p1a: Jellicent|403/403","|","|turn|37","|","|move|p2a: Garchomp|Earthquake|p1a: Jellicent","|-crit|p1a: Jellicent","|-damage|p1a: Jellicent|73/403","|move|p1a: Jellicent|Scald|p2a: Garchomp","|-damage|p2a: Garchomp|254/357","|","|-heal|p1a: Jellicent|98/403|[from] item: Leftovers","|turn|38","|","|move|p2a: Garchomp|Earthquake|p1a: Jellicent","|-damage|p1a: Jellicent|0 fnt","|faint|p1a: Jellicent","|","|","|switch|p1a: Sableye|Sableye, F, shiny|205/304","|-damage|p1a: Sableye|167/304|[from] Stealth Rock","|turn|39","|","|move|p1a: Sableye|Will-O-Wisp|p2a: Garchomp","|-status|p2a: Garchomp|brn","|move|p2a: Garchomp|Earthquake|p1a: Sableye","|-damage|p1a: Sableye|67/304","|","|-damage|p2a: Garchomp|210/357 brn|[from] brn","|turn|40","|","|move|p1a: Sableye|Recover|p1a: Sableye","|-heal|p1a: Sableye|219/304","|move|p2a: Garchomp|Earthquake|p1a: Sableye","|-damage|p1a: Sableye|120/304","|","|-damage|p2a: Garchomp|166/357 brn|[from] brn","|turn|41","|","|detailschange|p1a: Sableye|Sableye-Mega, F, shiny","|-mega|p1a: Sableye|Sableye|Sablenite","|move|p1a: Sableye|Recover|p1a: Sableye","|-heal|p1a: Sableye|272/304","|move|p2a: Garchomp|Earthquake|p1a: Sableye","|-damage|p1a: Sableye|210/304","|","|-damage|p2a: Garchomp|122/357 brn|[from] brn","|turn|42","|","|switch|p2a: Seismitoad|Seismitoad, F|397/397","|move|p1a: Sableye|Recover|p1a: Sableye","|-heal|p1a: Sableye|304/304","|","|turn|43","|","|move|p2a: Seismitoad|Scald|p1a: Sableye","|-damage|p1a: Sableye|228/304","|-status|p1a: Sableye|brn","|move|p1a: Sableye|Knock Off|p2a: Seismitoad","|-damage|p2a: Seismitoad|337/397","|-enditem|p2a: Seismitoad|Assault Vest|[from] move: Knock Off|[of] p1a: Sableye","|","|-damage|p1a: Sableye|190/304 brn|[from] brn","|turn|44","|","|win|OSoundTrack"],"p1rating":{"entryid":"7076911","serverid":"eos","formatid":"monotype","userid":"zukushiku","username":"Zukushiku","w":"25","l":13,"t":"0","gxe":63.3,"r":"1593.8224445949","rd":"66.063989950501","sigma":"0","rptime":"1438765200","rpr":1603.8290812068,"rprd":56.617501188132,"rpsigma":"0","acre":1237.2040691935,"lacre":1237.2040691935,"oldacre":"1276.3595612807"},"p2rating":{"entryid":"7427579","serverid":"eos","formatid":"monotype","userid":"osoundtrack","username":"OSoundTrack","w":2,"l":"1","t":"0","gxe":56.9,"r":"1500","rd":"130","sigma":"0","rptime":"1438765200","rpr":1554.7718657433,"rprd":111.39849644572,"rpsigma":"0","acre":1103.4470791948,"lacre":1103.4470791948,"oldacre":"1053.3264267358"},"endType":"forfeit"}