{"seed":[25721,49459,30038,34164],"turns":37,"p1":"Guard Wanderer","p2":"Kre8noyz","p1team":[{"name":"Weezing","species":"Weezing","item":"sitrusberry","ability":"Levitate","moves":["toxicspikes","willowisp","memento","thief"],"nature":"Careful","evs":{"hp":248,"atk":8,"def":0,"spa":0,"spd":252,"spe":0},"ivs":{"hp":31,"atk":31,"def":31,"spa":31,"spd":31,"spe":31}},{"name":"Tentacruel","species":"Tentacruel","item":"assaultvest","ability":"Liquid Ooze","moves":["scald","acidspray","gigadrain","hex"],"nature":"Timid","evs":{"hp":0,"atk":0,"def":4,"spa":252,"spd":0,"spe":252},"ivs":{"hp":31,"atk":31,"def":31,"spa":31,"spd":31,"spe":31}},{"name":"Skuntank","species":"Skuntank","item":"","ability":"Stench","moves":["snatch","thief","suckerpunch","poisonjab"],"nature":"Adamant","evs":{"hp":248,"atk":252,"def":0,"spa":0,"spd":8,"spe":0},"ivs":{"hp":31,"atk":31,"def":31,"spa":31,"spd":31,"spe":31}},{"name":"Crobat","species":"Crobat","item":"whiteherb","ability":"Infiltrator","moves":["curse","acrobatics","roost","hypnosis"],"nature":"Jolly","evs":{"hp":248,"atk":8,"def":0,"spa":0,"spd":0,"spe":252},"ivs":{"hp":31,"atk":31,"def":31,"spa":31,"spd":31,"spe":31}},{"name":"Gengar","species":"Gengar","item":"choicescarf","ability":"Levitate","moves":["trick","destinybond","venoshock","hex"],"nature":"Timid","evs":{"hp":0,"atk":0,"def":0,"spa":252,"spd":4,"spe":252},"ivs":{"hp":31,"atk":31,"def":31,"spa":31,"spd":31,"spe":31}},{"name":"Amoonguss","species":"Amoonguss","item":"blacksludge","ability":"Regenerator","moves":["spore","gigadrain","gastroacid","stunspore"],"nature":"Calm","evs":{"hp":248,"atk":0,"def":0,"spa":8,"spd":252,"spe":0},"shiny":true,"ivs":{"hp":31,"atk":31,"def":31,"spa":31,"spd":31,"spe":31}}],"p2team":[{"name":"Swampert","species":"Swampert","item":"focussash","ability":"Damp","moves":["earthquake","brickbreak","icepunch","counter"],"nature":"Impish","evs":{"hp":8,"atk":252,"def":0,"spa":0,"spd":0,"spe":248},"happiness":0,"ivs":{"hp":31,"atk":31,"def":31,"spa":31,"spd":31,"spe":31}},{"name":"Starmie","species":"Starmie","item":"leftovers","ability":"Natural Cure","moves":["rapidspin","signalbeam","psychic","reflecttype"],"nature":"Timid","evs":{"hp":0,"atk":0,"def":4,"spa":188,"spd":64,"spe":252},"ivs":{"hp":31,"atk":31,"def":31,"spa":31,"spd":31,"spe":31}},{"name":"Keldeo-Resolute","species":"Keldeo-Resolute","item":"leftovers","ability":"Justified","moves":["surf","secretsword","hiddenpowerflying","calmmind"],"nature":"Timid","evs":{"hp":0,"atk":4,"def":0,"spa":252,"spd":0,"spe":252},"ivs":{"hp":30,"atk":30,"def":30,"spa":30,"spd":30,"spe":31}},{"name":"Politoed","species":"Politoed","item":"leftovers","ability":"Drizzle","moves":["endeavor","hypnosis","perishsong","scald"],"nature":"","evs":{"hp":0,"atk":0,"def":252,"spa":0,"spd":252,"spe":4},"ivs":{"hp":31,"atk":31,"def":31,"spa":31,"spd":31,"spe":31}},{"name":"Lapras","species":"Lapras","item":"leftovers","ability":"Hydration","moves":["raindance","confuseray","freezedry","surf"],"nature":"Timid","evs":{"hp":0,"atk":0,"def":4,"spa":252,"spd":0,"spe":252},"ivs":{"hp":31,"atk":31,"def":31,"spa":31,"spd":31,"spe":31}},{"name":"Kingdra","species":"Kingdra","item":"lifeorb","ability":"Swift Swim","moves":["clearsmog","dragonpulse","scald","raindance"],"nature":"","evs":{"hp":4,"atk":0,"def":0,"spa":252,"spd":0,"spe":252},"ivs":{"hp":31,"atk":31,"def":31,"spa":31,"spd":31,"spe":31}}],"log":["|player|p1|Guard Wanderer|235","|player|p2|Kre8noyz|163","|gametype|singles","|gen|6","|tier|Monotype","|rated","|rule|Baton Pass Clause: Limit one Baton Passer, can't pass Spe and other stats simultaneously","|rule|Swagger Clause: Swagger is banned","|rule|Same Type Clause: Pokémon in a team must share a type","|clearpoke","|poke|p1|Weezing, F","|poke|p1|Tentacruel, F","|poke|p1|Skuntank, F","|poke|p1|Crobat, M","|poke|p1|Gengar, F","|poke|p1|Amoonguss, M, shiny","|poke|p2|Swampert, F","|poke|p2|Starmie","|poke|p2|Keldeo-Resolute","|poke|p2|Politoed, M","|poke|p2|Lapras, F","|poke|p2|Kingdra, F","|rule|Sleep Clause Mod: Limit one foe put to sleep","|rule|Species Clause: Limit one of each Pokémon","|rule|OHKO Clause: OHKO moves are banned","|rule|Moody Clause: Moody is banned","|rule|Evasion Moves Clause: Evasion moves are banned","|rule|Endless Battle Clause: Forcing endless battles is banned","|rule|HP Percentage Mod: HP is shown in percentages","|teampreview","|","|start","|switch|p1a: Weezing|Weezing, F|333/333","|switch|p2a: Politoed|Politoed, M|321/321","|-weather|RainDance","|turn|1","|","|move|p2a: Politoed|Scald|p1a: Weezing","|-damage|p1a: Weezing|216/333","|-status|p1a: Weezing|brn","|move|p1a: Weezing|Toxic Spikes|p2a: Politoed","|-sidestart|p2: Kre8noyz|move: Toxic Spikes","|","|-weather|RainDance|[upkeep]","|-damage|p1a: Weezing|175/333 brn|[from] brn","|turn|2","|","|switch|p2a: Lapras|Lapras, F|401/401","|-status|p2a: Lapras|psn","|switch|p1a: Tentacruel|Tentacruel, F|301/301","|","|-weather|RainDance|[upkeep]","|-curestatus|p2a: Lapras|psn","|turn|3","|","|move|p1a: Tentacruel|Acid Spray|p2a: Lapras","|-damage|p2a: Lapras|346/401","|-unboost|p2a: Lapras|spd|2","|move|p2a: Lapras|Freeze-Dry|p1a: Tentacruel","|-supereffective|p1a: Tentacruel","|-damage|p1a: Tentacruel|185/301","|","|-weather|RainDance|[upkeep]","|-heal|p2a: Lapras|371/401|[from] item: Leftovers","|turn|4","|","|move|p1a: Tentacruel|Acid Spray|p2a: Lapras","|-damage|p2a: Lapras|260/401","|-unboost|p2a: Lapras|spd|2","|move|p2a: Lapras|Freeze-Dry|p1a: Tentacruel","|-supereffective|p1a: Tentacruel","|-damage|p1a: Tentacruel|69/301","|","|-weather|RainDance|[upkeep]","|-heal|p2a: Lapras|285/401|[from] item: Leftovers","|turn|5","|","|switch|p2a: Starmie|Starmie|261/261","|-status|p2a: Starmie|psn","|move|p1a: Tentacruel|Giga Drain|p2a: Starmie","|-supereffective|p2a: Starmie","|-damage|p2a: Starmie|123/261 psn","|-heal|p1a: Tentacruel|138/301|[from] drain|[of] p2a: Starmie","|","|-weather|none","|-heal|p2a: Starmie|139/261 psn|[from] item: Leftovers","|-damage|p2a: Starmie|107/261 psn|[from] psn","|turn|6","|","|switch|p1a: Skuntank|Skuntank, F|409/409","|move|p2a: Starmie|Psychic|p1a: Skuntank","|-immune|p1a: Skuntank|[msg]","|","|-heal|p2a: Starmie|123/261 psn|[from] item: Leftovers","|-damage|p2a: Starmie|91/261 psn|[from] psn","|turn|7","|","|move|p2a: Starmie|Rapid Spin|p1a: Skuntank","|-damage|p1a: Skuntank|392/409","|-sideend|p2: Kre8noyz|Toxic Spikes|[from] move: Rapid Spin|[of] p2a: Starmie","|move|p1a: Skuntank|Thief|p2a: Starmie","|-supereffective|p2a: Starmie","|-damage|p2a: Starmie|0 fnt","|-item|p1a: Skuntank|Leftovers|[from] move: Thief|[of] p2a: Starmie","|faint|p2a: Starmie","|","|-heal|p1a: Skuntank|409/409|[from] item: Leftovers","|","|switch|p2a: Politoed|Politoed, M|321/321","|-weather|RainDance","|turn|8","|","|switch|p1a: Amoonguss|Amoonguss, M, shiny|431/431","|move|p2a: Politoed|Scald|p1a: Amoonguss","|-resisted|p1a: Amoonguss","|-damage|p1a: Amoonguss|378/431","|","|-weather|RainDance|[upkeep]","|-heal|p1a: Amoonguss|404/431|[from] item: Black Sludge","|turn|9","|","|move|p2a: Politoed|Hypnosis|p1a: Amoonguss","|-status|p1a: Amoonguss|slp","|cant|p1a: Amoonguss|slp","|","|-weather|RainDance|[upkeep]","|-heal|p1a: Amoonguss|430/431 slp|[from] item: Black Sludge","|turn|10","|","|switch|p2a: Kingdra|Kingdra, F|292/292","|-curestatus|p1a: Amoonguss|slp","|move|p1a: Amoonguss|Spore|p2a: Kingdra","|-status|p2a: Kingdra|slp","|","|-weather|RainDance|[upkeep]","|-heal|p1a: Amoonguss|431/431|[from] item: Black Sludge","|turn|11","|","|switch|p2a: Lapras|Lapras, F|285/401","|move|p1a: Amoonguss|Gastro Acid|p2a: Lapras","|-endability|p2a: Lapras","|","|-weather|RainDance|[upkeep]","|-heal|p2a: Lapras|310/401|[from] item: Leftovers","|turn|12","|","|move|p2a: Lapras|Confuse Ray|p1a: Amoonguss","|-start|p1a: Amoonguss|confusion","|-activate|p1a: Amoonguss|confusion","|-damage|p1a: Amoonguss|397/431|[from] confusion","|","|-weather|none","|-heal|p2a: Lapras|335/401|[from] item: Leftovers","|-heal|p1a: Amoonguss|423/431|[from] item: Black Sludge","|turn|13","|","|move|p2a: Lapras|Freeze-Dry|p1a: Amoonguss","|-supereffective|p1a: Amoonguss","|-damage|p1a: Amoonguss|273/431","|-activate|p1a: Amoonguss|confusion","|move|p1a: Amoonguss|Stun Spore|p2a: Lapras","|-status|p2a: Lapras|par","|","|-heal|p1a: Amoonguss|299/431|[from] item: Black Sludge","|-heal|p2a: Lapras|360/401 par|[from] item: Leftovers","|turn|14","|","|switch|p1a: Weezing|Weezing, F|175/333 brn","|switch|p2a: Politoed|Politoed, M|321/321","|-weather|RainDance","|","|-weather|RainDance|[upkeep]","|-damage|p1a: Weezing|134/333 brn|[from] brn","|-enditem|p1a: Weezing|Sitrus Berry|[eat]","|-heal|p1a: Weezing|217/333 brn|[from] item: Sitrus Berry","|turn|15","|","|move|p2a: Politoed|Scald|p1a: Weezing","|-damage|p1a: Weezing|99/333 brn","|move|p1a: Weezing|Toxic Spikes|p2a: Politoed","|-sidestart|p2: Kre8noyz|move: Toxic Spikes","|","|-weather|RainDance|[upkeep]","|-damage|p1a: Weezing|58/333 brn|[from] brn","|turn|16","|","|switch|p1a: Amoonguss|Amoonguss, M, shiny|431/431","|move|p2a: Politoed|Scald|p1a: Amoonguss","|-resisted|p1a: Amoonguss","|-damage|p1a: Amoonguss|375/431","|-status|p1a: Amoonguss|brn","|","|-weather|RainDance|[upkeep]","|-heal|p1a: Amoonguss|401/431 brn|[from] item: Black Sludge","|-damage|p1a: Amoonguss|348/431 brn|[from] brn","|turn|17","|","|switch|p2a: Lapras|Lapras, F|360/401 par","|move|p1a: Amoonguss|Gastro Acid|p2a: Lapras","|-endability|p2a: Lapras","|","|-weather|RainDance|[upkeep]","|-heal|p1a: Amoonguss|374/431 brn|[from] item: Black Sludge","|-heal|p2a: Lapras|385/401 par|[from] item: Leftovers","|-damage|p1a: Amoonguss|321/431 brn|[from] brn","|turn|18","|","|move|p1a: Amoonguss|Giga Drain|p2a: Lapras","|-supereffective|p2a: Lapras","|-damage|p2a: Lapras|229/401 par","|-heal|p1a: Amoonguss|399/431 brn|[from] drain|[of] p2a: Lapras","|move|p2a: Lapras|Confuse Ray|p1a: Amoonguss","|-start|p1a: Amoonguss|confusion","|","|-weather|none","|-heal|p1a: Amoonguss|425/431 brn|[from] item: Black Sludge","|-heal|p2a: Lapras|254/401 par|[from] item: Leftovers","|-damage|p1a: Amoonguss|372/431 brn|[from] brn","|turn|19","|","|switch|p1a: Gengar|Gengar, F|261/261","|switch|p2a: Politoed|Politoed, M|321/321","|-status|p2a: Politoed|psn","|-weather|RainDance","|","|-weather|RainDance|[upkeep]","|-damage|p2a: Politoed|281/321 psn|[from] psn","|turn|20","|","|move|p1a: Gengar|Hex|p2a: Politoed","|-damage|p2a: Politoed|110/321 psn","|move|p2a: Politoed|Scald|p1a: Gengar","|-crit|p1a: Gengar","|-damage|p1a: Gengar|29/261","|","|-weather|RainDance|[upkeep]","|-heal|p2a: Politoed|130/321 psn|[from] item: Leftovers","|-damage|p2a: Politoed|90/321 psn|[from] psn","|turn|21","|","|move|p1a: Gengar|Hex|p2a: Politoed","|-damage|p2a: Politoed|0 fnt","|faint|p2a: Politoed","|","|-weather|RainDance|[upkeep]","|","|switch|p2a: Lapras|Lapras, F|254/401 par","|turn|22","|","|move|p1a: Gengar|Hex|p2a: Lapras","|-damage|p2a: Lapras|32/401 par","|move|p2a: Lapras|Freeze-Dry|p1a: Gengar","|-damage|p1a: Gengar|0 fnt","|faint|p1a: Gengar","|","|-weather|RainDance|[upkeep]","|-curestatus|p2a: Lapras|par","|-heal|p2a: Lapras|57/401|[from] item: Leftovers","|","|switch|p1a: Skuntank|Skuntank, F|409/409","|turn|23","|","|move|p2a: Lapras|Surf|p1a: Skuntank","|-damage|p1a: Skuntank|130/409","|move|p1a: Skuntank|Poison Jab|p2a: Lapras","|-damage|p2a: Lapras|0 fnt","|faint|p2a: Lapras","|","|-weather|none","|-heal|p1a: Skuntank|155/409|[from] item: Leftovers","|","|switch|p2a: Keldeo-Resolute|Keldeo-Resolute|322/322","|-status|p2a: Keldeo-Resolute|psn","|turn|24","|","|switch|p1a: Weezing|Weezing, F|58/333 brn","|move|p2a: Keldeo-Resolute|Calm Mind|p2a: Keldeo-Resolute","|-boost|p2a: Keldeo-Resolute|spa|1","|-boost|p2a: Keldeo-Resolute|spd|1","|","|-damage|p2a: Keldeo-Resolute|282/322 psn|[from] psn","|-damage|p1a: Weezing|17/333 brn|[from] brn","|turn|25","|","|move|p2a: Keldeo-Resolute|Hidden Power|p1a: Weezing","|-damage|p1a: Weezing|0 fnt","|faint|p1a: Weezing","|","|-heal|p2a: Keldeo-Resolute|302/322 psn|[from] item: Leftovers","|-damage|p2a: Keldeo-Resolute|262/322 psn|[from] psn","|","|switch|p1a: Tentacruel|Tentacruel, F|138/301","|turn|26","|","|move|p2a: Keldeo-Resolute|Surf|p1a: Tentacruel","|-resisted|p1a: Tentacruel","|-damage|p1a: Tentacruel|68/301","|move|p1a: Tentacruel|Acid Spray|p2a: Keldeo-Resolute","|-damage|p2a: Keldeo-Resolute|223/322 psn","|-unboost|p2a: Keldeo-Resolute|spd|2","|","|-heal|p2a: Keldeo-Resolute|243/322 psn|[from] item: Leftovers","|-damage|p2a: Keldeo-Resolute|203/322 psn|[from] psn","|turn|27","|","|switch|p1a: Amoonguss|Amoonguss, M, shiny|431/431 brn","|move|p2a: Keldeo-Resolute|Hidden Power|p1a: Amoonguss","|-supereffective|p1a: Amoonguss","|-damage|p1a: Amoonguss|257/431 brn","|","|-heal|p2a: Keldeo-Resolute|223/322 psn|[from] item: Leftovers","|-heal|p1a: Amoonguss|283/431 brn|[from] item: Black Sludge","|-damage|p2a: Keldeo-Resolute|183/322 psn|[from] psn","|-damage|p1a: Amoonguss|230/431 brn|[from] brn","|turn|28","|","|move|p2a: Keldeo-Resolute|Calm Mind|p2a: Keldeo-Resolute","|-boost|p2a: Keldeo-Resolute|spa|1","|-boost|p2a: Keldeo-Resolute|spd|1","|move|p1a: Amoonguss|Giga Drain|p2a: Keldeo-Resolute","|-supereffective|p2a: Keldeo-Resolute","|-damage|p2a: Keldeo-Resolute|9/322 psn","|-heal|p1a: Amoonguss|317/431 brn|[from] drain|[of] p2a: Keldeo-Resolute","|","|-heal|p2a: Keldeo-Resolute|29/322 psn|[from] item: Leftovers","|-heal|p1a: Amoonguss|343/431 brn|[from] item: Black Sludge","|-damage|p2a: Keldeo-Resolute|0 fnt|[from] psn","|-damage|p1a: Amoonguss|290/431 brn|[from] brn","|faint|p2a: Keldeo-Resolute","|","|switch|p2a: Kingdra|Kingdra, F|292/292 slp","|turn|29","|","|cant|p2a: Kingdra|slp","|move|p1a: Amoonguss|Gastro Acid|p2a: Kingdra","|-endability|p2a: Kingdra","|","|-heal|p1a: Amoonguss|316/431 brn|[from] item: Black Sludge","|-damage|p1a: Amoonguss|263/431 brn|[from] brn","|turn|30","|","|switch|p1a: Skuntank|Skuntank, F|155/409","|-curestatus|p2a: Kingdra|slp","|move|p2a: Kingdra|Rain Dance|p2a: Kingdra","|-weather|RainDance","|","|-weather|RainDance|[upkeep]","|-heal|p1a: Skuntank|180/409|[from] item: Leftovers","|turn|31","|","|move|p1a: Skuntank|Sucker Punch|p2a: Kingdra","|-damage|p2a: Kingdra|165/292","|move|p2a: Kingdra|Scald|p1a: Skuntank","|-damage|p1a: Skuntank|0 fnt","|-damage|p2a: Kingdra|136/292|[from] item: Life Orb","|faint|p1a: Skuntank","|","|-weather|RainDance|[upkeep]","|","|switch|p1a: Crobat|Crobat, M|373/373","|turn|32","|","|move|p1a: Crobat|Hypnosis|p2a: Kingdra","|-status|p2a: Kingdra|slp","|cant|p2a: Kingdra|slp","|","|-weather|RainDance|[upkeep]","|turn|33","|","|move|p1a: Crobat|Curse|p1a: Crobat","|-unboost|p1a: Crobat|spe|1","|-boost|p1a: Crobat|atk|1","|-boost|p1a: Crobat|def|1","|-enditem|p1a: Crobat|White Herb","|-restoreboost|p1a: Crobat|[silent]","|cant|p2a: Kingdra|slp","|","|-weather|RainDance|[upkeep]","|turn|34","|","|move|p1a: Crobat|Acrobatics|p2a: Kingdra","|-damage|p2a: Kingdra|0 fnt","|faint|p2a: Kingdra","|","|-weather|none","|","|switch|p2a: Swampert|Swampert, F|343/343","|-status|p2a: Swampert|psn","|turn|35","|","|move|p1a: Crobat|Acrobatics|p2a: Swampert","|-damage|p2a: Swampert|154/343 psn","|move|p2a: Swampert|Ice Punch|p1a: Crobat","|-supereffective|p1a: Crobat","|-damage|p1a: Crobat|241/373","|-status|p1a: Crobat|frz","|","|-damage|p2a: Swampert|112/343 psn|[from] psn","|turn|36","|","|cant|p1a: Crobat|frz","|move|p2a: Swampert|Ice Punch|p1a: Crobat","|-crit|p1a: Crobat","|-supereffective|p1a: Crobat","|-damage|p1a: Crobat|0 fnt","|faint|p1a: Crobat","|","|-damage|p2a: Swampert|70/343 psn|[from] psn","|","|switch|p1a: Tentacruel|Tentacruel, F|68/301","|turn|37","|","|move|p1a: Tentacruel|Giga Drain|p2a: Swampert","|-supereffective|p2a: Swampert","|-damage|p2a: Swampert|0 fnt","|-heal|p1a: Tentacruel|103/301|[from] drain|[of] p2a: Swampert","|faint|p2a: Swampert","|","|win|Guard Wanderer"],"p1rating":{"entryid":"6731189","serverid":"eos","formatid":"monotype","userid":"guardwanderer","username":"Guard Wanderer","w":78,"l":"115","t":"0","gxe":38.7,"r":"1416.6716065611","rd":"31.012894024758","sigma":"0","rptime":"1438765200","rpr":1413.0743558836,"rprd":29.472620552888,"rpsigma":"0","acre":1063.327163715,"lacre":1063.327163715,"oldacre":"1008.6364866946"},"p2rating":{"entryid":"6510480","serverid":"eos","formatid":"monotype","userid":"kre8noyz","username":"Kre8noyz","w":"38","l":52,"t":"0","gxe":43.3,"r":"1441.0462420764","rd":"42.573299025206","sigma":"0","rptime":"1438765200","rpr":1448.922847669,"rprd":41.232211408691,"rpsigma":"0","acre":1125.9251234508,"lacre":1125.9251234508,"oldacre":"1161.2508858779"},"endType":"normal"}