{"seed":[21250,18256,19573,32567],"turns":28,"p1":"IV Wiley","p2":"Rain ☆ Fae","p1team":[{"name":"Tuba","species":"slurpuff","item":"sitrusberry","ability":"Unburden","moves":["bellydrum","drainpunch","playrough","aromatherapy"],"nature":"Jolly","evs":{"hp":4,"atk":252,"def":0,"spa":0,"spd":0,"spe":252},"ivs":{"hp":31,"atk":31,"def":31,"spa":31,"spd":31,"spe":31}},{"name":"Clarinet","species":"azumarill","item":"sitrusberry","ability":"Huge Power","moves":["bellydrum","aquajet","brickbreak","playrough"],"nature":"Adamant","evs":{"hp":252,"atk":252,"def":0,"spa":0,"spd":4,"spe":0},"ivs":{"hp":31,"atk":31,"def":31,"spa":31,"spd":31,"spe":31}},{"name":"Flute","species":"gardevoir","item":"gardevoirite","ability":"Synchronize","moves":["psyshock","hypervoice","energyball","focusblast"],"nature":"Modest","evs":{"hp":248,"atk":0,"def":0,"spa":252,"spd":8,"spe":0},"ivs":{"hp":31,"atk":31,"def":31,"spa":31,"spd":31,"spe":31}},{"name":"Alto","species":"togekiss","item":"choicescarf","ability":"Serene Grace","moves":["airslash","flamethrower","aurasphere","dazzlinggleam"],"nature":"Timid","evs":{"hp":0,"atk":0,"def":0,"spa":252,"spd":4,"spe":252},"ivs":{"hp":31,"atk":31,"def":31,"spa":31,"spd":31,"spe":31}},{"name":"Sax","species":"klefki","item":"lightclay","ability":"Prankster","moves":["thunderwave","lightscreen","reflect","foulplay"],"nature":"Bold","evs":{"hp":248,"atk":0,"def":252,"spa":0,"spd":8,"spe":0},"ivs":{"hp":31,"atk":31,"def":31,"spa":31,"spd":31,"spe":31}},{"name":"Trumpet","species":"sylveon","item":"leftovers","ability":"Pixilate","moves":["hypervoice","wish","protect","calmmind"],"nature":"Calm","evs":{"hp":252,"atk":0,"def":0,"spa":4,"spd":252,"spe":0},"ivs":{"hp":31,"atk":31,"def":31,"spa":31,"spd":31,"spe":31}}],"p2team":[{"name":"Skarmory","species":"Skarmory","item":"leftovers","ability":"Sturdy","moves":["bravebird","stealthrock","roost","whirlwind"],"nature":"Impish","evs":{"hp":252,"atk":0,"def":232,"spa":0,"spd":0,"spe":24},"ivs":{"hp":31,"atk":31,"def":31,"spa":31,"spd":31,"spe":31}},{"name":"Jirachi","species":"Jirachi","item":"kingsrock","ability":"Serene Grace","moves":["meteormash","firepunch","icepunch","thunderpunch"],"nature":"Jolly","evs":{"hp":0,"atk":252,"def":0,"spa":0,"spd":4,"spe":252},"ivs":{"hp":31,"atk":31,"def":31,"spa":31,"spd":31,"spe":31}},{"name":"Bisharp","species":"Bisharp","item":"focussash","ability":"Defiant","moves":["swordsdance","suckerpunch","ironhead","aerialace"],"nature":"Adamant","evs":{"hp":248,"atk":252,"def":0,"spa":0,"spd":8,"spe":0},"ivs":{"hp":31,"atk":31,"def":31,"spa":31,"spd":31,"spe":31}},{"name":"EVH","species":"heatran","item":"airballoon","ability":"Flash Fire","moves":["eruption","dragonpulse","ancientpower","earthpower"],"nature":"Quiet","evs":{"hp":248,"atk":0,"def":0,"spa":252,"spd":8,"spe":0},"ivs":{"hp":31,"atk":31,"def":31,"spa":31,"spd":31,"spe":31}},{"name":"Excadrill","species":"Excadrill","item":"choicescarf","ability":"Mold Breaker","moves":["earthquake","rockslide","rapidspin","ironhead"],"nature":"Jolly","evs":{"hp":0,"atk":252,"def":0,"spa":0,"spd":4,"spe":252},"ivs":{"hp":31,"atk":31,"def":31,"spa":31,"spd":31,"spe":31}},{"name":"Magnezone","species":"Magnezone","item":"choicespecs","ability":"Magnet Pull","moves":["voltswitch","hiddenpowerfire","flashcannon","thunderbolt"],"nature":"Modest","evs":{"hp":172,"atk":0,"def":0,"spa":252,"spd":0,"spe":84},"ivs":{"atk":30,"spa":30,"spe":30,"hp":31,"def":31,"spd":31}}],"log":["|player|p1|IV Wiley|264","|player|p2|Rain ☆ Fae|233","|gametype|singles","|gen|6","|tier|Monotype","|rated","|rule|Baton Pass Clause: Limit one Baton Passer, can't pass Spe and other stats simultaneously","|rule|Swagger Clause: Swagger is banned","|rule|Same Type Clause: Pokémon in a team must share a type","|clearpoke","|poke|p1|Slurpuff, F","|poke|p1|Azumarill, F","|poke|p1|Gardevoir, F","|poke|p1|Togekiss, F","|poke|p1|Klefki, M","|poke|p1|Sylveon, F","|poke|p2|Skarmory, F","|poke|p2|Jirachi","|poke|p2|Bisharp, M","|poke|p2|Heatran, F","|poke|p2|Excadrill, F","|poke|p2|Magnezone","|rule|Sleep Clause Mod: Limit one foe put to sleep","|rule|Species Clause: Limit one of each Pokémon","|rule|OHKO Clause: OHKO moves are banned","|rule|Moody Clause: Moody is banned","|rule|Evasion Moves Clause: Evasion moves are banned","|rule|Endless Battle Clause: Forcing endless battles is banned","|rule|HP Percentage Mod: HP is shown in percentages","|teampreview","|","|start","|switch|p1a: Sax|Klefki, M|317/317","|switch|p2a: Jirachi|Jirachi|341/341","|turn|1","|","|move|p1a: Sax|Thunder Wave|p2a: Jirachi","|-status|p2a: Jirachi|par","|move|p2a: Jirachi|Meteor Mash|p1a: Sax|[miss]","|-miss|p2a: Jirachi|p1a: Sax","|","|turn|2","|","|move|p1a: Sax|Reflect|p1a: Sax","|-sidestart|p1: IV Wiley|Reflect","|move|p2a: Jirachi|Fire Punch|p1a: Sax","|-supereffective|p1a: Sax","|-damage|p1a: Sax|265/317","|","|turn|3","|","|move|p1a: Sax|Foul Play|p2a: Jirachi","|-supereffective|p2a: Jirachi","|-damage|p2a: Jirachi|155/341 par","|move|p2a: Jirachi|Meteor Mash|p1a: Sax","|-damage|p1a: Sax|217/317","|","|turn|4","|","|switch|p2a: Magnezone|Magnezone|324/324","|move|p1a: Sax|Foul Play|p2a: Magnezone","|-damage|p2a: Magnezone|281/324","|","|turn|5","|","|move|p1a: Sax|Light Screen|p1a: Sax","|-sidestart|p1: IV Wiley|move: Light Screen","|move|p2a: Magnezone|Hidden Power|p1a: Sax","|-supereffective|p1a: Sax","|-damage|p1a: Sax|80/317","|","|turn|6","|","|move|p1a: Sax|Foul Play|p2a: Magnezone","|-crit|p2a: Magnezone","|-damage|p2a: Magnezone|208/324","|move|p2a: Magnezone|Hidden Power|p1a: Sax","|-supereffective|p1a: Sax","|-damage|p1a: Sax|0 fnt","|faint|p1a: Sax","|","|","|switch|p1a: Clarinet|Azumarill, F|404/404","|turn|7","|","|switch|p2a: Jirachi|Jirachi|155/341 par","|move|p1a: Clarinet|Belly Drum|p1a: Clarinet","|-damage|p1a: Clarinet|202/404","|-setboost|p1a: Clarinet|atk|6|[from] move: Belly Drum","|-enditem|p1a: Clarinet|Sitrus Berry|[eat]","|-heal|p1a: Clarinet|303/404|[from] item: Sitrus Berry","|","|turn|8","|","|move|p1a: Clarinet|Brick Break|p2a: Jirachi","|-damage|p2a: Jirachi|0 fnt","|faint|p2a: Jirachi","|","|","|switch|p2a: Skarmory|Skarmory, F|334/334","|turn|9","|","|move|p1a: Clarinet|Aqua Jet|p2a: Skarmory","|-damage|p2a: Skarmory|145/334","|move|p2a: Skarmory|Whirlwind|p1a: Clarinet","|drag|p1a: Flute|Gardevoir, F|339/339","|","|-heal|p2a: Skarmory|165/334|[from] item: Leftovers","|-sideend|p1: IV Wiley|Reflect","|turn|10","|","|detailschange|p1a: Flute|Gardevoir-Mega, F","|-mega|p1a: Flute|Gardevoir|Gardevoirite","|move|p1a: Flute|Focus Blast|p2a: Skarmory","|-damage|p2a: Skarmory|0 fnt","|faint|p2a: Skarmory","|","|","|switch|p2a: Bisharp|Bisharp, M|333/333","|turn|11","|","|move|p1a: Flute|Hyper Voice|p2a: Bisharp","|-enditem|p2a: Bisharp|Focus Sash","|-damage|p2a: Bisharp|1/333","|move|p2a: Bisharp|Iron Head|p1a: Flute","|-supereffective|p1a: Flute","|-damage|p1a: Flute|0 fnt","|faint|p1a: Flute","|","|","|switch|p1a: Clarinet|Azumarill, F|303/404","|turn|12","|","|move|p2a: Bisharp|Sucker Punch|p1a: Clarinet","|-resisted|p1a: Clarinet","|-damage|p1a: Clarinet|213/404","|move|p1a: Clarinet|Aqua Jet|p2a: Bisharp","|-damage|p2a: Bisharp|0 fnt","|faint|p2a: Bisharp","|","|-sideend|p1: IV Wiley|move: Light Screen","|","|switch|p2a: Magnezone|Magnezone|208/324","|turn|13","|","|move|p1a: Clarinet|Aqua Jet|p2a: Magnezone","|-damage|p2a: Magnezone|129/324","|move|p2a: Magnezone|Volt Switch|p1a: Clarinet","|-supereffective|p1a: Clarinet","|-damage|p1a: Clarinet|0 fnt","|faint|p1a: Clarinet","|","|switch|p2a: EVH|Heatran, F|385/385","|-item|p2a: EVH|Air Balloon","|","|","|switch|p1a: Tuba|Slurpuff, F|306/306","|turn|14","|","|move|p1a: Tuba|Belly Drum|p1a: Tuba","|-damage|p1a: Tuba|153/306","|-setboost|p1a: Tuba|atk|6|[from] move: Belly Drum","|-enditem|p1a: Tuba|Sitrus Berry|[eat]","|-heal|p1a: Tuba|229/306|[from] item: Sitrus Berry","|move|p2a: EVH|Eruption|p1a: Tuba","|-damage|p1a: Tuba|0 fnt","|faint|p1a: Tuba","|","|","|switch|p1a: Alto|Togekiss, F|311/311","|turn|15","|","|move|p1a: Alto|Air Slash|p2a: EVH","|-resisted|p2a: EVH","|-damage|p2a: EVH|328/385","|-enditem|p2a: EVH|Air Balloon","|move|p2a: EVH|Ancient Power|p1a: Alto","|-supereffective|p1a: Alto","|-damage|p1a: Alto|163/311","|","|turn|16","|","|move|p1a: Alto|Air Slash|p2a: EVH","|-resisted|p2a: EVH","|-damage|p2a: EVH|265/385","|cant|p2a: EVH|flinch","|","|turn|17","|","|move|p1a: Alto|Air Slash|p2a: EVH","|-resisted|p2a: EVH","|-damage|p2a: EVH|201/385","|move|p2a: EVH|Ancient Power|p1a: Alto","|-supereffective|p1a: Alto","|-damage|p1a: Alto|15/311","|","|turn|18","|","|move|p1a: Alto|Air Slash|p2a: EVH","|-resisted|p2a: EVH","|-damage|p2a: EVH|143/385","|cant|p2a: EVH|flinch","|","|turn|19","|","|move|p1a: Alto|Air Slash|p2a: EVH","|-resisted|p2a: EVH","|-damage|p2a: EVH|82/385","|move|p2a: EVH|Ancient Power|p1a: Alto","|-supereffective|p1a: Alto","|-damage|p1a: Alto|0 fnt","|-boost|p2a: EVH|atk|1","|-boost|p2a: EVH|def|1","|-boost|p2a: EVH|spa|1","|-boost|p2a: EVH|spd|1","|-boost|p2a: EVH|spe|1","|faint|p1a: Alto","|","|","|switch|p1a: Trumpet|Sylveon, F|394/394","|turn|20","|","|move|p2a: EVH|Earth Power|p1a: Trumpet","|-damage|p1a: Trumpet|288/394","|move|p1a: Trumpet|Hyper Voice|p2a: EVH","|-resisted|p2a: EVH","|-damage|p2a: EVH|60/385","|","|-heal|p1a: Trumpet|312/394|[from] item: Leftovers","|turn|21","|","|move|p2a: EVH|Earth Power|p1a: Trumpet","|-damage|p1a: Trumpet|209/394","|move|p1a: Trumpet|Wish|p1a: Trumpet","|","|-heal|p1a: Trumpet|233/394|[from] item: Leftovers","|turn|22","|","|move|p2a: EVH|Ancient Power|p1a: Trumpet","|-damage|p1a: Trumpet|163/394","|move|p1a: Trumpet|Calm Mind|p1a: Trumpet","|-boost|p1a: Trumpet|spa|1","|-boost|p1a: Trumpet|spd|1","|","|-heal|p1a: Trumpet|360/394|[from] move: Wish|[wisher] Trumpet","|-heal|p1a: Trumpet|384/394|[from] item: Leftovers","|turn|23","|","|switch|p2a: Magnezone|Magnezone|129/324","|move|p1a: Trumpet|Calm Mind|p1a: Trumpet","|-boost|p1a: Trumpet|spa|1","|-boost|p1a: Trumpet|spd|1","|","|-heal|p1a: Trumpet|394/394|[from] item: Leftovers","|turn|24","|","|move|p2a: Magnezone|Flash Cannon|p1a: Trumpet","|-supereffective|p1a: Trumpet","|-damage|p1a: Trumpet|260/394","|move|p1a: Trumpet|Wish|p1a: Trumpet","|","|-heal|p1a: Trumpet|284/394|[from] item: Leftovers","|turn|25","|","|move|p2a: Magnezone|Flash Cannon|p1a: Trumpet","|-supereffective|p1a: Trumpet","|-damage|p1a: Trumpet|128/394","|move|p1a: Trumpet|Calm Mind|p1a: Trumpet","|-boost|p1a: Trumpet|spa|1","|-boost|p1a: Trumpet|spd|1","|","|-heal|p1a: Trumpet|325/394|[from] move: Wish|[wisher] Trumpet","|-heal|p1a: Trumpet|349/394|[from] item: Leftovers","|turn|26","|","|move|p2a: Magnezone|Flash Cannon|p1a: Trumpet","|-supereffective|p1a: Trumpet","|-damage|p1a: Trumpet|241/394","|move|p1a: Trumpet|Wish|p1a: Trumpet","|","|-heal|p1a: Trumpet|265/394|[from] item: Leftovers","|turn|27","|","|switch|p2a: Excadrill|Excadrill, F|361/361","|-ability|p2a: Excadrill|Mold Breaker","|move|p1a: Trumpet|Calm Mind|p1a: Trumpet","|-boost|p1a: Trumpet|spa|1","|-boost|p1a: Trumpet|spd|1","|","|-heal|p1a: Trumpet|394/394|[from] move: Wish|[wisher] Trumpet","|turn|28","|","|move|p2a: Excadrill|Iron Head|p1a: Trumpet","|-supereffective|p1a: Trumpet","|-damage|p1a: Trumpet|0 fnt","|faint|p1a: Trumpet","|","|win|Rain ☆ Fae"],"p1rating":{"entryid":"7406762","serverid":"eos","formatid":"monotype","userid":"ivwiley","username":"IV Wiley","w":"1","l":1,"t":"0","gxe":50.5,"r":"1500","rd":"130","sigma":"0","rptime":"1438678800","rpr":1503.643583534,"rprd":116.21665084089,"rpsigma":"0","acre":1037.4333843994,"lacre":1037.4333843994,"oldacre":"1051.110072995"},"p2rating":{"entryid":"7105533","serverid":"eos","formatid":"monotype","userid":"rainfae","username":"Rain ☆ Fae","w":20,"l":"13","t":"0","gxe":56.6,"r":"1554.7630827338","rd":"61.886972693948","sigma":"0","rptime":"1438678800","rpr":1550.3601607683,"rprd":60.208340166151,"rpsigma":"0","acre":1150.305635505,"lacre":1150.305635505,"oldacre":"1130.9516602989"},"endType":"normal"}