{"seed":[61690,59414,19846,51836],"turns":19,"p1":"Twizz","p2":"MASTA_X용의☆사용자","p1team":[{"name":"Magnezone","species":"Magnezone","item":"leftovers","ability":"Sturdy","moves":["flashcannon","thunderbolt","protect","hiddenpowerice"],"nature":"Modest","evs":{"hp":76,"atk":0,"def":180,"spa":252,"spd":0,"spe":0},"ivs":{"hp":31,"atk":30,"def":30,"spa":31,"spd":31,"spe":31}},{"name":"Zapdos","species":"Zapdos","item":"leftovers","ability":"Pressure","moves":["discharge","heatwave","toxic","roost"],"nature":"Bold","evs":{"hp":4,"atk":0,"def":252,"spa":0,"spd":252,"spe":0},"ivs":{"hp":31,"atk":31,"def":31,"spa":31,"spd":31,"spe":31}},{"name":"Ampharos","species":"Ampharos","item":"ampharosite","ability":"Static","moves":["cottonguard","rest","sleeptalk","dragonpulse"],"nature":"Bold","evs":{"hp":0,"atk":0,"def":252,"spa":136,"spd":120,"spe":0},"ivs":{"hp":31,"atk":31,"def":31,"spa":31,"spd":31,"spe":31}},{"name":"Raikou","species":"Raikou","item":"leftovers","ability":"Pressure","moves":["calmmind","substitute","thunderbolt","extrasensory"],"nature":"Timid","evs":{"hp":0,"atk":0,"def":0,"spa":252,"spd":4,"spe":252},"ivs":{"hp":31,"atk":31,"def":31,"spa":31,"spd":31,"spe":31}},{"name":"Rotom-Wash","species":"Rotom-Wash","item":"choicescarf","ability":"Levitate","moves":["voltswitch","hydropump","willowisp","trick"],"nature":"Timid","evs":{"hp":0,"atk":0,"def":0,"spa":252,"spd":4,"spe":252},"ivs":{"hp":31,"atk":31,"def":31,"spa":31,"spd":31,"spe":31}},{"name":"Condom","species":"eelektross","item":"assaultvest","ability":"Levitate","moves":["gigadrain","thunderbolt","drainpunch","knockoff"],"nature":"Quiet","evs":{"hp":3,"atk":136,"def":0,"spa":108,"spd":252,"spe":0},"ivs":{"hp":31,"atk":31,"def":31,"spa":31,"spd":31,"spe":31}}],"p2team":[{"name":"ガブリアス","species":"garchomp","item":"rockyhelmet","ability":"Rough Skin","moves":["stealthrock","earthquake","dragontail","endure"],"nature":"Impish","evs":{"hp":252,"atk":0,"def":232,"spa":0,"spd":24,"spe":0},"ivs":{"hp":31,"atk":31,"def":31,"spa":31,"spd":31,"spe":31}},{"name":"オンバーン","species":"noivern","item":"choicespecs","ability":"Infiltrator","moves":["flamethrower","hurricane","dracometeor","darkpulse"],"nature":"Timid","evs":{"hp":0,"atk":0,"def":4,"spa":252,"spd":0,"spe":252},"ivs":{"hp":31,"atk":31,"def":31,"spa":31,"spd":31,"spe":31}},{"name":"チルタリス","species":"altaria","item":"altarianite","ability":"Natural Cure","moves":["dragondance","frustration","earthquake","roost"],"nature":"Adamant","evs":{"hp":188,"atk":68,"def":0,"spa":0,"spd":0,"spe":252},"happiness":0,"ivs":{"hp":31,"atk":31,"def":31,"spa":31,"spd":31,"spe":31}},{"name":"ラティオス","species":"latios","item":"choicescarf","ability":"Levitate","moves":["hiddenpowerfire","dragonpulse","psyshock","trick"],"nature":"Timid","evs":{"hp":0,"atk":0,"def":4,"spa":252,"spd":0,"spe":252},"ivs":{"hp":31,"atk":30,"def":31,"spa":30,"spd":31,"spe":30}},{"name":"キュレム","species":"kyuremblack","item":"lifeorb","ability":"Teravolt","moves":["icebeam","outrage","fusionbolt","ironhead"],"nature":"Naive","evs":{"hp":0,"atk":100,"def":0,"spa":180,"spd":0,"spe":228},"shiny":true,"ivs":{"hp":31,"atk":31,"def":31,"spa":31,"spd":31,"spe":31}},{"name":"ボーマンダ","species":"salamence","item":"choicescarf","ability":"Moxie","moves":["outrage","aerialace","steelwing","earthquake"],"nature":"Jolly","evs":{"hp":0,"atk":252,"def":4,"spa":0,"spd":0,"spe":252},"ivs":{"hp":31,"atk":31,"def":31,"spa":31,"spd":31,"spe":31}}],"log":["|player|p1|Twizz|122","|player|p2|MASTA_X용의☆사용자|alliancewutang.png","|gametype|singles","|gen|6","|tier|Monotype","|rated","|rule|Baton Pass Clause: Limit one Baton Passer, can't pass Spe and other stats simultaneously","|rule|Swagger Clause: Swagger is banned","|rule|Same Type Clause: Pokémon in a team must share a type","|clearpoke","|poke|p1|Magnezone","|poke|p1|Zapdos","|poke|p1|Ampharos, M","|poke|p1|Raikou","|poke|p1|Rotom-Wash","|poke|p1|Eelektross, F","|poke|p2|Garchomp, F","|poke|p2|Noivern, M","|poke|p2|Altaria, M","|poke|p2|Latios, M","|poke|p2|Kyurem-Black, shiny","|poke|p2|Salamence, M","|rule|Sleep Clause Mod: Limit one foe put to sleep","|rule|Species Clause: Limit one of each Pokémon","|rule|OHKO Clause: OHKO moves are banned","|rule|Moody Clause: Moody is banned","|rule|Evasion Moves Clause: Evasion moves are banned","|rule|Endless Battle Clause: Forcing endless battles is banned","|rule|HP Percentage Mod: HP is shown in percentages","|teampreview","|","|start","|switch|p1a: Rotom-Wash|Rotom-Wash|241/241","|switch|p2a: ガブリアス|Garchomp, F|420/420","|turn|1","|","|move|p1a: Rotom-Wash|Will-O-Wisp|p2a: ガブリアス","|-status|p2a: ガブリアス|brn","|move|p2a: ガブリアス|Stealth Rock|p1a: Rotom-Wash","|-sidestart|p1: Twizz|move: Stealth Rock","|","|-damage|p2a: ガブリアス|368/420 brn|[from] brn","|turn|2","|","|switch|p1a: Magnezone|Magnezone|300/300","|-damage|p1a: Magnezone|282/300|[from] Stealth Rock","|move|p2a: ガブリアス|Dragon Tail|p1a: Magnezone","|-resisted|p1a: Magnezone","|-damage|p1a: Magnezone|264/300","|drag|p1a: Condom|Eelektross, F|311/311","|-damage|p1a: Condom|273/311|[from] Stealth Rock","|","|-damage|p2a: ガブリアス|316/420 brn|[from] brn","|turn|3","|","|move|p1a: Condom|Knock Off|p2a: ガブリアス","|-damage|p2a: ガブリアス|236/420 brn","|-damage|p1a: Condom|235/311|[from] ability: Rough Skin|[of] p2a: ガブリアス","|-damage|p1a: Condom|184/311|[from] item: Rocky Helmet|[of] p2a: ガブリアス","|-enditem|p2a: ガブリアス|Rocky Helmet|[from] move: Knock Off|[of] p1a: Condom","|move|p2a: ガブリアス|Dragon Tail|p1a: Condom","|-damage|p1a: Condom|132/311","|drag|p1a: Zapdos|Zapdos|322/322","|-damage|p1a: Zapdos|242/322|[from] Stealth Rock","|-ability|p1a: Zapdos|Pressure","|","|-heal|p1a: Zapdos|262/322|[from] item: Leftovers","|-damage|p2a: ガブリアス|184/420 brn|[from] brn","|turn|4","|","|switch|p2a: キュレム|Kyurem-Black, shiny|391/391","|-ability|p2a: キュレム|Teravolt","|move|p1a: Zapdos|Roost|p1a: Zapdos","|-heal|p1a: Zapdos|322/322","|","|turn|5","|","|move|p2a: キュレム|Ice Beam|p1a: Zapdos","|-supereffective|p1a: Zapdos","|-damage|p1a: Zapdos|26/322","|-damage|p2a: キュレム|352/391|[from] item: Life Orb","|move|p1a: Zapdos|Toxic|p2a: キュレム","|-status|p2a: キュレム|tox","|","|-heal|p1a: Zapdos|46/322|[from] item: Leftovers","|-damage|p2a: キュレム|328/391 tox|[from] psn","|turn|6","|","|switch|p1a: Magnezone|Magnezone|264/300","|-damage|p1a: Magnezone|246/300|[from] Stealth Rock","|move|p2a: キュレム|Ice Beam|p1a: Magnezone","|-resisted|p1a: Magnezone","|-damage|p1a: Magnezone|141/300","|-status|p1a: Magnezone|frz","|-damage|p2a: キュレム|289/391 tox|[from] item: Life Orb","|","|-heal|p1a: Magnezone|159/300 frz|[from] item: Leftovers","|-damage|p2a: キュレム|241/391 tox|[from] psn","|turn|7","|","|switch|p2a: ガブリアス|Garchomp, F|184/420 brn","|cant|p1a: Magnezone|frz","|","|-heal|p1a: Magnezone|177/300 frz|[from] item: Leftovers","|-damage|p2a: ガブリアス|132/420 brn|[from] brn","|turn|8","|","|cant|p1a: Magnezone|frz","|move|p2a: ガブリアス|Earthquake|p1a: Magnezone","|-supereffective|p1a: Magnezone","|-damage|p1a: Magnezone|0 fnt","|faint|p1a: Magnezone","|","|-damage|p2a: ガブリアス|80/420 brn|[from] brn","|","|switch|p1a: Ampharos|Ampharos, M|321/321","|-damage|p1a: Ampharos|281/321|[from] Stealth Rock","|turn|9","|","|detailschange|p1a: Ampharos|Ampharos-Mega, M","|-mega|p1a: Ampharos|Ampharos|Ampharosite","|-ability|p1a: Ampharos|Mold Breaker","|move|p2a: ガブリアス|Earthquake|p1a: Ampharos","|-supereffective|p1a: Ampharos","|-damage|p1a: Ampharos|170/321","|move|p1a: Ampharos|Cotton Guard|p1a: Ampharos","|-boost|p1a: Ampharos|def|3","|","|-damage|p2a: ガブリアス|28/420 brn|[from] brn","|turn|10","|","|move|p2a: ガブリアス|Earthquake|p1a: Ampharos","|-supereffective|p1a: Ampharos","|-damage|p1a: Ampharos|125/321","|move|p1a: Ampharos|Dragon Pulse|p2a: ガブリアス","|-supereffective|p2a: ガブリアス","|-damage|p2a: ガブリアス|0 fnt","|faint|p2a: ガブリアス","|","|","|switch|p2a: ラティオス|Latios, M|301/301","|turn|11","|","|switch|p1a: Zapdos|Zapdos|46/322","|-damage|p1a: Zapdos|0 fnt|[from] Stealth Rock","|faint|p1a: Zapdos","|move|p2a: ラティオス|Dragon Pulse|p1: Zapdos|[notarget]","|-notarget","|","|","|switch|p1a: Condom|Eelektross, F|132/311","|-damage|p1a: Condom|94/311|[from] Stealth Rock","|turn|12","|","|move|p2a: ラティオス|Dragon Pulse|p1a: Condom","|-damage|p1a: Condom|3/311","|move|p1a: Condom|Knock Off|p2a: ラティオス","|-supereffective|p2a: ラティオス","|-damage|p2a: ラティオス|77/301","|-enditem|p2a: ラティオス|Choice Scarf|[from] move: Knock Off|[of] p1a: Condom","|","|turn|13","|","|move|p2a: ラティオス|Dragon Pulse|p1a: Condom","|-damage|p1a: Condom|0 fnt","|faint|p1a: Condom","|","|","|switch|p1a: Rotom-Wash|Rotom-Wash|241/241","|-damage|p1a: Rotom-Wash|211/241|[from] Stealth Rock","|turn|14","|","|move|p1a: Rotom-Wash|Hydro Pump|p2a: ラティオス","|-resisted|p2a: ラティオス","|-damage|p2a: ラティオス|3/301","|move|p2a: ラティオス|Psyshock|p1a: Rotom-Wash","|-damage|p1a: Rotom-Wash|81/241","|","|turn|15","|","|move|p1a: Rotom-Wash|Hydro Pump|p2a: ラティオス","|-resisted|p2a: ラティオス","|-damage|p2a: ラティオス|0 fnt","|faint|p2a: ラティオス","|","|","|switch|p2a: キュレム|Kyurem-Black, shiny|241/391 tox","|-ability|p2a: キュレム|Teravolt","|turn|16","|","|move|p1a: Rotom-Wash|Hydro Pump|p2a: キュレム","|-resisted|p2a: キュレム","|-damage|p2a: キュレム|134/391 tox","|move|p2a: キュレム|Outrage|p1a: Rotom-Wash","|-damage|p1a: Rotom-Wash|0 fnt","|-damage|p2a: キュレム|95/391 tox|[from] item: Life Orb","|faint|p1a: Rotom-Wash","|","|-damage|p2a: キュレム|71/391 tox|[from] psn","|","|switch|p1a: Raikou|Raikou|321/321","|-damage|p1a: Raikou|281/321|[from] Stealth Rock","|-ability|p1a: Raikou|Pressure","|turn|17","|","|move|p1a: Raikou|Substitute|p1a: Raikou","|-start|p1a: Raikou|Substitute","|-damage|p1a: Raikou|201/321","|move|p2a: キュレム|Outrage|p1a: Raikou|[from]lockedmove","|-end|p1a: Raikou|Substitute","|-damage|p2a: キュレム|32/391 tox|[from] item: Life Orb","|-start|p2a: キュレム|confusion|[fatigue]","|","|-heal|p1a: Raikou|221/321|[from] item: Leftovers","|-damage|p2a: キュレム|0 fnt|[from] psn","|faint|p2a: キュレム","|","|switch|p2a: オンバーン|Noivern, M|311/311","|turn|18","|","|move|p2a: オンバーン|Draco Meteor|p1a: Raikou","|-damage|p1a: Raikou|0 fnt","|-unboost|p2a: オンバーン|spa|2","|faint|p1a: Raikou","|","|","|switch|p1a: Ampharos|Ampharos-Mega, M|125/321","|-damage|p1a: Ampharos|85/321|[from] Stealth Rock","|-ability|p1a: Ampharos|Mold Breaker","|turn|19","|","|move|p2a: オンバーン|Draco Meteor|p1a: Ampharos","|-supereffective|p1a: Ampharos","|-damage|p1a: Ampharos|0 fnt","|-unboost|p2a: オンバーン|spa|2","|faint|p1a: Ampharos","|","|win|MASTA_X용의☆사용자"],"p1rating":{"entryid":"6985408","serverid":"eos","formatid":"monotype","userid":"twizz","username":"Twizz","w":"16","l":25,"t":"0","gxe":38.7,"r":"1420.4518030897","rd":"57.002161116529","sigma":"0","rptime":"1438765200","rpr":1412.4938973066,"rprd":56.029877508869,"rpsigma":"0","acre":1031.2926198942,"lacre":1031.2926198942,"oldacre":"1037.15544285"},"p2rating":{"entryid":"7303561","serverid":"eos","formatid":"monotype","userid":"mastax","username":"MASTAX☆용의 사용자","w":35,"l":"10","t":"0","gxe":73.8,"r":"1704.3158945696","rd":"59.492840111287","sigma":"0","rptime":"1438765200","rpr":1697.2564440043,"rprd":54.301558413709,"rpsigma":"0","acre":1300.4613856204,"lacre":1300.4613856204,"oldacre":"1291.0497375249"},"endType":"normal"}