{"seed":[43352,55157,17804,27167],"turns":27,"p1":"Emg kess","p2":"Rain ☆ Suichika","p1team":[{"name":"Gengar","species":"Gengar","item":"choicespecs","ability":"Levitate","moves":["shadowball","focusblast","sludgewave","dazzlinggleam"],"nature":"Timid","evs":{"hp":0,"atk":0,"def":0,"spa":252,"spd":4,"spe":252},"shiny":true,"ivs":{"hp":31,"atk":31,"def":31,"spa":31,"spd":31,"spe":31}},{"name":"Jellicent","species":"Jellicent","item":"leftovers","ability":"Water Absorb","moves":["scald","toxic","recover","acidarmor"],"nature":"Calm","evs":{"hp":252,"atk":0,"def":4,"spa":0,"spd":252,"spe":0},"ivs":{"hp":31,"atk":31,"def":31,"spa":31,"spd":31,"spe":31}},{"name":"Chandelure","species":"Chandelure","item":"choicescarf","ability":"Infiltrator","moves":["fireblast","shadowball","energyball","trick"],"nature":"Timid","evs":{"hp":0,"atk":0,"def":0,"spa":252,"spd":4,"spe":252},"ivs":{"hp":31,"atk":31,"def":31,"spa":31,"spd":31,"spe":31}},{"name":"Banette","species":"Banette","item":"banettite","ability":"Insomnia","moves":["destinybond","shadowsneak","knockoff","taunt"],"nature":"Adamant","evs":{"hp":248,"atk":252,"def":0,"spa":0,"spd":8,"spe":0},"ivs":{"hp":31,"atk":31,"def":31,"spa":31,"spd":31,"spe":31}},{"name":"Aegislash","species":"Aegislash","item":"leftovers","ability":"Stance Change","moves":["substitute","toxic","kingsshield","flashcannon"],"nature":"Modest","evs":{"hp":248,"atk":0,"def":8,"spa":252,"spd":0,"spe":0},"ivs":{"hp":31,"atk":31,"def":31,"spa":31,"spd":31,"spe":0}},{"name":"Gourgeist-Super","species":"Gourgeist-Super","item":"leftovers","ability":"Frisk","moves":["willowisp","leechseed","synthesis","foulplay"],"nature":"Bold","evs":{"hp":248,"atk":0,"def":200,"spa":0,"spd":60,"spe":0},"ivs":{"hp":31,"atk":31,"def":31,"spa":31,"spd":31,"spe":31}}],"p2team":[{"name":"Muhammad ashroom","species":"breloom","item":"focussash","ability":"Technician","moves":["spore","bulletseed","rocktomb","machpunch"],"nature":"Jolly","evs":{"hp":4,"atk":252,"def":0,"spa":0,"spd":0,"spe":252},"ivs":{"hp":31,"atk":31,"def":31,"spa":31,"spd":31,"spe":31}},{"name":"Platasaurus-rex","species":"venusaur","item":"venusaurite","ability":"Chlorophyll","moves":["synthesis","hiddenpowerrock","gigadrain","earthquake"],"nature":"Quiet","evs":{"hp":252,"atk":4,"def":0,"spa":252,"spd":0,"spe":0},"ivs":{"hp":31,"atk":31,"def":30,"spa":31,"spd":30,"spe":30}},{"name":"Vileplume's sister","species":"roserade","item":"choicescarf","ability":"Technician","moves":["hiddenpowerground","extrasensory","sludgebomb","shadowball"],"nature":"Timid","evs":{"hp":4,"atk":0,"def":0,"spa":252,"spd":0,"spe":252},"ivs":{"hp":31,"atk":31,"def":31,"spa":30,"spd":30,"spe":31}},{"name":"Celery the onion","species":"celebi","item":"lifeorb","ability":"Natural Cure","moves":["gigadrain","suckerpunch","earthpower","zenheadbutt"],"nature":"Naive","evs":{"hp":0,"atk":200,"def":0,"spa":56,"spd":0,"spe":252},"ivs":{"hp":31,"atk":31,"def":31,"spa":31,"spd":31,"spe":31}},{"name":"Iron Durian","species":"ferrothorn","item":"occaberry","ability":"Iron Barbs","moves":["stealthrock","knockoff","thunderwave","gyroball"],"nature":"Impish","evs":{"hp":252,"atk":0,"def":88,"spa":0,"spd":168,"spe":0},"ivs":{"hp":31,"atk":31,"def":31,"spa":31,"spd":31,"spe":31}},{"name":"liligant wannabe","species":"bellossom","item":"weaknesspolicy","ability":"Chlorophyll","moves":["gigadrain","hiddenpowerfire","moonblast","leafstorm"],"nature":"Modest","evs":{"hp":116,"atk":0,"def":0,"spa":252,"spd":0,"spe":140},"ivs":{"hp":31,"atk":30,"def":31,"spa":30,"spd":31,"spe":30}}],"log":["|player|p1|Emg kess|94","|player|p2|Rain ☆ Suichika|rainsuichika.png","|gametype|singles","|gen|6","|tier|Monotype","|rated","|rule|Baton Pass Clause: Limit one Baton Passer, can't pass Spe and other stats simultaneously","|rule|Swagger Clause: Swagger is banned","|rule|Same Type Clause: Pokémon in a team must share a type","|clearpoke","|poke|p1|Gengar, F, shiny","|poke|p1|Jellicent, F","|poke|p1|Chandelure, F","|poke|p1|Banette, F","|poke|p1|Aegislash, M","|poke|p1|Gourgeist-*, F","|poke|p2|Breloom, F","|poke|p2|Venusaur, F","|poke|p2|Roserade, M","|poke|p2|Celebi","|poke|p2|Ferrothorn, M","|poke|p2|Bellossom, F","|rule|Sleep Clause Mod: Limit one foe put to sleep","|rule|Species Clause: Limit one of each Pokémon","|rule|OHKO Clause: OHKO moves are banned","|rule|Moody Clause: Moody is banned","|rule|Evasion Moves Clause: Evasion moves are banned","|rule|Endless Battle Clause: Forcing endless battles is banned","|rule|HP Percentage Mod: HP is shown in percentages","|teampreview","|","|start","|switch|p1a: Gourgeist-Super|Gourgeist-Super, F|373/373","|switch|p2a: Iron Durian|Ferrothorn, M|352/352","|-item|p2a: Iron Durian|Occa Berry|[from] ability: Frisk|[of] p1a: Gourgeist-Super|[identify]","|turn|1","|","|move|p1a: Gourgeist-Super|Will-O-Wisp|p2a: Iron Durian","|-status|p2a: Iron Durian|brn","|move|p2a: Iron Durian|Stealth Rock|p1a: Gourgeist-Super","|-sidestart|p1: Emg kess|move: Stealth Rock","|","|-damage|p2a: Iron Durian|308/352 brn|[from] brn","|turn|2","|","|switch|p1a: Aegislash|Aegislash, M|323/323","|-damage|p1a: Aegislash|303/323|[from] Stealth Rock","|move|p2a: Iron Durian|Knock Off|p1a: Aegislash","|-supereffective|p1a: Aegislash","|-damage|p1a: Aegislash|255/323","|-enditem|p1a: Aegislash|Leftovers|[from] move: Knock Off|[of] p2a: Iron Durian","|","|-damage|p2a: Iron Durian|264/352 brn|[from] brn","|turn|3","|","|move|p1a: Aegislash|Substitute|p1a: Aegislash","|-start|p1a: Aegislash|Substitute","|-damage|p1a: Aegislash|175/323","|move|p2a: Iron Durian|Thunder Wave|p1a: Aegislash","|-fail|p1a: Aegislash","|","|-damage|p2a: Iron Durian|220/352 brn|[from] brn","|turn|4","|","|-formechange|p1a: Aegislash|Aegislash-Blade","|move|p1a: Aegislash|Flash Cannon|p2a: Iron Durian","|-resisted|p2a: Iron Durian","|-damage|p2a: Iron Durian|151/352 brn","|-unboost|p2a: Iron Durian|spd|1","|move|p2a: Iron Durian|Knock Off|p1a: Aegislash","|-supereffective|p1a: Aegislash","|-end|p1a: Aegislash|Substitute","|","|-damage|p2a: Iron Durian|107/352 brn|[from] brn","|turn|5","|","|switch|p2a: liligant wannabe|Bellossom, F|320/320","|-formechange|p1a: Aegislash|Aegislash","|move|p1a: Aegislash|King's Shield|p1a: Aegislash","|-fail|p1a: Aegislash","|","|turn|6","|","|move|p1a: Aegislash|King's Shield|p1a: Aegislash","|-singleturn|p1a: Aegislash|Protect","|move|p2a: liligant wannabe|Hidden Power|p1a: Aegislash","|-activate|p1a: Aegislash|Protect","|","|turn|7","|","|switch|p1a: Chandelure|Chandelure, F|261/261","|-damage|p1a: Chandelure|196/261|[from] Stealth Rock","|move|p2a: liligant wannabe|Leaf Storm|p1a: Chandelure","|-resisted|p1a: Chandelure","|-damage|p1a: Chandelure|92/261","|-unboost|p2a: liligant wannabe|spa|2","|","|turn|8","|","|switch|p2a: Iron Durian|Ferrothorn, M|107/352 brn","|move|p1a: Chandelure|Fire Blast|p2a: Iron Durian","|-supereffective|p2a: Iron Durian","|-enditem|p2a: Iron Durian|Occa Berry|[eat]","|-damage|p2a: Iron Durian|0 fnt","|faint|p2a: Iron Durian","|","|","|switch|p2a: Platasaurus-rex|Venusaur, F|364/364","|turn|9","|","|detailschange|p2a: Platasaurus-rex|Venusaur-Mega, F","|-mega|p2a: Platasaurus-rex|Venusaur|Venusaurite","|move|p1a: Chandelure|Fire Blast|p2a: Platasaurus-rex|[miss]","|-miss|p1a: Chandelure|p2a: Platasaurus-rex","|move|p2a: Platasaurus-rex|Hidden Power|p1a: Chandelure","|-supereffective|p1a: Chandelure","|-damage|p1a: Chandelure|0 fnt","|faint|p1a: Chandelure","|","|","|switch|p1a: Gourgeist-Super|Gourgeist-Super, F|373/373","|-damage|p1a: Gourgeist-Super|327/373|[from] Stealth Rock","|-item|p2a: Platasaurus-rex|Venusaurite|[from] ability: Frisk|[of] p1a: Gourgeist-Super|[identify]","|turn|10","|","|switch|p2a: Vileplume's sister|Roserade, M|262/262","|move|p1a: Gourgeist-Super|Will-O-Wisp|p2a: Vileplume's sister","|-status|p2a: Vileplume's sister|brn","|","|-heal|p1a: Gourgeist-Super|350/373|[from] item: Leftovers","|-damage|p2a: Vileplume's sister|230/262 brn|[from] brn","|turn|11","|","|switch|p1a: Aegislash|Aegislash, M|175/323","|-damage|p1a: Aegislash|155/323|[from] Stealth Rock","|move|p2a: Vileplume's sister|Shadow Ball|p1a: Aegislash","|-supereffective|p1a: Aegislash","|-damage|p1a: Aegislash|19/323","|","|-damage|p2a: Vileplume's sister|198/262 brn|[from] brn","|turn|12","|","|switch|p2a: Platasaurus-rex|Venusaur-Mega, F|364/364","|move|p1a: Aegislash|King's Shield|p1a: Aegislash","|-fail|p1a: Aegislash","|","|turn|13","|","|move|p2a: Platasaurus-rex|Hidden Power|p1a: Aegislash","|-resisted|p1a: Aegislash","|-damage|p1a: Aegislash|0 fnt","|faint|p1a: Aegislash","|","|","|switch|p1a: Banette|Banette, F|331/331","|-damage|p1a: Banette|290/331|[from] Stealth Rock","|turn|14","|","|detailschange|p1a: Banette|Banette-Mega, F","|-mega|p1a: Banette|Banette|Banettite","|move|p1a: Banette|Shadow Sneak|p2a: Platasaurus-rex","|-crit|p2a: Platasaurus-rex","|-damage|p2a: Platasaurus-rex|238/364","|move|p2a: Platasaurus-rex|Giga Drain|p1a: Banette","|-damage|p1a: Banette|118/331","|-heal|p2a: Platasaurus-rex|324/364|[from] drain|[of] p1a: Banette","|","|turn|15","|","|switch|p2a: Muhammad ashroom|Breloom, F|262/262","|move|p1a: Banette|Destiny Bond|p1a: Banette","|-singlemove|p1a: Banette|Destiny Bond","|","|turn|16","|","|switch|p1a: Gourgeist-Super|Gourgeist-Super, F|350/373","|-damage|p1a: Gourgeist-Super|304/373|[from] Stealth Rock","|-item|p2a: Muhammad ashroom|Focus Sash|[from] ability: Frisk|[of] p1a: Gourgeist-Super|[identify]","|move|p2a: Muhammad ashroom|Bullet Seed|p1a: Gourgeist-Super","|-resisted|p1a: Gourgeist-Super","|-damage|p1a: Gourgeist-Super|282/373","|-resisted|p1a: Gourgeist-Super","|-damage|p1a: Gourgeist-Super|259/373","|-crit|p1a: Gourgeist-Super","|-resisted|p1a: Gourgeist-Super","|-damage|p1a: Gourgeist-Super|223/373","|-hitcount|p1a: Gourgeist-Super|3","|","|-heal|p1a: Gourgeist-Super|246/373|[from] item: Leftovers","|turn|17","|","|switch|p2a: liligant wannabe|Bellossom, F|320/320","|move|p1a: Gourgeist-Super|Will-O-Wisp|p2a: liligant wannabe","|-status|p2a: liligant wannabe|brn","|","|-heal|p1a: Gourgeist-Super|269/373|[from] item: Leftovers","|-damage|p2a: liligant wannabe|280/320 brn|[from] brn","|turn|18","|","|move|p2a: liligant wannabe|Hidden Power|p1a: Gourgeist-Super","|-supereffective|p1a: Gourgeist-Super","|-damage|p1a: Gourgeist-Super|129/373","|move|p1a: Gourgeist-Super|Foul Play|p2a: liligant wannabe","|-damage|p2a: liligant wannabe|219/320 brn","|","|-heal|p1a: Gourgeist-Super|152/373|[from] item: Leftovers","|-damage|p2a: liligant wannabe|179/320 brn|[from] brn","|turn|19","|","|move|p2a: liligant wannabe|Hidden Power|p1a: Gourgeist-Super","|-supereffective|p1a: Gourgeist-Super","|-damage|p1a: Gourgeist-Super|10/373","|move|p1a: Gourgeist-Super|Synthesis|p1a: Gourgeist-Super","|-heal|p1a: Gourgeist-Super|196/373","|","|-heal|p1a: Gourgeist-Super|219/373|[from] item: Leftovers","|-damage|p2a: liligant wannabe|139/320 brn|[from] brn","|turn|20","|","|move|p2a: liligant wannabe|Hidden Power|p1a: Gourgeist-Super","|-supereffective|p1a: Gourgeist-Super","|-damage|p1a: Gourgeist-Super|71/373","|move|p1a: Gourgeist-Super|Synthesis|p1a: Gourgeist-Super","|-heal|p1a: Gourgeist-Super|257/373","|","|-heal|p1a: Gourgeist-Super|280/373|[from] item: Leftovers","|-damage|p2a: liligant wannabe|99/320 brn|[from] brn","|turn|21","|","|move|p2a: liligant wannabe|Hidden Power|p1a: Gourgeist-Super","|-supereffective|p1a: Gourgeist-Super","|-damage|p1a: Gourgeist-Super|134/373","|move|p1a: Gourgeist-Super|Synthesis|p1a: Gourgeist-Super","|-heal|p1a: Gourgeist-Super|320/373","|","|-heal|p1a: Gourgeist-Super|343/373|[from] item: Leftovers","|-damage|p2a: liligant wannabe|59/320 brn|[from] brn","|turn|22","|","|move|p2a: liligant wannabe|Hidden Power|p1a: Gourgeist-Super","|-supereffective|p1a: Gourgeist-Super","|-damage|p1a: Gourgeist-Super|195/373","|move|p1a: Gourgeist-Super|Foul Play|p2a: liligant wannabe","|-damage|p2a: liligant wannabe|3/320 brn","|","|-heal|p1a: Gourgeist-Super|218/373|[from] item: Leftovers","|-damage|p2a: liligant wannabe|0 fnt|[from] brn","|faint|p2a: liligant wannabe","|","|switch|p2a: Vileplume's sister|Roserade, M|198/262 brn","|turn|23","|","|switch|p1a: Gengar|Gengar, F, shiny|261/261","|-damage|p1a: Gengar|229/261|[from] Stealth Rock","|move|p2a: Vileplume's sister|Shadow Ball|p1a: Gengar","|-supereffective|p1a: Gengar","|-damage|p1a: Gengar|0 fnt","|faint|p1a: Gengar","|","|-damage|p2a: Vileplume's sister|166/262 brn|[from] brn","|","|switch|p1a: Banette|Banette-Mega, F|118/331","|-damage|p1a: Banette|77/331|[from] Stealth Rock","|turn|24","|","|switch|p2a: Celery the onion|Celebi|341/341","|move|p1a: Banette|Shadow Sneak|p2a: Celery the onion","|-supereffective|p2a: Celery the onion","|-damage|p2a: Celery the onion|143/341","|","|turn|25","|","|move|p2a: Celery the onion|Sucker Punch|p1a: Banette","|-supereffective|p1a: Banette","|-damage|p1a: Banette|0 fnt","|-damage|p2a: Celery the onion|109/341|[from] item: Life Orb","|faint|p1a: Banette","|","|","|switch|p1a: Jellicent|Jellicent, F|404/404","|-damage|p1a: Jellicent|354/404|[from] Stealth Rock","|turn|26","|","|move|p2a: Celery the onion|Giga Drain|p1a: Jellicent","|-crit|p1a: Jellicent","|-supereffective|p1a: Jellicent","|-damage|p1a: Jellicent|89/404","|-heal|p2a: Celery the onion|242/341|[from] drain|[of] p1a: Jellicent","|-damage|p2a: Celery the onion|208/341|[from] item: Life Orb","|move|p1a: Jellicent|Scald|p2a: Celery the onion","|-resisted|p2a: Celery the onion","|-damage|p2a: Celery the onion|165/341","|","|-heal|p1a: Jellicent|114/404|[from] item: Leftovers","|turn|27","|","|win|Rain ☆ Suichika"],"p1rating":{"entryid":"7322121","serverid":"eos","formatid":"monotype","userid":"emgkess","username":"Emg kess","w":"8","l":7,"t":"0","gxe":51.9,"r":"1520.1452001691","rd":"83.030277481124","sigma":"0","rptime":"1438765200","rpr":1514.5804760308,"rprd":77.385400624149,"rpsigma":"0","acre":1114.0486743994,"lacre":1114.0486743994,"oldacre":"1127.9466854863"},"p2rating":{"entryid":"6383869","serverid":"eos","formatid":"monotype","userid":"rainsuichika","username":"Rain ☆ Suichika","w":50,"l":"28","t":"0","gxe":63,"r":"1594.2801239427","rd":"49.09020556002","sigma":"0","rptime":"1438765200","rpr":1600.8860599954,"rprd":47.448134955848,"rpsigma":"0","acre":1307.6760864567,"lacre":1307.6760864567,"oldacre":"1293.7780753698"},"endType":"forfeit"}