{"seed":[23911,3835,25638,32915],"turns":28,"p1":"IV Tyrant","p2":"V Deuce","p1team":[{"name":"FEAR","species":"sableye","item":"sablenite","ability":"Prankster","moves":["calmmind","recover","willowisp","snarl"],"nature":"Bold","evs":{"hp":252,"atk":0,"def":196,"spa":0,"spd":60,"spe":0},"ivs":{"hp":31,"atk":31,"def":31,"spa":31,"spd":31,"spe":31}},{"name":"TyranitarTube","species":"tyranitar","item":"chopleberry","ability":"Sand Stream","moves":["stoneedge","fireblast","stealthrock","thunderwave"],"nature":"Brave","evs":{"hp":252,"atk":56,"def":0,"spa":0,"spd":200,"spe":0},"ivs":{"hp":31,"atk":31,"def":31,"spa":31,"spd":31,"spe":31}},{"name":"LMFAO","species":"hoopaunbound","item":"choicescarf","ability":"Magician","moves":["hyperspacefury","hyperspacehole","gunkshot","energyball"],"nature":"Hasty","evs":{"hp":0,"atk":180,"def":0,"spa":76,"spd":0,"spe":252},"ivs":{"hp":31,"atk":31,"def":31,"spa":31,"spd":31,"spe":31}},{"name":"Jagger","species":"crawdaunt","item":"lifeorb","ability":"Adaptability","moves":["knockoff","aquajet","swordsdance","crabhammer"],"nature":"Adamant","evs":{"hp":0,"atk":252,"def":0,"spa":0,"spd":4,"spe":252},"ivs":{"hp":31,"atk":31,"def":31,"spa":31,"spd":31,"spe":31}},{"name":"Mandi","species":"mandibuzz","item":"rockyhelmet","ability":"Overcoat","moves":["bravebird","foulplay","roost","defog"],"nature":"Impish","evs":{"hp":248,"atk":8,"def":252,"spa":0,"spd":0,"spe":0},"ivs":{"hp":31,"atk":31,"def":31,"spa":31,"spd":31,"spe":31}},{"name":"Bladedge","species":"bisharp","item":"lifeorb","ability":"Defiant","moves":["swordsdance","knockoff","ironhead","suckerpunch"],"nature":"Adamant","evs":{"hp":0,"atk":252,"def":0,"spa":0,"spd":4,"spe":252},"ivs":{"hp":31,"atk":31,"def":31,"spa":31,"spd":31,"spe":31}}],"p2team":[{"name":"Aegislash","species":"Aegislash","item":"weaknesspolicy","ability":"Stance Change","moves":["kingsshield","swordsdance","shadowsneak","sacredsword"],"nature":"Adamant","evs":{"hp":208,"atk":252,"def":40,"spa":0,"spd":8,"spe":0},"gender":"M","ivs":{"hp":31,"atk":31,"def":31,"spa":31,"spd":31,"spe":0},"shiny":true},{"name":"Gengar","species":"Gengar","item":"focussash","ability":"Levitate","moves":["sludgewave","focusblast","shadowball","destinybond"],"nature":"Timid","evs":{"hp":0,"atk":0,"def":0,"spa":252,"spd":4,"spe":252},"gender":"M","shiny":true,"ivs":{"hp":31,"atk":31,"def":31,"spa":31,"spd":31,"spe":31}},{"name":"Jellicent","species":"Jellicent","item":"leftovers","ability":"Cursed Body","moves":["toxic","acidarmor","scald","recover"],"nature":"Calm","evs":{"hp":252,"atk":0,"def":4,"spa":0,"spd":252,"spe":0},"gender":"M","shiny":true,"ivs":{"hp":31,"atk":31,"def":31,"spa":31,"spd":31,"spe":31}},{"name":"Chandelure","species":"Chandelure","item":"choicescarf","ability":"Infiltrator","moves":["fireblast","energyball","darkpulse","shadowball"],"nature":"Modest","evs":{"hp":4,"atk":0,"def":0,"spa":252,"spd":0,"spe":252},"gender":"M","shiny":true,"ivs":{"hp":31,"atk":31,"def":31,"spa":31,"spd":31,"spe":31}},{"name":"Sableye","species":"Sableye","item":"sablenite","ability":"Prankster","moves":["calmmind","snarl","recover","willowisp"],"nature":"Bold","evs":{"hp":252,"atk":0,"def":252,"spa":0,"spd":4,"spe":0},"gender":"M","shiny":true,"ivs":{"hp":31,"atk":31,"def":31,"spa":31,"spd":31,"spe":31}},{"name":"Mismagius","species":"Mismagius","item":"leftovers","ability":"Levitate","moves":["taunt","curse","shadowball","healbell"],"nature":"Timid","evs":{"hp":252,"atk":0,"def":0,"spa":4,"spd":0,"spe":252},"gender":"F","ivs":{"hp":31,"atk":31,"def":31,"spa":31,"spd":31,"spe":0},"shiny":true}],"log":["|player|p1|IV Tyrant|238","|player|p2|V Deuce|224","|gametype|singles","|gen|6","|tier|Monotype","|rated","|rule|Baton Pass Clause: Limit one Baton Passer, can't pass Spe and other stats simultaneously","|rule|Swagger Clause: Swagger is banned","|rule|Same Type Clause: Pokémon in a team must share a type","|clearpoke","|poke|p1|Sableye, F","|poke|p1|Tyranitar, M","|poke|p1|Hoopa-Unbound","|poke|p1|Crawdaunt, M","|poke|p1|Mandibuzz, F","|poke|p1|Bisharp, M","|poke|p2|Aegislash, M, shiny","|poke|p2|Gengar, M, shiny","|poke|p2|Jellicent, M, shiny","|poke|p2|Chandelure, M, shiny","|poke|p2|Sableye, M, shiny","|poke|p2|Mismagius, F, shiny","|rule|Sleep Clause Mod: Limit one foe put to sleep","|rule|Species Clause: Limit one of each Pokémon","|rule|OHKO Clause: OHKO moves are banned","|rule|Moody Clause: Moody is banned","|rule|Evasion Moves Clause: Evasion moves are banned","|rule|Endless Battle Clause: Forcing endless battles is banned","|rule|HP Percentage Mod: HP is shown in percentages","|teampreview","|","|start","|switch|p1a: FEAR|Sableye, F|304/304","|switch|p2a: Chandelure|Chandelure, M, shiny|262/262","|turn|1","|","|detailschange|p1a: FEAR|Sableye-Mega, F","|-mega|p1a: FEAR|Sableye|Sablenite","|move|p1a: FEAR|Calm Mind|p1a: FEAR","|-boost|p1a: FEAR|spa|1","|-boost|p1a: FEAR|spd|1","|move|p2a: Chandelure|Shadow Ball|p1a: FEAR","|-damage|p1a: FEAR|207/304","|","|turn|2","|","|switch|p2a: Mismagius|Mismagius, F, shiny|324/324","|move|p1a: FEAR|Calm Mind|p1a: FEAR","|-boost|p1a: FEAR|spa|1","|-boost|p1a: FEAR|spd|1","|","|turn|3","|","|move|p2a: Mismagius|Curse|p1a: FEAR","|-start|p1a: FEAR|Curse|[of] p2a: Mismagius","|-damage|p2a: Mismagius|162/324","|move|p1a: FEAR|Recover|p1a: FEAR","|-heal|p1a: FEAR|304/304","|","|-heal|p2a: Mismagius|182/324|[from] item: Leftovers","|-damage|p1a: FEAR|228/304|[from] Curse","|turn|4","|","|move|p2a: Mismagius|Shadow Ball|p1a: FEAR","|-damage|p1a: FEAR|188/304","|move|p1a: FEAR|Snarl|p2a: Mismagius","|-supereffective|p2a: Mismagius","|-damage|p2a: Mismagius|0 fnt","|faint|p2a: Mismagius","|","|-damage|p1a: FEAR|112/304|[from] Curse","|","|switch|p2a: Aegislash|Aegislash, M, shiny|313/313","|turn|5","|","|switch|p1a: TyranitarTube|Tyranitar, M|404/404","|-weather|Sandstorm","|move|p2a: Aegislash|Swords Dance|p2a: Aegislash","|-boost|p2a: Aegislash|atk|2","|","|-weather|Sandstorm|[upkeep]","|turn|6","|","|move|p1a: TyranitarTube|Fire Blast|p2a: Aegislash","|-crit|p2a: Aegislash","|-supereffective|p2a: Aegislash","|-damage|p2a: Aegislash|131/313","|-enditem|p2a: Aegislash|Weakness Policy","|-boost|p2a: Aegislash|atk|2|[from] item: Weakness Policy","|-boost|p2a: Aegislash|spa|2|[from] item: Weakness Policy","|-formechange|p2a: Aegislash|Aegislash-Blade","|move|p2a: Aegislash|Sacred Sword|p1a: TyranitarTube","|-supereffective|p1a: TyranitarTube","|-enditem|p1a: TyranitarTube|Chople Berry|[eat]","|-damage|p1a: TyranitarTube|0 fnt","|faint|p1a: TyranitarTube","|","|-weather|Sandstorm|[upkeep]","|","|switch|p1a: Jagger|Crawdaunt, M|267/267","|turn|7","|","|-formechange|p2a: Aegislash|Aegislash","|move|p2a: Aegislash|King's Shield|p2a: Aegislash","|-singleturn|p2a: Aegislash|Protect","|move|p1a: Jagger|Swords Dance|p1a: Jagger","|-boost|p1a: Jagger|atk|2","|","|-weather|Sandstorm|[upkeep]","|-damage|p1a: Jagger|251/267|[from] sandstorm","|turn|8","|","|move|p1a: Jagger|Swords Dance|p1a: Jagger","|-boost|p1a: Jagger|atk|2","|-formechange|p2a: Aegislash|Aegislash-Blade","|move|p2a: Aegislash|Sacred Sword|p1a: Jagger","|-supereffective|p1a: Jagger","|-damage|p1a: Jagger|0 fnt","|faint|p1a: Jagger","|","|-weather|Sandstorm|[upkeep]","|","|switch|p1a: LMFAO|Hoopa-Unbound|301/301","|turn|9","|","|-formechange|p2a: Aegislash|Aegislash","|move|p2a: Aegislash|King's Shield|p2a: Aegislash","|-singleturn|p2a: Aegislash|Protect","|move|p1a: LMFAO|Hyperspace Fury|p2a: Aegislash","|-supereffective|p2a: Aegislash","|-damage|p2a: Aegislash|0 fnt","|-unboost|p1a: LMFAO|def|1","|faint|p2a: Aegislash","|","|-weather|none","|","|switch|p2a: Gengar|Gengar, M, shiny|261/261","|turn|10","|","|switch|p1a: Mandi|Mandibuzz, F|423/423","|move|p2a: Gengar|Shadow Ball|p1a: Mandi","|-resisted|p1a: Mandi","|-damage|p1a: Mandi|355/423","|-unboost|p1a: Mandi|spd|1","|","|turn|11","|","|move|p2a: Gengar|Focus Blast|p1a: Mandi|[miss]","|-miss|p2a: Gengar|p1a: Mandi","|move|p1a: Mandi|Foul Play|p2a: Gengar","|-supereffective|p2a: Gengar","|-damage|p2a: Gengar|57/261","|","|turn|12","|","|switch|p1a: FEAR|Sableye-Mega, F|112/304","|move|p2a: Gengar|Destiny Bond|p2a: Gengar","|-singlemove|p2a: Gengar|Destiny Bond","|","|turn|13","|","|move|p2a: Gengar|Shadow Ball|p1a: FEAR","|-crit|p1a: FEAR","|-damage|p1a: FEAR|0 fnt","|faint|p1a: FEAR","|","|","|switch|p1a: LMFAO|Hoopa-Unbound|301/301","|turn|14","|","|switch|p2a: Chandelure|Chandelure, M, shiny|262/262","|move|p1a: LMFAO|Hyperspace Fury|p2a: Chandelure","|-supereffective|p2a: Chandelure","|-damage|p2a: Chandelure|0 fnt","|-unboost|p1a: LMFAO|def|1","|faint|p2a: Chandelure","|","|","|switch|p2a: Jellicent|Jellicent, M, shiny|404/404","|turn|15","|","|move|p1a: LMFAO|Hyperspace Fury|p2a: Jellicent","|-supereffective|p2a: Jellicent","|-damage|p2a: Jellicent|0 fnt","|-unboost|p1a: LMFAO|def|1","|faint|p2a: Jellicent","|","|","|switch|p2a: Sableye|Sableye, M, shiny|304/304","|turn|16","|","|switch|p1a: Mandi|Mandibuzz, F|355/423","|move|p2a: Sableye|Will-O-Wisp|p1a: Mandi|[miss]","|-miss|p2a: Sableye|p1a: Mandi","|","|turn|17","|","|move|p2a: Sableye|Calm Mind|p2a: Sableye","|-boost|p2a: Sableye|spa|1","|-boost|p2a: Sableye|spd|1","|move|p1a: Mandi|Foul Play|p2a: Sableye","|-damage|p2a: Sableye|241/304","|","|turn|18","|","|move|p2a: Sableye|Calm Mind|p2a: Sableye","|-boost|p2a: Sableye|spa|1","|-boost|p2a: Sableye|spd|1","|move|p1a: Mandi|Foul Play|p2a: Sableye","|-damage|p2a: Sableye|174/304","|","|turn|19","|","|move|p2a: Sableye|Calm Mind|p2a: Sableye","|-boost|p2a: Sableye|spa|1","|-boost|p2a: Sableye|spd|1","|move|p1a: Mandi|Brave Bird|p2a: Sableye","|-damage|p2a: Sableye|86/304","|-damage|p1a: Mandi|326/423|[from] recoil|[of] p2a: Sableye","|","|turn|20","|","|move|p2a: Sableye|Recover|p2a: Sableye","|-heal|p2a: Sableye|238/304","|move|p1a: Mandi|Brave Bird|p2a: Sableye","|-damage|p2a: Sableye|145/304","|-damage|p1a: Mandi|295/423|[from] recoil|[of] p2a: Sableye","|","|turn|21","|","|move|p2a: Sableye|Will-O-Wisp|p1a: Mandi","|-status|p1a: Mandi|brn","|move|p1a: Mandi|Brave Bird|p2a: Sableye","|-damage|p2a: Sableye|97/304","|-damage|p1a: Mandi|279/423 brn|[from] recoil|[of] p2a: Sableye","|","|-damage|p1a: Mandi|227/423 brn|[from] brn","|turn|22","|","|move|p2a: Sableye|Recover|p2a: Sableye","|-heal|p2a: Sableye|249/304","|move|p1a: Mandi|Brave Bird|p2a: Sableye","|-damage|p2a: Sableye|207/304","|-damage|p1a: Mandi|213/423 brn|[from] recoil|[of] p2a: Sableye","|","|-damage|p1a: Mandi|161/423 brn|[from] brn","|turn|23","|","|switch|p1a: Bladedge|Bisharp, M|271/271","|move|p2a: Sableye|Calm Mind|p2a: Sableye","|-boost|p2a: Sableye|spa|1","|-boost|p2a: Sableye|spd|1","|","|turn|24","|","|move|p2a: Sableye|Will-O-Wisp|p1a: Bladedge|[miss]","|-miss|p2a: Sableye|p1a: Bladedge","|move|p1a: Bladedge|Swords Dance|p1a: Bladedge","|-boost|p1a: Bladedge|atk|2","|","|turn|25","|","|detailschange|p2a: Sableye|Sableye-Mega, M, shiny","|-mega|p2a: Sableye|Sableye|Sablenite","|move|p2a: Sableye|Will-O-Wisp|p1a: Bladedge","|-status|p1a: Bladedge|brn","|move|p1a: Bladedge|Iron Head|p2a: Sableye","|-crit|p2a: Sableye","|-damage|p2a: Sableye|8/304","|-damage|p1a: Bladedge|244/271 brn|[from] item: Life Orb","|","|-damage|p1a: Bladedge|211/271 brn|[from] brn","|turn|26","|","|move|p1a: Bladedge|Iron Head|p2a: Sableye","|-crit|p2a: Sableye","|-damage|p2a: Sableye|0 fnt","|-damage|p1a: Bladedge|184/271 brn|[from] item: Life Orb","|faint|p2a: Sableye","|","|-damage|p1a: Bladedge|151/271 brn|[from] brn","|","|switch|p2a: Gengar|Gengar, M, shiny|57/261","|turn|27","|","|move|p1a: Bladedge|Sucker Punch|p2a: Gengar","|-fail|p1a: Bladedge","|move|p2a: Gengar|Destiny Bond|p2a: Gengar","|-singlemove|p2a: Gengar|Destiny Bond","|","|-damage|p1a: Bladedge|118/271 brn|[from] brn","|turn|28","|","|move|p2a: Gengar|Shadow Ball|p1a: Bladedge","|-resisted|p1a: Bladedge","|-damage|p1a: Bladedge|20/271 brn","|move|p1a: Bladedge|Knock Off|p2a: Gengar","|-supereffective|p2a: Gengar","|-damage|p2a: Gengar|0 fnt","|-enditem|p2a: Gengar|Focus Sash|[from] move: Knock Off|[of] p1a: Bladedge","|-damage|p1a: Bladedge|0 fnt|[from] item: Life Orb","|faint|p2a: Gengar","|faint|p1a: Bladedge","|","|win|IV Tyrant"],"p1rating":{"entryid":"7423115","serverid":"eos","formatid":"monotype","userid":"ivtyrant","username":"IV Tyrant","w":5,"l":"1","t":"0","gxe":62.4,"r":"1500","rd":"130","sigma":"0","rptime":"1438765200","rpr":1599.1872978183,"rprd":98.965039858996,"rpsigma":"0","acre":1175.9095542313,"lacre":1175.9095542313,"oldacre":"1154.712432137"},"p2rating":{"entryid":"7309857","serverid":"eos","formatid":"monotype","userid":"vdeuce","username":"V Deuce","w":"3","l":5,"t":"0","gxe":44.2,"r":1475.649533776,"rd":95.546425027624,"sigma":"0","rptime":1438765200,"rpr":1454.3050805609,"rprd":92.612789260021,"rpsigma":"0","acre":1080.2517171929,"lacre":1080.2517171929,"oldacre":"1101.4488392872"},"endType":"normal"}