{"seed":[8077,7007,49355,24972],"turns":25,"p1":"Topaz~Pikel","p2":"Guard Wanderer","p1team":[{"name":"Bridezilla","species":"gardevoir","item":"gardevoirite","ability":"Trace","moves":["hypervoice","psyshock","focusblast","shadowball"],"nature":"Timid","evs":{"hp":0,"atk":0,"def":0,"spa":252,"spd":4,"spe":252},"ivs":{"hp":31,"atk":31,"def":31,"spa":31,"spd":31,"spe":31}},{"name":"BR34ST L3GZ","species":"medicham","item":"choiceband","ability":"Pure Power","moves":["highjumpkick","zenheadbutt","icepunch","bulletpunch"],"nature":"Jolly","evs":{"hp":0,"atk":252,"def":0,"spa":0,"spd":4,"spe":252},"ivs":{"hp":31,"atk":31,"def":31,"spa":31,"spd":31,"spe":31}},{"name":"BarsForEons","species":"latios","item":"lifeorb","ability":"Levitate","moves":["defog","dracometeor","psyshock","hiddenpowerfire"],"nature":"Timid","evs":{"hp":0,"atk":0,"def":0,"spa":252,"spd":4,"spe":252},"ivs":{"hp":31,"atk":30,"def":31,"spa":30,"spd":31,"spe":30}},{"name":"Zarel","species":"meloetta","item":"choicespecs","ability":"Serene Grace","moves":["shadowball","thunderbolt","hypervoice","psychic"],"nature":"Timid","evs":{"hp":0,"atk":0,"def":4,"spa":252,"spd":0,"spe":252},"ivs":{"hp":31,"atk":31,"def":31,"spa":31,"spd":31,"spe":31}},{"name":"Wish Maker","species":"jirachi","item":"leftovers","ability":"Serene Grace","moves":["stealthrock","wish","protect","ironhead"],"nature":"Jolly","evs":{"hp":252,"atk":0,"def":56,"spa":0,"spd":52,"spe":148},"ivs":{"hp":31,"atk":31,"def":31,"spa":31,"spd":31,"spe":31}},{"name":"V1C70RY","species":"victini","item":"choicescarf","ability":"Victory Star","moves":["boltstrike","zenheadbutt","uturn","vcreate"],"nature":"Jolly","evs":{"hp":0,"atk":252,"def":0,"spa":0,"spd":4,"spe":252},"ivs":{"hp":31,"atk":31,"def":31,"spa":31,"spd":31,"spe":31}}],"p2team":[{"name":"Weezing","species":"Weezing","item":"sitrusberry","ability":"Levitate","moves":["toxicspikes","willowisp","memento","thief"],"nature":"Careful","evs":{"hp":248,"atk":0,"def":8,"spa":0,"spd":252,"spe":0},"shiny":true,"ivs":{"hp":31,"atk":31,"def":31,"spa":31,"spd":31,"spe":31}},{"name":"Skuntank","species":"Skuntank","item":"","ability":"Aftermath","moves":["snatch","thief","suckerpunch","poisonjab"],"nature":"Adamant","evs":{"hp":248,"atk":252,"def":0,"spa":0,"spd":8,"spe":0},"shiny":true,"ivs":{"hp":31,"atk":31,"def":31,"spa":31,"spd":31,"spe":31}},{"name":"Amoonguss","species":"Amoonguss","item":"blacksludge","ability":"Regenerator","moves":["spore","gigadrain","gastroacid","stunspore"],"nature":"Calm","evs":{"hp":252,"atk":0,"def":0,"spa":4,"spd":252,"spe":0},"ivs":{"hp":31,"atk":31,"def":31,"spa":31,"spd":31,"spe":31}},{"name":"Golbat","species":"Golbat","item":"eviolite","ability":"Infiltrator","moves":["superfang","confuseray","roost","venomdrench"],"nature":"Calm","evs":{"hp":248,"atk":0,"def":8,"spa":0,"spd":252,"spe":0},"shiny":true,"ivs":{"hp":31,"atk":31,"def":31,"spa":31,"spd":31,"spe":31}},{"name":"Tentacruel","species":"Tentacruel","item":"assaultvest","ability":"Liquid Ooze","moves":["scald","acidspray","gigadrain","hex"],"nature":"Timid","evs":{"hp":4,"atk":0,"def":0,"spa":252,"spd":0,"spe":252},"shiny":true,"ivs":{"hp":31,"atk":31,"def":31,"spa":31,"spd":31,"spe":31}},{"name":"Muk","species":"Muk","item":"leftovers","ability":"Poison Touch","moves":["curse","shadowsneak","firepunch","venomdrench"],"nature":"Adamant","evs":{"hp":252,"atk":252,"def":0,"spa":0,"spd":4,"spe":0},"shiny":true,"ivs":{"hp":31,"atk":31,"def":31,"spa":31,"spd":31,"spe":31}}],"log":["|player|p1|Topaz~Pikel|164","|player|p2|Guard Wanderer|235","|gametype|singles","|gen|6","|tier|Monotype","|rated","|rule|Baton Pass Clause: Limit one Baton Passer, can't pass Spe and other stats simultaneously","|rule|Swagger Clause: Swagger is banned","|rule|Same Type Clause: Pokémon in a team must share a type","|clearpoke","|poke|p1|Gardevoir, F","|poke|p1|Medicham, F","|poke|p1|Latios, M","|poke|p1|Meloetta","|poke|p1|Jirachi","|poke|p1|Victini","|poke|p2|Weezing, M, shiny","|poke|p2|Skuntank, F, shiny","|poke|p2|Amoonguss, M","|poke|p2|Golbat, M, shiny","|poke|p2|Tentacruel, F, shiny","|poke|p2|Muk, M, shiny","|rule|Sleep Clause Mod: Limit one foe put to sleep","|rule|Species Clause: Limit one of each Pokémon","|rule|OHKO Clause: OHKO moves are banned","|rule|Moody Clause: Moody is banned","|rule|Evasion Moves Clause: Evasion moves are banned","|rule|Endless Battle Clause: Forcing endless battles is banned","|rule|HP Percentage Mod: HP is shown in percentages","|teampreview","|","|start","|switch|p1a: V1C70RY|Victini|341/341","|switch|p2a: Weezing|Weezing, M, shiny|333/333","|turn|1","|","|move|p1a: V1C70RY|Zen Headbutt|p2a: Weezing","|-supereffective|p2a: Weezing","|-damage|p2a: Weezing|141/333","|-enditem|p2a: Weezing|Sitrus Berry|[eat]","|-heal|p2a: Weezing|224/333|[from] item: Sitrus Berry","|move|p2a: Weezing|Toxic Spikes|p1a: V1C70RY","|-sidestart|p1: Topaz~Pikel|move: Toxic Spikes","|","|turn|2","|","|switch|p2a: Skuntank|Skuntank, F, shiny|409/409","|move|p1a: V1C70RY|Zen Headbutt|p2a: Skuntank","|-immune|p2a: Skuntank|[msg]","|","|turn|3","|","|switch|p1a: Wish Maker|Jirachi|404/404","|move|p2a: Skuntank|Thief|p1a: Wish Maker","|-supereffective|p1a: Wish Maker","|-damage|p1a: Wish Maker|228/404","|-item|p2a: Skuntank|Leftovers|[from] move: Thief|[of] p1a: Wish Maker","|","|turn|4","|","|switch|p2a: Weezing|Weezing, M, shiny|224/333","|move|p1a: Wish Maker|Wish|p1a: Wish Maker","|","|turn|5","|","|move|p1a: Wish Maker|Iron Head|p2a: Weezing","|-damage|p2a: Weezing|140/333","|move|p2a: Weezing|Will-O-Wisp|p1a: Wish Maker|[miss]","|-miss|p2a: Weezing|p1a: Wish Maker","|","|-heal|p1a: Wish Maker|404/404|[from] move: Wish|[wisher] Wish Maker","|turn|6","|","|move|p1a: Wish Maker|Iron Head|p2a: Weezing","|-damage|p2a: Weezing|59/333","|move|p2a: Weezing|Will-O-Wisp|p1a: Wish Maker","|-status|p1a: Wish Maker|brn","|","|-damage|p1a: Wish Maker|354/404 brn|[from] brn","|turn|7","|","|move|p1a: Wish Maker|Iron Head|p2a: Weezing","|-damage|p2a: Weezing|20/333","|cant|p2a: Weezing|flinch","|","|-damage|p1a: Wish Maker|304/404 brn|[from] brn","|turn|8","|","|switch|p2a: Skuntank|Skuntank, F, shiny|409/409","|move|p1a: Wish Maker|Iron Head|p2a: Skuntank","|-damage|p2a: Skuntank|345/409","|","|-heal|p2a: Skuntank|370/409|[from] item: Leftovers","|-damage|p1a: Wish Maker|254/404 brn|[from] brn","|turn|9","|","|move|p2a: Skuntank|Snatch|p2a: Skuntank","|-singleturn|p2a: Skuntank|Snatch","|move|p1a: Wish Maker|Wish|p1a: Wish Maker","|-activate|p2a: Skuntank|Snatch|[of] p1a: Wish Maker","|move|p2a: Skuntank|Wish|p2a: Skuntank|[from]Snatch","|","|-heal|p2a: Skuntank|395/409|[from] item: Leftovers","|-damage|p1a: Wish Maker|204/404 brn|[from] brn","|turn|10","|","|switch|p2a: Weezing|Weezing, M, shiny|20/333","|move|p1a: Wish Maker|Iron Head|p2a: Weezing","|-damage|p2a: Weezing|0 fnt","|faint|p2a: Weezing","|","|-damage|p1a: Wish Maker|154/404 brn|[from] brn","|","|switch|p2a: Muk|Muk, M, shiny|414/414","|turn|11","|","|move|p1a: Wish Maker|Iron Head|p2a: Muk","|-damage|p2a: Muk|359/414","|move|p2a: Muk|Curse|p2a: Muk","|-unboost|p2a: Muk|spe|1","|-boost|p2a: Muk|atk|1","|-boost|p2a: Muk|def|1","|","|-heal|p2a: Muk|384/414|[from] item: Leftovers","|-damage|p1a: Wish Maker|104/404 brn|[from] brn","|turn|12","|","|switch|p1a: Zarel|Meloetta|341/341","|-status|p1a: Zarel|psn","|move|p2a: Muk|Curse|p2a: Muk","|-unboost|p2a: Muk|spe|1","|-boost|p2a: Muk|atk|1","|-boost|p2a: Muk|def|1","|","|-heal|p2a: Muk|409/414|[from] item: Leftovers","|-damage|p1a: Zarel|299/341 psn|[from] psn","|turn|13","|","|move|p1a: Zarel|Hyper Voice|p2a: Muk","|-damage|p2a: Muk|166/414","|move|p2a: Muk|Venom Drench|p1a: Zarel","|-unboost|p1a: Zarel|atk|1","|-unboost|p1a: Zarel|spa|1","|-unboost|p1a: Zarel|spe|1","|","|-heal|p2a: Muk|191/414|[from] item: Leftovers","|-damage|p1a: Zarel|257/341 psn|[from] psn","|turn|14","|","|move|p1a: Zarel|Hyper Voice|p2a: Muk","|-damage|p2a: Muk|20/414","|move|p2a: Muk|Fire Punch|p1a: Zarel","|-damage|p1a: Zarel|57/341 psn","|","|-heal|p2a: Muk|45/414|[from] item: Leftovers","|-damage|p1a: Zarel|15/341 psn|[from] psn","|turn|15","|","|switch|p2a: Golbat|Golbat, M, shiny|353/353","|move|p1a: Zarel|Hyper Voice|p2a: Golbat","|-damage|p2a: Golbat|257/353","|","|-damage|p1a: Zarel|0 fnt|[from] psn","|faint|p1a: Zarel","|","|switch|p1a: BarsForEons|Latios, M|301/301","|turn|16","|","|move|p1a: BarsForEons|Psyshock|p2a: Golbat","|-supereffective|p2a: Golbat","|-damage|p2a: Golbat|0 fnt","|-damage|p1a: BarsForEons|271/301|[from] item: Life Orb","|faint|p2a: Golbat","|","|","|switch|p2a: Skuntank|Skuntank, F, shiny|395/409","|turn|17","|","|move|p1a: BarsForEons|Draco Meteor|p2a: Skuntank","|-damage|p2a: Skuntank|0 fnt","|-unboost|p1a: BarsForEons|spa|2","|-damage|p1a: BarsForEons|241/301|[from] item: Life Orb","|faint|p2a: Skuntank","|","|","|switch|p2a: Amoonguss|Amoonguss, M|432/432","|turn|18","|","|move|p1a: BarsForEons|Defog|p2a: Amoonguss","|-unboost|p2a: Amoonguss|evasion|1","|-sideend|p1: Topaz~Pikel|Toxic Spikes|[from] move: Defog|[of] p1a: BarsForEons","|move|p2a: Amoonguss|Spore|p1a: BarsForEons","|-status|p1a: BarsForEons|slp","|","|turn|19","|","|switch|p1a: BR34ST L3GZ|Medicham, F|261/261","|move|p2a: Amoonguss|Stun Spore|p1a: BR34ST L3GZ","|-status|p1a: BR34ST L3GZ|par","|","|turn|20","|","|move|p2a: Amoonguss|Gastro Acid|p1a: BR34ST L3GZ","|-endability|p1a: BR34ST L3GZ","|move|p1a: BR34ST L3GZ|Zen Headbutt|p2a: Amoonguss","|-supereffective|p2a: Amoonguss","|-damage|p2a: Amoonguss|76/432","|","|-heal|p2a: Amoonguss|103/432|[from] item: Black Sludge","|turn|21","|","|move|p2a: Amoonguss|Giga Drain|p1a: BR34ST L3GZ","|-crit|p1a: BR34ST L3GZ","|-damage|p1a: BR34ST L3GZ|114/261 par","|-heal|p2a: Amoonguss|177/432|[from] drain|[of] p1a: BR34ST L3GZ","|move|p1a: BR34ST L3GZ|Zen Headbutt|p2a: Amoonguss","|-supereffective|p2a: Amoonguss","|-damage|p2a: Amoonguss|0 fnt","|faint|p2a: Amoonguss","|","|","|switch|p2a: Muk|Muk, M, shiny|45/414","|turn|22","|","|move|p2a: Muk|Shadow Sneak|p1a: BR34ST L3GZ","|-supereffective|p1a: BR34ST L3GZ","|-damage|p1a: BR34ST L3GZ|0 fnt","|faint|p1a: BR34ST L3GZ","|","|-heal|p2a: Muk|70/414|[from] item: Leftovers","|","|switch|p1a: V1C70RY|Victini|341/341","|turn|23","|","|move|p2a: Muk|Shadow Sneak|p1a: V1C70RY","|-supereffective|p1a: V1C70RY","|-damage|p1a: V1C70RY|245/341","|-status|p1a: V1C70RY|psn","|move|p1a: V1C70RY|Bolt Strike|p2a: Muk","|-damage|p2a: Muk|0 fnt","|faint|p2a: Muk","|","|-damage|p1a: V1C70RY|203/341 psn|[from] psn","|","|switch|p2a: Tentacruel|Tentacruel, F, shiny|302/302","|turn|24","|","|switch|p1a: Bridezilla|Gardevoir, F|277/277","|-ability|p1a: Bridezilla|Liquid Ooze|[from] ability: Trace|[of] p2a: Tentacruel","|move|p2a: Tentacruel|Hex|p1a: Bridezilla","|-supereffective|p1a: Bridezilla","|-damage|p1a: Bridezilla|175/277","|","|turn|25","|","|detailschange|p1a: Bridezilla|Gardevoir-Mega, F","|-mega|p1a: Bridezilla|Gardevoir|Gardevoirite","|move|p2a: Tentacruel|Acid Spray|p1a: Bridezilla","|-crit|p1a: Bridezilla","|-supereffective|p1a: Bridezilla","|-damage|p1a: Bridezilla|43/277","|-unboost|p1a: Bridezilla|spd|2","|move|p1a: Bridezilla|Psyshock|p2a: Tentacruel","|-supereffective|p2a: Tentacruel","|-damage|p2a: Tentacruel|0 fnt","|faint|p2a: Tentacruel","|","|win|Topaz~Pikel"],"p1rating":{"entryid":"7419563","serverid":"eos","formatid":"monotype","userid":"topazpikel","username":"Topaz~Pikel","w":2,"l":"0","t":"0","gxe":58.9,"r":"1500","rd":"130","sigma":"0","rptime":"1438765200","rpr":1571.6957782503,"rprd":115.80269952942,"rpsigma":"0","acre":1087.9159960872,"lacre":1087.9159960872,"oldacre":"1055.3865200385"},"p2rating":{"entryid":"6731189","serverid":"eos","formatid":"monotype","userid":"guardwanderer","username":"Guard Wanderer","w":"75","l":107,"t":"0","gxe":39.3,"r":"1416.6716065611","rd":"31.012894024758","sigma":"0","rptime":"1438765200","rpr":1417.7618631859,"rprd":30.527877552877,"rpsigma":"0","acre":1044.3639427887,"lacre":1044.3639427887,"oldacre":"1064.5695595802"},"endType":"normal"}