{"seed":[40905,31839,42380,45241],"turns":30,"p1":"Knight♕Zygarde","p2":"Emg GL Test Tech","p1team":[{"name":"Latios","species":"Latios","item":"latiosite","ability":"Levitate","moves":["calmmind","recover","dragonpulse","psyshock"],"nature":"Timid","evs":{"hp":4,"atk":0,"def":0,"spa":252,"spd":0,"spe":252},"ivs":{"hp":31,"atk":31,"def":31,"spa":31,"spd":31,"spe":31}},{"name":"Hoopa-Unbound","species":"Hoopa-Unbound","item":"choicescarf","ability":"Magician","moves":["hyperspacefury","gunkshot","drainpunch","zenheadbutt"],"nature":"Jolly","evs":{"hp":4,"atk":0,"def":0,"spa":0,"spd":0,"spe":252},"ivs":{"hp":31,"atk":31,"def":31,"spa":31,"spd":31,"spe":31}},{"name":"Metagross","species":"Metagross","item":"leftovers","ability":"Clear Body","moves":["earthquake","meteormash","zenheadbutt","thunderpunch"],"nature":"Adamant","evs":{"hp":248,"atk":8,"def":0,"spa":0,"spd":0,"spe":0},"ivs":{"hp":31,"atk":31,"def":31,"spa":31,"spd":31,"spe":31}},{"name":"Victini","species":"Victini","item":"choicescarf","ability":"Victory Star","moves":["vcreate","zenheadbutt","boltstrike","uturn"],"nature":"Jolly","evs":{"hp":0,"atk":252,"def":0,"spa":0,"spd":4,"spe":252},"ivs":{"hp":31,"atk":31,"def":31,"spa":31,"spd":31,"spe":31}},{"name":"Alakazam","species":"Alakazam","item":"lifeorb","ability":"Magic Guard","moves":["calmmind","dazzlinggleam","psyshock","energyball"],"nature":"Timid","evs":{"hp":0,"atk":0,"def":0,"spa":252,"spd":4,"spe":252},"ivs":{"hp":31,"atk":31,"def":31,"spa":31,"spd":31,"spe":31}},{"name":"Jirachi","species":"Jirachi","item":"choicescarf","ability":"Serene Grace","moves":["firepunch","icepunch","zenheadbutt","ironhead"],"nature":"Jolly","evs":{"hp":0,"atk":252,"def":0,"spa":0,"spd":4,"spe":252},"ivs":{"hp":31,"atk":31,"def":31,"spa":31,"spd":31,"spe":31}}],"p2team":[{"name":"Hoopa-Unbound","species":"Hoopa-Unbound","item":"lifeorb","ability":"Magician","moves":["gunkshot","focusblast","psychic","hyperspacefury"],"nature":"Hasty","evs":{"hp":0,"atk":88,"def":0,"spa":168,"spd":0,"spe":252},"ivs":{"hp":31,"atk":31,"def":31,"spa":31,"spd":31,"spe":31}},{"name":"Gardevoir","species":"Gardevoir","item":"gardevoirite","ability":"Trace","moves":["hypervoice","taunt","focusblast","willowisp"],"nature":"Timid","evs":{"hp":4,"atk":0,"def":0,"spa":252,"spd":0,"spe":252},"ivs":{"hp":31,"atk":31,"def":31,"spa":31,"spd":31,"spe":31}},{"name":"Latios","species":"Latios","item":"choicescarf","ability":"Levitate","moves":["dracometeor","trick","psychic","surf"],"nature":"Timid","evs":{"hp":0,"atk":0,"def":0,"spa":252,"spd":4,"spe":252},"ivs":{"hp":31,"atk":31,"def":31,"spa":31,"spd":31,"spe":31}},{"name":"Jirachi","species":"Jirachi","item":"leftovers","ability":"Serene Grace","moves":["thunderwave","ironhead","healingwish","substitute"],"nature":"Careful","evs":{"hp":248,"atk":0,"def":0,"spa":0,"spd":228,"spe":32},"ivs":{"hp":31,"atk":31,"def":31,"spa":31,"spd":31,"spe":31}},{"name":"Deoxys-Defense","species":"Deoxys-Defense","item":"leftovers","ability":"Pressure","moves":["nightshade","recover","cosmicpower","toxic"],"nature":"Careful","evs":{"hp":252,"atk":0,"def":128,"spa":0,"spd":128,"spe":0},"ivs":{"hp":31,"atk":31,"def":31,"spa":31,"spd":31,"spe":31}},{"name":"Slowbro","species":"Slowbro","item":"leftovers","ability":"Regenerator","moves":["scald","slackoff","fireblast","yawn"],"nature":"Bold","evs":{"hp":252,"atk":0,"def":200,"spa":0,"spd":56,"spe":0},"ivs":{"hp":31,"atk":31,"def":31,"spa":31,"spd":31,"spe":31}}],"log":["|player|p1|Knight♕Zygarde|knightzygarde.png","|player|p2|Emg GL Test Tech|149","|gametype|singles","|gen|6","|tier|Monotype","|rated","|rule|Baton Pass Clause: Limit one Baton Passer, can't pass Spe and other stats simultaneously","|rule|Swagger Clause: Swagger is banned","|rule|Same Type Clause: Pokémon in a team must share a type","|clearpoke","|poke|p1|Latios, M","|poke|p1|Hoopa-Unbound","|poke|p1|Metagross","|poke|p1|Victini","|poke|p1|Alakazam, M","|poke|p1|Jirachi","|poke|p2|Hoopa-Unbound","|poke|p2|Gardevoir, F","|poke|p2|Latios, M","|poke|p2|Jirachi","|poke|p2|Deoxys-Defense","|poke|p2|Slowbro, F","|rule|Sleep Clause Mod: Limit one foe put to sleep","|rule|Species Clause: Limit one of each Pokémon","|rule|OHKO Clause: OHKO moves are banned","|rule|Moody Clause: Moody is banned","|rule|Evasion Moves Clause: Evasion moves are banned","|rule|Endless Battle Clause: Forcing endless battles is banned","|rule|HP Percentage Mod: HP is shown in percentages","|teampreview","|","|start","|switch|p1a: Alakazam|Alakazam, M|251/251","|switch|p2a: Hoopa-Unbound|Hoopa-Unbound|301/301","|turn|1","|","|move|p1a: Alakazam|Dazzling Gleam|p2a: Hoopa-Unbound","|-supereffective|p2a: Hoopa-Unbound","|-damage|p2a: Hoopa-Unbound|114/301","|move|p2a: Hoopa-Unbound|Hyperspace Fury|p1a: Alakazam","|-supereffective|p1a: Alakazam","|-damage|p1a: Alakazam|0 fnt","|-unboost|p2a: Hoopa-Unbound|def|1","|-damage|p2a: Hoopa-Unbound|84/301|[from] item: Life Orb","|faint|p1a: Alakazam","|","|","|switch|p1a: Latios|Latios, M|302/302","|turn|2","|","|switch|p2a: Jirachi|Jirachi|403/403","|detailschange|p1a: Latios|Latios-Mega, M","|-mega|p1a: Latios|Latios|Latiosite","|move|p1a: Latios|Dragon Pulse|p2a: Jirachi","|-resisted|p2a: Jirachi","|-damage|p2a: Jirachi|341/403","|","|-heal|p2a: Jirachi|366/403|[from] item: Leftovers","|turn|3","|","|switch|p1a: Victini|Victini|341/341","|move|p2a: Jirachi|Thunder Wave|p1a: Victini","|-status|p1a: Victini|par","|","|-heal|p2a: Jirachi|391/403|[from] item: Leftovers","|turn|4","|","|move|p2a: Jirachi|Iron Head|p1a: Victini","|-resisted|p1a: Victini","|-damage|p1a: Victini|294/341 par","|cant|p1a: Victini|par","|","|-heal|p2a: Jirachi|403/403|[from] item: Leftovers","|turn|5","|","|move|p2a: Jirachi|Substitute|p2a: Jirachi","|-start|p2a: Jirachi|Substitute","|-damage|p2a: Jirachi|303/403","|move|p1a: Victini|V-create|p2a: Jirachi","|-supereffective|p2a: Jirachi","|-end|p2a: Jirachi|Substitute","|-unboost|p1a: Victini|spe|1","|-unboost|p1a: Victini|def|1","|-unboost|p1a: Victini|spd|1","|","|-heal|p2a: Jirachi|328/403|[from] item: Leftovers","|turn|6","|","|switch|p1a: Hoopa-Unbound|Hoopa-Unbound|302/302","|move|p2a: Jirachi|Iron Head|p1a: Hoopa-Unbound","|-damage|p1a: Hoopa-Unbound|152/302","|","|-heal|p2a: Jirachi|353/403|[from] item: Leftovers","|turn|7","|","|switch|p2a: Slowbro|Slowbro, F|394/394","|move|p1a: Hoopa-Unbound|Hyperspace Fury|p2a: Slowbro","|-supereffective|p2a: Slowbro","|-damage|p2a: Slowbro|142/394","|-unboost|p1a: Hoopa-Unbound|def|1","|","|-heal|p2a: Slowbro|166/394|[from] item: Leftovers","|turn|8","|","|move|p1a: Hoopa-Unbound|Hyperspace Fury|p2a: Slowbro","|-supereffective|p2a: Slowbro","|-damage|p2a: Slowbro|0 fnt","|-unboost|p1a: Hoopa-Unbound|def|1","|faint|p2a: Slowbro","|","|","|switch|p2a: Latios|Latios, M|301/301","|turn|9","|","|move|p2a: Latios|Draco Meteor|p1a: Hoopa-Unbound","|-damage|p1a: Hoopa-Unbound|0 fnt","|-unboost|p2a: Latios|spa|2","|faint|p1a: Hoopa-Unbound","|","|","|switch|p1a: Latios|Latios-Mega, M|302/302","|turn|10","|","|switch|p2a: Jirachi|Jirachi|353/403","|move|p1a: Latios|Dragon Pulse|p2a: Jirachi","|-resisted|p2a: Jirachi","|-damage|p2a: Jirachi|290/403","|","|-heal|p2a: Jirachi|315/403|[from] item: Leftovers","|turn|11","|","|switch|p1a: Victini|Victini|294/341 par","|switch|p2a: Latios|Latios, M|301/301","|","|turn|12","|","|move|p2a: Latios|Trick|p1a: Victini","|-activate|p2a: Latios|move: Trick|[of] p1a: Victini","|-item|p1a: Victini|Choice Scarf|[from] move: Trick","|-item|p2a: Latios|Choice Scarf|[from] move: Trick","|move|p1a: Victini|U-turn|p2a: Latios","|-supereffective|p2a: Latios","|-damage|p2a: Latios|147/301","|","|switch|p1a: Jirachi|Jirachi|341/341","|","|turn|13","|","|move|p2a: Latios|Trick|p1a: Jirachi","|-activate|p2a: Latios|move: Trick|[of] p1a: Jirachi","|-item|p1a: Jirachi|Choice Scarf|[from] move: Trick","|-item|p2a: Latios|Choice Scarf|[from] move: Trick","|move|p1a: Jirachi|Iron Head|p2a: Latios","|-damage|p2a: Latios|9/301","|","|turn|14","|","|move|p2a: Latios|Draco Meteor|p1a: Jirachi","|-resisted|p1a: Jirachi","|-damage|p1a: Jirachi|227/341","|-unboost|p2a: Latios|spa|2","|move|p1a: Jirachi|Iron Head|p2a: Latios","|-damage|p2a: Latios|0 fnt","|faint|p2a: Latios","|","|","|switch|p2a: Deoxys-Defense|Deoxys-Defense|304/304","|-ability|p2a: Deoxys-Defense|Pressure","|turn|15","|","|switch|p1a: Victini|Victini|294/341 par","|move|p2a: Deoxys-Defense|Cosmic Power|p2a: Deoxys-Defense","|-boost|p2a: Deoxys-Defense|def|1","|-boost|p2a: Deoxys-Defense|spd|1","|","|turn|16","|","|move|p2a: Deoxys-Defense|Cosmic Power|p2a: Deoxys-Defense","|-boost|p2a: Deoxys-Defense|def|1","|-boost|p2a: Deoxys-Defense|spd|1","|move|p1a: Victini|V-create|p2a: Deoxys-Defense","|-damage|p2a: Deoxys-Defense|217/304","|-unboost|p1a: Victini|spe|1","|-unboost|p1a: Victini|def|1","|-unboost|p1a: Victini|spd|1","|","|-heal|p2a: Deoxys-Defense|236/304|[from] item: Leftovers","|turn|17","|","|switch|p1a: Latios|Latios-Mega, M|302/302","|move|p2a: Deoxys-Defense|Cosmic Power|p2a: Deoxys-Defense","|-boost|p2a: Deoxys-Defense|def|1","|-boost|p2a: Deoxys-Defense|spd|1","|","|-heal|p2a: Deoxys-Defense|255/304|[from] item: Leftovers","|turn|18","|","|move|p1a: Latios|Calm Mind|p1a: Latios","|-boost|p1a: Latios|spa|1","|-boost|p1a: Latios|spd|1","|move|p2a: Deoxys-Defense|Toxic|p1a: Latios","|-status|p1a: Latios|tox","|","|-heal|p2a: Deoxys-Defense|274/304|[from] item: Leftovers","|-damage|p1a: Latios|284/302 tox|[from] psn","|turn|19","|","|move|p1a: Latios|Calm Mind|p1a: Latios","|-boost|p1a: Latios|spa|1","|-boost|p1a: Latios|spd|1","|move|p2a: Deoxys-Defense|Cosmic Power|p2a: Deoxys-Defense","|-boost|p2a: Deoxys-Defense|def|1","|-boost|p2a: Deoxys-Defense|spd|1","|","|-heal|p2a: Deoxys-Defense|293/304|[from] item: Leftovers","|-damage|p1a: Latios|248/302 tox|[from] psn","|turn|20","|","|move|p1a: Latios|Calm Mind|p1a: Latios","|-boost|p1a: Latios|spa|1","|-boost|p1a: Latios|spd|1","|move|p2a: Deoxys-Defense|Cosmic Power|p2a: Deoxys-Defense","|-boost|p2a: Deoxys-Defense|def|1","|-boost|p2a: Deoxys-Defense|spd|1","|","|-heal|p2a: Deoxys-Defense|304/304|[from] item: Leftovers","|-damage|p1a: Latios|194/302 tox|[from] psn","|turn|21","|","|move|p1a: Latios|Dragon Pulse|p2a: Deoxys-Defense","|-damage|p2a: Deoxys-Defense|231/304","|move|p2a: Deoxys-Defense|Cosmic Power|p2a: Deoxys-Defense","|-boost|p2a: Deoxys-Defense|def|1","|-boost|p2a: Deoxys-Defense|spd|1","|","|-heal|p2a: Deoxys-Defense|250/304|[from] item: Leftovers","|-damage|p1a: Latios|122/302 tox|[from] psn","|turn|22","|","|move|p1a: Latios|Dragon Pulse|p2a: Deoxys-Defense","|-damage|p2a: Deoxys-Defense|184/304","|move|p2a: Deoxys-Defense|Night Shade|p1a: Latios","|-damage|p1a: Latios|22/302 tox","|","|-heal|p2a: Deoxys-Defense|203/304|[from] item: Leftovers","|-damage|p1a: Latios|0 fnt|[from] psn","|faint|p1a: Latios","|","|switch|p1a: Jirachi|Jirachi|227/341","|turn|23","|","|move|p1a: Jirachi|Iron Head|p2a: Deoxys-Defense","|-damage|p2a: Deoxys-Defense|184/304","|cant|p2a: Deoxys-Defense|flinch","|","|-heal|p2a: Deoxys-Defense|203/304|[from] item: Leftovers","|turn|24","|","|switch|p1a: Victini|Victini|294/341 par","|move|p2a: Deoxys-Defense|Recover|p2a: Deoxys-Defense","|-heal|p2a: Deoxys-Defense|304/304","|","|turn|25","|","|move|p2a: Deoxys-Defense|Night Shade|p1a: Victini","|-damage|p1a: Victini|194/341 par","|move|p1a: Victini|V-create|p2a: Deoxys-Defense","|-damage|p2a: Deoxys-Defense|262/304","|-unboost|p1a: Victini|spe|1","|-unboost|p1a: Victini|def|1","|-unboost|p1a: Victini|spd|1","|","|-heal|p2a: Deoxys-Defense|281/304|[from] item: Leftovers","|turn|26","|","|move|p2a: Deoxys-Defense|Night Shade|p1a: Victini","|-damage|p1a: Victini|94/341 par","|move|p1a: Victini|V-create|p2a: Deoxys-Defense","|-damage|p2a: Deoxys-Defense|239/304","|-unboost|p1a: Victini|spe|1","|-unboost|p1a: Victini|def|1","|-unboost|p1a: Victini|spd|1","|","|-heal|p2a: Deoxys-Defense|258/304|[from] item: Leftovers","|turn|27","|","|move|p2a: Deoxys-Defense|Night Shade|p1a: Victini","|-damage|p1a: Victini|0 fnt","|faint|p1a: Victini","|","|-heal|p2a: Deoxys-Defense|277/304|[from] item: Leftovers","|","|switch|p1a: Metagross|Metagross|363/363","|turn|28","|","|move|p2a: Deoxys-Defense|Night Shade|p1a: Metagross","|-damage|p1a: Metagross|263/363","|move|p1a: Metagross|Meteor Mash|p2a: Deoxys-Defense","|-damage|p2a: Deoxys-Defense|252/304","|","|-heal|p2a: Deoxys-Defense|271/304|[from] item: Leftovers","|-heal|p1a: Metagross|285/363|[from] item: Leftovers","|turn|29","|","|move|p2a: Deoxys-Defense|Night Shade|p1a: Metagross","|-damage|p1a: Metagross|185/363","|move|p1a: Metagross|Meteor Mash|p2a: Deoxys-Defense|[miss]","|-miss|p1a: Metagross|p2a: Deoxys-Defense","|","|-heal|p2a: Deoxys-Defense|290/304|[from] item: Leftovers","|-heal|p1a: Metagross|207/363|[from] item: Leftovers","|turn|30","|","|win|Emg GL Test Tech"],"p1rating":{"entryid":"7130918","serverid":"eos","formatid":"monotype","userid":"knightzygarde","username":"Knight♕Zygarde","w":"38","l":23,"t":"0","gxe":64.5,"r":"1615.5601682271","rd":"47.605644638437","sigma":"0","rptime":"1438765200","rpr":1612.9309846461,"rprd":46.104449917661,"rpsigma":"0","acre":1211.3802764648,"lacre":1211.3802764648,"oldacre":"1237.505570427"},"p2rating":{"entryid":"7162853","serverid":"eos","formatid":"monotype","userid":"emggltesttech","username":"Emg GL Test Tech","w":12,"l":"3","t":"0","gxe":69.7,"r":"1612.3296444451","rd":"99.805079559002","sigma":"0","rptime":"1438765200","rpr":1660.8844556797,"rprd":77.905537079913,"rpsigma":"0","acre":1247.9816032355,"lacre":1247.9816032355,"oldacre":"1221.8563092733"},"endType":"forfeit"}