{"seed":[49264,4512,17224,31538],"turns":53,"p1":"LightOfAKnowing","p2":"Guard Wanderer","p1team":[{"name":"Roserade","species":"Roserade","item":"choicescarf","ability":"Technician","moves":["weatherball","sludgebomb","gigadrain","sleeppowder"],"nature":"Timid","evs":{"hp":0,"atk":0,"def":0,"spa":252,"spd":4,"spe":252},"ivs":{"hp":31,"atk":30,"def":30,"spa":31,"spd":31,"spe":31}},{"name":"Ludicolo","species":"Ludicolo","item":"damprock","ability":"Swift Swim","moves":["raindance","icebeam","scald","focusblast"],"nature":"Modest","evs":{"hp":0,"atk":0,"def":0,"spa":252,"spd":4,"spe":252},"ivs":{"hp":31,"atk":31,"def":31,"spa":31,"spd":31,"spe":31}},{"name":"Ferrothorn","species":"Ferrothorn","item":"rockyhelmet","ability":"Iron Barbs","moves":["leechseed","powerwhip","ironhead","stealthrock"],"nature":"Impish","evs":{"hp":248,"atk":8,"def":252,"spa":0,"spd":0,"spe":0},"ivs":{"hp":31,"atk":31,"def":31,"spa":31,"spd":31,"spe":31}},{"name":"Sawsbuck","species":"Sawsbuck","item":"heatrock","ability":"Chlorophyll","moves":["sunnyday","hornleech","frustration","jumpkick"],"nature":"Adamant","evs":{"hp":0,"atk":252,"def":0,"spa":0,"spd":4,"spe":252},"happiness":0,"ivs":{"hp":31,"atk":31,"def":31,"spa":31,"spd":31,"spe":31}},{"name":"Venusaur","species":"Venusaur","item":"venusaurite","ability":"Chlorophyll","moves":["sleeppowder","synthesis","sludgebomb","energyball"],"nature":"Modest","evs":{"hp":0,"atk":0,"def":0,"spa":252,"spd":4,"spe":252},"ivs":{"hp":31,"atk":31,"def":31,"spa":31,"spd":31,"spe":31}},{"name":"Cradily","species":"Cradily","item":"leftovers","ability":"Storm Drain","moves":["ancientpower","stockpile","gigadrain","recover"],"nature":"Modest","evs":{"hp":248,"atk":0,"def":0,"spa":252,"spd":8,"spe":0},"ivs":{"hp":31,"atk":31,"def":31,"spa":31,"spd":31,"spe":31}}],"p2team":[{"name":"Weezing","species":"Weezing","item":"sitrusberry","ability":"Levitate","moves":["toxicspikes","willowisp","memento","thief"],"nature":"Careful","evs":{"hp":248,"atk":8,"def":0,"spa":0,"spd":252,"spe":0},"ivs":{"hp":31,"atk":31,"def":31,"spa":31,"spd":31,"spe":31}},{"name":"Tentacruel","species":"Tentacruel","item":"assaultvest","ability":"Liquid Ooze","moves":["scald","acidspray","gigadrain","hex"],"nature":"Timid","evs":{"hp":0,"atk":0,"def":4,"spa":252,"spd":0,"spe":252},"ivs":{"hp":31,"atk":31,"def":31,"spa":31,"spd":31,"spe":31}},{"name":"Skuntank","species":"Skuntank","item":"","ability":"Stench","moves":["snatch","thief","suckerpunch","poisonjab"],"nature":"Adamant","evs":{"hp":248,"atk":252,"def":0,"spa":0,"spd":8,"spe":0},"ivs":{"hp":31,"atk":31,"def":31,"spa":31,"spd":31,"spe":31}},{"name":"Crobat","species":"Crobat","item":"whiteherb","ability":"Infiltrator","moves":["curse","acrobatics","roost","hypnosis"],"nature":"Jolly","evs":{"hp":248,"atk":8,"def":0,"spa":0,"spd":0,"spe":252},"ivs":{"hp":31,"atk":31,"def":31,"spa":31,"spd":31,"spe":31}},{"name":"Gengar","species":"Gengar","item":"choicescarf","ability":"Levitate","moves":["trick","destinybond","venoshock","hex"],"nature":"Timid","evs":{"hp":0,"atk":0,"def":0,"spa":252,"spd":4,"spe":252},"ivs":{"hp":31,"atk":31,"def":31,"spa":31,"spd":31,"spe":31}},{"name":"Amoonguss","species":"Amoonguss","item":"blacksludge","ability":"Regenerator","moves":["spore","gigadrain","gastroacid","stunspore"],"nature":"Calm","evs":{"hp":248,"atk":0,"def":0,"spa":8,"spd":252,"spe":0},"shiny":true,"ivs":{"hp":31,"atk":31,"def":31,"spa":31,"spd":31,"spe":31}}],"log":["|player|p1|LightOfAKnowing|lightofaknowing.gif","|player|p2|Guard Wanderer|235","|gametype|singles","|gen|6","|tier|Monotype","|rated","|rule|Baton Pass Clause: Limit one Baton Passer, can't pass Spe and other stats simultaneously","|rule|Swagger Clause: Swagger is banned","|rule|Same Type Clause: Pokémon in a team must share a type","|clearpoke","|poke|p1|Roserade, F","|poke|p1|Ludicolo, M","|poke|p1|Ferrothorn, F","|poke|p1|Sawsbuck, M","|poke|p1|Venusaur, M","|poke|p1|Cradily, M","|poke|p2|Weezing, F","|poke|p2|Tentacruel, M","|poke|p2|Skuntank, M","|poke|p2|Crobat, F","|poke|p2|Gengar, M","|poke|p2|Amoonguss, M, shiny","|rule|Sleep Clause Mod: Limit one foe put to sleep","|rule|Species Clause: Limit one of each Pokémon","|rule|OHKO Clause: OHKO moves are banned","|rule|Moody Clause: Moody is banned","|rule|Evasion Moves Clause: Evasion moves are banned","|rule|Endless Battle Clause: Forcing endless battles is banned","|rule|HP Percentage Mod: HP is shown in percentages","|teampreview","|","|start","|switch|p1a: Ludicolo|Ludicolo, M|301/301","|switch|p2a: Weezing|Weezing, F|333/333","|turn|1","|","|move|p1a: Ludicolo|Rain Dance|p1a: Ludicolo","|-weather|RainDance","|move|p2a: Weezing|Will-O-Wisp|p1a: Ludicolo","|-status|p1a: Ludicolo|brn","|","|-weather|RainDance|[upkeep]","|-damage|p1a: Ludicolo|264/301 brn|[from] brn","|turn|2","|","|switch|p2a: Tentacruel|Tentacruel, M|301/301","|move|p1a: Ludicolo|Scald|p2a: Tentacruel","|-resisted|p2a: Tentacruel","|-damage|p2a: Tentacruel|251/301","|","|-weather|RainDance|[upkeep]","|-damage|p1a: Ludicolo|227/301 brn|[from] brn","|turn|3","|","|switch|p1a: Ferrothorn|Ferrothorn, F|351/351","|move|p2a: Tentacruel|Acid Spray|p1a: Ferrothorn","|-immune|p1a: Ferrothorn|[msg]","|","|-weather|RainDance|[upkeep]","|turn|4","|","|move|p2a: Tentacruel|Scald|p1a: Ferrothorn","|-resisted|p1a: Ferrothorn","|-damage|p1a: Ferrothorn|282/351","|move|p1a: Ferrothorn|Stealth Rock|p2a: Tentacruel","|-sidestart|p2: Guard Wanderer|move: Stealth Rock","|","|-weather|RainDance|[upkeep]","|turn|5","|","|move|p2a: Tentacruel|Scald|p1a: Ferrothorn","|-resisted|p1a: Ferrothorn","|-damage|p1a: Ferrothorn|210/351","|-status|p1a: Ferrothorn|brn","|move|p1a: Ferrothorn|Power Whip|p2a: Tentacruel","|-damage|p2a: Tentacruel|148/301","|","|-weather|RainDance|[upkeep]","|-damage|p1a: Ferrothorn|167/351 brn|[from] brn","|turn|6","|","|move|p2a: Tentacruel|Hex|p1a: Ferrothorn","|-damage|p1a: Ferrothorn|62/351 brn","|move|p1a: Ferrothorn|Power Whip|p2a: Tentacruel","|-damage|p2a: Tentacruel|46/301","|","|-weather|RainDance|[upkeep]","|-damage|p1a: Ferrothorn|19/351 brn|[from] brn","|turn|7","|","|move|p2a: Tentacruel|Hex|p1a: Ferrothorn","|-damage|p1a: Ferrothorn|0 fnt","|faint|p1a: Ferrothorn","|","|-weather|RainDance|[upkeep]","|","|switch|p1a: Ludicolo|Ludicolo, M|227/301 brn","|turn|8","|","|move|p1a: Ludicolo|Scald|p2a: Tentacruel","|-resisted|p2a: Tentacruel","|-damage|p2a: Tentacruel|0 fnt","|faint|p2a: Tentacruel","|","|-weather|none","|-damage|p1a: Ludicolo|190/301 brn|[from] brn","|","|switch|p2a: Amoonguss|Amoonguss, M, shiny|431/431","|-damage|p2a: Amoonguss|378/431|[from] Stealth Rock","|turn|9","|","|move|p1a: Ludicolo|Rain Dance|p1a: Ludicolo","|-weather|RainDance","|move|p2a: Amoonguss|Gastro Acid|p1a: Ludicolo","|-endability|p1a: Ludicolo","|","|-weather|RainDance|[upkeep]","|-heal|p2a: Amoonguss|404/431|[from] item: Black Sludge","|-damage|p1a: Ludicolo|153/301 brn|[from] brn","|turn|10","|","|move|p1a: Ludicolo|Ice Beam|p2a: Amoonguss","|-supereffective|p2a: Amoonguss","|-damage|p2a: Amoonguss|256/431","|-status|p2a: Amoonguss|frz","|-curestatus|p2a: Amoonguss|frz","|move|p2a: Amoonguss|Giga Drain|p1a: Ludicolo","|-damage|p1a: Ludicolo|77/301 brn","|-heal|p2a: Amoonguss|294/431|[from] drain|[of] p1a: Ludicolo","|","|-weather|RainDance|[upkeep]","|-heal|p2a: Amoonguss|320/431|[from] item: Black Sludge","|-damage|p1a: Ludicolo|40/301 brn|[from] brn","|turn|11","|","|switch|p2a: Weezing|Weezing, F|333/333","|-damage|p2a: Weezing|292/333|[from] Stealth Rock","|move|p1a: Ludicolo|Ice Beam|p2a: Weezing","|-damage|p2a: Weezing|216/333","|","|-weather|RainDance|[upkeep]","|-damage|p1a: Ludicolo|3/301 brn|[from] brn","|turn|12","|","|move|p1a: Ludicolo|Scald|p2a: Weezing","|-damage|p2a: Weezing|47/333","|-enditem|p2a: Weezing|Sitrus Berry|[eat]","|-heal|p2a: Weezing|130/333|[from] item: Sitrus Berry","|move|p2a: Weezing|Toxic Spikes|p1a: Ludicolo","|-sidestart|p1: LightOfAKnowing|move: Toxic Spikes","|","|-weather|RainDance|[upkeep]","|-damage|p1a: Ludicolo|0 fnt|[from] brn","|faint|p1a: Ludicolo","|","|switch|p1a: Roserade|Roserade, F|261/261","|-sideend|p1: LightOfAKnowing|move: Toxic Spikes|[of] p1a: Roserade","|turn|13","|","|move|p1a: Roserade|Sleep Powder|p2a: Weezing|[miss]","|-miss|p1a: Roserade|p2a: Weezing","|move|p2a: Weezing|Thief|p1a: Roserade","|-damage|p1a: Roserade|203/261","|-item|p2a: Weezing|Choice Scarf|[from] move: Thief|[of] p1a: Roserade","|","|-weather|RainDance|[upkeep]","|turn|14","|","|switch|p2a: Amoonguss|Amoonguss, M, shiny|431/431","|-damage|p2a: Amoonguss|378/431|[from] Stealth Rock","|move|p1a: Roserade|Weather Ball|p2a: Amoonguss","|-resisted|p2a: Amoonguss","|-damage|p2a: Amoonguss|304/431","|","|-weather|RainDance|[upkeep]","|-heal|p2a: Amoonguss|330/431|[from] item: Black Sludge","|turn|15","|","|switch|p1a: Venusaur|Venusaur, M|301/301","|move|p2a: Amoonguss|Giga Drain|p1a: Venusaur","|-crit|p1a: Venusaur","|-resisted|p1a: Venusaur","|-damage|p1a: Venusaur|270/301","|-heal|p2a: Amoonguss|346/431|[from] drain|[of] p1a: Venusaur","|","|-weather|RainDance|[upkeep]","|-heal|p2a: Amoonguss|372/431|[from] item: Black Sludge","|turn|16","|","|detailschange|p1a: Venusaur|Venusaur-Mega, M","|-mega|p1a: Venusaur|Venusaur|Venusaurite","|move|p1a: Venusaur|Sludge Bomb|p2a: Amoonguss","|-crit|p2a: Amoonguss","|-damage|p2a: Amoonguss|159/431","|move|p2a: Amoonguss|Gastro Acid|p1a: Venusaur","|-endability|p1a: Venusaur","|","|-weather|none","|-heal|p2a: Amoonguss|185/431|[from] item: Black Sludge","|turn|17","|","|switch|p2a: Weezing|Weezing, F|130/333","|-damage|p2a: Weezing|89/333|[from] Stealth Rock","|move|p1a: Venusaur|Sludge Bomb|p2a: Weezing","|-resisted|p2a: Weezing","|-damage|p2a: Weezing|13/333","|","|turn|18","|","|move|p1a: Venusaur|Sludge Bomb|p2a: Weezing","|-resisted|p2a: Weezing","|-damage|p2a: Weezing|0 fnt","|faint|p2a: Weezing","|","|","|switch|p2a: Crobat|Crobat, F|373/373","|-damage|p2a: Crobat|280/373|[from] Stealth Rock","|turn|19","|","|move|p2a: Crobat|Curse|p2a: Crobat","|-unboost|p2a: Crobat|spe|1","|-boost|p2a: Crobat|atk|1","|-boost|p2a: Crobat|def|1","|-enditem|p2a: Crobat|White Herb","|-restoreboost|p2a: Crobat|[silent]","|move|p1a: Venusaur|Sludge Bomb|p2a: Crobat","|-resisted|p2a: Crobat","|-damage|p2a: Crobat|178/373","|","|turn|20","|","|move|p2a: Crobat|Acrobatics|p1a: Venusaur","|-supereffective|p1a: Venusaur","|-damage|p1a: Venusaur|0 fnt","|faint|p1a: Venusaur","|","|","|switch|p1a: Cradily|Cradily, M|375/375","|turn|21","|","|move|p2a: Crobat|Roost|p2a: Crobat","|-heal|p2a: Crobat|365/373","|move|p1a: Cradily|Ancient Power|p2a: Crobat","|-damage|p2a: Crobat|269/373","|","|turn|22","|","|move|p2a: Crobat|Hypnosis|p1a: Cradily|[miss]","|-miss|p2a: Crobat|p1a: Cradily","|move|p1a: Cradily|Ancient Power|p2a: Crobat","|-supereffective|p2a: Crobat","|-damage|p2a: Crobat|59/373","|","|turn|23","|","|move|p2a: Crobat|Hypnosis|p1a: Cradily|[miss]","|-miss|p2a: Crobat|p1a: Cradily","|move|p1a: Cradily|Ancient Power|p2a: Crobat","|-supereffective|p2a: Crobat","|-damage|p2a: Crobat|0 fnt","|faint|p2a: Crobat","|","|","|switch|p2a: Skuntank|Skuntank, M|409/409","|-damage|p2a: Skuntank|358/409|[from] Stealth Rock","|turn|24","|","|move|p2a: Skuntank|Thief|p1a: Cradily","|-damage|p1a: Cradily|287/375","|-item|p2a: Skuntank|Leftovers|[from] move: Thief|[of] p1a: Cradily","|move|p1a: Cradily|Stockpile|p1a: Cradily","|-start|p1a: Cradily|stockpile1","|-boost|p1a: Cradily|def|1","|-boost|p1a: Cradily|spd|1","|","|-heal|p2a: Skuntank|383/409|[from] item: Leftovers","|turn|25","|","|move|p2a: Skuntank|Snatch|p2a: Skuntank","|-singleturn|p2a: Skuntank|Snatch","|move|p1a: Cradily|Stockpile|p1a: Cradily","|-activate|p2a: Skuntank|Snatch|[of] p1a: Cradily","|move|p2a: Skuntank|Stockpile|p2a: Skuntank|[from]Snatch","|-start|p2a: Skuntank|stockpile1","|-boost|p2a: Skuntank|def|1","|-boost|p2a: Skuntank|spd|1","|","|-heal|p2a: Skuntank|408/409|[from] item: Leftovers","|turn|26","|","|move|p2a: Skuntank|Poison Jab|p1a: Cradily","|-damage|p1a: Cradily|209/375","|cant|p1a: Cradily|flinch","|","|-heal|p2a: Skuntank|409/409|[from] item: Leftovers","|turn|27","|","|move|p2a: Skuntank|Poison Jab|p1a: Cradily","|-damage|p1a: Cradily|127/375","|move|p1a: Cradily|Ancient Power|p2a: Skuntank","|-crit|p2a: Skuntank","|-damage|p2a: Skuntank|234/409","|","|-heal|p2a: Skuntank|259/409|[from] item: Leftovers","|turn|28","|","|move|p2a: Skuntank|Snatch|p2a: Skuntank","|-singleturn|p2a: Skuntank|Snatch","|move|p1a: Cradily|Ancient Power|p2a: Skuntank","|-damage|p2a: Skuntank|174/409","|","|-heal|p2a: Skuntank|199/409|[from] item: Leftovers","|turn|29","|","|move|p2a: Skuntank|Poison Jab|p1a: Cradily","|-damage|p1a: Cradily|40/375","|move|p1a: Cradily|Recover|p1a: Cradily","|-heal|p1a: Cradily|228/375","|","|-heal|p2a: Skuntank|224/409|[from] item: Leftovers","|turn|30","|","|move|p2a: Skuntank|Poison Jab|p1a: Cradily","|-damage|p1a: Cradily|143/375","|move|p1a: Cradily|Recover|p1a: Cradily","|-heal|p1a: Cradily|331/375","|","|-heal|p2a: Skuntank|249/409|[from] item: Leftovers","|turn|31","|","|move|p2a: Skuntank|Poison Jab|p1a: Cradily","|-damage|p1a: Cradily|253/375","|move|p1a: Cradily|Ancient Power|p2a: Skuntank","|-damage|p2a: Skuntank|168/409","|-boost|p1a: Cradily|atk|1","|-boost|p1a: Cradily|def|1","|-boost|p1a: Cradily|spa|1","|-boost|p1a: Cradily|spd|1","|-boost|p1a: Cradily|spe|1","|","|-heal|p2a: Skuntank|193/409|[from] item: Leftovers","|turn|32","|","|move|p2a: Skuntank|Poison Jab|p1a: Cradily","|-damage|p1a: Cradily|190/375","|move|p1a: Cradily|Ancient Power|p2a: Skuntank","|-damage|p2a: Skuntank|69/409","|","|-heal|p2a: Skuntank|94/409|[from] item: Leftovers","|turn|33","|","|move|p2a: Skuntank|Snatch|p2a: Skuntank","|-singleturn|p2a: Skuntank|Snatch","|move|p1a: Cradily|Recover|p1a: Cradily","|-activate|p2a: Skuntank|Snatch|[of] p1a: Cradily","|move|p2a: Skuntank|Recover|p2a: Skuntank|[from]Snatch","|-heal|p2a: Skuntank|299/409","|","|-heal|p2a: Skuntank|324/409|[from] item: Leftovers","|turn|34","|","|move|p2a: Skuntank|Poison Jab|p1a: Cradily","|-damage|p1a: Cradily|126/375","|move|p1a: Cradily|Ancient Power|p2a: Skuntank","|-damage|p2a: Skuntank|194/409","|","|-heal|p2a: Skuntank|219/409|[from] item: Leftovers","|turn|35","|","|move|p2a: Skuntank|Poison Jab|p1a: Cradily","|-damage|p1a: Cradily|68/375","|move|p1a: Cradily|Giga Drain|p2a: Skuntank","|-resisted|p2a: Skuntank","|-damage|p2a: Skuntank|136/409","|-heal|p1a: Cradily|110/375|[from] drain|[of] p2a: Skuntank","|","|-heal|p2a: Skuntank|161/409|[from] item: Leftovers","|turn|36","|","|move|p2a: Skuntank|Poison Jab|p1a: Cradily","|-damage|p1a: Cradily|41/375","|move|p1a: Cradily|Giga Drain|p2a: Skuntank","|-crit|p2a: Skuntank","|-resisted|p2a: Skuntank","|-damage|p2a: Skuntank|0 fnt","|-heal|p1a: Cradily|122/375|[from] drain|[of] p2a: Skuntank","|faint|p2a: Skuntank","|","|","|switch|p2a: Gengar|Gengar, M|261/261","|-damage|p2a: Gengar|229/261|[from] Stealth Rock","|turn|37","|","|move|p2a: Gengar|Trick|p1a: Cradily","|-activate|p2a: Gengar|move: Trick|[of] p1a: Cradily","|-item|p1a: Cradily|Choice Scarf|[from] move: Trick","|move|p1a: Cradily|Recover|p1a: Cradily","|-heal|p1a: Cradily|310/375","|","|turn|38","|","|move|p2a: Gengar|Venoshock|p1a: Cradily","|-damage|p1a: Cradily|259/375","|move|p1a: Cradily|Recover|p1a: Cradily","|-heal|p1a: Cradily|375/375","|","|turn|39","|","|move|p2a: Gengar|Venoshock|p1a: Cradily","|-damage|p1a: Cradily|321/375","|move|p1a: Cradily|Recover|p1a: Cradily","|-heal|p1a: Cradily|375/375","|","|turn|40","|","|move|p2a: Gengar|Hex|p1a: Cradily","|-damage|p1a: Cradily|317/375","|move|p1a: Cradily|Recover|p1a: Cradily","|-heal|p1a: Cradily|375/375","|","|turn|41","|","|move|p2a: Gengar|Hex|p1a: Cradily","|-damage|p1a: Cradily|320/375","|move|p1a: Cradily|Recover|p1a: Cradily","|-heal|p1a: Cradily|375/375","|","|turn|42","|","|switch|p2a: Amoonguss|Amoonguss, M, shiny|328/431","|-damage|p2a: Amoonguss|275/431|[from] Stealth Rock","|move|p1a: Cradily|Recover|p1a: Cradily","|-fail|p1a: Cradily","|","|-heal|p2a: Amoonguss|301/431|[from] item: Black Sludge","|turn|43","|","|switch|p1a: Sawsbuck|Sawsbuck, M|301/301","|move|p2a: Amoonguss|Gastro Acid|p1a: Sawsbuck","|-endability|p1a: Sawsbuck","|","|-heal|p2a: Amoonguss|327/431|[from] item: Black Sludge","|turn|44","|","|move|p1a: Sawsbuck|Sunny Day|p1a: Sawsbuck","|-weather|SunnyDay","|move|p2a: Amoonguss|Giga Drain|p1a: Sawsbuck","|-resisted|p1a: Sawsbuck","|-damage|p1a: Sawsbuck|250/301","|-heal|p2a: Amoonguss|353/431|[from] drain|[of] p1a: Sawsbuck","|","|-weather|SunnyDay|[upkeep]","|-heal|p2a: Amoonguss|379/431|[from] item: Black Sludge","|turn|45","|","|move|p1a: Sawsbuck|Frustration|p2a: Amoonguss","|-damage|p2a: Amoonguss|156/431","|move|p2a: Amoonguss|Giga Drain|p1a: Sawsbuck","|-resisted|p1a: Sawsbuck","|-damage|p1a: Sawsbuck|198/301","|-heal|p2a: Amoonguss|182/431|[from] drain|[of] p1a: Sawsbuck","|","|-weather|SunnyDay|[upkeep]","|-heal|p2a: Amoonguss|208/431|[from] item: Black Sludge","|turn|46","|","|switch|p2a: Gengar|Gengar, M|229/261","|-damage|p2a: Gengar|197/261|[from] Stealth Rock","|move|p1a: Sawsbuck|Jump Kick|p2a: Gengar","|-immune|p2a: Gengar|[msg]","|-damage|p1a: Sawsbuck|48/301|[from] jumpkick","|","|-weather|SunnyDay|[upkeep]","|turn|47","|","|move|p2a: Gengar|Venoshock|p1a: Sawsbuck","|-supereffective|p1a: Sawsbuck","|-damage|p1a: Sawsbuck|0 fnt","|faint|p1a: Sawsbuck","|","|-weather|SunnyDay|[upkeep]","|","|switch|p1a: Cradily|Cradily, M|375/375","|turn|48","|","|switch|p2a: Amoonguss|Amoonguss, M, shiny|351/431","|-damage|p2a: Amoonguss|298/431|[from] Stealth Rock","|move|p1a: Cradily|Giga Drain|p2a: Amoonguss","|-resisted|p2a: Amoonguss","|-damage|p2a: Amoonguss|275/431","|","|-weather|SunnyDay|[upkeep]","|-heal|p2a: Amoonguss|301/431|[from] item: Black Sludge","|turn|49","|","|switch|p1a: Roserade|Roserade, F|203/261","|move|p2a: Amoonguss|Giga Drain|p1a: Roserade","|-crit|p1a: Roserade","|-resisted|p1a: Roserade","|-damage|p1a: Roserade|177/261","|-heal|p2a: Amoonguss|314/431|[from] drain|[of] p1a: Roserade","|","|-weather|SunnyDay|[upkeep]","|-heal|p2a: Amoonguss|340/431|[from] item: Black Sludge","|turn|50","|","|switch|p2a: Gengar|Gengar, M|197/261","|-damage|p2a: Gengar|165/261|[from] Stealth Rock","|move|p1a: Roserade|Weather Ball|p2a: Gengar","|-damage|p2a: Gengar|0 fnt","|faint|p2a: Gengar","|","|-weather|SunnyDay|[upkeep]","|","|switch|p2a: Amoonguss|Amoonguss, M, shiny|431/431","|-damage|p2a: Amoonguss|378/431|[from] Stealth Rock","|turn|51","|","|move|p1a: Roserade|Weather Ball|p2a: Amoonguss","|-supereffective|p2a: Amoonguss","|-damage|p2a: Amoonguss|92/431","|move|p2a: Amoonguss|Giga Drain|p1a: Roserade","|-resisted|p1a: Roserade","|-damage|p1a: Roserade|159/261","|-heal|p2a: Amoonguss|101/431|[from] drain|[of] p1a: Roserade","|","|-weather|none","|-heal|p2a: Amoonguss|127/431|[from] item: Black Sludge","|turn|52","|","|move|p1a: Roserade|Weather Ball|p2a: Amoonguss","|-damage|p2a: Amoonguss|60/431","|move|p2a: Amoonguss|Giga Drain|p1a: Roserade","|-resisted|p1a: Roserade","|-damage|p1a: Roserade|142/261","|-heal|p2a: Amoonguss|69/431|[from] drain|[of] p1a: Roserade","|","|-heal|p2a: Amoonguss|95/431|[from] item: Black Sludge","|turn|53","|","|move|p1a: Roserade|Sludge Bomb|p2a: Amoonguss","|-damage|p2a: Amoonguss|0 fnt","|faint|p2a: Amoonguss","|","|win|LightOfAKnowing"],"p1rating":{"entryid":"6481865","serverid":"eos","formatid":"monotype","userid":"lightofaknowing","username":"Light-Of-A-Knowing","w":115,"l":"155","t":"0","gxe":41.4,"r":"1438.6023850998","rd":"30.127556242615","sigma":"0","rptime":"1438765200","rpr":1434.7480712357,"rprd":29.467239364873,"rpsigma":"0","acre":1089.6779038556,"lacre":1089.6779038556,"oldacre":"1061.5089460517"},"p2rating":{"entryid":"6731189","serverid":"eos","formatid":"monotype","userid":"guardwanderer","username":"Guard Wanderer","w":"77","l":113,"t":"0","gxe":38.7,"r":"1416.6716065611","rd":"31.012894024758","sigma":"0","rptime":"1438765200","rpr":1413.3938243019,"rprd":29.754477478401,"rpsigma":"0","acre":1018.4796557319,"lacre":1018.4796557319,"oldacre":"1032.0312684146"},"endType":"normal"}