{"seed":[26389,4595,20177,55602],"turns":37,"p1":"Emg Twizz","p2":"MrNyanNyanz","p1team":[{"name":"Magnezone","species":"Magnezone","item":"leftovers","ability":"Sturdy","moves":["flashcannon","thunderbolt","protect","hiddenpowerice"],"nature":"Modest","evs":{"hp":76,"atk":0,"def":180,"spa":252,"spd":0,"spe":0},"ivs":{"hp":31,"atk":30,"def":30,"spa":31,"spd":31,"spe":31}},{"name":"Zapdos","species":"Zapdos","item":"leftovers","ability":"Pressure","moves":["discharge","heatwave","toxic","roost"],"nature":"Bold","evs":{"hp":4,"atk":0,"def":252,"spa":0,"spd":252,"spe":0},"ivs":{"hp":31,"atk":31,"def":31,"spa":31,"spd":31,"spe":31}},{"name":"Ampharos","species":"Ampharos","item":"ampharosite","ability":"Static","moves":["cottonguard","rest","sleeptalk","dragonpulse"],"nature":"Bold","evs":{"hp":0,"atk":0,"def":252,"spa":136,"spd":120,"spe":0},"ivs":{"hp":31,"atk":31,"def":31,"spa":31,"spd":31,"spe":31}},{"name":"Raikou","species":"Raikou","item":"leftovers","ability":"Pressure","moves":["calmmind","substitute","thunderbolt","extrasensory"],"nature":"Timid","evs":{"hp":0,"atk":0,"def":0,"spa":252,"spd":4,"spe":252},"ivs":{"hp":31,"atk":31,"def":31,"spa":31,"spd":31,"spe":31}},{"name":"Rotom-Wash","species":"Rotom-Wash","item":"choicescarf","ability":"Levitate","moves":["voltswitch","hydropump","willowisp","trick"],"nature":"Timid","evs":{"hp":0,"atk":0,"def":0,"spa":252,"spd":4,"spe":252},"ivs":{"hp":31,"atk":31,"def":31,"spa":31,"spd":31,"spe":31}},{"name":"Condom","species":"eelektross","item":"assaultvest","ability":"Levitate","moves":["gigadrain","thunderbolt","drainpunch","knockoff"],"nature":"Quiet","evs":{"hp":3,"atk":136,"def":0,"spa":108,"spd":252,"spe":0},"ivs":{"hp":31,"atk":31,"def":31,"spa":31,"spd":31,"spe":31}}],"p2team":[{"name":"Houndoom","species":"Houndoom","item":"houndoominite","ability":"Early Bird","moves":["solarbeam","darkpulse","hiddenpowerice","flamethrower"],"nature":"Timid","evs":{"hp":0,"atk":0,"def":0,"spa":252,"spd":4,"spe":252},"ivs":{"hp":31,"atk":30,"def":30,"spa":31,"spd":31,"spe":31}},{"name":"Victini","species":"Victini","item":"choicescarf","ability":"Victory Star","moves":["glaciate","energyball","boltstrike","vcreate"],"nature":"Hasty","evs":{"hp":0,"atk":252,"def":0,"spa":4,"spd":0,"spe":252},"ivs":{"hp":31,"atk":31,"def":31,"spa":31,"spd":31,"spe":31}},{"name":"Ninetales","species":"Ninetales","item":"heatrock","ability":"Drought","moves":["energyball","fireblast","toxic","psyshock"],"nature":"Timid","evs":{"hp":0,"atk":0,"def":0,"spa":252,"spd":4,"spe":252},"ivs":{"hp":31,"atk":31,"def":31,"spa":31,"spd":31,"spe":31}},{"name":"Rotom-Heat","species":"Rotom-Heat","item":"lightclay","ability":"Levitate","moves":["reflect","lightscreen","voltswitch","overheat"],"nature":"Modest","evs":{"hp":248,"atk":0,"def":0,"spa":252,"spd":8,"spe":0},"ivs":{"hp":31,"atk":31,"def":31,"spa":31,"spd":31,"spe":31}},{"name":"Moltres","species":"Moltres","item":"leftovers","ability":"Pressure","moves":["defog","airslash","solarbeam","flamethrower"],"nature":"Modest","evs":{"hp":252,"atk":0,"def":0,"spa":252,"spd":4,"spe":0},"ivs":{"hp":31,"atk":31,"def":31,"spa":31,"spd":31,"spe":31}},{"name":"Combusken","species":"Combusken","item":"choiceband","ability":"Speed Boost","moves":["skyuppercut","flareblitz","thunderpunch","rockslide"],"nature":"Adamant","evs":{"hp":0,"atk":252,"def":0,"spa":0,"spd":4,"spe":252},"ivs":{"hp":31,"atk":31,"def":31,"spa":31,"spd":31,"spe":31}}],"log":["|player|p1|Emg Twizz|122","|player|p2|MrNyanNyanz|mrnyannyanz.png","|gametype|singles","|gen|6","|tier|Monotype","|rated","|rule|Baton Pass Clause: Limit one Baton Passer, can't pass Spe and other stats simultaneously","|rule|Swagger Clause: Swagger is banned","|rule|Same Type Clause: Pokémon in a team must share a type","|clearpoke","|poke|p1|Magnezone","|poke|p1|Zapdos","|poke|p1|Ampharos, M","|poke|p1|Raikou","|poke|p1|Rotom-Wash","|poke|p1|Eelektross, F","|poke|p2|Houndoom, M","|poke|p2|Victini","|poke|p2|Ninetales, F","|poke|p2|Rotom-Heat","|poke|p2|Moltres","|poke|p2|Combusken, M","|rule|Sleep Clause Mod: Limit one foe put to sleep","|rule|Species Clause: Limit one of each Pokémon","|rule|OHKO Clause: OHKO moves are banned","|rule|Moody Clause: Moody is banned","|rule|Evasion Moves Clause: Evasion moves are banned","|rule|Endless Battle Clause: Forcing endless battles is banned","|rule|HP Percentage Mod: HP is shown in percentages","|teampreview","|","|start","|switch|p1a: Rotom-Wash|Rotom-Wash|241/241","|switch|p2a: Rotom-Heat|Rotom-Heat|303/303","|turn|1","|","|move|p1a: Rotom-Wash|Hydro Pump|p2a: Rotom-Heat|[miss]","|-miss|p1a: Rotom-Wash|p2a: Rotom-Heat","|move|p2a: Rotom-Heat|Light Screen|p2a: Rotom-Heat","|-sidestart|p2: MrNyanNyanz|move: Light Screen","|","|turn|2","|","|move|p1a: Rotom-Wash|Hydro Pump|p2a: Rotom-Heat|[miss]","|-miss|p1a: Rotom-Wash|p2a: Rotom-Heat","|move|p2a: Rotom-Heat|Reflect|p2a: Rotom-Heat","|-sidestart|p2: MrNyanNyanz|Reflect","|","|turn|3","|","|move|p1a: Rotom-Wash|Hydro Pump|p2a: Rotom-Heat","|-supereffective|p2a: Rotom-Heat","|-damage|p2a: Rotom-Heat|144/303","|move|p2a: Rotom-Heat|Volt Switch|p1a: Rotom-Wash","|-damage|p1a: Rotom-Wash|123/241","|","|switch|p2a: Ninetales|Ninetales, F|287/287","|-weather|SunnyDay","|","|-weather|SunnyDay|[upkeep]","|turn|4","|","|switch|p1a: Condom|Eelektross, F|311/311","|move|p2a: Ninetales|Toxic|p1a: Condom","|-status|p1a: Condom|tox","|","|-weather|SunnyDay|[upkeep]","|-damage|p1a: Condom|292/311 tox|[from] psn","|turn|5","|","|move|p2a: Ninetales|Fire Blast|p1a: Condom","|-damage|p1a: Condom|153/311 tox","|move|p1a: Condom|Knock Off|p2a: Ninetales","|-damage|p2a: Ninetales|221/287","|-enditem|p2a: Ninetales|Heat Rock|[from] move: Knock Off|[of] p1a: Condom","|","|-weather|SunnyDay|[upkeep]","|-damage|p1a: Condom|115/311 tox|[from] psn","|turn|6","|","|move|p2a: Ninetales|Energy Ball|p1a: Condom","|-damage|p1a: Condom|69/311 tox","|move|p1a: Condom|Thunderbolt|p2a: Ninetales","|-damage|p2a: Ninetales|155/287","|","|-weather|SunnyDay|[upkeep]","|-damage|p1a: Condom|12/311 tox|[from] psn","|turn|7","|","|move|p2a: Ninetales|Psyshock|p1a: Condom","|-damage|p1a: Condom|0 fnt","|faint|p1a: Condom","|","|-weather|SunnyDay|[upkeep]","|","|switch|p1a: Rotom-Wash|Rotom-Wash|123/241","|turn|8","|","|move|p1a: Rotom-Wash|Volt Switch|p2a: Ninetales","|-damage|p2a: Ninetales|98/287","|","|switch|p1a: Magnezone|Magnezone|300/300","|move|p2a: Ninetales|Energy Ball|p1a: Magnezone","|-resisted|p1a: Magnezone","|-damage|p1a: Magnezone|255/300","|","|-weather|SunnyDay|[upkeep]","|-heal|p1a: Magnezone|273/300|[from] item: Leftovers","|-sideend|p2: MrNyanNyanz|move: Light Screen","|turn|9","|","|switch|p2a: Rotom-Heat|Rotom-Heat|144/303","|move|p1a: Magnezone|Protect|p1a: Magnezone","|-fail|p1a: Magnezone","|","|-weather|SunnyDay|[upkeep]","|-heal|p1a: Magnezone|291/300|[from] item: Leftovers","|-sideend|p2: MrNyanNyanz|Reflect","|turn|10","|","|switch|p1a: Rotom-Wash|Rotom-Wash|123/241","|move|p2a: Rotom-Heat|Light Screen|p2a: Rotom-Heat","|-sidestart|p2: MrNyanNyanz|move: Light Screen","|","|-weather|none","|turn|11","|","|move|p1a: Rotom-Wash|Hydro Pump|p2a: Rotom-Heat","|-supereffective|p2a: Rotom-Heat","|-damage|p2a: Rotom-Heat|0 fnt","|faint|p2a: Rotom-Heat","|","|","|switch|p2a: Ninetales|Ninetales, F|98/287","|-weather|SunnyDay","|turn|12","|","|switch|p1a: Magnezone|Magnezone|291/300","|move|p2a: Ninetales|Energy Ball|p1a: Magnezone","|-resisted|p1a: Magnezone","|-damage|p1a: Magnezone|245/300","|-unboost|p1a: Magnezone|spd|1","|","|-weather|SunnyDay|[upkeep]","|-heal|p1a: Magnezone|263/300|[from] item: Leftovers","|turn|13","|","|move|p1a: Magnezone|Protect|p1a: Magnezone","|-singleturn|p1a: Magnezone|Protect","|move|p2a: Ninetales|Fire Blast|p1a: Magnezone","|-activate|p1a: Magnezone|Protect","|","|-weather|SunnyDay|[upkeep]","|-heal|p1a: Magnezone|281/300|[from] item: Leftovers","|turn|14","|","|switch|p1a: Rotom-Wash|Rotom-Wash|123/241","|move|p2a: Ninetales|Energy Ball|p1a: Rotom-Wash","|-supereffective|p1a: Rotom-Wash","|-damage|p1a: Rotom-Wash|0 fnt","|faint|p1a: Rotom-Wash","|","|-weather|SunnyDay|[upkeep]","|","|switch|p1a: Ampharos|Ampharos, M|321/321","|turn|15","|","|detailschange|p1a: Ampharos|Ampharos-Mega, M","|-mega|p1a: Ampharos|Ampharos|Ampharosite","|-ability|p1a: Ampharos|Mold Breaker","|move|p2a: Ninetales|Toxic|p1a: Ampharos","|-status|p1a: Ampharos|tox","|move|p1a: Ampharos|Cotton Guard|p1a: Ampharos","|-boost|p1a: Ampharos|def|3","|","|-weather|SunnyDay|[upkeep]","|-damage|p1a: Ampharos|301/321 tox|[from] psn","|turn|16","|","|move|p2a: Ninetales|Fire Blast|p1a: Ampharos","|-resisted|p1a: Ampharos","|-damage|p1a: Ampharos|211/321 tox","|move|p1a: Ampharos|Cotton Guard|p1a: Ampharos","|-boost|p1a: Ampharos|def|3","|","|-weather|none","|-damage|p1a: Ampharos|171/321 tox|[from] psn","|turn|17","|","|switch|p2a: Moltres|Moltres|384/384","|-ability|p2a: Moltres|Pressure","|move|p1a: Ampharos|Rest|p1a: Ampharos","|-status|p1a: Ampharos|slp","|-heal|p1a: Ampharos|321/321 slp|[silent]","|-status|p1a: Ampharos|slp|[from] move: Rest","|","|-sideend|p2: MrNyanNyanz|move: Light Screen","|turn|18","|","|move|p2a: Moltres|Flamethrower|p1a: Ampharos","|-resisted|p1a: Ampharos","|-damage|p1a: Ampharos|255/321 slp","|cant|p1a: Ampharos|slp","|move|p1a: Ampharos|Sleep Talk|p1a: Ampharos","|move|p1a: Ampharos|Cotton Guard|p1a: Ampharos|[from]Sleep Talk","|-fail|p1a: Ampharos","|","|turn|19","|","|switch|p2a: Ninetales|Ninetales, F|98/287","|-weather|SunnyDay","|cant|p1a: Ampharos|slp","|move|p1a: Ampharos|Sleep Talk|p1a: Ampharos","|move|p1a: Ampharos|Dragon Pulse|p2a: Ninetales|[from]Sleep Talk","|-damage|p2a: Ninetales|0 fnt","|faint|p2a: Ninetales","|","|-weather|SunnyDay|[upkeep]","|","|switch|p2a: Houndoom|Houndoom, M|291/291","|turn|20","|","|detailschange|p2a: Houndoom|Houndoom-Mega, M","|-mega|p2a: Houndoom|Houndoom|Houndoominite","|move|p2a: Houndoom|Hidden Power|p1a: Ampharos","|-supereffective|p1a: Ampharos","|-damage|p1a: Ampharos|61/321 slp","|-curestatus|p1a: Ampharos|slp","|move|p1a: Ampharos|Dragon Pulse|p2a: Houndoom","|-damage|p2a: Houndoom|114/291","|","|-weather|SunnyDay|[upkeep]","|-damage|p2a: Houndoom|78/291|[from] ability: Solar Power","|turn|21","|","|move|p2a: Houndoom|Dark Pulse|p1a: Ampharos","|-damage|p1a: Ampharos|0 fnt","|faint|p1a: Ampharos","|","|-weather|SunnyDay|[upkeep]","|-damage|p2a: Houndoom|42/291|[from] ability: Solar Power","|","|switch|p1a: Magnezone|Magnezone|281/300","|turn|22","|","|switch|p2a: Combusken|Combusken, M|261/261","|move|p1a: Magnezone|Protect|p1a: Magnezone","|-fail|p1a: Magnezone","|","|-weather|SunnyDay|[upkeep]","|-heal|p1a: Magnezone|299/300|[from] item: Leftovers","|turn|23","|","|move|p1a: Magnezone|Protect|p1a: Magnezone","|-singleturn|p1a: Magnezone|Protect","|move|p2a: Combusken|Flare Blitz|p1a: Magnezone","|-activate|p1a: Magnezone|Protect","|","|-weather|none","|-heal|p1a: Magnezone|300/300|[from] item: Leftovers","|-boost|p2a: Combusken|spe|1|[from] ability: Speed Boost","|turn|24","|","|move|p2a: Combusken|Flare Blitz|p1a: Magnezone","|-supereffective|p1a: Magnezone","|-ability|p1a: Magnezone|Sturdy","|-damage|p1a: Magnezone|1/300","|-damage|p2a: Combusken|162/261|[from] recoil|[of] p1a: Magnezone","|move|p1a: Magnezone|Thunderbolt|p2a: Combusken","|-damage|p2a: Combusken|0 fnt","|faint|p2a: Combusken","|","|-heal|p1a: Magnezone|19/300|[from] item: Leftovers","|","|switch|p2a: Houndoom|Houndoom-Mega, M|42/291","|turn|25","|","|move|p1a: Magnezone|Protect|p1a: Magnezone","|-singleturn|p1a: Magnezone|Protect","|move|p2a: Houndoom|Flamethrower|p1a: Magnezone","|-activate|p1a: Magnezone|Protect","|","|-heal|p1a: Magnezone|37/300|[from] item: Leftovers","|turn|26","|","|move|p2a: Houndoom|Flamethrower|p1a: Magnezone","|-supereffective|p1a: Magnezone","|-damage|p1a: Magnezone|0 fnt","|faint|p1a: Magnezone","|","|","|switch|p1a: Raikou|Raikou|321/321","|-ability|p1a: Raikou|Pressure","|turn|27","|","|switch|p2a: Moltres|Moltres|384/384","|-ability|p2a: Moltres|Pressure","|move|p1a: Raikou|Calm Mind|p1a: Raikou","|-boost|p1a: Raikou|spa|1","|-boost|p1a: Raikou|spd|1","|","|turn|28","|","|move|p1a: Raikou|Substitute|p1a: Raikou","|-start|p1a: Raikou|Substitute","|-damage|p1a: Raikou|241/321","|move|p2a: Moltres|Flamethrower|p1a: Raikou","|-end|p1a: Raikou|Substitute","|","|-heal|p1a: Raikou|261/321|[from] item: Leftovers","|turn|29","|","|move|p1a: Raikou|Calm Mind|p1a: Raikou","|-boost|p1a: Raikou|spa|1","|-boost|p1a: Raikou|spd|1","|move|p2a: Moltres|Flamethrower|p1a: Raikou","|-damage|p1a: Raikou|179/321","|","|-heal|p1a: Raikou|199/321|[from] item: Leftovers","|turn|30","|","|switch|p2a: Victini|Victini|341/341","|move|p1a: Raikou|Calm Mind|p1a: Raikou","|-boost|p1a: Raikou|spa|1","|-boost|p1a: Raikou|spd|1","|","|-heal|p1a: Raikou|219/321|[from] item: Leftovers","|turn|31","|","|switch|p1a: Zapdos|Zapdos|322/322","|-ability|p1a: Zapdos|Pressure","|move|p2a: Victini|V-create|p1a: Zapdos","|-crit|p1a: Zapdos","|-damage|p1a: Zapdos|0 fnt","|-unboost|p2a: Victini|spe|1","|-unboost|p2a: Victini|def|1","|-unboost|p2a: Victini|spd|1","|faint|p1a: Zapdos","|","|","|switch|p1a: Raikou|Raikou|219/321","|-ability|p1a: Raikou|Pressure","|turn|32","|","|switch|p2a: Houndoom|Houndoom-Mega, M|42/291","|move|p1a: Raikou|Substitute|p1a: Raikou","|-start|p1a: Raikou|Substitute","|-damage|p1a: Raikou|139/321","|","|-heal|p1a: Raikou|159/321|[from] item: Leftovers","|turn|33","|","|move|p2a: Houndoom|Flamethrower|p1a: Raikou","|-end|p1a: Raikou|Substitute","|move|p1a: Raikou|Calm Mind|p1a: Raikou","|-boost|p1a: Raikou|spa|1","|-boost|p1a: Raikou|spd|1","|","|-heal|p1a: Raikou|179/321|[from] item: Leftovers","|turn|34","|","|move|p2a: Houndoom|Flamethrower|p1a: Raikou","|-damage|p1a: Raikou|74/321","|move|p1a: Raikou|Substitute|p1a: Raikou","|-fail|p1a: Raikou|move: Substitute|[weak]","|","|-heal|p1a: Raikou|94/321|[from] item: Leftovers","|turn|35","|","|move|p1a: Raikou|Thunderbolt|p2a: Houndoom","|-damage|p2a: Houndoom|0 fnt","|faint|p2a: Houndoom","|","|-heal|p1a: Raikou|114/321|[from] item: Leftovers","|","|switch|p2a: Moltres|Moltres|384/384","|-ability|p2a: Moltres|Pressure","|turn|36","|","|move|p1a: Raikou|Thunderbolt|p2a: Moltres","|-supereffective|p2a: Moltres","|-damage|p2a: Moltres|0 fnt","|faint|p2a: Moltres","|","|-heal|p1a: Raikou|134/321|[from] item: Leftovers","|","|switch|p2a: Victini|Victini|341/341","|turn|37","|","|move|p2a: Victini|V-create|p1a: Raikou","|-damage|p1a: Raikou|0 fnt","|-unboost|p2a: Victini|spe|1","|-unboost|p2a: Victini|def|1","|-unboost|p2a: Victini|spd|1","|faint|p1a: Raikou","|","|win|MrNyanNyanz"],"p1rating":{"entryid":"7063522","serverid":"eos","formatid":"monotype","userid":"emgtwizz","username":"Emg Twizz","w":"10","l":10,"t":"0","gxe":51.2,"r":"1503.0391610748","rd":"81.862346636899","sigma":"0","rptime":"1438765200","rpr":1509.4499063172,"rprd":71.732039483635,"rpsigma":"0","acre":1123.3294764299,"lacre":1123.3294764299,"oldacre":"1148.4849954246"},"p2rating":{"entryid":"6703862","serverid":"eos","formatid":"monotype","userid":"mrnyannyanz","username":"MrNyanNyanz","w":60,"l":"49","t":"0","gxe":53.8,"r":"1523.6934120986","rd":"36.603604249754","sigma":"0","rptime":"1438765200","rpr":1528.3961358433,"rprd":34.831002839309,"rpsigma":"0","acre":1171.4791732198,"lacre":1171.4791732198,"oldacre":"1146.3236542251"},"endType":"normal"}