{"seed":[17990,16167,53855,8346],"turns":21,"p1":"MASTA_X용의☆사용자","p2":"LTIL-Tahit","p1team":[{"name":"オンバーン","species":"noivern","item":"lifeorb","ability":"Infiltrator","moves":["flamethrower","hurricane","dracometeor","airslash"],"nature":"Timid","evs":{"hp":0,"atk":0,"def":4,"spa":252,"spd":0,"spe":252},"ivs":{"hp":31,"atk":31,"def":31,"spa":31,"spd":31,"spe":31}},{"name":"ラティオス","species":"latios","item":"choicescarf","ability":"Levitate","moves":["hiddenpowerfire","dragonpulse","psyshock","icebeam"],"nature":"Timid","evs":{"hp":0,"atk":0,"def":4,"spa":252,"spd":0,"spe":252},"ivs":{"hp":31,"atk":30,"def":31,"spa":30,"spd":31,"spe":30}},{"name":"キュレム","species":"kyuremblack","item":"lifeorb","ability":"Teravolt","moves":["icebeam","outrage","fusionbolt","ironhead"],"nature":"Naive","evs":{"hp":0,"atk":100,"def":0,"spa":180,"spd":0,"spe":228},"shiny":true,"ivs":{"hp":31,"atk":31,"def":31,"spa":31,"spd":31,"spe":31}},{"name":"ボーマンダ","species":"salamence","item":"choicescarf","ability":"Moxie","moves":["outrage","aerialace","steelwing","earthquake"],"nature":"Jolly","evs":{"hp":0,"atk":252,"def":4,"spa":0,"spd":0,"spe":252},"ivs":{"hp":31,"atk":31,"def":31,"spa":31,"spd":31,"spe":31}},{"name":"サザンドラ","species":"hydreigon","item":"choicespecs","ability":"Levitate","moves":["dracometeor","darkpulse","flamethrower","flashcannon"],"nature":"Timid","evs":{"hp":4,"atk":0,"def":0,"spa":252,"spd":0,"spe":252},"shiny":true,"ivs":{"hp":31,"atk":31,"def":31,"spa":31,"spd":31,"spe":31}},{"name":"ガブリアス","species":"garchomp","item":"garchompite","ability":"Rough Skin","moves":["fireblast","earthquake","dracometeor","outrage"],"nature":"Naive","evs":{"hp":0,"atk":4,"def":0,"spa":252,"spd":0,"spe":252},"ivs":{"hp":31,"atk":31,"def":31,"spa":31,"spd":31,"spe":31}}],"p2team":[{"name":"Ferrothorn","species":"Ferrothorn","item":"leftovers","ability":"Iron Barbs","moves":["leechseed","stealthrock","thunderwave","ingrain"],"nature":"Relaxed","evs":{"hp":252,"atk":0,"def":4,"spa":0,"spd":252,"spe":0},"ivs":{"hp":31,"atk":31,"def":31,"spa":31,"spd":31,"spe":0}},{"name":"Trevenant","species":"Trevenant","item":"sitrusberry","ability":"Harvest","moves":["hornleech","willowisp","leechseed","substitute"],"nature":"Impish","evs":{"hp":252,"atk":0,"def":128,"spa":0,"spd":128,"spe":0},"ivs":{"hp":31,"atk":31,"def":31,"spa":31,"spd":31,"spe":31}},{"name":"Cradily","species":"Cradily","item":"leftovers","ability":"Storm Drain","moves":["ancientpower","toxic","recover","stealthrock"],"nature":"Careful","evs":{"hp":252,"atk":0,"def":4,"spa":0,"spd":252,"spe":0},"ivs":{"hp":31,"atk":31,"def":31,"spa":31,"spd":31,"spe":31}},{"name":"Leavanny","species":"Leavanny","item":"focussash","ability":"Swarm","moves":["bugbite","knockoff","stickyweb","leafblade"],"nature":"Jolly","evs":{"hp":4,"atk":252,"def":0,"spa":0,"spd":0,"spe":252},"ivs":{"hp":31,"atk":31,"def":31,"spa":31,"spd":31,"spe":31}},{"name":"Exeggutor","species":"Exeggutor","item":"sitrusberry","ability":"Harvest","moves":["leechseed","substitute","ingrain","ancientpower"],"nature":"Sassy","evs":{"hp":252,"atk":0,"def":4,"spa":0,"spd":252,"spe":0},"ivs":{"hp":31,"atk":31,"def":31,"spa":31,"spd":31,"spe":31}},{"name":"Sceptile","species":"Sceptile","item":"sceptilite","ability":"Overgrow","moves":["energyball","dragonpulse","focusblast","hiddenpowerpoison"],"nature":"Modest","evs":{"hp":4,"atk":0,"def":0,"spa":252,"spd":0,"spe":252},"ivs":{"hp":31,"atk":31,"def":30,"spa":30,"spd":30,"spe":31}}],"log":["|player|p1|MASTA_X용의☆사용자|alliancewutang.png","|player|p2|LTIL-Tahit|169","|gametype|singles","|gen|6","|tier|Monotype","|rated","|rule|Baton Pass Clause: Limit one Baton Passer, can't pass Spe and other stats simultaneously","|rule|Swagger Clause: Swagger is banned","|rule|Same Type Clause: Pokémon in a team must share a type","|clearpoke","|poke|p1|Noivern, M","|poke|p1|Latios, M","|poke|p1|Kyurem-Black, shiny","|poke|p1|Salamence, M","|poke|p1|Hydreigon, M, shiny","|poke|p1|Garchomp, M","|poke|p2|Ferrothorn, M","|poke|p2|Trevenant, F","|poke|p2|Cradily, F","|poke|p2|Leavanny, F","|poke|p2|Exeggutor, M","|poke|p2|Sceptile, M","|rule|Sleep Clause Mod: Limit one foe put to sleep","|rule|Species Clause: Limit one of each Pokémon","|rule|OHKO Clause: OHKO moves are banned","|rule|Moody Clause: Moody is banned","|rule|Evasion Moves Clause: Evasion moves are banned","|rule|Endless Battle Clause: Forcing endless battles is banned","|rule|HP Percentage Mod: HP is shown in percentages","|teampreview","|","|start","|switch|p1a: オンバーン|Noivern, M|311/311","|switch|p2a: Ferrothorn|Ferrothorn, M|352/352","|turn|1","|","|move|p1a: オンバーン|Flamethrower|p2a: Ferrothorn","|-supereffective|p2a: Ferrothorn","|-damage|p2a: Ferrothorn|40/352","|-damage|p1a: オンバーン|280/311|[from] item: Life Orb","|move|p2a: Ferrothorn|Thunder Wave|p1a: オンバーン","|-status|p1a: オンバーン|par","|","|-heal|p2a: Ferrothorn|62/352|[from] item: Leftovers","|turn|2","|","|move|p1a: オンバーン|Flamethrower|p2a: Ferrothorn","|-supereffective|p2a: Ferrothorn","|-damage|p2a: Ferrothorn|0 fnt","|-damage|p1a: オンバーン|249/311 par|[from] item: Life Orb","|faint|p2a: Ferrothorn","|","|","|switch|p2a: Cradily|Cradily, F|376/376","|turn|3","|","|move|p2a: Cradily|Stealth Rock|p1a: オンバーン","|-sidestart|p1: MASTA_X용의☆사용자|move: Stealth Rock","|move|p1a: オンバーン|Hurricane|p2a: Cradily|[miss]","|-miss|p1a: オンバーン|p2a: Cradily","|","|turn|4","|","|move|p2a: Cradily|Ancient Power|p1a: オンバーン","|-supereffective|p1a: オンバーン","|-damage|p1a: オンバーン|129/311 par","|move|p1a: オンバーン|Hurricane|p2a: Cradily","|-damage|p2a: Cradily|227/376","|-start|p2a: Cradily|confusion","|-damage|p1a: オンバーン|98/311 par|[from] item: Life Orb","|","|-heal|p2a: Cradily|250/376|[from] item: Leftovers","|turn|5","|","|-activate|p2a: Cradily|confusion","|-damage|p2a: Cradily|225/376|[from] confusion","|move|p1a: オンバーン|Draco Meteor|p2a: Cradily","|-damage|p2a: Cradily|44/376","|-unboost|p1a: オンバーン|spa|2","|-damage|p1a: オンバーン|67/311 par|[from] item: Life Orb","|","|-heal|p2a: Cradily|67/376|[from] item: Leftovers","|turn|6","|","|-activate|p2a: Cradily|confusion","|-damage|p2a: Cradily|40/376|[from] confusion","|cant|p1a: オンバーン|par","|","|-heal|p2a: Cradily|63/376|[from] item: Leftovers","|turn|7","|","|-end|p2a: Cradily|confusion","|move|p2a: Cradily|Recover|p2a: Cradily","|-heal|p2a: Cradily|251/376","|move|p1a: オンバーン|Draco Meteor|p2a: Cradily","|-damage|p2a: Cradily|168/376","|-unboost|p1a: オンバーン|spa|2","|-damage|p1a: オンバーン|36/311 par|[from] item: Life Orb","|","|-heal|p2a: Cradily|191/376|[from] item: Leftovers","|turn|8","|","|move|p2a: Cradily|Recover|p2a: Cradily","|-heal|p2a: Cradily|376/376","|move|p1a: オンバーン|Hurricane|p2a: Cradily","|-damage|p2a: Cradily|325/376","|-damage|p1a: オンバーン|5/311 par|[from] item: Life Orb","|","|-heal|p2a: Cradily|348/376|[from] item: Leftovers","|turn|9","|","|move|p2a: Cradily|Ancient Power|p1a: オンバーン","|-supereffective|p1a: オンバーン","|-damage|p1a: オンバーン|0 fnt","|-boost|p2a: Cradily|atk|1","|-boost|p2a: Cradily|def|1","|-boost|p2a: Cradily|spa|1","|-boost|p2a: Cradily|spd|1","|-boost|p2a: Cradily|spe|1","|faint|p1a: オンバーン","|","|-heal|p2a: Cradily|371/376|[from] item: Leftovers","|","|switch|p1a: ガブリアス|Garchomp, M|357/357","|-damage|p1a: ガブリアス|335/357|[from] Stealth Rock","|turn|10","|","|detailschange|p1a: ガブリアス|Garchomp-Mega, M","|-mega|p1a: ガブリアス|Garchomp|Garchompite","|move|p1a: ガブリアス|Earthquake|p2a: Cradily","|-crit|p2a: Cradily","|-damage|p2a: Cradily|107/376","|move|p2a: Cradily|Toxic|p1a: ガブリアス","|-status|p1a: ガブリアス|tox","|","|-heal|p2a: Cradily|130/376|[from] item: Leftovers","|-damage|p1a: ガブリアス|313/357 tox|[from] psn","|turn|11","|","|move|p1a: ガブリアス|Earthquake|p2a: Cradily","|-damage|p2a: Cradily|0 fnt","|faint|p2a: Cradily","|","|-damage|p1a: ガブリアス|269/357 tox|[from] psn","|","|switch|p2a: Exeggutor|Exeggutor, M|394/394","|turn|12","|","|move|p1a: ガブリアス|Fire Blast|p2a: Exeggutor","|-supereffective|p2a: Exeggutor","|-damage|p2a: Exeggutor|174/394","|-enditem|p2a: Exeggutor|Sitrus Berry|[eat]","|-heal|p2a: Exeggutor|272/394|[from] item: Sitrus Berry","|move|p2a: Exeggutor|Substitute|p2a: Exeggutor","|-start|p2a: Exeggutor|Substitute","|-damage|p2a: Exeggutor|174/394","|","|-damage|p1a: ガブリアス|203/357 tox|[from] psn","|turn|13","|","|move|p1a: ガブリアス|Fire Blast|p2a: Exeggutor","|-supereffective|p2a: Exeggutor","|-end|p2a: Exeggutor|Substitute","|move|p2a: Exeggutor|Ingrain|p2a: Exeggutor","|-start|p2a: Exeggutor|move: Ingrain","|","|-heal|p2a: Exeggutor|198/394|[from] Ingrain","|-damage|p1a: ガブリアス|115/357 tox|[from] psn","|-item|p2a: Exeggutor|Sitrus Berry|[from] ability: Harvest","|turn|14","|","|move|p1a: ガブリアス|Outrage|p2a: Exeggutor","|-damage|p2a: Exeggutor|0 fnt","|faint|p2a: Exeggutor","|","|-damage|p1a: ガブリアス|5/357 tox|[from] psn","|","|switch|p2a: Trevenant|Trevenant, F|374/374","|turn|15","|","|move|p1a: ガブリアス|Outrage|p2a: Trevenant|[from]lockedmove","|-damage|p2a: Trevenant|163/374","|-enditem|p2a: Trevenant|Sitrus Berry|[eat]","|-heal|p2a: Trevenant|256/374|[from] item: Sitrus Berry","|move|p2a: Trevenant|Substitute|p2a: Trevenant","|-start|p2a: Trevenant|Substitute","|-damage|p2a: Trevenant|163/374","|","|-damage|p1a: ガブリアス|0 fnt|[from] psn","|faint|p1a: ガブリアス","|","|switch|p1a: サザンドラ|Hydreigon, M, shiny|326/326","|-damage|p1a: サザンドラ|286/326|[from] Stealth Rock","|turn|16","|","|move|p1a: サザンドラ|Flamethrower|p2a: Trevenant","|-supereffective|p2a: Trevenant","|-end|p2a: Trevenant|Substitute","|move|p2a: Trevenant|Substitute|p2a: Trevenant","|-start|p2a: Trevenant|Substitute","|-damage|p2a: Trevenant|70/374","|","|-item|p2a: Trevenant|Sitrus Berry|[from] ability: Harvest","|-enditem|p2a: Trevenant|Sitrus Berry|[eat]","|-heal|p2a: Trevenant|163/374|[from] item: Sitrus Berry","|turn|17","|","|move|p1a: サザンドラ|Flamethrower|p2a: Trevenant","|-supereffective|p2a: Trevenant","|-end|p2a: Trevenant|Substitute","|move|p2a: Trevenant|Leech Seed|p1a: サザンドラ|[miss]","|-miss|p2a: Trevenant|p1a: サザンドラ","|","|turn|18","|","|move|p1a: サザンドラ|Flamethrower|p2a: Trevenant","|-crit|p2a: Trevenant","|-supereffective|p2a: Trevenant","|-damage|p2a: Trevenant|0 fnt","|faint|p2a: Trevenant","|","|","|switch|p2a: Leavanny|Leavanny, F|292/292","|turn|19","|","|move|p1a: サザンドラ|Flamethrower|p2a: Leavanny","|-supereffective|p2a: Leavanny","|-enditem|p2a: Leavanny|Focus Sash","|-damage|p2a: Leavanny|1/292","|move|p2a: Leavanny|Bug Bite|p1a: サザンドラ","|-supereffective|p1a: サザンドラ","|-damage|p1a: サザンドラ|0 fnt","|faint|p1a: サザンドラ","|","|","|switch|p1a: ボーマンダ|Salamence, M|331/331","|-damage|p1a: ボーマンダ|249/331|[from] Stealth Rock","|turn|20","|","|move|p1a: ボーマンダ|Aerial Ace|p2a: Leavanny","|-supereffective|p2a: Leavanny","|-damage|p2a: Leavanny|0 fnt","|faint|p2a: Leavanny","|-boost|p1a: ボーマンダ|atk|1|[from] ability: Moxie","|","|","|switch|p2a: Sceptile|Sceptile, M|282/282","|turn|21","|","|detailschange|p2a: Sceptile|Sceptile-Mega, M","|-mega|p2a: Sceptile|Sceptile|Sceptilite","|move|p1a: ボーマンダ|Aerial Ace|p2a: Sceptile","|-supereffective|p2a: Sceptile","|-damage|p2a: Sceptile|0 fnt","|faint|p2a: Sceptile","|-boost|p1a: ボーマンダ|atk|1|[from] ability: Moxie","|","|win|MASTA_X용의☆사용자"],"p1rating":{"entryid":"7303561","serverid":"eos","formatid":"monotype","userid":"mastax","username":"MASTAX☆용의 사용자","w":30,"l":"7","t":"0","gxe":75,"r":"1704.3158945696","rd":"59.492840111287","sigma":"0","rptime":"1438765200","rpr":1709.5106751086,"rprd":58.840103892617,"rpsigma":"0","acre":1316.1898125308,"lacre":1316.1898125308,"oldacre":"1297.0158948256"},"p2rating":{"entryid":"6925118","serverid":"eos","formatid":"monotype","userid":"ltiltahit","username":"LTIL-Tahit","w":"46","l":45,"t":"0","gxe":52.6,"r":"1523.7376713418","rd":"43.901338167174","sigma":"0","rptime":"1438765200","rpr":1519.8256900366,"rprd":41.599794928769,"rpsigma":"0","acre":1195.3589873402,"lacre":1195.3589873402,"oldacre":"1214.5329050454"},"endType":"normal"}