{"seed":[14857,38090,30392,11572],"turns":26,"p1":"InfernalxCrown","p2":"Guard Choppah","p1team":[{"name":"Aegislash","species":"Aegislash","item":"weaknesspolicy","ability":"Stance Change","moves":["shadowball","shadowsneak","kingsshield","sacredsword"],"nature":"Brave","evs":{"hp":252,"atk":76,"def":0,"spa":176,"spd":4,"spe":0},"ivs":{"hp":31,"atk":31,"def":31,"spa":31,"spd":31,"spe":0},"shiny":true},{"name":"Sableye","species":"Sableye","item":"leftovers","ability":"Prankster","moves":["willowisp","recover","taunt","knockoff"],"nature":"Careful","evs":{"hp":252,"atk":0,"def":84,"spa":0,"spd":168,"spe":4},"ivs":{"hp":31,"atk":0,"def":31,"spa":31,"spd":31,"spe":31}},{"name":"Golurk","species":"Golurk","item":"focussash","ability":"No Guard","moves":["stealthrock","curse","dynamicpunch","stoneedge"],"nature":"Adamant","evs":{"hp":4,"atk":252,"def":0,"spa":0,"spd":0,"spe":252},"shiny":true,"ivs":{"hp":31,"atk":31,"def":31,"spa":31,"spd":31,"spe":31}},{"name":"Jellicent","species":"Jellicent","item":"leftovers","ability":"Cursed Body","moves":["acidarmor","toxic","recover","scald"],"nature":"Calm","evs":{"hp":252,"atk":0,"def":4,"spa":0,"spd":252,"spe":0},"gender":"M","ivs":{"hp":31,"atk":0,"def":31,"spa":31,"spd":31,"spe":31}},{"name":"Chandelure","species":"Chandelure","item":"choicescarf","ability":"Infiltrator","moves":["flamethrower","shadowball","energyball","trick"],"nature":"Timid","evs":{"hp":0,"atk":0,"def":4,"spa":252,"spd":0,"spe":252},"ivs":{"hp":31,"atk":0,"def":31,"spa":31,"spd":31,"spe":31},"shiny":true},{"name":"Gengar","species":"Gengar","item":"choicespecs","ability":"Levitate","moves":["dazzlinggleam","shadowball","thunderbolt","sludgewave"],"nature":"Timid","evs":{"hp":4,"atk":0,"def":0,"spa":252,"spd":0,"spe":252},"ivs":{"hp":31,"atk":0,"def":31,"spa":31,"spd":31,"spe":31}}],"p2team":[{"name":"Skarmory","species":"Skarmory","item":"rockyhelmet","ability":"Sturdy","moves":["defog","bravebird","roost","spikes"],"nature":"Impish","evs":{"hp":252,"atk":4,"def":252,"spa":0,"spd":0,"spe":0},"ivs":{"hp":31,"atk":31,"def":31,"spa":31,"spd":31,"spe":31}},{"name":"Heatran","species":"Heatran","item":"leftovers","ability":"Flash Fire","moves":["stealthrock","lavaplume","flashcannon","protect"],"nature":"Calm","evs":{"hp":252,"atk":0,"def":0,"spa":4,"spd":252,"spe":0},"ivs":{"hp":31,"atk":31,"def":31,"spa":31,"spd":31,"spe":31}},{"name":"Lucario","species":"Lucario","item":"leftovers","ability":"Inner Focus","moves":["nastyplot","flashcannon","shadowball","aurasphere"],"nature":"Timid","evs":{"hp":0,"atk":0,"def":0,"spa":252,"spd":4,"spe":252},"ivs":{"hp":31,"atk":31,"def":31,"spa":31,"spd":31,"spe":31}},{"name":"Scizor","species":"Scizor","item":"scizorite","ability":"Technician","moves":["roost","bulletpunch","swordsdance","aerialace"],"nature":"Impish","evs":{"hp":248,"atk":0,"def":252,"spa":0,"spd":8,"spe":0},"ivs":{"hp":31,"atk":31,"def":31,"spa":31,"spd":31,"spe":31}},{"name":"Bisharp","species":"Bisharp","item":"lifeorb","ability":"Defiant","moves":["knockoff","ironhead","suckerpunch","pursuit"],"nature":"Jolly","evs":{"hp":0,"atk":252,"def":0,"spa":0,"spd":4,"spe":252},"ivs":{"hp":31,"atk":31,"def":31,"spa":31,"spd":31,"spe":31}},{"name":"Magnezone","species":"Magnezone","item":"choicescarf","ability":"Magnet Pull","moves":["thunderbolt","voltswitch","flashcannon","hiddenpowerfire"],"nature":"Timid","evs":{"hp":0,"atk":0,"def":0,"spa":252,"spd":4,"spe":252},"ivs":{"hp":31,"atk":30,"def":31,"spa":30,"spd":31,"spe":30}}],"log":["|player|p1|InfernalxCrown|infernalxcrown.png","|player|p2|Guard Choppah|146","|gametype|singles","|gen|6","|tier|Monotype","|rated","|rule|Baton Pass Clause: Limit one Baton Passer, can't pass Spe and other stats simultaneously","|rule|Swagger Clause: Swagger is banned","|rule|Same Type Clause: Pokémon in a team must share a type","|clearpoke","|poke|p1|Aegislash, F, shiny","|poke|p1|Sableye, M","|poke|p1|Golurk, shiny","|poke|p1|Jellicent, M","|poke|p1|Chandelure, M, shiny","|poke|p1|Gengar, M","|poke|p2|Skarmory, F","|poke|p2|Heatran, M","|poke|p2|Lucario, F","|poke|p2|Scizor, M","|poke|p2|Bisharp, M","|poke|p2|Magnezone","|rule|Sleep Clause Mod: Limit one foe put to sleep","|rule|Species Clause: Limit one of each Pokémon","|rule|OHKO Clause: OHKO moves are banned","|rule|Moody Clause: Moody is banned","|rule|Evasion Moves Clause: Evasion moves are banned","|rule|Endless Battle Clause: Forcing endless battles is banned","|rule|HP Percentage Mod: HP is shown in percentages","|teampreview","|","|start","|switch|p1a: Sableye|Sableye, M|304/304","|switch|p2a: Magnezone|Magnezone|281/281","|turn|1","|","|move|p1a: Sableye|Will-O-Wisp|p2a: Magnezone","|-status|p2a: Magnezone|brn","|move|p2a: Magnezone|Volt Switch|p1a: Sableye","|-damage|p1a: Sableye|177/304","|","|switch|p2a: Heatran|Heatran, M|386/386","|","|-heal|p1a: Sableye|196/304|[from] item: Leftovers","|turn|2","|","|switch|p1a: Jellicent|Jellicent, M|404/404","|move|p2a: Heatran|Stealth Rock|p1a: Jellicent","|-sidestart|p1: InfernalxCrown|move: Stealth Rock","|","|turn|3","|","|switch|p2a: Magnezone|Magnezone|281/281 brn","|move|p1a: Jellicent|Scald|p2a: Magnezone","|-damage|p2a: Magnezone|188/281 brn","|","|-damage|p2a: Magnezone|153/281 brn|[from] brn","|turn|4","|","|move|p2a: Magnezone|Flash Cannon|p1a: Jellicent","|-resisted|p1a: Jellicent","|-damage|p1a: Jellicent|353/404","|move|p1a: Jellicent|Recover|p1a: Jellicent","|-heal|p1a: Jellicent|404/404","|","|-damage|p2a: Magnezone|118/281 brn|[from] brn","|turn|5","|","|switch|p2a: Heatran|Heatran, M|386/386","|move|p1a: Jellicent|Scald|p2a: Heatran","|-supereffective|p2a: Heatran","|-damage|p2a: Heatran|264/386","|","|-heal|p2a: Heatran|288/386|[from] item: Leftovers","|turn|6","|","|move|p2a: Heatran|Protect|p2a: Heatran","|-singleturn|p2a: Heatran|Protect","|move|p1a: Jellicent|Scald|p2a: Heatran","|-activate|p2a: Heatran|Protect","|","|-heal|p2a: Heatran|312/386|[from] item: Leftovers","|turn|7","|","|move|p2a: Heatran|Lava Plume|p1a: Jellicent","|-resisted|p1a: Jellicent","|-damage|p1a: Jellicent|362/404","|-start|p2a: Heatran|Disable|Lava Plume","|move|p1a: Jellicent|Scald|p2a: Heatran","|-supereffective|p2a: Heatran","|-damage|p2a: Heatran|198/386","|","|-heal|p2a: Heatran|222/386|[from] item: Leftovers","|-heal|p1a: Jellicent|387/404|[from] item: Leftovers","|turn|8","|","|move|p2a: Heatran|Flash Cannon|p1a: Jellicent","|-resisted|p1a: Jellicent","|-damage|p1a: Jellicent|347/404","|move|p1a: Jellicent|Scald|p2a: Heatran","|-crit|p2a: Heatran","|-supereffective|p2a: Heatran","|-damage|p2a: Heatran|54/386","|","|-heal|p2a: Heatran|78/386|[from] item: Leftovers","|-heal|p1a: Jellicent|372/404|[from] item: Leftovers","|turn|9","|","|move|p2a: Heatran|Flash Cannon|p1a: Jellicent","|-resisted|p1a: Jellicent","|-damage|p1a: Jellicent|331/404","|move|p1a: Jellicent|Scald|p2a: Heatran","|-supereffective|p2a: Heatran","|-damage|p2a: Heatran|0 fnt","|faint|p2a: Heatran","|","|-heal|p1a: Jellicent|356/404|[from] item: Leftovers","|","|switch|p2a: Bisharp|Bisharp, M|271/271","|turn|10","|","|move|p2a: Bisharp|Pursuit|p1a: Jellicent|[from]Pursuit","|-supereffective|p1a: Jellicent","|-damage|p1a: Jellicent|0 fnt","|-start|p2a: Bisharp|Disable|Pursuit","|-damage|p2a: Bisharp|244/271|[from] item: Life Orb","|faint|p1a: Jellicent","|","|","|switch|p1a: Sableye|Sableye, M|196/304","|-damage|p1a: Sableye|158/304|[from] Stealth Rock","|turn|11","|","|switch|p2a: Magnezone|Magnezone|118/281 brn","|move|p1a: Sableye|Recover|p1a: Sableye","|-heal|p1a: Sableye|304/304","|","|-damage|p2a: Magnezone|83/281 brn|[from] brn","|turn|12","|","|switch|p1a: Golurk|Golurk, shiny|320/320","|-damage|p1a: Golurk|300/320|[from] Stealth Rock","|move|p2a: Magnezone|Flash Cannon|p1a: Golurk","|-damage|p1a: Golurk|126/320","|","|-damage|p2a: Magnezone|48/281 brn|[from] brn","|turn|13","|","|switch|p1a: Chandelure|Chandelure, M, shiny|261/261","|-damage|p1a: Chandelure|196/261|[from] Stealth Rock","|move|p2a: Magnezone|Flash Cannon|p1a: Chandelure","|-resisted|p1a: Chandelure","|-damage|p1a: Chandelure|115/261","|","|-damage|p2a: Magnezone|13/281 brn|[from] brn","|turn|14","|","|move|p1a: Chandelure|Flamethrower|p2a: Magnezone","|-supereffective|p2a: Magnezone","|-damage|p2a: Magnezone|0 fnt","|faint|p2a: Magnezone","|","|","|switch|p2a: Skarmory|Skarmory, F|334/334","|turn|15","|","|move|p1a: Chandelure|Flamethrower|p2a: Skarmory","|-supereffective|p2a: Skarmory","|-ability|p2a: Skarmory|Sturdy","|-damage|p2a: Skarmory|1/334","|-status|p2a: Skarmory|brn","|move|p2a: Skarmory|Brave Bird|p1a: Chandelure","|-damage|p1a: Chandelure|52/261","|-damage|p2a: Skarmory|0 fnt|[from] recoil|[of] p1a: Chandelure","|faint|p2a: Skarmory","|","|","|switch|p2a: Bisharp|Bisharp, M|244/271","|turn|16","|","|switch|p1a: Sableye|Sableye, M|304/304","|-damage|p1a: Sableye|266/304|[from] Stealth Rock","|move|p2a: Bisharp|Sucker Punch|p1a: Sableye","|-fail|p2a: Bisharp","|","|-heal|p1a: Sableye|285/304|[from] item: Leftovers","|turn|17","|","|switch|p2a: Lucario|Lucario, F|281/281","|move|p1a: Sableye|Will-O-Wisp|p2a: Lucario","|-status|p2a: Lucario|brn","|","|-heal|p1a: Sableye|304/304|[from] item: Leftovers","|-damage|p2a: Lucario|246/281 brn|[from] brn","|turn|18","|","|switch|p1a: Golurk|Golurk, shiny|126/320","|-damage|p1a: Golurk|106/320|[from] Stealth Rock","|move|p2a: Lucario|Nasty Plot|p2a: Lucario","|-boost|p2a: Lucario|spa|2","|","|-heal|p2a: Lucario|263/281 brn|[from] item: Leftovers","|-damage|p2a: Lucario|228/281 brn|[from] brn","|turn|19","|","|move|p2a: Lucario|Flash Cannon|p1a: Golurk","|-damage|p1a: Golurk|0 fnt","|faint|p1a: Golurk","|","|-heal|p2a: Lucario|245/281 brn|[from] item: Leftovers","|-damage|p2a: Lucario|210/281 brn|[from] brn","|","|switch|p1a: Aegislash|Aegislash, F, shiny|324/324","|-damage|p1a: Aegislash|304/324|[from] Stealth Rock","|turn|20","|","|move|p2a: Lucario|Shadow Ball|p1a: Aegislash","|-supereffective|p1a: Aegislash","|-damage|p1a: Aegislash|70/324","|-enditem|p1a: Aegislash|Weakness Policy","|-boost|p1a: Aegislash|atk|2|[from] item: Weakness Policy","|-boost|p1a: Aegislash|spa|2|[from] item: Weakness Policy","|-formechange|p1a: Aegislash|Aegislash-Blade","|move|p1a: Aegislash|Sacred Sword|p2a: Lucario","|-supereffective|p2a: Lucario","|-damage|p2a: Lucario|0 fnt","|faint|p2a: Lucario","|","|","|switch|p2a: Scizor|Scizor, M|343/343","|turn|21","|","|detailschange|p2a: Scizor|Scizor-Mega, M","|-mega|p2a: Scizor|Scizor|Scizorite","|move|p2a: Scizor|Swords Dance|p2a: Scizor","|-boost|p2a: Scizor|atk|2","|move|p1a: Aegislash|Shadow Ball|p2a: Scizor","|-damage|p2a: Scizor|46/343","|","|turn|22","|","|move|p1a: Aegislash|Shadow Sneak|p2a: Scizor","|-crit|p2a: Scizor","|-damage|p2a: Scizor|0 fnt","|faint|p2a: Scizor","|","|","|switch|p2a: Bisharp|Bisharp, M|244/271","|turn|23","|","|move|p2a: Bisharp|Sucker Punch|p1a: Aegislash","|-supereffective|p1a: Aegislash","|-damage|p1a: Aegislash|0 fnt","|-damage|p2a: Bisharp|217/271|[from] item: Life Orb","|faint|p1a: Aegislash","|","|","|switch|p1a: Sableye|Sableye, M|304/304","|-damage|p1a: Sableye|266/304|[from] Stealth Rock","|turn|24","|","|move|p1a: Sableye|Will-O-Wisp|p2a: Bisharp","|-status|p2a: Bisharp|brn","|move|p2a: Bisharp|Knock Off|p1a: Sableye","|-damage|p1a: Sableye|152/304","|-enditem|p1a: Sableye|Leftovers|[from] move: Knock Off|[of] p2a: Bisharp","|-damage|p2a: Bisharp|190/271 brn|[from] item: Life Orb","|","|-damage|p2a: Bisharp|157/271 brn|[from] brn","|turn|25","|","|move|p1a: Sableye|Recover|p1a: Sableye","|-heal|p1a: Sableye|304/304","|move|p2a: Bisharp|Knock Off|p1a: Sableye","|-damage|p1a: Sableye|214/304","|-damage|p2a: Bisharp|130/271 brn|[from] item: Life Orb","|","|-damage|p2a: Bisharp|97/271 brn|[from] brn","|turn|26","|","|move|p2a: Bisharp|Knock Off|p1a: Sableye","|-damage|p1a: Sableye|132/304","|-damage|p2a: Bisharp|70/271 brn|[from] item: Life Orb","|move|p1a: Sableye|Knock Off|p2a: Bisharp","|-resisted|p2a: Bisharp","|-damage|p2a: Bisharp|31/271 brn","|-enditem|p2a: Bisharp|Life Orb|[from] move: Knock Off|[of] p1a: Sableye","|","|-damage|p2a: Bisharp|0 fnt|[from] brn","|faint|p2a: Bisharp","|","|win|InfernalxCrown"],"p1rating":{"entryid":"5724468","serverid":"eos","formatid":"monotype","userid":"infernalxcrown","username":"InfernalxCrown","w":78,"l":"72","t":"0","gxe":53.7,"r":"1524.4591147586","rd":"38.905175487754","sigma":"0","rptime":"1438765200","rpr":1528.1848745886,"rprd":38.699265122183,"rpsigma":"0","acre":1168.3217289155,"lacre":1168.3217289155,"oldacre":"1153.7129688491"},"p2rating":{"entryid":7425426,"formatid":"monotype","userid":"guardchoppah","username":"Guard Choppah","r":1500,"rd":130,"sigma":0,"rpr":1460.5110175942,"rprd":121.90435622101,"rpsigma":0,"rptime":1438765200,"w":0,"l":1,"t":0,"gxe":45.1,"acre":1000,"lacre":1000,"oldacre":1000},"endType":"normal"}