{"seed":[61008,43511,10761,39885],"turns":21,"p1":"MrNyanNyanz","p2":"Guard Wulf - ⓓⓞⓖⓔ","p1team":[{"name":"Houndoom","species":"Houndoom","item":"houndoominite","ability":"Early Bird","moves":["solarbeam","darkpulse","hiddenpowerice","flamethrower"],"nature":"Timid","evs":{"hp":0,"atk":0,"def":0,"spa":252,"spd":4,"spe":252},"ivs":{"hp":31,"atk":30,"def":30,"spa":31,"spd":31,"spe":31}},{"name":"Victini","species":"Victini","item":"choicescarf","ability":"Victory Star","moves":["glaciate","energyball","boltstrike","vcreate"],"nature":"Hasty","evs":{"hp":0,"atk":252,"def":0,"spa":4,"spd":0,"spe":252},"ivs":{"hp":31,"atk":31,"def":31,"spa":31,"spd":31,"spe":31}},{"name":"Ninetales","species":"Ninetales","item":"heatrock","ability":"Drought","moves":["energyball","fireblast","toxic","psyshock"],"nature":"Timid","evs":{"hp":0,"atk":0,"def":0,"spa":252,"spd":4,"spe":252},"ivs":{"hp":31,"atk":31,"def":31,"spa":31,"spd":31,"spe":31}},{"name":"Rotom-Heat","species":"Rotom-Heat","item":"lightclay","ability":"Levitate","moves":["reflect","lightscreen","voltswitch","overheat"],"nature":"Modest","evs":{"hp":248,"atk":0,"def":0,"spa":252,"spd":8,"spe":0},"ivs":{"hp":31,"atk":31,"def":31,"spa":31,"spd":31,"spe":31}},{"name":"Moltres","species":"Moltres","item":"leftovers","ability":"Pressure","moves":["defog","airslash","solarbeam","flamethrower"],"nature":"Modest","evs":{"hp":252,"atk":0,"def":0,"spa":252,"spd":4,"spe":0},"ivs":{"hp":31,"atk":31,"def":31,"spa":31,"spd":31,"spe":31}},{"name":"Combusken","species":"Combusken","item":"choiceband","ability":"Speed Boost","moves":["skyuppercut","flareblitz","thunderpunch","rockslide"],"nature":"Adamant","evs":{"hp":0,"atk":252,"def":0,"spa":0,"spd":4,"spe":252},"ivs":{"hp":31,"atk":31,"def":31,"spa":31,"spd":31,"spe":31}}],"p2team":[{"name":"Camerupt","species":"Camerupt","item":"cameruptite","ability":"Solid Rock","moves":["ancientpower","fireblast","earthpower","protect"],"nature":"Modest","evs":{"hp":248,"atk":0,"def":0,"spa":252,"spd":8,"spe":0},"ivs":{"hp":31,"atk":31,"def":31,"spa":31,"spd":31,"spe":31}},{"name":"Seismitoad","species":"Seismitoad","item":"leftovers","ability":"Water Absorb","moves":["scald","knockoff","icepunch","drainpunch"],"nature":"Sassy","evs":{"hp":232,"atk":16,"def":0,"spa":8,"spd":252,"spe":0},"ivs":{"hp":31,"atk":31,"def":31,"spa":31,"spd":31,"spe":31}},{"name":"Landorus","species":"Landorus","item":"lifeorb","ability":"Sheer Force","moves":["earthpower","grassknot","psychic","sludgewave"],"nature":"Timid","evs":{"hp":0,"atk":0,"def":0,"spa":252,"spd":4,"spe":252},"ivs":{"hp":31,"atk":31,"def":31,"spa":31,"spd":31,"spe":31}},{"name":"Mamoswine","species":"Mamoswine","item":"focussash","ability":"Thick Fat","moves":["stealthrock","endeavor","iciclecrash","iceshard"],"nature":"Impish","evs":{"hp":0,"atk":32,"def":252,"spa":0,"spd":0,"spe":224},"ivs":{"hp":31,"atk":31,"def":31,"spa":31,"spd":31,"spe":31}},{"name":"Garchomp","species":"Garchomp","item":"choicescarf","ability":"Rough Skin","moves":["outrage","fireblast","earthquake","stoneedge"],"nature":"Naive","evs":{"hp":0,"atk":252,"def":0,"spa":4,"spd":0,"spe":252},"ivs":{"hp":31,"atk":31,"def":31,"spa":31,"spd":31,"spe":31}},{"name":"Gliscor","species":"Gliscor","item":"toxicorb","ability":"Poison Heal","moves":["swordsdance","earthquake","facade","roost"],"nature":"Careful","evs":{"hp":248,"atk":12,"def":244,"spa":0,"spd":4,"spe":0},"ivs":{"hp":31,"atk":31,"def":31,"spa":31,"spd":31,"spe":31}}],"log":["|player|p1|MrNyanNyanz|mrnyannyanz.png","|player|p2|Guard Wulf - ⓓⓞⓖⓔ|143","|gametype|singles","|gen|6","|tier|Monotype","|rated","|rule|Baton Pass Clause: Limit one Baton Passer, can't pass Spe and other stats simultaneously","|rule|Swagger Clause: Swagger is banned","|rule|Same Type Clause: Pokémon in a team must share a type","|clearpoke","|poke|p1|Houndoom, F","|poke|p1|Victini","|poke|p1|Ninetales, F","|poke|p1|Rotom-Heat","|poke|p1|Moltres","|poke|p1|Combusken, F","|poke|p2|Camerupt, M","|poke|p2|Seismitoad, M","|poke|p2|Landorus, M","|poke|p2|Mamoswine, M","|poke|p2|Garchomp, F","|poke|p2|Gliscor, F","|rule|Sleep Clause Mod: Limit one foe put to sleep","|rule|Species Clause: Limit one of each Pokémon","|rule|OHKO Clause: OHKO moves are banned","|rule|Moody Clause: Moody is banned","|rule|Evasion Moves Clause: Evasion moves are banned","|rule|Endless Battle Clause: Forcing endless battles is banned","|rule|HP Percentage Mod: HP is shown in percentages","|teampreview","|","|start","|switch|p1a: Rotom-Heat|Rotom-Heat|303/303","|switch|p2a: Camerupt|Camerupt, M|343/343","|turn|1","|","|detailschange|p2a: Camerupt|Camerupt-Mega, M","|-mega|p2a: Camerupt|Camerupt|Cameruptite","|move|p1a: Rotom-Heat|Light Screen|p1a: Rotom-Heat","|-sidestart|p1: MrNyanNyanz|move: Light Screen","|move|p2a: Camerupt|Ancient Power|p1a: Rotom-Heat","|-supereffective|p1a: Rotom-Heat","|-damage|p1a: Rotom-Heat|204/303","|","|turn|2","|","|move|p1a: Rotom-Heat|Reflect|p1a: Rotom-Heat","|-sidestart|p1: MrNyanNyanz|Reflect","|move|p2a: Camerupt|Ancient Power|p1a: Rotom-Heat","|-supereffective|p1a: Rotom-Heat","|-damage|p1a: Rotom-Heat|108/303","|","|turn|3","|","|switch|p1a: Ninetales|Ninetales, F|287/287","|-weather|SunnyDay","|move|p2a: Camerupt|Ancient Power|p1a: Ninetales","|-supereffective|p1a: Ninetales","|-damage|p1a: Ninetales|181/287","|","|-weather|SunnyDay|[upkeep]","|turn|4","|","|move|p1a: Ninetales|Energy Ball|p2a: Camerupt","|-damage|p2a: Camerupt|265/343","|move|p2a: Camerupt|Earth Power|p1a: Ninetales","|-supereffective|p1a: Ninetales","|-damage|p1a: Ninetales|0 fnt","|faint|p1a: Ninetales","|","|-weather|SunnyDay|[upkeep]","|","|switch|p1a: Houndoom|Houndoom, F|291/291","|turn|5","|","|detailschange|p1a: Houndoom|Houndoom-Mega, F","|-mega|p1a: Houndoom|Houndoom|Houndoominite","|move|p1a: Houndoom|Solar Beam|p2a: Camerupt|[still]","|-prepare|p1a: Houndoom|Solar Beam|p2a: Camerupt","|-anim|p1a: Houndoom|Solar Beam|p2a: Camerupt","|-damage|p2a: Camerupt|33/343","|move|p2a: Camerupt|Earth Power|p1a: Houndoom","|-crit|p1a: Houndoom","|-supereffective|p1a: Houndoom","|-damage|p1a: Houndoom|0 fnt","|faint|p1a: Houndoom","|","|-weather|SunnyDay|[upkeep]","|","|switch|p1a: Combusken|Combusken, F|261/261","|turn|6","|","|move|p1a: Combusken|Sky Uppercut|p2a: Camerupt","|-damage|p2a: Camerupt|0 fnt","|faint|p2a: Camerupt","|","|-weather|SunnyDay|[upkeep]","|-boost|p1a: Combusken|spe|1|[from] ability: Speed Boost","|","|switch|p2a: Seismitoad|Seismitoad, M|409/409","|turn|7","|","|move|p1a: Combusken|Sky Uppercut|p2a: Seismitoad","|-damage|p2a: Seismitoad|192/409","|move|p2a: Seismitoad|Knock Off|p1a: Combusken","|-resisted|p1a: Combusken","|-damage|p1a: Combusken|232/261","|-enditem|p1a: Combusken|Choice Band|[from] move: Knock Off|[of] p2a: Seismitoad","|","|-weather|SunnyDay|[upkeep]","|-heal|p2a: Seismitoad|217/409|[from] item: Leftovers","|-boost|p1a: Combusken|spe|1|[from] ability: Speed Boost","|turn|8","|","|move|p1a: Combusken|Sky Uppercut|p2a: Seismitoad","|-damage|p2a: Seismitoad|55/409","|move|p2a: Seismitoad|Scald|p1a: Combusken","|-supereffective|p1a: Combusken","|-damage|p1a: Combusken|169/261","|","|-weather|SunnyDay|[upkeep]","|-heal|p2a: Seismitoad|80/409|[from] item: Leftovers","|-sideend|p1: MrNyanNyanz|move: Light Screen","|-boost|p1a: Combusken|spe|1|[from] ability: Speed Boost","|turn|9","|","|move|p1a: Combusken|Flare Blitz|p2a: Seismitoad","|-resisted|p2a: Seismitoad","|-damage|p2a: Seismitoad|0 fnt","|-damage|p1a: Combusken|143/261|[from] recoil|[of] p2a: Seismitoad","|faint|p2a: Seismitoad","|","|-weather|SunnyDay|[upkeep]","|-sideend|p1: MrNyanNyanz|Reflect","|-boost|p1a: Combusken|spe|1|[from] ability: Speed Boost","|","|switch|p2a: Gliscor|Gliscor, F|353/353","|turn|10","|","|move|p1a: Combusken|Flare Blitz|p2a: Gliscor","|-damage|p2a: Gliscor|169/353","|-damage|p1a: Combusken|82/261|[from] recoil|[of] p2a: Gliscor","|move|p2a: Gliscor|Earthquake|p1a: Combusken","|-supereffective|p1a: Combusken","|-damage|p1a: Combusken|0 fnt","|faint|p1a: Combusken","|","|-weather|none","|-status|p2a: Gliscor|tox|[from] item: Toxic Orb","|","|switch|p1a: Victini|Victini|341/341","|turn|11","|","|move|p1a: Victini|Glaciate|p2a: Gliscor","|-supereffective|p2a: Gliscor","|-damage|p2a: Gliscor|0 fnt","|faint|p2a: Gliscor","|","|","|switch|p2a: Garchomp|Garchomp, F|357/357","|turn|12","|","|switch|p1a: Moltres|Moltres|384/384","|-ability|p1a: Moltres|Pressure","|move|p2a: Garchomp|Earthquake|p1a: Moltres","|-immune|p1a: Moltres|[msg]","|","|turn|13","|","|switch|p2a: Mamoswine|Mamoswine, M|361/361","|move|p1a: Moltres|Flamethrower|p2a: Mamoswine","|-supereffective|p2a: Mamoswine","|-damage|p2a: Mamoswine|97/361","|","|turn|14","|","|switch|p1a: Victini|Victini|341/341","|move|p2a: Mamoswine|Ice Shard|p1a: Victini","|-resisted|p1a: Victini","|-damage|p1a: Victini|308/341","|","|turn|15","|","|move|p1a: Victini|V-create|p2a: Mamoswine","|-supereffective|p2a: Mamoswine","|-damage|p2a: Mamoswine|0 fnt","|-unboost|p1a: Victini|spe|1","|-unboost|p1a: Victini|def|1","|-unboost|p1a: Victini|spd|1","|faint|p2a: Mamoswine","|","|","|switch|p2a: Garchomp|Garchomp, F|357/357","|turn|16","|","|switch|p1a: Rotom-Heat|Rotom-Heat|108/303","|move|p2a: Garchomp|Stone Edge|p1a: Rotom-Heat","|-supereffective|p1a: Rotom-Heat","|-damage|p1a: Rotom-Heat|0 fnt","|faint|p1a: Rotom-Heat","|","|","|switch|p1a: Victini|Victini|308/341","|turn|17","|","|move|p2a: Garchomp|Stone Edge|p1a: Victini","|-supereffective|p1a: Victini","|-damage|p1a: Victini|36/341","|move|p1a: Victini|Glaciate|p2a: Garchomp","|-supereffective|p2a: Garchomp","|-damage|p2a: Garchomp|77/357","|-unboost|p2a: Garchomp|spe|1","|","|turn|18","|","|switch|p2a: Landorus|Landorus, M|319/319","|move|p1a: Victini|Glaciate|p2a: Landorus","|-supereffective|p2a: Landorus","|-damage|p2a: Landorus|55/319","|-unboost|p2a: Landorus|spe|1","|","|turn|19","|","|move|p1a: Victini|Glaciate|p2a: Landorus","|-supereffective|p2a: Landorus","|-damage|p2a: Landorus|0 fnt","|faint|p2a: Landorus","|","|","|switch|p2a: Garchomp|Garchomp, F|77/357","|turn|20","|","|move|p2a: Garchomp|Outrage|p1a: Victini","|-crit|p1a: Victini","|-damage|p1a: Victini|0 fnt","|faint|p1a: Victini","|","|","|switch|p1a: Moltres|Moltres|384/384","|-ability|p1a: Moltres|Pressure","|turn|21","|","|move|p2a: Garchomp|Outrage|p1a: Moltres|[from]lockedmove","|-damage|p1a: Moltres|131/384","|move|p1a: Moltres|Air Slash|p2a: Garchomp","|-damage|p2a: Garchomp|0 fnt","|faint|p2a: Garchomp","|","|win|MrNyanNyanz"],"p1rating":{"entryid":"6703862","serverid":"eos","formatid":"monotype","userid":"mrnyannyanz","username":"MrNyanNyanz","w":58,"l":"49","t":"0","gxe":53,"r":"1523.6934120986","rd":"36.603604249754","sigma":"0","rptime":"1438765200","rpr":1522.5494365185,"rprd":35.145328485725,"rpsigma":"0","acre":1130.2822040791,"lacre":1130.2822040791,"oldacre":"1092.5842595163"},"p2rating":{"entryid":"7326062","serverid":"eos","formatid":"monotype","userid":"guardwulf","username":"Guard Wulf","w":"25","l":12,"t":"0","gxe":63.5,"r":"1606.5288676587","rd":"57.122272976983","sigma":"0","rptime":"1438765200","rpr":1605.3729672163,"rprd":55.305621997203,"rpsigma":"0","acre":1222.1515642806,"lacre":1222.1515642806,"oldacre":"1258.2436132321"},"endType":"normal"}