{"seed":[64124,33989,14204,36609],"turns":30,"p1":"Emg UnownMaN","p2":"Marx Bot","p1team":[{"name":"Azumarill","species":"Azumarill","item":"assaultvest","ability":"Sap Sipper","moves":["scald","knockoff","playrough","aquajet"],"nature":"Adamant","evs":{"hp":0,"atk":252,"def":0,"spa":0,"spd":96,"spe":160},"gender":"F","shiny":true,"ivs":{"hp":31,"atk":31,"def":31,"spa":31,"spd":31,"spe":31}},{"name":"Politoed","species":"Politoed","item":"choicespecs","ability":"Drizzle","moves":["scald","icebeam","focusblast","hiddenpowerelectric"],"nature":"Modest","evs":{"hp":48,"atk":0,"def":196,"spa":252,"spd":12,"spe":0},"gender":"M","ivs":{"hp":31,"atk":31,"def":31,"spa":30,"spd":31,"spe":31},"shiny":true},{"name":"Swampert","species":"Swampert","item":"swampertite","ability":"Damp","moves":["waterfall","earthquake","icepunch","rockslide"],"nature":"Adamant","evs":{"hp":0,"atk":252,"def":24,"spa":0,"spd":0,"spe":232},"gender":"M","shiny":true,"ivs":{"hp":31,"atk":31,"def":31,"spa":31,"spd":31,"spe":31}},{"name":"Starmie","species":"Starmie","item":"leftovers","ability":"Natural Cure","moves":["scald","icebeam","psyshock","rapidspin"],"nature":"Timid","evs":{"hp":0,"atk":0,"def":36,"spa":220,"spd":0,"spe":252},"shiny":true,"ivs":{"hp":31,"atk":31,"def":31,"spa":31,"spd":31,"spe":31}},{"name":"Sharpedo","species":"Sharpedo","item":"focussash","ability":"Speed Boost","moves":["waterfall","crunch","protect","earthquake"],"nature":"Adamant","evs":{"hp":0,"atk":252,"def":4,"spa":0,"spd":0,"spe":252},"gender":"M","shiny":true,"ivs":{"hp":31,"atk":31,"def":31,"spa":31,"spd":31,"spe":31}},{"name":"Empoleon","species":"Empoleon","item":"wacanberry","ability":"Torrent","moves":["stealthrock","scald","defog","icebeam"],"nature":"Calm","evs":{"hp":188,"atk":0,"def":16,"spa":52,"spd":252,"spe":0},"gender":"M","shiny":true,"ivs":{"hp":31,"atk":31,"def":31,"spa":31,"spd":31,"spe":31}}],"p2team":[{"name":"Charizard","species":"Charizard","item":"charizarditey","ability":"Blaze","moves":["airslash","fireblast","solarbeam","focusblast"],"nature":"Timid","evs":{"hp":0,"atk":0,"def":0,"spa":252,"spd":4,"spe":252},"ivs":{"hp":31,"atk":31,"def":31,"spa":31,"spd":31,"spe":31}},{"name":"Landorus","species":"Landorus","item":"lifeorb","ability":"Sheer Force","moves":["earthpower","psychic","focusblast","sludgewave"],"nature":"Timid","evs":{"hp":0,"atk":0,"def":0,"spa":252,"spd":4,"spe":252},"ivs":{"hp":31,"atk":31,"def":31,"spa":31,"spd":31,"spe":31}},{"name":"Defog","species":"skarmory","item":"rockyhelmet","ability":"Sturdy","moves":["bravebird","stealthrock","ironhead","defog"],"nature":"Adamant","evs":{"hp":232,"atk":252,"def":0,"spa":0,"spd":0,"spe":24},"ivs":{"hp":31,"atk":31,"def":31,"spa":31,"spd":31,"spe":31}},{"name":"Archeops","species":"Archeops","item":"choiceband","ability":"Defeatist","moves":["dragonclaw","earthquake","headsmash","uturn"],"nature":"Jolly","evs":{"hp":0,"atk":252,"def":0,"spa":0,"spd":4,"spe":252},"ivs":{"hp":31,"atk":31,"def":31,"spa":31,"spd":31,"spe":31}},{"name":"Thundurus-Therian","species":"Thundurus-Therian","item":"lifeorb","ability":"Volt Absorb","moves":["darkpulse","discharge","sludgewave","voltswitch"],"nature":"Timid","evs":{"hp":0,"atk":0,"def":0,"spa":252,"spd":4,"spe":252},"ivs":{"hp":31,"atk":31,"def":31,"spa":31,"spd":31,"spe":31}},{"name":"Murkrow","species":"Murkrow","item":"eviolite","ability":"Prankster","moves":["darkpulse","thunderwave","featherdance","roost"],"nature":"Calm","evs":{"hp":248,"atk":0,"def":0,"spa":8,"spd":252,"spe":0},"ivs":{"hp":31,"atk":31,"def":31,"spa":31,"spd":31,"spe":31}}],"log":["|player|p1|Emg UnownMaN|168","|player|p2|Marx Bot|238","|gametype|singles","|gen|6","|tier|Monotype","|rated","|rule|Baton Pass Clause: Limit one Baton Passer, can't pass Spe and other stats simultaneously","|rule|Swagger Clause: Swagger is banned","|rule|Same Type Clause: Pokémon in a team must share a type","|clearpoke","|poke|p1|Azumarill, F, shiny","|poke|p1|Politoed, M, shiny","|poke|p1|Swampert, M, shiny","|poke|p1|Starmie, shiny","|poke|p1|Sharpedo, M, shiny","|poke|p1|Empoleon, M, shiny","|poke|p2|Charizard, F","|poke|p2|Landorus, M","|poke|p2|Skarmory, M","|poke|p2|Archeops, M","|poke|p2|Thundurus-Therian, M","|poke|p2|Murkrow, M","|rule|Sleep Clause Mod: Limit one foe put to sleep","|rule|Species Clause: Limit one of each Pokémon","|rule|OHKO Clause: OHKO moves are banned","|rule|Moody Clause: Moody is banned","|rule|Evasion Moves Clause: Evasion moves are banned","|rule|Endless Battle Clause: Forcing endless battles is banned","|rule|HP Percentage Mod: HP is shown in percentages","|teampreview","|","|start","|switch|p1a: Politoed|Politoed, M, shiny|333/333","|switch|p2a: Charizard|Charizard, F|297/297","|-weather|RainDance","|turn|1","|","|detailschange|p2a: Charizard|Charizard-Mega-Y, F","|-mega|p2a: Charizard|Charizard|Charizardite Y","|-weather|SunnyDay","|move|p2a: Charizard|Solar Beam|p1a: Politoed|[still]","|-prepare|p2a: Charizard|Solar Beam|p1a: Politoed","|-anim|p2a: Charizard|Solar Beam|p1a: Politoed","|-supereffective|p1a: Politoed","|-damage|p1a: Politoed|0 fnt","|faint|p1a: Politoed","|","|-weather|SunnyDay|[upkeep]","|","|switch|p1a: Sharpedo|Sharpedo, M, shiny|281/281","|turn|2","|","|move|p1a: Sharpedo|Protect|p1a: Sharpedo","|-singleturn|p1a: Sharpedo|Protect","|move|p2a: Charizard|Focus Blast|p1a: Sharpedo","|-activate|p1a: Sharpedo|Protect","|","|-weather|SunnyDay|[upkeep]","|-boost|p1a: Sharpedo|spe|1|[from] ability: Speed Boost","|turn|3","|","|switch|p2a: Defog|Skarmory, M|329/329","|move|p1a: Sharpedo|Waterfall|p2a: Defog","|-damage|p2a: Defog|269/329","|-damage|p1a: Sharpedo|235/281|[from] item: Rocky Helmet|[of] p2a: Defog","|","|-weather|SunnyDay|[upkeep]","|-boost|p1a: Sharpedo|spe|1|[from] ability: Speed Boost","|turn|4","|","|switch|p1a: Empoleon|Empoleon, M, shiny|356/356","|move|p2a: Defog|Stealth Rock|p1a: Empoleon","|-sidestart|p1: Emg UnownMaN|move: Stealth Rock","|","|-weather|SunnyDay|[upkeep]","|turn|5","|","|switch|p2a: Landorus|Landorus, M|319/319","|move|p1a: Empoleon|Scald|p2a: Landorus","|-supereffective|p2a: Landorus","|-damage|p2a: Landorus|185/319","|-status|p2a: Landorus|brn","|","|-weather|none","|-damage|p2a: Landorus|146/319 brn|[from] brn","|turn|6","|","|switch|p1a: Azumarill|Azumarill, F, shiny|341/341","|-damage|p1a: Azumarill|299/341|[from] Stealth Rock","|move|p2a: Landorus|Earth Power|p1a: Azumarill","|-damage|p1a: Azumarill|107/341","|","|-damage|p2a: Landorus|107/319 brn|[from] brn","|turn|7","|","|move|p2a: Landorus|Earth Power|p1a: Azumarill","|-damage|p1a: Azumarill|0 fnt","|faint|p1a: Azumarill","|","|-damage|p2a: Landorus|68/319 brn|[from] brn","|","|switch|p1a: Sharpedo|Sharpedo, M, shiny|235/281","|-damage|p1a: Sharpedo|200/281|[from] Stealth Rock","|turn|8","|","|switch|p2a: Murkrow|Murkrow, M|323/323","|move|p1a: Sharpedo|Protect|p1a: Sharpedo","|-fail|p1a: Sharpedo","|","|-boost|p1a: Sharpedo|spe|1|[from] ability: Speed Boost","|turn|9","|","|move|p2a: Murkrow|Feather Dance|p1a: Sharpedo","|-unboost|p1a: Sharpedo|atk|2","|move|p1a: Sharpedo|Waterfall|p2a: Murkrow","|-damage|p2a: Murkrow|224/323","|","|-boost|p1a: Sharpedo|spe|1|[from] ability: Speed Boost","|turn|10","|","|switch|p1a: Empoleon|Empoleon, M, shiny|356/356","|-damage|p1a: Empoleon|334/356|[from] Stealth Rock","|move|p2a: Murkrow|Thunder Wave|p1a: Empoleon","|-status|p1a: Empoleon|par","|","|turn|11","|","|switch|p2a: Landorus|Landorus, M|68/319 brn","|move|p1a: Empoleon|Defog|p2a: Landorus","|-unboost|p2a: Landorus|evasion|1","|-sideend|p1: Emg UnownMaN|Stealth Rock|[from] move: Defog|[of] p1a: Empoleon","|","|-damage|p2a: Landorus|29/319 brn|[from] brn","|turn|12","|","|switch|p1a: Swampert|Swampert, M, shiny|341/341","|move|p2a: Landorus|Earth Power|p1a: Swampert","|-damage|p1a: Swampert|90/341","|","|-damage|p2a: Landorus|0 fnt|[from] brn","|faint|p2a: Landorus","|","|switch|p2a: Archeops|Archeops, M|291/291","|turn|13","|","|detailschange|p1a: Swampert|Swampert-Mega, M, shiny","|-mega|p1a: Swampert|Swampert|Swampertite","|move|p2a: Archeops|U-turn|p1a: Swampert","|-damage|p1a: Swampert|0 fnt","|faint|p1a: Swampert","|","|switch|p2a: Thundurus-Therian|Thundurus-Therian, M|299/299","|","|","|switch|p1a: Sharpedo|Sharpedo, M, shiny|200/281","|turn|14","|","|switch|p2a: Murkrow|Murkrow, M|224/323","|move|p1a: Sharpedo|Protect|p1a: Sharpedo","|-fail|p1a: Sharpedo","|","|-boost|p1a: Sharpedo|spe|1|[from] ability: Speed Boost","|turn|15","|","|switch|p1a: Empoleon|Empoleon, M, shiny|334/356 par","|move|p2a: Murkrow|Thunder Wave|p1a: Empoleon","|-fail|p1a: Empoleon|par","|","|turn|16","|","|move|p2a: Murkrow|Dark Pulse|p1a: Empoleon","|-damage|p1a: Empoleon|279/356 par","|cant|p1a: Empoleon|par","|","|turn|17","|","|move|p2a: Murkrow|Roost|p2a: Murkrow","|-heal|p2a: Murkrow|323/323","|move|p1a: Empoleon|Stealth Rock|p2a: Murkrow","|-sidestart|p2: Marx Bot|move: Stealth Rock","|","|turn|18","|","|move|p2a: Murkrow|Dark Pulse|p1a: Empoleon","|-damage|p1a: Empoleon|219/356 par","|move|p1a: Empoleon|Scald|p2a: Murkrow","|-damage|p2a: Murkrow|241/323","|","|turn|19","|","|move|p2a: Murkrow|Dark Pulse|p1a: Empoleon","|-damage|p1a: Empoleon|162/356 par","|cant|p1a: Empoleon|par","|","|turn|20","|","|move|p2a: Murkrow|Dark Pulse|p1a: Empoleon","|-damage|p1a: Empoleon|96/356 par","|move|p1a: Empoleon|Scald|p2a: Murkrow","|-damage|p2a: Murkrow|123/323","|","|turn|21","|","|move|p2a: Murkrow|Roost|p2a: Murkrow","|-heal|p2a: Murkrow|285/323","|cant|p1a: Empoleon|par","|","|turn|22","|","|move|p2a: Murkrow|Dark Pulse|p1a: Empoleon","|-damage|p1a: Empoleon|39/356 par","|move|p1a: Empoleon|Ice Beam|p2a: Murkrow","|-supereffective|p2a: Murkrow","|-damage|p2a: Murkrow|163/323","|","|turn|23","|","|move|p2a: Murkrow|Roost|p2a: Murkrow","|-heal|p2a: Murkrow|323/323","|move|p1a: Empoleon|Scald|p2a: Murkrow","|-damage|p2a: Murkrow|191/323","|","|turn|24","|","|move|p2a: Murkrow|Roost|p2a: Murkrow","|-heal|p2a: Murkrow|323/323","|cant|p1a: Empoleon|par","|","|turn|25","|","|switch|p1a: Sharpedo|Sharpedo, M, shiny|200/281","|move|p2a: Murkrow|Dark Pulse|p1a: Sharpedo","|-resisted|p1a: Sharpedo","|-damage|p1a: Sharpedo|114/281","|","|turn|26","|","|switch|p1a: Empoleon|Empoleon, M, shiny|39/356 par","|move|p2a: Murkrow|Feather Dance|p1a: Empoleon","|-unboost|p1a: Empoleon|atk|2","|","|turn|27","|","|move|p2a: Murkrow|Dark Pulse|p1a: Empoleon","|-damage|p1a: Empoleon|0 fnt","|faint|p1a: Empoleon","|","|","|switch|p1a: Starmie|Starmie, shiny|261/261","|turn|28","|","|move|p2a: Murkrow|Thunder Wave|p1a: Starmie","|-status|p1a: Starmie|par","|move|p1a: Starmie|Ice Beam|p2a: Murkrow","|-supereffective|p2a: Murkrow","|-damage|p2a: Murkrow|191/323","|","|turn|29","|","|move|p2a: Murkrow|Dark Pulse|p1a: Starmie","|-supereffective|p1a: Starmie","|-damage|p1a: Starmie|81/261 par","|cant|p1a: Starmie|par","|","|-heal|p1a: Starmie|97/261 par|[from] item: Leftovers","|turn|30","|","|win|Marx Bot"],"p1rating":{"entryid":"7117043","serverid":"eos","formatid":"monotype","userid":"emgunownman","username":"Emg UnownMaN","w":"26","l":14,"t":"0","gxe":62.8,"r":"1612.2501467443","rd":"54.622449944145","sigma":"0","rptime":"1438765200","rpr":1599.8335572271,"rprd":54.112920137245,"rpsigma":"0","acre":1256.2681032921,"lacre":1256.2681032921,"oldacre":"1294.9023509958"},"p2rating":{"entryid":"5765428","serverid":"eos","formatid":"monotype","userid":"marxbot","username":"Marx Bot","w":200,"l":"296","t":"0","gxe":41.5,"r":"1430.5583024035","rd":"26.724110503285","sigma":"0","rptime":"1438765200","rpr":1435.3053495268,"rprd":26.549859038907,"rpsigma":"0","acre":1125.0776439146,"lacre":1125.0776439146,"oldacre":"1082.3526417516"},"endType":"forfeit"}