{"seed":[58998,16398,26512,16236],"turns":33,"p1":"Guard Wanderer","p2":"R06L29A01","p1team":[{"name":"Weezing","species":"Weezing","item":"sitrusberry","ability":"Levitate","moves":["toxicspikes","willowisp","memento","thief"],"nature":"Careful","evs":{"hp":248,"atk":8,"def":0,"spa":0,"spd":252,"spe":0},"ivs":{"hp":31,"atk":31,"def":31,"spa":31,"spd":31,"spe":31}},{"name":"Tentacruel","species":"Tentacruel","item":"assaultvest","ability":"Liquid Ooze","moves":["scald","acidspray","gigadrain","hex"],"nature":"Timid","evs":{"hp":0,"atk":0,"def":4,"spa":252,"spd":0,"spe":252},"ivs":{"hp":31,"atk":31,"def":31,"spa":31,"spd":31,"spe":31}},{"name":"Skuntank","species":"Skuntank","item":"","ability":"Stench","moves":["snatch","thief","suckerpunch","poisonjab"],"nature":"Adamant","evs":{"hp":248,"atk":252,"def":0,"spa":0,"spd":8,"spe":0},"ivs":{"hp":31,"atk":31,"def":31,"spa":31,"spd":31,"spe":31}},{"name":"Crobat","species":"Crobat","item":"whiteherb","ability":"Infiltrator","moves":["curse","acrobatics","roost","hypnosis"],"nature":"Jolly","evs":{"hp":248,"atk":8,"def":0,"spa":0,"spd":0,"spe":252},"ivs":{"hp":31,"atk":31,"def":31,"spa":31,"spd":31,"spe":31}},{"name":"Gengar","species":"Gengar","item":"choicescarf","ability":"Levitate","moves":["trick","destinybond","venoshock","hex"],"nature":"Timid","evs":{"hp":0,"atk":0,"def":0,"spa":252,"spd":4,"spe":252},"ivs":{"hp":31,"atk":31,"def":31,"spa":31,"spd":31,"spe":31}},{"name":"Amoonguss","species":"Amoonguss","item":"blacksludge","ability":"Regenerator","moves":["spore","gigadrain","gastroacid","stunspore"],"nature":"Calm","evs":{"hp":248,"atk":0,"def":0,"spa":8,"spd":252,"spe":0},"shiny":true,"ivs":{"hp":31,"atk":31,"def":31,"spa":31,"spd":31,"spe":31}}],"p2team":[{"name":"Druddigon","species":"Druddigon","item":"focussash","ability":"Rough Skin","moves":["glare","dragontail","earthquake","stealthrock"],"nature":"Adamant","evs":{"hp":248,"atk":252,"def":0,"spa":0,"spd":8,"spe":0},"shiny":true,"ivs":{"hp":31,"atk":31,"def":31,"spa":31,"spd":31,"spe":31}},{"name":"Dragonite","species":"Dragonite","item":"weaknesspolicy","ability":"Multiscale","moves":["extremespeed","dragondance","dragonclaw","earthquake"],"nature":"Adamant","evs":{"hp":0,"atk":252,"def":0,"spa":0,"spd":4,"spe":252},"ivs":{"hp":31,"atk":31,"def":31,"spa":31,"spd":31,"spe":31}},{"name":"Goodra","species":"Goodra","item":"assaultvest","ability":"Gooey","moves":["dragonpulse","icebeam","flamethrower","sludgebomb"],"nature":"Modest","evs":{"hp":248,"atk":0,"def":0,"spa":252,"spd":8,"spe":0},"shiny":true,"ivs":{"hp":31,"atk":31,"def":31,"spa":31,"spd":31,"spe":31}},{"name":"Latias","species":"Latias","item":"latiasite","ability":"Levitate","moves":["thunderbolt","recover","dragonpulse","surf"],"nature":"Modest","evs":{"hp":248,"atk":0,"def":0,"spa":252,"spd":8,"spe":0},"shiny":true,"ivs":{"hp":31,"atk":31,"def":31,"spa":31,"spd":31,"spe":31}},{"name":"Garchomp","species":"Garchomp","item":"focussash","ability":"Rough Skin","moves":["dragonclaw","swordsdance","earthquake","firefang"],"nature":"Jolly","evs":{"hp":0,"atk":252,"def":0,"spa":0,"spd":4,"spe":252},"shiny":true,"ivs":{"hp":31,"atk":31,"def":31,"spa":31,"spd":31,"spe":31}},{"name":"Salamence","species":"Salamence","item":"choicescarf","ability":"Moxie","moves":["dragontail","irontail","firefang","outrage"],"nature":"Jolly","evs":{"hp":0,"atk":252,"def":0,"spa":0,"spd":4,"spe":252},"shiny":true,"ivs":{"hp":31,"atk":31,"def":31,"spa":31,"spd":31,"spe":31}}],"log":["|player|p1|Guard Wanderer|235","|player|p2|R06L29A01|209","|gametype|singles","|gen|6","|tier|Monotype","|rated","|rule|Baton Pass Clause: Limit one Baton Passer, can't pass Spe and other stats simultaneously","|rule|Swagger Clause: Swagger is banned","|rule|Same Type Clause: Pokémon in a team must share a type","|clearpoke","|poke|p1|Weezing, M","|poke|p1|Tentacruel, M","|poke|p1|Skuntank, F","|poke|p1|Crobat, M","|poke|p1|Gengar, F","|poke|p1|Amoonguss, F, shiny","|poke|p2|Druddigon, M, shiny","|poke|p2|Dragonite, F","|poke|p2|Goodra, M, shiny","|poke|p2|Latias, F, shiny","|poke|p2|Garchomp, F, shiny","|poke|p2|Salamence, M, shiny","|rule|Sleep Clause Mod: Limit one foe put to sleep","|rule|Species Clause: Limit one of each Pokémon","|rule|OHKO Clause: OHKO moves are banned","|rule|Moody Clause: Moody is banned","|rule|Evasion Moves Clause: Evasion moves are banned","|rule|Endless Battle Clause: Forcing endless battles is banned","|rule|HP Percentage Mod: HP is shown in percentages","|teampreview","|","|start","|switch|p1a: Weezing|Weezing, M|333/333","|switch|p2a: Druddigon|Druddigon, M, shiny|357/357","|turn|1","|","|move|p1a: Weezing|Will-O-Wisp|p2a: Druddigon","|-status|p2a: Druddigon|brn","|move|p2a: Druddigon|Glare|p1a: Weezing","|-status|p1a: Weezing|par","|","|-damage|p2a: Druddigon|313/357 brn|[from] brn","|turn|2","|","|move|p2a: Druddigon|Stealth Rock|p1a: Weezing","|-sidestart|p1: Guard Wanderer|move: Stealth Rock","|move|p1a: Weezing|Toxic Spikes|p2a: Druddigon","|-sidestart|p2: R06L29A01|move: Toxic Spikes","|","|-damage|p2a: Druddigon|269/357 brn|[from] brn","|turn|3","|","|move|p1a: Weezing|Toxic Spikes|p2a: Druddigon","|-sidestart|p2: R06L29A01|move: Toxic Spikes","|move|p2a: Druddigon|Dragon Tail|p1a: Weezing","|-crit|p1a: Weezing","|-damage|p1a: Weezing|262/333 par","|drag|p1a: Gengar|Gengar, F|261/261","|-damage|p1a: Gengar|229/261|[from] Stealth Rock","|","|-damage|p2a: Druddigon|225/357 brn|[from] brn","|turn|4","|","|switch|p2a: Salamence|Salamence, M, shiny|331/331","|move|p1a: Gengar|Hex|p2a: Salamence","|-damage|p2a: Salamence|204/331","|","|turn|5","|","|switch|p1a: Weezing|Weezing, M|262/333 par","|-damage|p1a: Weezing|221/333 par|[from] Stealth Rock","|move|p2a: Salamence|Outrage|p1a: Weezing","|-damage|p1a: Weezing|44/333 par","|-enditem|p1a: Weezing|Sitrus Berry|[eat]","|-heal|p1a: Weezing|127/333 par|[from] item: Sitrus Berry","|","|turn|6","|","|move|p2a: Salamence|Outrage|p1a: Weezing|[from]lockedmove","|-damage|p1a: Weezing|0 fnt","|-start|p2a: Salamence|confusion|[fatigue]","|faint|p1a: Weezing","|-boost|p2a: Salamence|atk|1|[from] ability: Moxie","|","|","|switch|p1a: Skuntank|Skuntank, F|409/409","|-damage|p1a: Skuntank|358/409|[from] Stealth Rock","|turn|7","|","|switch|p2a: Druddigon|Druddigon, M, shiny|225/357 brn","|move|p1a: Skuntank|Sucker Punch|p2a: Druddigon","|-fail|p1a: Skuntank","|","|-damage|p2a: Druddigon|181/357 brn|[from] brn","|turn|8","|","|switch|p1a: Amoonguss|Amoonguss, F, shiny|431/431","|-damage|p1a: Amoonguss|378/431|[from] Stealth Rock","|move|p2a: Druddigon|Glare|p1a: Amoonguss","|-status|p1a: Amoonguss|par","|","|-heal|p1a: Amoonguss|404/431 par|[from] item: Black Sludge","|-damage|p2a: Druddigon|137/357 brn|[from] brn","|turn|9","|","|move|p2a: Druddigon|Earthquake|p1a: Amoonguss","|-damage|p1a: Amoonguss|320/431 par","|move|p1a: Amoonguss|Gastro Acid|p2a: Druddigon","|-endability|p2a: Druddigon","|","|-heal|p1a: Amoonguss|346/431 par|[from] item: Black Sludge","|-damage|p2a: Druddigon|93/357 brn|[from] brn","|turn|10","|","|move|p1a: Amoonguss|Spore|p2a: Druddigon","|-fail|p2a: Druddigon","|move|p2a: Druddigon|Dragon Tail|p1a: Amoonguss|[miss]","|-miss|p2a: Druddigon|p1a: Amoonguss","|","|-heal|p1a: Amoonguss|372/431 par|[from] item: Black Sludge","|-damage|p2a: Druddigon|49/357 brn|[from] brn","|turn|11","|","|cant|p1a: Amoonguss|par","|move|p2a: Druddigon|Dragon Tail|p1a: Amoonguss","|-damage|p1a: Amoonguss|301/431 par","|drag|p1a: Crobat|Crobat, M|373/373","|-damage|p1a: Crobat|280/373|[from] Stealth Rock","|","|-damage|p2a: Druddigon|5/357 brn|[from] brn","|turn|12","|","|move|p1a: Crobat|Acrobatics|p2a: Druddigon","|-damage|p2a: Druddigon|0 fnt","|faint|p2a: Druddigon","|","|","|switch|p2a: Salamence|Salamence, M, shiny|204/331","|turn|13","|","|move|p2a: Salamence|Outrage|p1a: Crobat","|-damage|p1a: Crobat|34/373","|move|p1a: Crobat|Hypnosis|p2a: Salamence","|-status|p2a: Salamence|slp","|","|turn|14","|","|switch|p2a: Latias|Latias, F, shiny|363/363","|move|p1a: Crobat|Curse|p1a: Crobat","|-unboost|p1a: Crobat|spe|1","|-boost|p1a: Crobat|atk|1","|-boost|p1a: Crobat|def|1","|-enditem|p1a: Crobat|White Herb","|-restoreboost|p1a: Crobat|[silent]","|","|turn|15","|","|detailschange|p2a: Latias|Latias-Mega, F, shiny","|-mega|p2a: Latias|Latias|Latiasite","|move|p1a: Crobat|Acrobatics|p2a: Latias","|-damage|p2a: Latias|201/363","|move|p2a: Latias|Thunderbolt|p1a: Crobat","|-supereffective|p1a: Crobat","|-damage|p1a: Crobat|0 fnt","|faint|p1a: Crobat","|","|","|switch|p1a: Skuntank|Skuntank, F|358/409","|-damage|p1a: Skuntank|307/409|[from] Stealth Rock","|turn|16","|","|move|p2a: Latias|Recover|p2a: Latias","|-heal|p2a: Latias|363/363","|move|p1a: Skuntank|Poison Jab|p2a: Latias","|-damage|p2a: Latias|249/363","|","|turn|17","|","|switch|p2a: Salamence|Salamence, M, shiny|204/331 slp","|move|p1a: Skuntank|Poison Jab|p2a: Salamence","|-damage|p2a: Salamence|47/331 slp","|","|turn|18","|","|move|p1a: Skuntank|Sucker Punch|p2a: Salamence","|-damage|p2a: Salamence|0 fnt","|faint|p2a: Salamence","|","|","|switch|p2a: Goodra|Goodra, M, shiny|383/383","|-status|p2a: Goodra|tox","|turn|19","|","|switch|p1a: Tentacruel|Tentacruel, M|301/301","|-damage|p1a: Tentacruel|264/301|[from] Stealth Rock","|move|p2a: Goodra|Dragon Pulse|p1a: Tentacruel","|-damage|p1a: Tentacruel|185/301","|","|-damage|p2a: Goodra|360/383 tox|[from] psn","|turn|20","|","|switch|p2a: Latias|Latias-Mega, F, shiny|249/363","|move|p1a: Tentacruel|Acid Spray|p2a: Latias","|-damage|p2a: Latias|212/363","|-unboost|p2a: Latias|spd|2","|","|turn|21","|","|move|p1a: Tentacruel|Hex|p2a: Latias","|-supereffective|p2a: Latias","|-damage|p2a: Latias|46/363","|move|p2a: Latias|Thunderbolt|p1a: Tentacruel","|-supereffective|p1a: Tentacruel","|-damage|p1a: Tentacruel|35/301","|","|turn|22","|","|move|p1a: Tentacruel|Acid Spray|p2a: Latias","|-damage|p2a: Latias|0 fnt","|faint|p2a: Latias","|","|","|switch|p2a: Dragonite|Dragonite, F|323/323","|turn|23","|","|move|p2a: Dragonite|Extreme Speed|p1a: Tentacruel","|-damage|p1a: Tentacruel|0 fnt","|faint|p1a: Tentacruel","|","|","|switch|p1a: Skuntank|Skuntank, F|307/409","|-damage|p1a: Skuntank|256/409|[from] Stealth Rock","|turn|24","|","|switch|p2a: Goodra|Goodra, M, shiny|360/383 tox","|move|p1a: Skuntank|Snatch|p1a: Skuntank","|-singleturn|p1a: Skuntank|Snatch","|","|-damage|p2a: Goodra|337/383 tox|[from] psn","|turn|25","|","|move|p1a: Skuntank|Thief|p2a: Goodra","|-damage|p2a: Goodra|205/383 tox","|-unboost|p1a: Skuntank|spe|1","|-item|p1a: Skuntank|Assault Vest|[from] move: Thief|[of] p2a: Goodra","|move|p2a: Goodra|Flamethrower|p1a: Skuntank","|-damage|p1a: Skuntank|150/409","|","|-damage|p2a: Goodra|159/383 tox|[from] psn","|turn|26","|","|move|p1a: Skuntank|Sucker Punch|p2a: Goodra","|-damage|p2a: Goodra|0 fnt","|-unboost|p1a: Skuntank|spe|1","|faint|p2a: Goodra","|","|","|switch|p2a: Dragonite|Dragonite, F|323/323","|turn|27","|","|move|p2a: Dragonite|Extreme Speed|p1a: Skuntank","|-damage|p1a: Skuntank|10/409","|move|p1a: Skuntank|Poison Jab|p2a: Dragonite","|-crit|p2a: Dragonite","|-damage|p2a: Dragonite|227/323","|","|turn|28","|","|switch|p2a: Garchomp|Garchomp, F, shiny|357/357","|-status|p2a: Garchomp|tox","|move|p1a: Skuntank|Poison Jab|p2a: Garchomp","|-resisted|p2a: Garchomp","|-damage|p2a: Garchomp|291/357 tox","|-damage|p1a: Skuntank|0 fnt|[from] ability: Rough Skin|[of] p2a: Garchomp","|faint|p1a: Skuntank","|","|-damage|p2a: Garchomp|269/357 tox|[from] psn","|","|switch|p1a: Gengar|Gengar, F|229/261","|-damage|p1a: Gengar|197/261|[from] Stealth Rock","|turn|29","|","|move|p1a: Gengar|Hex|p2a: Garchomp","|-damage|p2a: Garchomp|13/357 tox","|move|p2a: Garchomp|Dragon Claw|p1a: Gengar","|-damage|p1a: Gengar|0 fnt","|faint|p1a: Gengar","|","|-damage|p2a: Garchomp|0 fnt|[from] psn","|faint|p2a: Garchomp","|","|switch|p2a: Dragonite|Dragonite, F|227/323","|switch|p1a: Amoonguss|Amoonguss, F, shiny|431/431 par","|-damage|p1a: Amoonguss|378/431 par|[from] Stealth Rock","|turn|30","|","|move|p2a: Dragonite|Dragon Dance|p2a: Dragonite","|-boost|p2a: Dragonite|atk|1","|-boost|p2a: Dragonite|spe|1","|move|p1a: Amoonguss|Spore|p2a: Dragonite","|-status|p2a: Dragonite|slp","|","|-heal|p1a: Amoonguss|404/431 par|[from] item: Black Sludge","|turn|31","|","|cant|p2a: Dragonite|slp","|move|p1a: Amoonguss|Giga Drain|p2a: Dragonite","|-resisted|p2a: Dragonite","|-damage|p2a: Dragonite|206/323 slp","|-heal|p1a: Amoonguss|415/431 par|[from] drain|[of] p2a: Dragonite","|","|-heal|p1a: Amoonguss|431/431 par|[from] item: Black Sludge","|turn|32","|","|-curestatus|p2a: Dragonite|slp","|move|p2a: Dragonite|Dragon Dance|p2a: Dragonite","|-boost|p2a: Dragonite|atk|1","|-boost|p2a: Dragonite|spe|1","|move|p1a: Amoonguss|Giga Drain|p2a: Dragonite","|-resisted|p2a: Dragonite","|-damage|p2a: Dragonite|188/323","|","|turn|33","|","|move|p2a: Dragonite|Dragon Claw|p1a: Amoonguss","|-damage|p1a: Amoonguss|0 fnt","|faint|p1a: Amoonguss","|","|win|R06L29A01"],"p1rating":{"entryid":"6731189","serverid":"eos","formatid":"monotype","userid":"guardwanderer","username":"Guard Wanderer","w":"77","l":114,"t":"0","gxe":38.5,"r":"1416.6716065611","rd":"31.012894024758","sigma":"0","rptime":"1438765200","rpr":1411.58497152,"rprd":29.655111407188,"rpsigma":"0","acre":1013.7372194737,"lacre":1013.7372194737,"oldacre":"1018.4796557319"},"p2rating":{"entryid":"6931648","serverid":"eos","formatid":"monotype","userid":"r06l29a01","username":"R06L29A01","w":64,"l":"60","t":"0","gxe":52.9,"r":"1514.4035410692","rd":"33.621897785312","sigma":"0","rptime":"1438765200","rpr":1521.6759069548,"rprd":33.06238297511,"rpsigma":"0","acre":1284.5995004922,"lacre":1284.5995004922,"oldacre":"1275.3165858487"},"endType":"normal"}