{"seed":[3619,6431,8624,39601],"turns":25,"p1":"Alliance - Volkner","p2":"Sovereign♕Dooms","p1team":[{"name":"F@#$ Zapdos","species":"thundurus","item":"lifeorb","ability":"Prankster","moves":["thunderwave","thunderbolt","hiddenpowerice","focusblast"],"nature":"Timid","evs":{"hp":0,"atk":0,"def":4,"spa":252,"spd":0,"spe":252},"ivs":{"hp":31,"atk":30,"def":30,"spa":31,"spd":31,"spe":31}},{"name":"Electivire","species":"Electivire","item":"choicescarf","ability":"Motor Drive","moves":["wildcharge","crosschop","icepunch","earthquake"],"nature":"Naive","evs":{"hp":0,"atk":252,"def":0,"spa":4,"spd":0,"spe":252},"gender":"M","shiny":true,"ivs":{"hp":31,"atk":31,"def":31,"spa":31,"spd":31,"spe":31}},{"name":"F@#$ Thundurus","species":"zapdos","item":"leftovers","ability":"Pressure","moves":["thunderbolt","roost","defog","toxic"],"nature":"Bold","evs":{"hp":248,"atk":0,"def":252,"spa":0,"spd":8,"spe":0},"shiny":true,"ivs":{"hp":31,"atk":31,"def":31,"spa":31,"spd":31,"spe":31}},{"name":"Rotom-Wash","species":"Rotom-Wash","item":"chestoberry","ability":"Levitate","moves":["voltswitch","hydropump","willowisp","rest"],"nature":"Calm","evs":{"hp":252,"atk":0,"def":0,"spa":0,"spd":212,"spe":44},"ivs":{"hp":31,"atk":31,"def":31,"spa":31,"spd":31,"spe":31}},{"name":"Bad Ass Bitch","species":"eelektross","item":"leftovers","ability":"Levitate","moves":["coil","wildcharge","substitute","drainpunch"],"nature":"Careful","evs":{"hp":252,"atk":4,"def":0,"spa":0,"spd":252,"spe":0},"gender":"F","ivs":{"hp":31,"atk":31,"def":31,"spa":31,"spd":31,"spe":31}},{"name":"Swagnemite","species":"magnezone","item":"choicescarf","ability":"Magnet Pull","moves":["voltswitch","hiddenpowerfire","flashcannon","thunderbolt"],"nature":"Timid","evs":{"hp":0,"atk":0,"def":4,"spa":252,"spd":0,"spe":252},"ivs":{"hp":31,"atk":30,"def":31,"spa":30,"spd":31,"spe":30}}],"p2team":[{"name":"Ludicolo","species":"Ludicolo","item":"lifeorb","ability":"Swift Swim","moves":["gigadrain","scald","focusblast","icebeam"],"nature":"Modest","evs":{"hp":0,"atk":0,"def":0,"spa":252,"spd":4,"spe":252},"ivs":{"hp":31,"atk":0,"def":31,"spa":31,"spd":31,"spe":31}},{"name":"Empoleon","species":"Empoleon","item":"leftovers","ability":"Torrent","moves":["stealthrock","defog","scald","roar"],"nature":"Calm","evs":{"hp":252,"atk":0,"def":0,"spa":4,"spd":252,"spe":0},"ivs":{"hp":31,"atk":0,"def":31,"spa":31,"spd":31,"spe":31}},{"name":"Swampert","species":"Swampert","item":"swampertite","ability":"Torrent","moves":["earthquake","waterfall","icepunch","raindance"],"nature":"Adamant","evs":{"hp":0,"atk":252,"def":0,"spa":0,"spd":4,"spe":252},"ivs":{"hp":31,"atk":31,"def":31,"spa":31,"spd":31,"spe":31}},{"name":"Rotom-Wash","species":"Rotom-Wash","item":"leftovers","ability":"Levitate","moves":["willowisp","painsplit","voltswitch","hydropump"],"nature":"Bold","evs":{"hp":252,"atk":0,"def":252,"spa":4,"spd":0,"spe":0},"ivs":{"hp":31,"atk":0,"def":31,"spa":31,"spd":31,"spe":31}},{"name":"Manaphy","species":"Manaphy","item":"leftovers","ability":"Hydration","moves":["tailglow","psychic","scald","icebeam"],"nature":"Timid","evs":{"hp":0,"atk":0,"def":0,"spa":252,"spd":4,"spe":252},"ivs":{"hp":31,"atk":0,"def":31,"spa":31,"spd":31,"spe":31}},{"name":"Politoed","species":"Politoed","item":"ejectbutton","ability":"Drizzle","moves":["scald","toxic","perishsong","encore"],"nature":"Calm","evs":{"hp":252,"atk":0,"def":4,"spa":0,"spd":252,"spe":0},"ivs":{"hp":31,"atk":0,"def":31,"spa":31,"spd":31,"spe":31}}],"log":["|player|p1|Alliance - Volkner|80","|player|p2|Sovereign♕Dooms|20","|gametype|singles","|gen|6","|tier|Monotype","|rated","|rule|Baton Pass Clause: Limit one Baton Passer, can't pass Spe and other stats simultaneously","|rule|Swagger Clause: Swagger is banned","|rule|Same Type Clause: Pokémon in a team must share a type","|clearpoke","|poke|p1|Thundurus, M","|poke|p1|Electivire, M, shiny","|poke|p1|Zapdos, shiny","|poke|p1|Rotom-Wash","|poke|p1|Eelektross, F","|poke|p1|Magnezone","|poke|p2|Ludicolo, F","|poke|p2|Empoleon, M","|poke|p2|Swampert, M","|poke|p2|Rotom-Wash","|poke|p2|Manaphy","|poke|p2|Politoed, M","|rule|Sleep Clause Mod: Limit one foe put to sleep","|rule|Species Clause: Limit one of each Pokémon","|rule|OHKO Clause: OHKO moves are banned","|rule|Moody Clause: Moody is banned","|rule|Evasion Moves Clause: Evasion moves are banned","|rule|Endless Battle Clause: Forcing endless battles is banned","|rule|HP Percentage Mod: HP is shown in percentages","|teampreview","|","|start","|switch|p1a: Rotom-Wash|Rotom-Wash|304/304","|switch|p2a: Politoed|Politoed, M|384/384","|-weather|RainDance","|turn|1","|","|move|p1a: Rotom-Wash|Volt Switch|p2a: Politoed","|-supereffective|p2a: Politoed","|-damage|p2a: Politoed|252/384","|-enditem|p2a: Politoed|Eject Button","|","|switch|p2a: Swampert|Swampert, M|341/341","|","|-weather|RainDance|[upkeep]","|turn|2","|","|detailschange|p2a: Swampert|Swampert-Mega, M","|-mega|p2a: Swampert|Swampert|Swampertite","|move|p1a: Rotom-Wash|Will-O-Wisp|p2a: Swampert","|-status|p2a: Swampert|brn","|move|p2a: Swampert|Waterfall|p1a: Rotom-Wash","|-resisted|p1a: Rotom-Wash","|-damage|p1a: Rotom-Wash|247/304","|","|-weather|RainDance|[upkeep]","|-damage|p2a: Swampert|299/341 brn|[from] brn","|turn|3","|","|switch|p2a: Ludicolo|Ludicolo, F|301/301","|switch|p1a: Bad Ass Bitch|Eelektross, F|374/374","|","|-weather|RainDance|[upkeep]","|turn|4","|","|move|p2a: Ludicolo|Scald|p1a: Bad Ass Bitch","|-damage|p1a: Bad Ass Bitch|187/374","|-status|p1a: Bad Ass Bitch|brn","|-damage|p2a: Ludicolo|271/301|[from] item: Life Orb","|move|p1a: Bad Ass Bitch|Substitute|p1a: Bad Ass Bitch","|-start|p1a: Bad Ass Bitch|Substitute","|-damage|p1a: Bad Ass Bitch|94/374 brn","|","|-weather|RainDance|[upkeep]","|-heal|p1a: Bad Ass Bitch|117/374 brn|[from] item: Leftovers","|-damage|p1a: Bad Ass Bitch|71/374 brn|[from] brn","|turn|5","|","|move|p2a: Ludicolo|Scald|p1a: Bad Ass Bitch","|-end|p1a: Bad Ass Bitch|Substitute","|-damage|p2a: Ludicolo|241/301|[from] item: Life Orb","|move|p1a: Bad Ass Bitch|Wild Charge|p2a: Ludicolo","|-damage|p2a: Ludicolo|157/301","|-damage|p1a: Bad Ass Bitch|50/374 brn|[from] recoil|[of] p2a: Ludicolo","|","|-weather|none","|-heal|p1a: Bad Ass Bitch|73/374 brn|[from] item: Leftovers","|-damage|p1a: Bad Ass Bitch|27/374 brn|[from] brn","|turn|6","|","|switch|p2a: Swampert|Swampert-Mega, M|299/341 brn","|move|p1a: Bad Ass Bitch|Wild Charge|p2a: Swampert","|-immune|p2a: Swampert|[msg]","|","|-heal|p1a: Bad Ass Bitch|50/374 brn|[from] item: Leftovers","|-damage|p2a: Swampert|257/341 brn|[from] brn","|-damage|p1a: Bad Ass Bitch|4/374 brn|[from] brn","|turn|7","|","|move|p2a: Swampert|Ice Punch|p1a: Bad Ass Bitch","|-damage|p1a: Bad Ass Bitch|0 fnt","|faint|p1a: Bad Ass Bitch","|","|-damage|p2a: Swampert|215/341 brn|[from] brn","|","|switch|p1a: F@#$ Thundurus|Zapdos, shiny|383/383","|-ability|p1a: F@#$ Thundurus|Pressure","|turn|8","|","|move|p2a: Swampert|Ice Punch|p1a: F@#$ Thundurus","|-crit|p1a: F@#$ Thundurus","|-supereffective|p1a: F@#$ Thundurus","|-damage|p1a: F@#$ Thundurus|261/383","|move|p1a: F@#$ Thundurus|Roost|p1a: F@#$ Thundurus","|-heal|p1a: F@#$ Thundurus|383/383","|","|-damage|p2a: Swampert|173/341 brn|[from] brn","|turn|9","|","|move|p2a: Swampert|Ice Punch|p1a: F@#$ Thundurus","|-supereffective|p1a: F@#$ Thundurus","|-damage|p1a: F@#$ Thundurus|295/383","|move|p1a: F@#$ Thundurus|Toxic|p2a: Swampert","|-fail|p2a: Swampert","|","|-heal|p1a: F@#$ Thundurus|318/383|[from] item: Leftovers","|-damage|p2a: Swampert|131/341 brn|[from] brn","|turn|10","|","|move|p2a: Swampert|Ice Punch|p1a: F@#$ Thundurus","|-supereffective|p1a: F@#$ Thundurus","|-damage|p1a: F@#$ Thundurus|234/383","|move|p1a: F@#$ Thundurus|Roost|p1a: F@#$ Thundurus","|-heal|p1a: F@#$ Thundurus|383/383","|","|-damage|p2a: Swampert|89/341 brn|[from] brn","|turn|11","|","|move|p2a: Swampert|Ice Punch|p1a: F@#$ Thundurus","|-supereffective|p1a: F@#$ Thundurus","|-damage|p1a: F@#$ Thundurus|297/383","|move|p1a: F@#$ Thundurus|Toxic|p2a: Swampert","|-fail|p2a: Swampert","|","|-heal|p1a: F@#$ Thundurus|320/383|[from] item: Leftovers","|-damage|p2a: Swampert|47/341 brn|[from] brn","|turn|12","|","|move|p2a: Swampert|Ice Punch|p1a: F@#$ Thundurus","|-supereffective|p1a: F@#$ Thundurus","|-damage|p1a: F@#$ Thundurus|231/383","|move|p1a: F@#$ Thundurus|Roost|p1a: F@#$ Thundurus","|-heal|p1a: F@#$ Thundurus|383/383","|","|-damage|p2a: Swampert|5/341 brn|[from] brn","|turn|13","|","|move|p2a: Swampert|Ice Punch|p1a: F@#$ Thundurus","|-supereffective|p1a: F@#$ Thundurus","|-damage|p1a: F@#$ Thundurus|301/383","|move|p1a: F@#$ Thundurus|Toxic|p2a: Swampert","|-fail|p2a: Swampert","|","|-heal|p1a: F@#$ Thundurus|324/383|[from] item: Leftovers","|-damage|p2a: Swampert|0 fnt|[from] brn","|faint|p2a: Swampert","|","|switch|p2a: Manaphy|Manaphy|341/341","|turn|14","|","|move|p2a: Manaphy|Tail Glow|p2a: Manaphy","|-boost|p2a: Manaphy|spa|3","|move|p1a: F@#$ Thundurus|Thunderbolt|p2a: Manaphy","|-supereffective|p2a: Manaphy","|-damage|p2a: Manaphy|87/341","|","|-heal|p2a: Manaphy|108/341|[from] item: Leftovers","|-heal|p1a: F@#$ Thundurus|347/383|[from] item: Leftovers","|turn|15","|","|move|p2a: Manaphy|Ice Beam|p1a: F@#$ Thundurus","|-supereffective|p1a: F@#$ Thundurus","|-damage|p1a: F@#$ Thundurus|0 fnt","|faint|p1a: F@#$ Thundurus","|","|-heal|p2a: Manaphy|129/341|[from] item: Leftovers","|","|switch|p1a: Electivire|Electivire, M, shiny|291/291","|turn|16","|","|move|p1a: Electivire|Wild Charge|p2a: Manaphy","|-supereffective|p2a: Manaphy","|-damage|p2a: Manaphy|0 fnt","|-damage|p1a: Electivire|259/291|[from] recoil|[of] p2a: Manaphy","|faint|p2a: Manaphy","|","|","|switch|p2a: Ludicolo|Ludicolo, F|157/301","|turn|17","|","|switch|p1a: Rotom-Wash|Rotom-Wash|247/304","|move|p2a: Ludicolo|Giga Drain|p1a: Rotom-Wash","|-supereffective|p1a: Rotom-Wash","|-damage|p1a: Rotom-Wash|49/304","|-heal|p2a: Ludicolo|256/301|[from] drain|[of] p1a: Rotom-Wash","|-damage|p2a: Ludicolo|226/301|[from] item: Life Orb","|","|turn|18","|","|move|p2a: Ludicolo|Giga Drain|p1a: Rotom-Wash","|-supereffective|p1a: Rotom-Wash","|-damage|p1a: Rotom-Wash|0 fnt","|-heal|p2a: Ludicolo|251/301|[from] drain|[of] p1a: Rotom-Wash","|-damage|p2a: Ludicolo|221/301|[from] item: Life Orb","|faint|p1a: Rotom-Wash","|","|","|switch|p1a: Swagnemite|Magnezone|281/281","|turn|19","|","|move|p1a: Swagnemite|Thunderbolt|p2a: Ludicolo","|-damage|p2a: Ludicolo|56/301","|move|p2a: Ludicolo|Focus Blast|p1a: Swagnemite","|-supereffective|p1a: Swagnemite","|-damage|p1a: Swagnemite|0 fnt","|-damage|p2a: Ludicolo|26/301|[from] item: Life Orb","|faint|p1a: Swagnemite","|","|","|switch|p1a: F@#$ Zapdos|Thundurus, M|299/299","|turn|20","|","|move|p1a: F@#$ Zapdos|Thunderbolt|p2a: Ludicolo","|-damage|p2a: Ludicolo|0 fnt","|-damage|p1a: F@#$ Zapdos|270/299|[from] item: Life Orb","|faint|p2a: Ludicolo","|","|","|switch|p2a: Politoed|Politoed, M|252/384","|-weather|RainDance","|turn|21","|","|move|p1a: F@#$ Zapdos|Thunderbolt|p2a: Politoed","|-supereffective|p2a: Politoed","|-damage|p2a: Politoed|0 fnt","|-damage|p1a: F@#$ Zapdos|241/299|[from] item: Life Orb","|faint|p2a: Politoed","|","|-weather|RainDance|[upkeep]","|","|switch|p2a: Rotom-Wash|Rotom-Wash|304/304","|turn|22","|","|move|p1a: F@#$ Zapdos|Thunderbolt|p2a: Rotom-Wash","|-damage|p2a: Rotom-Wash|125/304","|-damage|p1a: F@#$ Zapdos|212/299|[from] item: Life Orb","|move|p2a: Rotom-Wash|Hydro Pump|p1a: F@#$ Zapdos","|-damage|p1a: F@#$ Zapdos|0 fnt","|faint|p1a: F@#$ Zapdos","|","|-weather|RainDance|[upkeep]","|-heal|p2a: Rotom-Wash|144/304|[from] item: Leftovers","|","|switch|p1a: Electivire|Electivire, M, shiny|259/291","|turn|23","|","|move|p1a: Electivire|Wild Charge|p2a: Rotom-Wash","|-damage|p2a: Rotom-Wash|45/304","|-damage|p1a: Electivire|234/291|[from] recoil|[of] p2a: Rotom-Wash","|move|p2a: Rotom-Wash|Will-O-Wisp|p1a: Electivire","|-status|p1a: Electivire|brn","|","|-weather|RainDance|[upkeep]","|-heal|p2a: Rotom-Wash|64/304|[from] item: Leftovers","|-damage|p1a: Electivire|198/291 brn|[from] brn","|turn|24","|","|move|p1a: Electivire|Wild Charge|p2a: Rotom-Wash","|-damage|p2a: Rotom-Wash|7/304","|-damage|p1a: Electivire|184/291 brn|[from] recoil|[of] p2a: Rotom-Wash","|move|p2a: Rotom-Wash|Pain Split|p1a: Electivire","|-sethp|p1a: Electivire|95/291 brn|p2a: Rotom-Wash|95/304|[from] move: Pain Split","|","|-weather|RainDance|[upkeep]","|-heal|p2a: Rotom-Wash|114/304|[from] item: Leftovers","|-damage|p1a: Electivire|59/291 brn|[from] brn","|turn|25","|","|win|Sovereign♕Dooms"],"p1rating":{"entryid":"6558237","serverid":"eos","formatid":"monotype","userid":"alliancevolkner","username":"Alliance - Volkner","w":"7","l":5,"t":"0","gxe":52.7,"r":1539.3900090034,"rd":93.386945771779,"sigma":"0","rptime":1438765200,"rpr":1521.0009245482,"rprd":90.553941518344,"rpsigma":"0","acre":1056.249524811,"lacre":1056.249524811,"oldacre":"1076.2828547204"},"p2rating":{"entryid":"7390241","serverid":"eos","formatid":"monotype","userid":"sovereigndooms","username":"Sovereign♕Dooms","w":7,"l":"4","t":"0","gxe":58.4,"r":"1606.9124600106","rd":"98.975518015657","sigma":"0","rptime":"1438765200","rpr":1565.3914437686,"rprd":85.120046112261,"rpsigma":"0","acre":1122.6242443686,"lacre":1122.6242443686,"oldacre":"1099.1476841843"},"endType":"forfeit"}