{"seed":[13030,7923,11588,2917],"turns":29,"p1":"Iv Jackker","p2":"DJ Biggie","p1team":[{"name":"Tyranitar","species":"Tyranitar","item":"assaultvest","ability":"Sand Stream","moves":["fireblast","icebeam","stoneedge","pursuit"],"nature":"Modest","evs":{"hp":252,"atk":0,"def":0,"spa":160,"spd":96,"spe":0},"ivs":{"hp":31,"atk":31,"def":31,"spa":31,"spd":31,"spe":31}},{"name":"Aggron","species":"Aggron","item":"aggronite","ability":"Sturdy","moves":["thunderwave","heavyslam","firepunch","earthquake"],"nature":"Impish","evs":{"hp":252,"atk":0,"def":220,"spa":0,"spd":36,"spe":0},"ivs":{"hp":31,"atk":31,"def":31,"spa":31,"spd":31,"spe":31}},{"name":"Terrakion","species":"Terrakion","item":"choicescarf","ability":"Justified","moves":["closecombat","earthquake","zenheadbutt","stoneedge"],"nature":"Adamant","evs":{"hp":0,"atk":252,"def":0,"spa":0,"spd":0,"spe":252},"ivs":{"hp":31,"atk":31,"def":31,"spa":31,"spd":31,"spe":31}},{"name":"Aerodactyl","species":"Aerodactyl","item":"lumberry","ability":"Rock Head","moves":["earthquake","stoneedge","taunt","defog"],"nature":"Adamant","evs":{"hp":0,"atk":252,"def":0,"spa":0,"spd":0,"spe":252},"ivs":{"hp":31,"atk":31,"def":31,"spa":31,"spd":31,"spe":31}},{"name":"Cradily","species":"Cradily","item":"leftovers","ability":"Storm Drain","moves":["gigadrain","hiddenpowerfire","toxic","recover"],"nature":"Calm","evs":{"hp":252,"atk":0,"def":0,"spa":4,"spd":252,"spe":0},"ivs":{"hp":31,"atk":30,"def":31,"spa":30,"spd":31,"spe":30}},{"name":"Omastar","species":"Omastar","item":"focussash","ability":"Weak Armor","moves":["hiddenpowergrass","surf","shellsmash","icebeam"],"nature":"Modest","evs":{"hp":0,"atk":0,"def":0,"spa":252,"spd":0,"spe":252},"ivs":{"hp":31,"atk":30,"def":31,"spa":30,"spd":31,"spe":31}}],"p2team":[{"name":"Faildra","species":"kingdra","item":"scopelens","ability":"Sniper","moves":["focusenergy","dracometeor","surf","agility"],"nature":"Modest","evs":{"hp":0,"atk":0,"def":4,"spa":252,"spd":0,"spe":252},"ivs":{"hp":31,"atk":31,"def":31,"spa":31,"spd":31,"spe":31}},{"name":"Hen + Tie","species":"tentacruel","item":"blacksludge","ability":"Liquid Ooze","moves":["scald","rapidspin","acidspray","knockoff"],"nature":"Timid","evs":{"hp":248,"atk":0,"def":216,"spa":0,"spd":28,"spe":16},"ivs":{"hp":31,"atk":31,"def":31,"spa":31,"spd":31,"spe":31}},{"name":"Kenny (The Bae)","species":"azumarill","item":"assaultvest","ability":"Sap Sipper","moves":["playrough","waterfall","aquajet","knockoff"],"nature":"Adamant","evs":{"hp":240,"atk":252,"def":0,"spa":0,"spd":16,"spe":0},"gender":"F","ivs":{"hp":31,"atk":31,"def":31,"spa":31,"spd":31,"spe":31}},{"name":"Slippy","species":"politoed","item":"choicespecs","ability":"Drizzle","moves":["scald","hydropump","hiddenpowergrass","mudbomb"],"nature":"Modest","evs":{"hp":248,"atk":0,"def":0,"spa":252,"spd":8,"spe":0},"ivs":{"hp":31,"atk":30,"def":31,"spa":30,"spd":31,"spe":31}},{"name":"Samba de Amigo","species":"ludicolo","item":"lifeorb","ability":"Swift Swim","moves":["hydropump","gigadrain","icebeam","focusblast"],"nature":"Modest","evs":{"hp":0,"atk":0,"def":0,"spa":252,"spd":4,"spe":252},"ivs":{"hp":31,"atk":31,"def":31,"spa":31,"spd":31,"spe":31}},{"name":"JUST DO IT!","species":"swampert","item":"swampertite","ability":"Damp","moves":["waterfall","earthquake","icepunch","poweruppunch"],"nature":"Adamant","evs":{"hp":0,"atk":252,"def":4,"spa":0,"spd":0,"spe":252},"ivs":{"hp":31,"atk":31,"def":31,"spa":31,"spd":31,"spe":31}}],"log":["|player|p1|Iv Jackker|196","|player|p2|DJ Biggie|djbiggie.png","|gametype|singles","|gen|6","|tier|Monotype","|rated","|rule|Baton Pass Clause: Limit one Baton Passer, can't pass Spe and other stats simultaneously","|rule|Swagger Clause: Swagger is banned","|rule|Same Type Clause: Pokémon in a team must share a type","|clearpoke","|poke|p1|Tyranitar, M","|poke|p1|Aggron, F","|poke|p1|Terrakion","|poke|p1|Aerodactyl, M","|poke|p1|Cradily, F","|poke|p1|Omastar, F","|poke|p2|Kingdra, M","|poke|p2|Tentacruel, F","|poke|p2|Azumarill, F","|poke|p2|Politoed, F","|poke|p2|Ludicolo, F","|poke|p2|Swampert, F","|rule|Sleep Clause Mod: Limit one foe put to sleep","|rule|Species Clause: Limit one of each Pokémon","|rule|OHKO Clause: OHKO moves are banned","|rule|Moody Clause: Moody is banned","|rule|Evasion Moves Clause: Evasion moves are banned","|rule|Endless Battle Clause: Forcing endless battles is banned","|rule|HP Percentage Mod: HP is shown in percentages","|teampreview","|","|start","|switch|p1a: Tyranitar|Tyranitar, M|404/404","|switch|p2a: Slippy|Politoed, F|383/383","|-weather|RainDance","|-weather|Sandstorm","|turn|1","|","|move|p1a: Tyranitar|Pursuit|p2a: Slippy|[from]Pursuit","|-damage|p2a: Slippy|245/383","|switch|p2a: Samba de Amigo|Ludicolo, F|301/301","|","|-weather|Sandstorm|[upkeep]","|-damage|p2a: Samba de Amigo|283/301|[from] sandstorm","|turn|2","|","|move|p2a: Samba de Amigo|Focus Blast|p1a: Tyranitar","|-supereffective|p1a: Tyranitar","|-damage|p1a: Tyranitar|170/404","|-damage|p2a: Samba de Amigo|253/301|[from] item: Life Orb","|move|p1a: Tyranitar|Stone Edge|p2a: Samba de Amigo","|-crit|p2a: Samba de Amigo","|-damage|p2a: Samba de Amigo|0 fnt","|faint|p2a: Samba de Amigo","|","|-weather|Sandstorm|[upkeep]","|","|switch|p2a: Slippy|Politoed, F|245/383","|-weather|RainDance","|turn|3","|","|switch|p1a: Cradily|Cradily, F|376/376","|move|p2a: Slippy|Scald|p1a: Cradily","|-boost|p1a: Cradily|spa|1|[from] ability: Storm Drain","|","|-weather|RainDance|[upkeep]","|turn|4","|","|switch|p2a: Kenny (The Bae)|Azumarill, F|401/401","|move|p1a: Cradily|Giga Drain|p2a: Kenny (The Bae)","|-boost|p2a: Kenny (The Bae)|atk|1|[from] ability: Sap Sipper","|","|-weather|RainDance|[upkeep]","|turn|5","|","|switch|p1a: Aggron|Aggron, F|344/344","|move|p2a: Kenny (The Bae)|Knock Off|p1a: Aggron","|-damage|p1a: Aggron|312/344","|","|-weather|RainDance|[upkeep]","|turn|6","|","|switch|p2a: Hen + Tie|Tentacruel, F|363/363","|detailschange|p1a: Aggron|Aggron-Mega, F","|-mega|p1a: Aggron|Aggron|Aggronite","|move|p1a: Aggron|Thunder Wave|p2a: Hen + Tie","|-status|p2a: Hen + Tie|par","|","|-weather|RainDance|[upkeep]","|turn|7","|","|switch|p1a: Tyranitar|Tyranitar, M|170/404","|-weather|Sandstorm","|move|p2a: Hen + Tie|Scald|p1a: Tyranitar","|-supereffective|p1a: Tyranitar","|-damage|p1a: Tyranitar|104/404","|-status|p1a: Tyranitar|brn","|","|-weather|Sandstorm|[upkeep]","|-damage|p2a: Hen + Tie|341/363 par|[from] sandstorm","|-heal|p2a: Hen + Tie|363/363 par|[from] item: Black Sludge","|-damage|p1a: Tyranitar|54/404 brn|[from] brn","|turn|8","|","|switch|p1a: Cradily|Cradily, F|376/376","|move|p2a: Hen + Tie|Scald|p1a: Cradily","|-boost|p1a: Cradily|spa|1|[from] ability: Storm Drain","|","|-weather|Sandstorm|[upkeep]","|-damage|p2a: Hen + Tie|341/363 par|[from] sandstorm","|-heal|p2a: Hen + Tie|363/363 par|[from] item: Black Sludge","|turn|9","|","|move|p1a: Cradily|Toxic|p2a: Hen + Tie","|-fail|p2a: Hen + Tie","|cant|p2a: Hen + Tie|par","|","|-weather|Sandstorm|[upkeep]","|-damage|p2a: Hen + Tie|341/363 par|[from] sandstorm","|-heal|p2a: Hen + Tie|363/363 par|[from] item: Black Sludge","|turn|10","|","|switch|p1a: Aggron|Aggron-Mega, F|312/344","|move|p2a: Hen + Tie|Knock Off|p1a: Aggron","|-damage|p1a: Aggron|298/344","|","|-weather|Sandstorm|[upkeep]","|-damage|p2a: Hen + Tie|341/363 par|[from] sandstorm","|-heal|p2a: Hen + Tie|363/363 par|[from] item: Black Sludge","|turn|11","|","|move|p1a: Aggron|Earthquake|p2a: Hen + Tie","|-supereffective|p2a: Hen + Tie","|-damage|p2a: Hen + Tie|125/363 par","|move|p2a: Hen + Tie|Scald|p1a: Aggron","|-damage|p1a: Aggron|214/344","|","|-weather|none","|-heal|p2a: Hen + Tie|147/363 par|[from] item: Black Sludge","|turn|12","|","|move|p1a: Aggron|Earthquake|p2a: Hen + Tie","|-supereffective|p2a: Hen + Tie","|-damage|p2a: Hen + Tie|0 fnt","|faint|p2a: Hen + Tie","|","|","|switch|p2a: Slippy|Politoed, F|245/383","|-weather|RainDance","|turn|13","|","|switch|p1a: Cradily|Cradily, F|376/376","|move|p2a: Slippy|Mud Bomb|p1a: Cradily","|-damage|p1a: Cradily|312/376","|","|-weather|RainDance|[upkeep]","|-heal|p1a: Cradily|335/376|[from] item: Leftovers","|turn|14","|","|switch|p2a: Kenny (The Bae)|Azumarill, F|401/401","|move|p1a: Cradily|Toxic|p2a: Kenny (The Bae)","|-status|p2a: Kenny (The Bae)|tox","|","|-weather|RainDance|[upkeep]","|-heal|p1a: Cradily|358/376|[from] item: Leftovers","|-damage|p2a: Kenny (The Bae)|376/401 tox|[from] psn","|turn|15","|","|switch|p1a: Aggron|Aggron-Mega, F|214/344","|move|p2a: Kenny (The Bae)|Knock Off|p1a: Aggron","|-damage|p1a: Aggron|196/344","|","|-weather|RainDance|[upkeep]","|-damage|p2a: Kenny (The Bae)|326/401 tox|[from] psn","|turn|16","|","|switch|p2a: Faildra|Kingdra, M|291/291","|move|p1a: Aggron|Earthquake|p2a: Faildra","|-damage|p2a: Faildra|189/291","|","|-weather|RainDance|[upkeep]","|turn|17","|","|switch|p1a: Cradily|Cradily, F|358/376","|move|p2a: Faildra|Focus Energy|p2a: Faildra","|-start|p2a: Faildra|move: Focus Energy","|","|-weather|none","|-heal|p1a: Cradily|376/376|[from] item: Leftovers","|turn|18","|","|move|p2a: Faildra|Draco Meteor|p1a: Cradily","|-crit|p1a: Cradily","|-damage|p1a: Cradily|37/376","|-unboost|p2a: Faildra|spa|2","|move|p1a: Cradily|Giga Drain|p2a: Faildra","|-damage|p2a: Faildra|107/291","|-heal|p1a: Cradily|78/376|[from] drain|[of] p2a: Faildra","|","|-heal|p1a: Cradily|101/376|[from] item: Leftovers","|turn|19","|","|move|p2a: Faildra|Draco Meteor|p1a: Cradily","|-crit|p1a: Cradily","|-damage|p1a: Cradily|0 fnt","|-unboost|p2a: Faildra|spa|2","|faint|p1a: Cradily","|","|","|switch|p1a: Aerodactyl|Aerodactyl, M|301/301","|turn|20","|","|move|p1a: Aerodactyl|Earthquake|p2a: Faildra","|-damage|p2a: Faildra|0 fnt","|faint|p2a: Faildra","|","|","|switch|p2a: Slippy|Politoed, F|245/383","|-weather|RainDance","|turn|21","|","|move|p1a: Aerodactyl|Earthquake|p2a: Slippy","|-damage|p2a: Slippy|106/383","|move|p2a: Slippy|Scald|p1a: Aerodactyl","|-supereffective|p1a: Aerodactyl","|-damage|p1a: Aerodactyl|0 fnt","|faint|p1a: Aerodactyl","|","|-weather|RainDance|[upkeep]","|","|switch|p1a: Terrakion|Terrakion|323/323","|turn|22","|","|move|p1a: Terrakion|Earthquake|p2a: Slippy","|-damage|p2a: Slippy|0 fnt","|faint|p2a: Slippy","|","|-weather|RainDance|[upkeep]","|","|switch|p2a: JUST DO IT!|Swampert, F|341/341","|turn|23","|","|switch|p1a: Tyranitar|Tyranitar, M|54/404 brn","|-weather|Sandstorm","|detailschange|p2a: JUST DO IT!|Swampert-Mega, F","|-mega|p2a: JUST DO IT!|Swampert|Swampertite","|move|p2a: JUST DO IT!|Waterfall|p1a: Tyranitar","|-supereffective|p1a: Tyranitar","|-damage|p1a: Tyranitar|0 fnt","|faint|p1a: Tyranitar","|","|-weather|Sandstorm|[upkeep]","|","|switch|p1a: Terrakion|Terrakion|323/323","|turn|24","|","|move|p1a: Terrakion|Close Combat|p2a: JUST DO IT!","|-damage|p2a: JUST DO IT!|119/341","|-unboost|p1a: Terrakion|def|1","|-unboost|p1a: Terrakion|spd|1","|move|p2a: JUST DO IT!|Earthquake|p1a: Terrakion","|-supereffective|p1a: Terrakion","|-damage|p1a: Terrakion|0 fnt","|faint|p1a: Terrakion","|","|-weather|Sandstorm|[upkeep]","|","|switch|p1a: Aggron|Aggron-Mega, F|196/344","|turn|25","|","|move|p2a: JUST DO IT!|Earthquake|p1a: Aggron","|-supereffective|p1a: Aggron","|-damage|p1a: Aggron|69/344","|move|p1a: Aggron|Earthquake|p2a: JUST DO IT!","|-damage|p2a: JUST DO IT!|17/341","|","|-weather|Sandstorm|[upkeep]","|turn|26","|","|move|p2a: JUST DO IT!|Earthquake|p1a: Aggron","|-supereffective|p1a: Aggron","|-damage|p1a: Aggron|0 fnt","|faint|p1a: Aggron","|","|-weather|Sandstorm|[upkeep]","|","|switch|p1a: Omastar|Omastar, F|281/281","|turn|27","|","|move|p2a: JUST DO IT!|Earthquake|p1a: Omastar","|-supereffective|p1a: Omastar","|-enditem|p1a: Omastar|Focus Sash","|-damage|p1a: Omastar|1/281","|-unboost|p1a: Omastar|def|1|[from] ability: Weak Armor","|-boost|p1a: Omastar|spe|1|[from] ability: Weak Armor","|move|p1a: Omastar|Shell Smash|p1a: Omastar","|-unboost|p1a: Omastar|def|1","|-unboost|p1a: Omastar|spd|1","|-boost|p1a: Omastar|atk|2","|-boost|p1a: Omastar|spa|2","|-boost|p1a: Omastar|spe|2","|","|-weather|none","|turn|28","|","|move|p1a: Omastar|Surf|p2a: JUST DO IT!","|-damage|p2a: JUST DO IT!|0 fnt","|faint|p2a: JUST DO IT!","|","|","|switch|p2a: Kenny (The Bae)|Azumarill, F|326/401 tox","|turn|29","|","|move|p2a: Kenny (The Bae)|Aqua Jet|p1a: Omastar","|-damage|p1a: Omastar|0 fnt","|faint|p1a: Omastar","|","|win|DJ Biggie"],"p1rating":{"entryid":7428832,"formatid":"monotype","userid":"ivjackker","username":"Iv Jackker","r":1500,"rd":130,"sigma":0,"rpr":1460.1235563354,"rprd":122.04728022191,"rpsigma":0,"rptime":1438765200,"w":0,"l":1,"t":0,"gxe":45,"acre":1000,"lacre":1000,"oldacre":1000},"p2rating":{"entryid":"7236327","serverid":"eos","formatid":"monotype","userid":"djbiggie","username":"DJ Biggie","w":22,"l":"18","t":"0","gxe":53.2,"r":"1518.6337044183","rd":"61.02654891062","sigma":"0","rptime":"1438765200","rpr":1524.4614073745,"rprd":53.361094864874,"rpsigma":"0","acre":1116.1817740138,"lacre":1116.1817740138,"oldacre":"1097.7992720312"},"endType":"normal"}