{"seed":[43451,13569,35764,59899],"turns":32,"p1":"WildAlt","p2":"DSV","p1team":[{"name":"Eggsalad","species":"chansey","item":"eviolite","ability":"Natural Cure","moves":["healbell","softboiled","wish","seismictoss"],"nature":"Bold","evs":{"hp":248,"atk":0,"def":252,"spa":0,"spd":8,"spe":0},"ivs":{"hp":31,"atk":0,"def":31,"spa":31,"spd":31,"spe":31}},{"name":"Donald","species":"porygon2","item":"eviolite","ability":"Trace","moves":["foulplay","icebeam","recover","toxic"],"nature":"Bold","evs":{"hp":248,"atk":0,"def":252,"spa":8,"spd":0,"spe":0},"ivs":{"hp":31,"atk":0,"def":31,"spa":31,"spd":31,"spe":31}},{"name":"Fists of Fury","species":"diggersby","item":"choiceband","ability":"Huge Power","moves":["earthquake","frustration","knockoff","quickattack"],"nature":"Adamant","evs":{"hp":248,"atk":252,"def":0,"spa":0,"spd":0,"spe":8},"gender":"M","shiny":true,"happiness":0,"ivs":{"hp":31,"atk":31,"def":31,"spa":31,"spd":31,"spe":31}},{"name":"Stallraptor","species":"staraptor","item":"leftovers","ability":"Intimidate","moves":["bravebird","defog","featherdance","roost"],"nature":"Impish","evs":{"hp":248,"atk":8,"def":252,"spa":0,"spd":0,"spe":0},"gender":"M","shiny":true,"ivs":{"hp":31,"atk":31,"def":31,"spa":31,"spd":31,"spe":31}},{"name":"Goku","species":"pidgeot","item":"pidgeotite","ability":"Keen Eye","moves":["heatwave","hurricane","uturn","roost"],"nature":"Timid","evs":{"hp":0,"atk":0,"def":4,"spa":252,"spd":0,"spe":252},"ivs":{"hp":31,"atk":31,"def":31,"spa":31,"spd":31,"spe":31}},{"name":"Fresh Weave","species":"meloetta","item":"choicespecs","ability":"Serene Grace","moves":["hypervoice","psyshock","dazzlinggleam","shadowball"],"nature":"Modest","evs":{"hp":248,"atk":0,"def":0,"spa":252,"spd":8,"spe":0},"ivs":{"hp":31,"atk":0,"def":31,"spa":31,"spd":31,"spe":31}}],"p2team":[{"name":"Roserade","species":"Roserade","item":"choicescarf","ability":"Technician","moves":["hiddenpowerrock","gigadrain","sludgebomb","shadowball"],"nature":"Modest","evs":{"hp":0,"atk":0,"def":0,"spa":252,"spd":4,"spe":252},"ivs":{"hp":31,"atk":31,"def":30,"spa":31,"spd":30,"spe":30}},{"name":"Ferrothorn","species":"Ferrothorn","item":"leftovers","ability":"Iron Barbs","moves":["spikes","leechseed","gyroball","protect"],"nature":"Relaxed","evs":{"hp":252,"atk":4,"def":252,"spa":0,"spd":0,"spe":0},"ivs":{"hp":31,"atk":31,"def":31,"spa":31,"spd":31,"spe":0}},{"name":"Cradily","species":"Cradily","item":"leftovers","ability":"Suction Cups","moves":["toxic","stealthrock","gigadrain","recover"],"nature":"Calm","evs":{"hp":252,"atk":0,"def":0,"spa":4,"spd":252,"spe":0},"ivs":{"hp":31,"atk":31,"def":31,"spa":31,"spd":31,"spe":31}},{"name":"Sceptile","species":"Sceptile","item":"sceptilite","ability":"Overgrow","moves":["dragonpulse","hiddenpowerfire","leafstorm","earthquake"],"nature":"Hasty","evs":{"hp":0,"atk":4,"def":0,"spa":252,"spd":0,"spe":252},"ivs":{"hp":31,"atk":30,"def":31,"spa":30,"spd":31,"spe":30}},{"name":"Breloom","species":"Breloom","item":"focussash","ability":"Technician","moves":["spore","rocktomb","machpunch","swordsdance"],"nature":"Jolly","evs":{"hp":0,"atk":252,"def":0,"spa":0,"spd":4,"spe":252},"ivs":{"hp":31,"atk":31,"def":31,"spa":31,"spd":31,"spe":31}},{"name":"Amoonguss","species":"Amoonguss","item":"blacksludge","ability":"Regenerator","moves":["sludgebomb","spore","stunspore","gigadrain"],"nature":"Calm","evs":{"hp":248,"atk":0,"def":200,"spa":0,"spd":60,"spe":0},"ivs":{"hp":31,"atk":31,"def":31,"spa":31,"spd":31,"spe":31}}],"log":["|player|p1|WildAlt|34","|player|p2|DSV|159","|gametype|singles","|gen|6","|tier|Monotype","|rated","|rule|Baton Pass Clause: Limit one Baton Passer, can't pass Spe and other stats simultaneously","|rule|Swagger Clause: Swagger is banned","|rule|Same Type Clause: Pokémon in a team must share a type","|clearpoke","|poke|p1|Chansey, F","|poke|p1|Porygon2","|poke|p1|Diggersby, M, shiny","|poke|p1|Staraptor, M, shiny","|poke|p1|Pidgeot, M","|poke|p1|Meloetta","|poke|p2|Roserade, M","|poke|p2|Ferrothorn, M","|poke|p2|Cradily, M","|poke|p2|Sceptile, M","|poke|p2|Breloom, M","|poke|p2|Amoonguss, F","|rule|Sleep Clause Mod: Limit one foe put to sleep","|rule|Species Clause: Limit one of each Pokémon","|rule|OHKO Clause: OHKO moves are banned","|rule|Moody Clause: Moody is banned","|rule|Evasion Moves Clause: Evasion moves are banned","|rule|Endless Battle Clause: Forcing endless battles is banned","|rule|HP Percentage Mod: HP is shown in percentages","|teampreview","|","|start","|switch|p1a: Goku|Pidgeot, M|307/307","|switch|p2a: Ferrothorn|Ferrothorn, M|352/352","|turn|1","|","|switch|p2a: Cradily|Cradily, M|376/376","|detailschange|p1a: Goku|Pidgeot-Mega, M","|-mega|p1a: Goku|Pidgeot|Pidgeotite","|move|p1a: Goku|Heat Wave|p2a: Cradily","|-damage|p2a: Cradily|302/376","|","|-heal|p2a: Cradily|325/376|[from] item: Leftovers","|turn|2","|","|move|p1a: Goku|U-turn|p2a: Cradily","|-supereffective|p2a: Cradily","|-damage|p2a: Cradily|239/376","|","|switch|p1a: Fists of Fury|Diggersby, M, shiny|373/373","|move|p2a: Cradily|Stealth Rock|p1a: Fists of Fury","|-sidestart|p1: WildAlt|move: Stealth Rock","|","|-heal|p2a: Cradily|262/376|[from] item: Leftovers","|turn|3","|","|switch|p2a: Amoonguss|Amoonguss, F|431/431","|move|p1a: Fists of Fury|Earthquake|p2a: Amoonguss","|-damage|p2a: Amoonguss|41/431","|","|-heal|p2a: Amoonguss|67/431|[from] item: Black Sludge","|turn|4","|","|switch|p2a: Cradily|Cradily, M|262/376","|move|p1a: Fists of Fury|Earthquake|p2a: Cradily","|-crit|p2a: Cradily","|-damage|p2a: Cradily|0 fnt","|faint|p2a: Cradily","|","|","|switch|p2a: Breloom|Breloom, M|261/261","|turn|5","|","|switch|p1a: Stallraptor|Staraptor, M, shiny|373/373","|-damage|p1a: Stallraptor|280/373|[from] Stealth Rock","|-ability|p1a: Stallraptor|Intimidate","|-unboost|p2a: Breloom|atk|1","|move|p2a: Breloom|Spore|p1a: Stallraptor","|-status|p1a: Stallraptor|slp","|","|-heal|p1a: Stallraptor|303/373 slp|[from] item: Leftovers","|turn|6","|","|switch|p1a: Goku|Pidgeot-Mega, M|307/307","|-damage|p1a: Goku|231/307|[from] Stealth Rock","|move|p2a: Breloom|Swords Dance|p2a: Breloom","|-boost|p2a: Breloom|atk|2","|","|turn|7","|","|move|p2a: Breloom|Mach Punch|p1a: Goku","|-damage|p1a: Goku|30/307","|move|p1a: Goku|Hurricane|p2a: Breloom","|-crit|p2a: Breloom","|-supereffective|p2a: Breloom","|-enditem|p2a: Breloom|Focus Sash","|-damage|p2a: Breloom|1/261","|","|turn|8","|","|move|p2a: Breloom|Mach Punch|p1a: Goku","|-damage|p1a: Goku|0 fnt","|faint|p1a: Goku","|","|","|switch|p1a: Donald|Porygon2|373/373","|-damage|p1a: Donald|327/373|[from] Stealth Rock","|-ability|p1a: Donald|Technician|[from] ability: Trace|[of] p2a: Breloom","|turn|9","|","|switch|p2a: Ferrothorn|Ferrothorn, M|352/352","|move|p1a: Donald|Ice Beam|p2a: Ferrothorn","|-damage|p2a: Ferrothorn|288/352","|","|-heal|p2a: Ferrothorn|310/352|[from] item: Leftovers","|turn|10","|","|switch|p1a: Stallraptor|Staraptor, M, shiny|303/373 slp","|-damage|p1a: Stallraptor|210/373 slp|[from] Stealth Rock","|-ability|p1a: Stallraptor|Intimidate","|-unboost|p2a: Ferrothorn|atk|1","|move|p2a: Ferrothorn|Leech Seed|p1a: Stallraptor","|-start|p1a: Stallraptor|move: Leech Seed","|","|-heal|p1a: Stallraptor|233/373 slp|[from] item: Leftovers","|-heal|p2a: Ferrothorn|332/352|[from] item: Leftovers","|-damage|p1a: Stallraptor|187/373 slp|[from] Leech Seed|[of] p2a: Ferrothorn","|-heal|p2a: Ferrothorn|352/352|[silent]","|turn|11","|","|switch|p2a: Breloom|Breloom, M|1/261","|cant|p1a: Stallraptor|slp","|","|-heal|p1a: Stallraptor|210/373 slp|[from] item: Leftovers","|-damage|p1a: Stallraptor|164/373 slp|[from] Leech Seed|[of] p2a: Breloom","|-heal|p2a: Breloom|47/261|[silent]","|turn|12","|","|move|p2a: Breloom|Rock Tomb|p1a: Stallraptor","|-supereffective|p1a: Stallraptor","|-damage|p1a: Stallraptor|0 fnt","|faint|p1a: Stallraptor","|","|","|switch|p1a: Donald|Porygon2|327/373","|-damage|p1a: Donald|281/373|[from] Stealth Rock","|-ability|p1a: Donald|Technician|[from] ability: Trace|[of] p2a: Breloom","|turn|13","|","|move|p2a: Breloom|Spore|p1a: Donald","|-status|p1a: Donald|slp","|cant|p1a: Donald|slp","|","|turn|14","|","|move|p2a: Breloom|Rock Tomb|p1a: Donald","|-damage|p1a: Donald|223/373 slp","|-unboost|p1a: Donald|spe|1","|-curestatus|p1a: Donald|slp","|move|p1a: Donald|Ice Beam|p2a: Breloom","|-supereffective|p2a: Breloom","|-damage|p2a: Breloom|0 fnt","|faint|p2a: Breloom","|","|","|switch|p2a: Ferrothorn|Ferrothorn, M|352/352","|turn|15","|","|move|p1a: Donald|Recover|p1a: Donald","|-heal|p1a: Donald|373/373","|move|p2a: Ferrothorn|Leech Seed|p1a: Donald","|-start|p1a: Donald|move: Leech Seed","|","|-damage|p1a: Donald|327/373|[from] Leech Seed|[of] p2a: Ferrothorn","|turn|16","|","|switch|p1a: Eggsalad|Chansey, F|703/703","|-damage|p1a: Eggsalad|616/703|[from] Stealth Rock","|move|p2a: Ferrothorn|Spikes|p1a: Eggsalad","|-sidestart|p1: WildAlt|Spikes","|","|turn|17","|","|switch|p1a: Fists of Fury|Diggersby, M, shiny|373/373","|-damage|p1a: Fists of Fury|327/373|[from] Spikes","|-damage|p1a: Fists of Fury|304/373|[from] Stealth Rock","|move|p2a: Ferrothorn|Leech Seed|p1a: Fists of Fury","|-start|p1a: Fists of Fury|move: Leech Seed","|","|-damage|p1a: Fists of Fury|258/373|[from] Leech Seed|[of] p2a: Ferrothorn","|turn|18","|","|move|p2a: Ferrothorn|Protect|p2a: Ferrothorn","|-singleturn|p2a: Ferrothorn|Protect","|move|p1a: Fists of Fury|Earthquake|p2a: Ferrothorn","|-activate|p2a: Ferrothorn|Protect","|","|-damage|p1a: Fists of Fury|212/373|[from] Leech Seed|[of] p2a: Ferrothorn","|turn|19","|","|move|p1a: Fists of Fury|Earthquake|p2a: Ferrothorn","|-damage|p2a: Ferrothorn|159/352","|move|p2a: Ferrothorn|Gyro Ball|p1a: Fists of Fury","|-damage|p1a: Fists of Fury|41/373","|","|-heal|p2a: Ferrothorn|181/352|[from] item: Leftovers","|-damage|p1a: Fists of Fury|0 fnt|[from] Leech Seed|[of] p2a: Ferrothorn","|-heal|p2a: Ferrothorn|222/352|[silent]","|faint|p1a: Fists of Fury","|","|switch|p1a: Fresh Weave|Meloetta|403/403","|-damage|p1a: Fresh Weave|353/403|[from] Stealth Rock","|-damage|p1a: Fresh Weave|303/403|[from] Spikes","|turn|20","|","|move|p1a: Fresh Weave|Shadow Ball|p2a: Ferrothorn","|-damage|p2a: Ferrothorn|83/352","|-unboost|p2a: Ferrothorn|spd|1","|move|p2a: Ferrothorn|Leech Seed|p1a: Fresh Weave","|-start|p1a: Fresh Weave|move: Leech Seed","|","|-heal|p2a: Ferrothorn|105/352|[from] item: Leftovers","|-damage|p1a: Fresh Weave|253/403|[from] Leech Seed|[of] p2a: Ferrothorn","|-heal|p2a: Ferrothorn|155/352|[silent]","|turn|21","|","|switch|p2a: Amoonguss|Amoonguss, F|210/431","|move|p1a: Fresh Weave|Shadow Ball|p2a: Amoonguss","|-damage|p2a: Amoonguss|43/431","|","|-heal|p2a: Amoonguss|69/431|[from] item: Black Sludge","|-damage|p1a: Fresh Weave|203/403|[from] Leech Seed|[of] p2a: Amoonguss","|-heal|p2a: Amoonguss|119/431|[silent]","|turn|22","|","|switch|p2a: Roserade|Roserade, M|261/261","|move|p1a: Fresh Weave|Shadow Ball|p2a: Roserade","|-crit|p2a: Roserade","|-damage|p2a: Roserade|49/261","|-unboost|p2a: Roserade|spd|1","|","|-damage|p1a: Fresh Weave|153/403|[from] Leech Seed|[of] p2a: Roserade","|-heal|p2a: Roserade|99/261|[silent]","|turn|23","|","|switch|p1a: Eggsalad|Chansey, F|616/703","|-damage|p1a: Eggsalad|529/703|[from] Stealth Rock","|-damage|p1a: Eggsalad|442/703|[from] Spikes","|move|p2a: Roserade|Sludge Bomb|p1a: Eggsalad","|-damage|p1a: Eggsalad|336/703","|","|turn|24","|","|switch|p2a: Amoonguss|Amoonguss, F|262/431","|move|p1a: Eggsalad|Wish|p1a: Eggsalad","|","|-heal|p2a: Amoonguss|288/431|[from] item: Black Sludge","|turn|25","|","|switch|p1a: Fresh Weave|Meloetta|153/403","|-damage|p1a: Fresh Weave|103/403|[from] Spikes","|-damage|p1a: Fresh Weave|53/403|[from] Stealth Rock","|move|p2a: Amoonguss|Spore|p1a: Fresh Weave","|-status|p1a: Fresh Weave|slp","|","|-heal|p1a: Fresh Weave|403/403 slp|[from] move: Wish|[wisher] Eggsalad","|-heal|p2a: Amoonguss|314/431|[from] item: Black Sludge","|turn|26","|","|switch|p1a: Eggsalad|Chansey, F|336/703","|-damage|p1a: Eggsalad|249/703|[from] Stealth Rock","|-damage|p1a: Eggsalad|162/703|[from] Spikes","|switch|p2a: Ferrothorn|Ferrothorn, M|155/352","|","|-heal|p2a: Ferrothorn|177/352|[from] item: Leftovers","|turn|27","|","|move|p1a: Eggsalad|Soft-Boiled|p1a: Eggsalad","|-heal|p1a: Eggsalad|514/703","|move|p2a: Ferrothorn|Leech Seed|p1a: Eggsalad","|-start|p1a: Eggsalad|move: Leech Seed","|","|-heal|p2a: Ferrothorn|199/352|[from] item: Leftovers","|-damage|p1a: Eggsalad|427/703|[from] Leech Seed|[of] p2a: Ferrothorn","|-heal|p2a: Ferrothorn|286/352|[silent]","|turn|28","|","|move|p1a: Eggsalad|Heal Bell|p1a: Eggsalad","|-cureteam|p1a: Eggsalad|[from] move: HealBell","|move|p2a: Ferrothorn|Spikes|p1a: Eggsalad","|-sidestart|p1: WildAlt|Spikes","|","|-heal|p2a: Ferrothorn|308/352|[from] item: Leftovers","|-damage|p1a: Eggsalad|340/703|[from] Leech Seed|[of] p2a: Ferrothorn","|-heal|p2a: Ferrothorn|352/352|[silent]","|turn|29","|","|switch|p1a: Fresh Weave|Meloetta|403/403","|-damage|p1a: Fresh Weave|353/403|[from] Stealth Rock","|-damage|p1a: Fresh Weave|286/403|[from] Spikes","|move|p2a: Ferrothorn|Gyro Ball|p1a: Fresh Weave","|-damage|p1a: Fresh Weave|102/403","|","|turn|30","|","|move|p1a: Fresh Weave|Shadow Ball|p2a: Ferrothorn","|-damage|p2a: Ferrothorn|206/352","|-unboost|p2a: Ferrothorn|spd|1","|move|p2a: Ferrothorn|Gyro Ball|p1a: Fresh Weave","|-damage|p1a: Fresh Weave|0 fnt","|faint|p1a: Fresh Weave","|","|-heal|p2a: Ferrothorn|228/352|[from] item: Leftovers","|","|switch|p1a: Donald|Porygon2|327/373","|-damage|p1a: Donald|265/373|[from] Spikes","|-damage|p1a: Donald|219/373|[from] Stealth Rock","|-ability|p1a: Donald|Iron Barbs|[from] ability: Trace|[of] p2a: Ferrothorn","|turn|31","|","|move|p1a: Donald|Ice Beam|p2a: Ferrothorn","|-damage|p2a: Ferrothorn|123/352","|move|p2a: Ferrothorn|Leech Seed|p1a: Donald","|-start|p1a: Donald|move: Leech Seed","|","|-heal|p2a: Ferrothorn|145/352|[from] item: Leftovers","|-damage|p1a: Donald|173/373|[from] Leech Seed|[of] p2a: Ferrothorn","|-heal|p2a: Ferrothorn|191/352|[silent]","|turn|32","|","|win|DSV"],"p1rating":{"entryid":"5790887","serverid":"eos","formatid":"monotype","userid":"wildalt","username":"WildAlt","w":"25","l":21,"t":"0","gxe":56.6,"r":"1558.6797809544","rd":"60.984825672453","sigma":"0","rptime":"1438765200","rpr":1550.6010550946,"rprd":60.140133054688,"rpsigma":"0","acre":1145.0440760472,"lacre":1145.0440760472,"oldacre":"1164.288199016"},"p2rating":{"entryid":"6124841","serverid":"eos","formatid":"monotype","userid":"dsv","username":"DSV","w":28,"l":"14","t":"0","gxe":67,"r":"1633.4601020132","rd":"64.683638939651","sigma":"0","rptime":"1438765200","rpr":1635.6423661853,"rprd":62.033467018142,"rpsigma":"0","acre":1264.9843189742,"lacre":1264.9843189742,"oldacre":"1245.7401960054"},"endType":"forfeit"}