{"seed":[59618,62620,13322,49662],"turns":31,"p1":"Emg Twizz","p2":"Alliance - Mxy","p1team":[{"name":"Magnezone","species":"Magnezone","item":"leftovers","ability":"Sturdy","moves":["flashcannon","thunderbolt","protect","hiddenpowerice"],"nature":"Modest","evs":{"hp":76,"atk":0,"def":180,"spa":252,"spd":0,"spe":0},"ivs":{"hp":31,"atk":30,"def":30,"spa":31,"spd":31,"spe":31}},{"name":"Zapdos","species":"Zapdos","item":"leftovers","ability":"Pressure","moves":["discharge","heatwave","toxic","roost"],"nature":"Bold","evs":{"hp":4,"atk":0,"def":252,"spa":0,"spd":252,"spe":0},"ivs":{"hp":31,"atk":31,"def":31,"spa":31,"spd":31,"spe":31}},{"name":"Ampharos","species":"Ampharos","item":"ampharosite","ability":"Static","moves":["cottonguard","rest","sleeptalk","dragonpulse"],"nature":"Bold","evs":{"hp":0,"atk":0,"def":252,"spa":136,"spd":120,"spe":0},"ivs":{"hp":31,"atk":31,"def":31,"spa":31,"spd":31,"spe":31}},{"name":"Raikou","species":"Raikou","item":"leftovers","ability":"Pressure","moves":["calmmind","substitute","thunderbolt","extrasensory"],"nature":"Timid","evs":{"hp":0,"atk":0,"def":0,"spa":252,"spd":4,"spe":252},"ivs":{"hp":31,"atk":31,"def":31,"spa":31,"spd":31,"spe":31}},{"name":"Rotom-Wash","species":"Rotom-Wash","item":"choicescarf","ability":"Levitate","moves":["voltswitch","hydropump","willowisp","trick"],"nature":"Timid","evs":{"hp":0,"atk":0,"def":0,"spa":252,"spd":4,"spe":252},"ivs":{"hp":31,"atk":31,"def":31,"spa":31,"spd":31,"spe":31}},{"name":"Condom","species":"eelektross","item":"assaultvest","ability":"Levitate","moves":["gigadrain","thunderbolt","drainpunch","knockoff"],"nature":"Quiet","evs":{"hp":3,"atk":136,"def":0,"spa":108,"spd":252,"spe":0},"ivs":{"hp":31,"atk":31,"def":31,"spa":31,"spd":31,"spe":31}}],"p2team":[{"name":"Jirachi","species":"Jirachi","item":"choicescarf","ability":"Serene Grace","moves":["ironhead","playrough","icepunch","healingwish"],"nature":"Adamant","evs":{"hp":0,"atk":252,"def":4,"spa":0,"spd":0,"spe":252},"ivs":{"hp":31,"atk":31,"def":31,"spa":31,"spd":31,"spe":31}},{"name":"Scizor","species":"Scizor","item":"choiceband","ability":"Technician","moves":["uturn","bulletpunch","superpower","bugbite"],"nature":"Adamant","evs":{"hp":168,"atk":180,"def":16,"spa":0,"spd":36,"spe":108},"ivs":{"hp":31,"atk":31,"def":31,"spa":31,"spd":31,"spe":31}},{"name":"Heatran","species":"Heatran","item":"airballoon","ability":"Flash Fire","moves":["fireblast","willowisp","stoneedge","earthpower"],"nature":"Modest","evs":{"hp":0,"atk":0,"def":0,"spa":252,"spd":4,"spe":252},"ivs":{"hp":31,"atk":31,"def":31,"spa":31,"spd":31,"spe":31}},{"name":"Skarmory","species":"Skarmory","item":"custapberry","ability":"Sturdy","moves":["drillpeck","defog","stealthrock","tailwind"],"nature":"Impish","evs":{"hp":248,"atk":0,"def":188,"spa":0,"spd":0,"spe":72},"ivs":{"hp":31,"atk":31,"def":31,"spa":31,"spd":31,"spe":31}},{"name":"Ferrothorn","species":"Ferrothorn","item":"leftovers","ability":"Iron Barbs","moves":["powerwhip","spikes","leechseed","protect"],"nature":"Careful","evs":{"hp":248,"atk":0,"def":108,"spa":0,"spd":152,"spe":0},"ivs":{"hp":31,"atk":31,"def":31,"spa":31,"spd":31,"spe":31}},{"name":"Bisharp","species":"Bisharp","item":"focussash","ability":"Defiant","moves":["knockoff","suckerpunch","ironhead","swordsdance"],"nature":"Adamant","evs":{"hp":0,"atk":252,"def":0,"spa":0,"spd":0,"spe":252},"ivs":{"hp":31,"atk":31,"def":31,"spa":31,"spd":31,"spe":31}}],"log":["|player|p1|Emg Twizz|122","|player|p2|Alliance - Mxy|270","|gametype|singles","|gen|6","|tier|Monotype","|rated","|rule|Baton Pass Clause: Limit one Baton Passer, can't pass Spe and other stats simultaneously","|rule|Swagger Clause: Swagger is banned","|rule|Same Type Clause: Pokémon in a team must share a type","|clearpoke","|poke|p1|Magnezone","|poke|p1|Zapdos","|poke|p1|Ampharos, M","|poke|p1|Raikou","|poke|p1|Rotom-Wash","|poke|p1|Eelektross, M","|poke|p2|Jirachi","|poke|p2|Scizor, F","|poke|p2|Heatran, M","|poke|p2|Skarmory, M","|poke|p2|Ferrothorn, F","|poke|p2|Bisharp, M","|rule|Sleep Clause Mod: Limit one foe put to sleep","|rule|Species Clause: Limit one of each Pokémon","|rule|OHKO Clause: OHKO moves are banned","|rule|Moody Clause: Moody is banned","|rule|Evasion Moves Clause: Evasion moves are banned","|rule|Endless Battle Clause: Forcing endless battles is banned","|rule|HP Percentage Mod: HP is shown in percentages","|teampreview","|","|start","|switch|p1a: Rotom-Wash|Rotom-Wash|241/241","|switch|p2a: Skarmory|Skarmory, M|333/333","|turn|1","|","|switch|p2a: Ferrothorn|Ferrothorn, F|351/351","|move|p1a: Rotom-Wash|Volt Switch|p2a: Ferrothorn","|-resisted|p2a: Ferrothorn","|-damage|p2a: Ferrothorn|314/351","|","|switch|p1a: Zapdos|Zapdos|322/322","|-ability|p1a: Zapdos|Pressure","|","|-heal|p2a: Ferrothorn|335/351|[from] item: Leftovers","|turn|2","|","|move|p2a: Ferrothorn|Protect|p2a: Ferrothorn","|-singleturn|p2a: Ferrothorn|Protect","|move|p1a: Zapdos|Discharge|p2a: Ferrothorn","|-activate|p2a: Ferrothorn|Protect","|","|-heal|p2a: Ferrothorn|351/351|[from] item: Leftovers","|turn|3","|","|move|p1a: Zapdos|Heat Wave|p2a: Ferrothorn","|-supereffective|p2a: Ferrothorn","|-damage|p2a: Ferrothorn|111/351","|move|p2a: Ferrothorn|Leech Seed|p1a: Zapdos","|-start|p1a: Zapdos|move: Leech Seed","|","|-heal|p2a: Ferrothorn|132/351|[from] item: Leftovers","|-damage|p1a: Zapdos|282/322|[from] Leech Seed|[of] p2a: Ferrothorn","|-heal|p2a: Ferrothorn|172/351|[silent]","|turn|4","|","|switch|p1a: Rotom-Wash|Rotom-Wash|241/241","|switch|p2a: Heatran|Heatran, M|323/323","|-item|p2a: Heatran|Air Balloon","|","|turn|5","|","|switch|p2a: Skarmory|Skarmory, M|333/333","|move|p1a: Rotom-Wash|Trick|p2a: Skarmory","|-activate|p1a: Rotom-Wash|move: Trick|[of] p2a: Skarmory","|-item|p2a: Skarmory|Choice Scarf|[from] move: Trick","|-item|p1a: Rotom-Wash|Custap Berry|[from] move: Trick","|","|turn|6","|","|move|p1a: Rotom-Wash|Will-O-Wisp|p2a: Skarmory","|-status|p2a: Skarmory|brn","|move|p2a: Skarmory|Stealth Rock|p1a: Rotom-Wash","|-sidestart|p1: Emg Twizz|move: Stealth Rock","|","|-damage|p2a: Skarmory|292/333 brn|[from] brn","|turn|7","|","|switch|p2a: Ferrothorn|Ferrothorn, F|172/351","|move|p1a: Rotom-Wash|Volt Switch|p2a: Ferrothorn","|-resisted|p2a: Ferrothorn","|-damage|p2a: Ferrothorn|133/351","|","|switch|p1a: Raikou|Raikou|321/321","|-damage|p1a: Raikou|281/321|[from] Stealth Rock","|-ability|p1a: Raikou|Pressure","|","|-heal|p1a: Raikou|301/321|[from] item: Leftovers","|-heal|p2a: Ferrothorn|154/351|[from] item: Leftovers","|turn|8","|","|move|p1a: Raikou|Substitute|p1a: Raikou","|-start|p1a: Raikou|Substitute","|-damage|p1a: Raikou|221/321","|move|p2a: Ferrothorn|Power Whip|p1a: Raikou","|-end|p1a: Raikou|Substitute","|","|-heal|p1a: Raikou|241/321|[from] item: Leftovers","|-heal|p2a: Ferrothorn|175/351|[from] item: Leftovers","|turn|9","|","|move|p1a: Raikou|Substitute|p1a: Raikou","|-start|p1a: Raikou|Substitute","|-damage|p1a: Raikou|161/321","|move|p2a: Ferrothorn|Power Whip|p1a: Raikou","|-end|p1a: Raikou|Substitute","|","|-heal|p1a: Raikou|181/321|[from] item: Leftovers","|-heal|p2a: Ferrothorn|196/351|[from] item: Leftovers","|turn|10","|","|move|p1a: Raikou|Thunderbolt|p2a: Ferrothorn","|-resisted|p2a: Ferrothorn","|-damage|p2a: Ferrothorn|147/351","|move|p2a: Ferrothorn|Power Whip|p1a: Raikou|[miss]","|-miss|p2a: Ferrothorn|p1a: Raikou","|","|-heal|p1a: Raikou|201/321|[from] item: Leftovers","|-heal|p2a: Ferrothorn|168/351|[from] item: Leftovers","|turn|11","|","|move|p1a: Raikou|Substitute|p1a: Raikou","|-start|p1a: Raikou|Substitute","|-damage|p1a: Raikou|121/321","|move|p2a: Ferrothorn|Power Whip|p1a: Raikou","|-crit|p1a: Raikou","|-end|p1a: Raikou|Substitute","|","|-heal|p1a: Raikou|141/321|[from] item: Leftovers","|-heal|p2a: Ferrothorn|189/351|[from] item: Leftovers","|turn|12","|","|switch|p1a: Zapdos|Zapdos|282/322","|-damage|p1a: Zapdos|202/322|[from] Stealth Rock","|-ability|p1a: Zapdos|Pressure","|move|p2a: Ferrothorn|Power Whip|p1a: Zapdos|[miss]","|-miss|p2a: Ferrothorn|p1a: Zapdos","|","|-heal|p1a: Zapdos|222/322|[from] item: Leftovers","|-heal|p2a: Ferrothorn|210/351|[from] item: Leftovers","|turn|13","|","|move|p2a: Ferrothorn|Protect|p2a: Ferrothorn","|-singleturn|p2a: Ferrothorn|Protect","|move|p1a: Zapdos|Roost|p1a: Zapdos","|-heal|p1a: Zapdos|322/322","|","|-heal|p2a: Ferrothorn|231/351|[from] item: Leftovers","|turn|14","|","|switch|p2a: Bisharp|Bisharp, M|271/271","|move|p1a: Zapdos|Discharge|p2a: Bisharp","|-damage|p2a: Bisharp|108/271","|-status|p2a: Bisharp|par","|","|turn|15","|","|move|p1a: Zapdos|Heat Wave|p2a: Bisharp","|-supereffective|p2a: Bisharp","|-damage|p2a: Bisharp|0 fnt","|faint|p2a: Bisharp","|","|","|switch|p2a: Ferrothorn|Ferrothorn, F|231/351","|turn|16","|","|move|p1a: Zapdos|Heat Wave|p2a: Ferrothorn","|-supereffective|p2a: Ferrothorn","|-damage|p2a: Ferrothorn|0 fnt","|faint|p2a: Ferrothorn","|","|","|switch|p2a: Heatran|Heatran, M|323/323","|-item|p2a: Heatran|Air Balloon","|turn|17","|","|switch|p1a: Rotom-Wash|Rotom-Wash|241/241","|-damage|p1a: Rotom-Wash|211/241|[from] Stealth Rock","|move|p2a: Heatran|Fire Blast|p1a: Rotom-Wash","|-resisted|p1a: Rotom-Wash","|-damage|p1a: Rotom-Wash|115/241","|","|turn|18","|","|switch|p2a: Skarmory|Skarmory, M|292/333 brn","|move|p1a: Rotom-Wash|Hydro Pump|p2a: Skarmory","|-damage|p2a: Skarmory|60/333 brn","|","|-damage|p2a: Skarmory|19/333 brn|[from] brn","|turn|19","|","|move|p1a: Rotom-Wash|Volt Switch|p2a: Skarmory","|-supereffective|p2a: Skarmory","|-damage|p2a: Skarmory|0 fnt","|faint|p2a: Skarmory","|","|switch|p1a: Ampharos|Ampharos, M|321/321","|-damage|p1a: Ampharos|281/321|[from] Stealth Rock","|","|","|switch|p2a: Scizor|Scizor, F|323/323","|turn|20","|","|detailschange|p1a: Ampharos|Ampharos-Mega, M","|-mega|p1a: Ampharos|Ampharos|Ampharosite","|-ability|p1a: Ampharos|Mold Breaker","|move|p2a: Scizor|U-turn|p1a: Ampharos","|-damage|p1a: Ampharos|137/321","|","|switch|p2a: Jirachi|Jirachi|341/341","|move|p1a: Ampharos|Cotton Guard|p1a: Ampharos","|-boost|p1a: Ampharos|def|3","|","|turn|21","|","|move|p2a: Jirachi|Play Rough|p1a: Ampharos","|-crit|p1a: Ampharos","|-supereffective|p1a: Ampharos","|-damage|p1a: Ampharos|0 fnt","|faint|p1a: Ampharos","|","|","|switch|p1a: Rotom-Wash|Rotom-Wash|115/241","|-damage|p1a: Rotom-Wash|85/241|[from] Stealth Rock","|turn|22","|","|switch|p2a: Heatran|Heatran, M|323/323","|-item|p2a: Heatran|Air Balloon","|move|p1a: Rotom-Wash|Hydro Pump|p2a: Heatran","|-supereffective|p2a: Heatran","|-damage|p2a: Heatran|29/323","|-enditem|p2a: Heatran|Air Balloon","|","|turn|23","|","|move|p1a: Rotom-Wash|Volt Switch|p2a: Heatran","|-crit|p2a: Heatran","|-damage|p2a: Heatran|0 fnt","|faint|p2a: Heatran","|","|switch|p1a: Magnezone|Magnezone|300/300","|-damage|p1a: Magnezone|282/300|[from] Stealth Rock","|","|-heal|p1a: Magnezone|300/300|[from] item: Leftovers","|","|switch|p2a: Scizor|Scizor, F|323/323","|turn|24","|","|move|p1a: Magnezone|Protect|p1a: Magnezone","|-singleturn|p1a: Magnezone|Protect","|move|p2a: Scizor|Superpower|p1a: Magnezone","|-activate|p1a: Magnezone|Protect","|","|turn|25","|","|move|p2a: Scizor|Superpower|p1a: Magnezone","|-supereffective|p1a: Magnezone","|-ability|p1a: Magnezone|Sturdy","|-damage|p1a: Magnezone|1/300","|-unboost|p2a: Scizor|atk|1","|-unboost|p2a: Scizor|def|1","|move|p1a: Magnezone|Thunderbolt|p2a: Scizor","|-damage|p2a: Scizor|124/323","|","|-heal|p1a: Magnezone|19/300|[from] item: Leftovers","|turn|26","|","|move|p1a: Magnezone|Protect|p1a: Magnezone","|-singleturn|p1a: Magnezone|Protect","|move|p2a: Scizor|Superpower|p1a: Magnezone","|-activate|p1a: Magnezone|Protect","|","|-heal|p1a: Magnezone|37/300|[from] item: Leftovers","|turn|27","|","|switch|p1a: Zapdos|Zapdos|322/322","|-damage|p1a: Zapdos|242/322|[from] Stealth Rock","|-ability|p1a: Zapdos|Pressure","|move|p2a: Scizor|Superpower|p1a: Zapdos","|-resisted|p1a: Zapdos","|-damage|p1a: Zapdos|185/322","|-unboost|p2a: Scizor|atk|1","|-unboost|p2a: Scizor|def|1","|","|-heal|p1a: Zapdos|205/322|[from] item: Leftovers","|turn|28","|","|switch|p2a: Jirachi|Jirachi|341/341","|move|p1a: Zapdos|Heat Wave|p2a: Jirachi","|-supereffective|p2a: Jirachi","|-damage|p2a: Jirachi|161/341","|","|-heal|p1a: Zapdos|225/322|[from] item: Leftovers","|turn|29","|","|move|p2a: Jirachi|Ice Punch|p1a: Zapdos","|-supereffective|p1a: Zapdos","|-damage|p1a: Zapdos|91/322","|move|p1a: Zapdos|Heat Wave|p2a: Jirachi","|-supereffective|p2a: Jirachi","|-damage|p2a: Jirachi|0 fnt","|faint|p2a: Jirachi","|","|-heal|p1a: Zapdos|111/322|[from] item: Leftovers","|","|switch|p2a: Scizor|Scizor, F|124/323","|turn|30","|","|move|p2a: Scizor|Bullet Punch|p1a: Zapdos","|-resisted|p1a: Zapdos","|-damage|p1a: Zapdos|45/322","|move|p1a: Zapdos|Roost|p1a: Zapdos","|-heal|p1a: Zapdos|206/322","|","|-heal|p1a: Zapdos|226/322|[from] item: Leftovers","|turn|31","|","|move|p2a: Scizor|Bullet Punch|p1a: Zapdos","|-resisted|p1a: Zapdos","|-damage|p1a: Zapdos|153/322","|move|p1a: Zapdos|Heat Wave|p2a: Scizor","|-supereffective|p2a: Scizor","|-damage|p2a: Scizor|0 fnt","|faint|p2a: Scizor","|","|win|Emg Twizz"],"p1rating":{"entryid":"7063522","serverid":"eos","formatid":"monotype","userid":"emgtwizz","username":"Emg Twizz","w":8,"l":"8","t":"0","gxe":51.4,"r":"1503.0391610748","rd":"81.862346636899","sigma":"0","rptime":"1438765200","rpr":1510.6265629826,"rprd":77.939823595901,"rpsigma":"0","acre":1134.1936511711,"lacre":1134.1936511711,"oldacre":"1106.2718415209"},"p2rating":{"entryid":"6690851","serverid":"eos","formatid":"monotype","userid":"alliancemxy","username":"Alliance - Mxy","w":"65","l":36,"t":"0","gxe":63,"r":"1611.0547523621","rd":"38.416411132004","sigma":"0","rptime":"1438765200","rpr":1600.7337402727,"rprd":38.005228754452,"rpsigma":"0","acre":1119.1420673622,"lacre":1119.1420673622,"oldacre":"1147.0638770124"},"endType":"normal"}