{"seed":[6113,35431,2223,63974],"turns":43,"p1":"SWL HB","p2":"TS-E4 G-Man","p1team":[{"name":"Aegislash","species":"Aegislash","item":"leftovers","ability":"Stance Change","moves":["shadowball","kingsshield","sacredsword","shadowsneak"],"nature":"Relaxed","evs":{"hp":248,"atk":8,"def":252,"spa":0,"spd":0,"spe":0},"ivs":{"hp":31,"atk":31,"def":31,"spa":31,"spd":31,"spe":31}},{"name":"Hoopa","species":"Hoopa","item":"lightclay","ability":"Magician","moves":["drainpunch","substitute","thunderpunch","knockoff"],"nature":"Adamant","evs":{"hp":248,"atk":252,"def":0,"spa":0,"spd":8,"spe":0},"ivs":{"hp":31,"atk":31,"def":31,"spa":31,"spd":31,"spe":31}},{"name":"Gengar","species":"Gengar","item":"custapberry","ability":"Levitate","moves":["destinybond","shadowball","endure","sludgebomb"],"nature":"Timid","evs":{"hp":0,"atk":0,"def":0,"spa":252,"spd":4,"spe":252},"ivs":{"hp":31,"atk":31,"def":31,"spa":31,"spd":31,"spe":31}},{"name":"Chandelure","species":"Chandelure","item":"choicescarf","ability":"Flash Fire","moves":["energyball","fireblast","shadowball","hiddenpowerrock"],"nature":"Timid","evs":{"hp":0,"atk":0,"def":0,"spa":252,"spd":4,"spe":252},"ivs":{"hp":31,"atk":31,"def":30,"spa":31,"spd":30,"spe":30}},{"name":"Sableye","species":"Sableye","item":"sablenite","ability":"Prankster","moves":["dazzlinggleam","substitute","willowisp","recover"],"nature":"Calm","evs":{"hp":248,"atk":0,"def":112,"spa":4,"spd":144,"spe":0},"ivs":{"hp":31,"atk":31,"def":31,"spa":31,"spd":31,"spe":31}},{"name":"Jellicent","species":"Jellicent","item":"leftovers","ability":"Water Absorb","moves":["recover","scald","confuseray","willowisp"],"nature":"Bold","evs":{"hp":204,"atk":0,"def":216,"spa":0,"spd":88,"spe":0},"ivs":{"hp":31,"atk":31,"def":31,"spa":31,"spd":31,"spe":31}}],"p2team":[{"name":"Rotom-Wash","species":"Rotom-Wash","item":"lightclay","ability":"Levitate","moves":["reflect","lightscreen","willowisp","voltswitch"],"nature":"Bold","evs":{"hp":248,"atk":0,"def":252,"spa":0,"spd":8,"spe":0},"shiny":true,"ivs":{"hp":31,"atk":31,"def":31,"spa":31,"spd":31,"spe":31}},{"name":"Magnezone","species":"Magnezone","item":"choicescarf","ability":"Sturdy","moves":["thunderbolt","voltswitch","flashcannon","hiddenpowerfire"],"nature":"Timid","evs":{"hp":0,"atk":0,"def":0,"spa":252,"spd":4,"spe":252},"ivs":{"hp":31,"atk":30,"def":31,"spa":30,"spd":31,"spe":30}},{"name":"Manectric","species":"Manectric","item":"manectite","ability":"Lightning Rod","moves":["overheat","thunderbolt","hiddenpowerice","protect"],"nature":"Timid","evs":{"hp":0,"atk":0,"def":0,"spa":252,"spd":4,"spe":252},"ivs":{"hp":31,"atk":30,"def":30,"spa":31,"spd":31,"spe":31}},{"name":"Thundurus","species":"Thundurus","item":"expertbelt","ability":"Prankster","moves":["thunderwave","taunt","wildcharge","knockoff"],"nature":"Jolly","evs":{"hp":0,"atk":252,"def":0,"spa":0,"spd":4,"spe":252},"ivs":{"hp":31,"atk":31,"def":31,"spa":31,"spd":31,"spe":31}},{"name":"Zapdos","species":"Zapdos","item":"sitrusberry","ability":"Pressure","moves":["defog","heatwave","voltswitch","roost"],"nature":"Calm","evs":{"hp":168,"atk":0,"def":88,"spa":0,"spd":252,"spe":0},"ivs":{"hp":31,"atk":31,"def":31,"spa":31,"spd":31,"spe":31}},{"name":"Raikou","species":"Raikou","item":"choicespecs","ability":"Pressure","moves":["voltswitch","hiddenpowergrass","shadowball","extrasensory"],"nature":"Timid","evs":{"hp":0,"atk":0,"def":0,"spa":252,"spd":4,"spe":252},"ivs":{"hp":31,"atk":30,"def":31,"spa":30,"spd":31,"spe":31}}],"log":["|player|p1|SWL HB|swlhb.gif","|player|p2|TS-E4 G-Man|99","|gametype|singles","|gen|6","|tier|Monotype","|rated","|rule|Baton Pass Clause: Limit one Baton Passer, can't pass Spe and other stats simultaneously","|rule|Swagger Clause: Swagger is banned","|rule|Same Type Clause: Pokémon in a team must share a type","|clearpoke","|poke|p1|Aegislash, M","|poke|p1|Hoopa","|poke|p1|Gengar, F","|poke|p1|Chandelure, M","|poke|p1|Sableye, F","|poke|p1|Jellicent, M","|poke|p2|Rotom-Wash, shiny","|poke|p2|Magnezone","|poke|p2|Manectric, M","|poke|p2|Thundurus, M","|poke|p2|Zapdos","|poke|p2|Raikou","|rule|Sleep Clause Mod: Limit one foe put to sleep","|rule|Species Clause: Limit one of each Pokémon","|rule|OHKO Clause: OHKO moves are banned","|rule|Moody Clause: Moody is banned","|rule|Evasion Moves Clause: Evasion moves are banned","|rule|Endless Battle Clause: Forcing endless battles is banned","|rule|HP Percentage Mod: HP is shown in percentages","|teampreview","|","|start","|switch|p1a: Sableye|Sableye, F|303/303","|switch|p2a: Rotom-Wash|Rotom-Wash, shiny|303/303","|turn|1","|","|move|p1a: Sableye|Substitute|p1a: Sableye","|-start|p1a: Sableye|Substitute","|-damage|p1a: Sableye|228/303","|move|p2a: Rotom-Wash|Volt Switch|p1a: Sableye","|-end|p1a: Sableye|Substitute","|","|switch|p2a: Thundurus|Thundurus, M|299/299","|","|turn|2","|","|detailschange|p1a: Sableye|Sableye-Mega, F","|-mega|p1a: Sableye|Sableye|Sablenite","|move|p2a: Thundurus|Taunt|p1a: Sableye","|move|p1a: Sableye|Taunt|p2a: Thundurus|[from]Magic Bounce","|-start|p2a: Thundurus|move: Taunt","|move|p1a: Sableye|Will-O-Wisp|p2a: Thundurus","|-status|p2a: Thundurus|brn","|","|-damage|p2a: Thundurus|262/299 brn|[from] brn","|turn|3","|","|switch|p2a: Magnezone|Magnezone|281/281","|move|p1a: Sableye|Substitute|p1a: Sableye","|-start|p1a: Sableye|Substitute","|-damage|p1a: Sableye|153/303","|","|turn|4","|","|move|p2a: Magnezone|Thunderbolt|p1a: Sableye","|-end|p1a: Sableye|Substitute","|move|p1a: Sableye|Will-O-Wisp|p2a: Magnezone","|-status|p2a: Magnezone|brn","|","|-damage|p2a: Magnezone|246/281 brn|[from] brn","|turn|5","|","|switch|p1a: Hoopa|Hoopa|363/363","|move|p2a: Magnezone|Thunderbolt|p1a: Hoopa","|-damage|p1a: Hoopa|231/363","|-status|p1a: Hoopa|par","|","|-damage|p2a: Magnezone|211/281 brn|[from] brn","|turn|6","|","|move|p2a: Magnezone|Thunderbolt|p1a: Hoopa","|-damage|p1a: Hoopa|105/363 par","|move|p1a: Hoopa|Drain Punch|p2a: Magnezone","|-supereffective|p2a: Magnezone","|-damage|p2a: Magnezone|45/281 brn","|-heal|p1a: Hoopa|188/363 par|[from] drain|[of] p2a: Magnezone","|","|-damage|p2a: Magnezone|10/281 brn|[from] brn","|turn|7","|","|move|p2a: Magnezone|Thunderbolt|p1a: Hoopa","|-damage|p1a: Hoopa|59/363 par","|move|p1a: Hoopa|Drain Punch|p2a: Magnezone","|-supereffective|p2a: Magnezone","|-damage|p2a: Magnezone|0 fnt","|-heal|p1a: Hoopa|64/363 par|[from] drain|[of] p2a: Magnezone","|faint|p2a: Magnezone","|","|","|switch|p2a: Raikou|Raikou|321/321","|-ability|p2a: Raikou|Pressure","|turn|8","|","|move|p2a: Raikou|Volt Switch|p1a: Hoopa","|-damage|p1a: Hoopa|0 fnt","|faint|p1a: Hoopa","|","|switch|p2a: Manectric|Manectric, M|281/281","|","|","|switch|p1a: Chandelure|Chandelure, M|261/261","|turn|9","|","|detailschange|p2a: Manectric|Manectric-Mega, M","|-mega|p2a: Manectric|Manectric|Manectite","|-ability|p2a: Manectric|Intimidate","|-unboost|p1a: Chandelure|atk|1","|move|p2a: Manectric|Protect|p2a: Manectric","|-singleturn|p2a: Manectric|Protect","|move|p1a: Chandelure|Shadow Ball|p2a: Manectric","|-activate|p2a: Manectric|Protect","|","|turn|10","|","|switch|p2a: Thundurus|Thundurus, M|262/299 brn","|move|p1a: Chandelure|Shadow Ball|p2a: Thundurus","|-damage|p2a: Thundurus|75/299 brn","|","|-damage|p2a: Thundurus|38/299 brn|[from] brn","|turn|11","|","|switch|p1a: Sableye|Sableye-Mega, F|153/303","|move|p2a: Thundurus|Knock Off|p1a: Sableye","|-damage|p1a: Sableye|126/303","|","|-damage|p2a: Thundurus|1/299 brn|[from] brn","|turn|12","|","|move|p2a: Thundurus|Knock Off|p1a: Sableye","|-damage|p1a: Sableye|100/303","|move|p1a: Sableye|Recover|p1a: Sableye","|-heal|p1a: Sableye|252/303","|","|-damage|p2a: Thundurus|0 fnt|[from] brn","|faint|p2a: Thundurus","|","|switch|p2a: Rotom-Wash|Rotom-Wash, shiny|303/303","|turn|13","|","|move|p2a: Rotom-Wash|Light Screen|p2a: Rotom-Wash","|-sidestart|p2: TS-E4 G-Man|move: Light Screen","|move|p1a: Sableye|Will-O-Wisp|p2a: Rotom-Wash","|-status|p2a: Rotom-Wash|brn","|","|-damage|p2a: Rotom-Wash|266/303 brn|[from] brn","|turn|14","|","|move|p2a: Rotom-Wash|Reflect|p2a: Rotom-Wash","|-sidestart|p2: TS-E4 G-Man|Reflect","|move|p1a: Sableye|Substitute|p1a: Sableye","|-start|p1a: Sableye|Substitute","|-damage|p1a: Sableye|177/303","|","|-damage|p2a: Rotom-Wash|229/303 brn|[from] brn","|turn|15","|","|move|p2a: Rotom-Wash|Volt Switch|p1a: Sableye","|-activate|p1a: Sableye|Substitute|[damage]","|","|switch|p2a: Raikou|Raikou|321/321","|-ability|p2a: Raikou|Pressure","|move|p1a: Sableye|Dazzling Gleam|p2a: Raikou","|-damage|p2a: Raikou|292/321","|","|turn|16","|","|move|p2a: Raikou|Shadow Ball|p1a: Sableye","|-end|p1a: Sableye|Substitute","|move|p1a: Sableye|Will-O-Wisp|p2a: Raikou","|-status|p2a: Raikou|brn","|","|-damage|p2a: Raikou|252/321 brn|[from] brn","|turn|17","|","|move|p2a: Raikou|Shadow Ball|p1a: Sableye","|-damage|p1a: Sableye|78/303","|move|p1a: Sableye|Recover|p1a: Sableye","|-heal|p1a: Sableye|230/303","|","|-damage|p2a: Raikou|212/321 brn|[from] brn","|turn|18","|","|switch|p1a: Jellicent|Jellicent, M|392/392","|move|p2a: Raikou|Shadow Ball|p1a: Jellicent","|-crit|p1a: Jellicent","|-supereffective|p1a: Jellicent","|-damage|p1a: Jellicent|60/392","|","|-heal|p1a: Jellicent|84/392|[from] item: Leftovers","|-damage|p2a: Raikou|172/321 brn|[from] brn","|turn|19","|","|move|p2a: Raikou|Shadow Ball|p1a: Jellicent","|-supereffective|p1a: Jellicent","|-damage|p1a: Jellicent|0 fnt","|faint|p1a: Jellicent","|","|-damage|p2a: Raikou|132/321 brn|[from] brn","|","|switch|p1a: Aegislash|Aegislash, M|323/323","|turn|20","|","|switch|p2a: Rotom-Wash|Rotom-Wash, shiny|229/303 brn","|move|p1a: Aegislash|King's Shield|p1a: Aegislash","|-fail|p1a: Aegislash","|","|-damage|p2a: Rotom-Wash|192/303 brn|[from] brn","|-sideend|p2: TS-E4 G-Man|move: Light Screen","|turn|21","|","|move|p2a: Rotom-Wash|Light Screen|p2a: Rotom-Wash","|-sidestart|p2: TS-E4 G-Man|move: Light Screen","|-formechange|p1a: Aegislash|Aegislash-Blade","|move|p1a: Aegislash|Shadow Ball|p2a: Rotom-Wash","|-damage|p2a: Rotom-Wash|132/303 brn","|","|-damage|p2a: Rotom-Wash|95/303 brn|[from] brn","|-sideend|p2: TS-E4 G-Man|Reflect","|turn|22","|","|move|p1a: Aegislash|Shadow Sneak|p2a: Rotom-Wash","|-damage|p2a: Rotom-Wash|50/303 brn","|move|p2a: Rotom-Wash|Will-O-Wisp|p1a: Aegislash","|-status|p1a: Aegislash|brn","|","|-damage|p2a: Rotom-Wash|13/303 brn|[from] brn","|-damage|p1a: Aegislash|283/323 brn|[from] brn","|turn|23","|","|move|p1a: Aegislash|Shadow Sneak|p2a: Rotom-Wash","|-damage|p2a: Rotom-Wash|0 fnt","|faint|p2a: Rotom-Wash","|","|-heal|p1a: Aegislash|303/323 brn|[from] item: Leftovers","|-damage|p1a: Aegislash|263/323 brn|[from] brn","|","|switch|p2a: Zapdos|Zapdos|363/363","|-ability|p2a: Zapdos|Pressure","|turn|24","|","|-formechange|p1a: Aegislash|Aegislash","|move|p1a: Aegislash|King's Shield|p1a: Aegislash","|-singleturn|p1a: Aegislash|Protect","|move|p2a: Zapdos|Heat Wave|p1a: Aegislash","|-activate|p1a: Aegislash|Protect","|","|-heal|p1a: Aegislash|283/323 brn|[from] item: Leftovers","|-damage|p1a: Aegislash|243/323 brn|[from] brn","|turn|25","|","|move|p2a: Zapdos|Heat Wave|p1a: Aegislash","|-miss|p2a: Zapdos|p1a: Aegislash","|-formechange|p1a: Aegislash|Aegislash-Blade","|move|p1a: Aegislash|Shadow Ball|p2a: Zapdos","|-damage|p2a: Zapdos|309/363","|-unboost|p2a: Zapdos|spd|1","|","|-heal|p1a: Aegislash|263/323 brn|[from] item: Leftovers","|-damage|p1a: Aegislash|223/323 brn|[from] brn","|turn|26","|","|switch|p1a: Chandelure|Chandelure, M|261/261","|move|p2a: Zapdos|Heat Wave|p1a: Chandelure","|-start|p1a: Chandelure|ability: Flash Fire","|","|turn|27","|","|move|p1a: Chandelure|Fire Blast|p2a: Zapdos","|-damage|p2a: Zapdos|140/363","|-enditem|p2a: Zapdos|Sitrus Berry|[eat]","|-heal|p2a: Zapdos|230/363|[from] item: Sitrus Berry","|move|p2a: Zapdos|Volt Switch|p1a: Chandelure","|-damage|p1a: Chandelure|155/261","|","|switch|p2a: Raikou|Raikou|132/321 brn","|-ability|p2a: Raikou|Pressure","|","|-damage|p2a: Raikou|92/321 brn|[from] brn","|turn|28","|","|move|p1a: Chandelure|Fire Blast|p2a: Raikou","|-damage|p2a: Raikou|0 fnt","|faint|p2a: Raikou","|","|-sideend|p2: TS-E4 G-Man|move: Light Screen","|","|switch|p2a: Manectric|Manectric-Mega, M|281/281","|-ability|p2a: Manectric|Intimidate","|-unboost|p1a: Chandelure|atk|1","|turn|29","|","|move|p1a: Chandelure|Fire Blast|p2a: Manectric|[miss]","|-miss|p1a: Chandelure|p2a: Manectric","|move|p2a: Manectric|Thunderbolt|p1a: Chandelure","|-damage|p1a: Chandelure|0 fnt","|faint|p1a: Chandelure","|","|","|switch|p1a: Gengar|Gengar, F|261/261","|turn|30","|","|move|p2a: Manectric|Thunderbolt|p1a: Gengar","|-damage|p1a: Gengar|68/261","|move|p1a: Gengar|Shadow Ball|p2a: Manectric","|-damage|p2a: Manectric|121/281","|","|turn|31","|","|move|p1a: Gengar|Endure|p1a: Gengar","|-singleturn|p1a: Gengar|move: Endure","|move|p2a: Manectric|Thunderbolt|p1a: Gengar","|-activate|p1a: Gengar|move: Endure","|-damage|p1a: Gengar|1/261","|","|turn|32","|-enditem|p1a: Gengar|Custap Berry|[eat]","|-activate|p1a: Gengar|Custap Berry","|","|move|p1a: Gengar|Destiny Bond|p1a: Gengar","|-singlemove|p1a: Gengar|Destiny Bond","|move|p2a: Manectric|Thunderbolt|p1a: Gengar","|-crit|p1a: Gengar","|-damage|p1a: Gengar|0 fnt","|faint|p1a: Gengar","|-activate|p1a: Gengar|Destiny Bond","|faint|p2a: Manectric","|","|","|switch|p2a: Zapdos|Zapdos|230/363","|switch|p1a: Sableye|Sableye-Mega, F|230/303","|-ability|p2a: Zapdos|Pressure","|turn|33","|","|move|p2a: Zapdos|Volt Switch|p1a: Sableye","|-damage|p1a: Sableye|164/303","|move|p1a: Sableye|Will-O-Wisp|p2a: Zapdos","|-status|p2a: Zapdos|brn","|","|-damage|p2a: Zapdos|185/363 brn|[from] brn","|turn|34","|","|switch|p1a: Aegislash|Aegislash, M|223/323 brn","|move|p2a: Zapdos|Volt Switch|p1a: Aegislash","|-damage|p1a: Aegislash|148/323 brn","|","|-heal|p1a: Aegislash|168/323 brn|[from] item: Leftovers","|-damage|p2a: Zapdos|140/363 brn|[from] brn","|-damage|p1a: Aegislash|128/323 brn|[from] brn","|turn|35","|","|move|p2a: Zapdos|Roost|p2a: Zapdos","|-heal|p2a: Zapdos|322/363 brn","|-formechange|p1a: Aegislash|Aegislash-Blade","|move|p1a: Aegislash|Shadow Ball|p2a: Zapdos","|-damage|p2a: Zapdos|214/363 brn","|","|-heal|p1a: Aegislash|148/323 brn|[from] item: Leftovers","|-damage|p2a: Zapdos|169/363 brn|[from] brn","|-damage|p1a: Aegislash|108/323 brn|[from] brn","|turn|36","|","|move|p2a: Zapdos|Heat Wave|p1a: Aegislash","|-supereffective|p1a: Aegislash","|-damage|p1a: Aegislash|0 fnt","|faint|p1a: Aegislash","|","|-damage|p2a: Zapdos|124/363 brn|[from] brn","|","|switch|p1a: Sableye|Sableye-Mega, F|164/303","|turn|37","|","|move|p2a: Zapdos|Roost|p2a: Zapdos","|-heal|p2a: Zapdos|306/363 brn","|move|p1a: Sableye|Substitute|p1a: Sableye","|-start|p1a: Sableye|Substitute","|-damage|p1a: Sableye|89/303","|","|-damage|p2a: Zapdos|261/363 brn|[from] brn","|turn|38","|","|move|p2a: Zapdos|Volt Switch|p1a: Sableye","|-activate|p1a: Sableye|Substitute|[damage]","|move|p1a: Sableye|Recover|p1a: Sableye","|-heal|p1a: Sableye|241/303","|","|-damage|p2a: Zapdos|216/363 brn|[from] brn","|turn|39","|","|move|p2a: Zapdos|Volt Switch|p1a: Sableye","|-end|p1a: Sableye|Substitute","|move|p1a: Sableye|Dazzling Gleam|p2a: Zapdos","|-damage|p2a: Zapdos|171/363 brn","|","|-damage|p2a: Zapdos|126/363 brn|[from] brn","|turn|40","|","|move|p2a: Zapdos|Volt Switch|p1a: Sableye","|-damage|p1a: Sableye|163/303","|move|p1a: Sableye|Dazzling Gleam|p2a: Zapdos","|-damage|p2a: Zapdos|81/363 brn","|","|-damage|p2a: Zapdos|36/363 brn|[from] brn","|turn|41","|","|move|p2a: Zapdos|Roost|p2a: Zapdos","|-heal|p2a: Zapdos|218/363 brn","|move|p1a: Sableye|Dazzling Gleam|p2a: Zapdos","|-damage|p2a: Zapdos|176/363 brn","|","|-damage|p2a: Zapdos|131/363 brn|[from] brn","|turn|42","|","|move|p2a: Zapdos|Volt Switch|p1a: Sableye","|-damage|p1a: Sableye|91/303","|move|p1a: Sableye|Recover|p1a: Sableye","|-heal|p1a: Sableye|243/303","|","|-damage|p2a: Zapdos|86/363 brn|[from] brn","|turn|43","|","|move|p2a: Zapdos|Volt Switch|p1a: Sableye","|-damage|p1a: Sableye|170/303","|move|p1a: Sableye|Dazzling Gleam|p2a: Zapdos","|-damage|p2a: Zapdos|39/363 brn","|","|-damage|p2a: Zapdos|0 fnt|[from] brn","|faint|p2a: Zapdos","|","|win|SWL HB"],"p1rating":{"entryid":"6872578","serverid":"eos","formatid":"monotype","userid":"swlhb","username":"SWL HB","w":6,"l":"11","t":"0","gxe":37.7,"r":1382.837732182,"rd":78.616433130833,"sigma":"0","rptime":1438765200,"rpr":1403.4297217192,"rprd":77.098562465863,"rpsigma":"0","acre":1072.8255546519,"lacre":1072.8255546519,"oldacre":"1043.5257981827"},"p2rating":{"entryid":7420154,"formatid":"monotype","userid":"tse4gman","username":"TS-E4 G-Man","r":1500,"rd":130,"sigma":0,"rpr":1446.3035400023,"rprd":122.83896609857,"rpsigma":0,"rptime":1438765200,"w":0,"l":1,"t":0,"gxe":43.3,"acre":1000,"lacre":1000,"oldacre":1000},"endType":"normal"}