{"seed":[23408,59576,20278,15961],"turns":20,"p1":"Alliance - Contort","p2":"Emg GL Test Tech","p1team":[{"name":"Deez Nuts","species":"heracross","item":"heracronite","ability":"Moxie","moves":["bulletseed","rockblast","pinmissile","closecombat"],"nature":"Adamant","evs":{"hp":0,"atk":252,"def":0,"spa":0,"spd":4,"spe":252},"ivs":{"hp":31,"atk":31,"def":31,"spa":31,"spd":31,"spe":31}},{"name":"Gotta go fast","species":"scolipede","item":"lifeorb","ability":"Speed Boost","moves":["rockslide","megahorn","earthquake","protect"],"nature":"Jolly","evs":{"hp":0,"atk":252,"def":0,"spa":0,"spd":4,"spe":252},"ivs":{"hp":31,"atk":31,"def":31,"spa":31,"spd":31,"spe":31}},{"name":"FieryNight","species":"volcarona","item":"lumberry","ability":"Flame Body","moves":["fierydance","quiverdance","bugbuzz","roost"],"nature":"Bold","evs":{"hp":248,"atk":0,"def":208,"spa":0,"spd":0,"spe":52},"ivs":{"hp":31,"atk":31,"def":31,"spa":31,"spd":31,"spe":31}},{"name":"Ban plox","species":"genesect","item":"choicescarf","ability":"Download","moves":["uturn","ironhead","icebeam","flamethrower"],"nature":"Hasty","evs":{"hp":0,"atk":4,"def":0,"spa":252,"spd":0,"spe":252},"ivs":{"hp":31,"atk":31,"def":31,"spa":31,"spd":31,"spe":31}},{"name":"Referee","species":"forretress","item":"redcard","ability":"Sturdy","moves":["gyroball","rapidspin","voltswitch","stealthrock"],"nature":"Relaxed","evs":{"hp":248,"atk":8,"def":252,"spa":0,"spd":0,"spe":0},"ivs":{"hp":31,"atk":31,"def":31,"spa":31,"spd":31,"spe":0}},{"name":"Le Spider","species":"galvantula","item":"focussash","ability":"Compound Eyes","moves":["thunder","stickyweb","gigadrain","bugbuzz"],"nature":"Timid","evs":{"hp":0,"atk":0,"def":0,"spa":252,"spd":4,"spe":252},"ivs":{"hp":31,"atk":31,"def":31,"spa":31,"spd":31,"spe":31}}],"p2team":[{"name":"Genesect","species":"Genesect","item":"lifeorb","ability":"Download","moves":["ironhead","uturn","icebeam","thunderbolt"],"nature":"Hasty","evs":{"hp":0,"atk":156,"def":0,"spa":100,"spd":0,"spe":252},"ivs":{"hp":31,"atk":31,"def":31,"spa":31,"spd":31,"spe":31}},{"name":"Beedrill","species":"Beedrill","item":"beedrillite","ability":"Swarm","moves":["uturn","protect","poisonjab","drillrun"],"nature":"Jolly","evs":{"hp":0,"atk":252,"def":0,"spa":0,"spd":4,"spe":252},"ivs":{"hp":31,"atk":31,"def":31,"spa":31,"spd":31,"spe":31}},{"name":"Heracross","species":"Heracross","item":"choicescarf","ability":"Moxie","moves":["closecombat","earthquake","stoneedge","megahorn"],"nature":"Jolly","evs":{"hp":0,"atk":252,"def":0,"spa":0,"spd":4,"spe":252},"ivs":{"hp":31,"atk":31,"def":31,"spa":31,"spd":31,"spe":31}},{"name":"Shuckle","species":"Shuckle","item":"mentalherb","ability":"Sturdy","moves":["encore","stealthrock","stickyweb","toxic"],"nature":"Impish","evs":{"hp":252,"atk":0,"def":128,"spa":0,"spd":128,"spe":0},"ivs":{"hp":31,"atk":31,"def":31,"spa":31,"spd":31,"spe":31}},{"name":"Volcarona","species":"Volcarona","item":"leftovers","ability":"Flame Body","moves":["quiverdance","fierydance","hiddenpowerground","roost"],"nature":"Bold","evs":{"hp":248,"atk":0,"def":136,"spa":0,"spd":0,"spe":124},"ivs":{"hp":31,"atk":31,"def":31,"spa":30,"spd":30,"spe":31}},{"name":"Vivillon","species":"Vivillon","item":"focussash","ability":"Compound Eyes","moves":["powder","hurricane","sleeppowder","quiverdance"],"nature":"Modest","evs":{"hp":0,"atk":0,"def":0,"spa":252,"spd":4,"spe":252},"ivs":{"hp":31,"atk":31,"def":31,"spa":31,"spd":31,"spe":31}}],"log":["|player|p1|Alliance - Contort|alliancecontort.png","|player|p2|Emg GL Test Tech|149","|gametype|singles","|gen|6","|tier|Monotype","|rated","|rule|Baton Pass Clause: Limit one Baton Passer, can't pass Spe and other stats simultaneously","|rule|Swagger Clause: Swagger is banned","|rule|Same Type Clause: Pokémon in a team must share a type","|clearpoke","|poke|p1|Heracross, M","|poke|p1|Scolipede, F","|poke|p1|Volcarona, F","|poke|p1|Genesect-*","|poke|p1|Forretress, M","|poke|p1|Galvantula, F","|poke|p2|Genesect-*","|poke|p2|Beedrill, F","|poke|p2|Heracross, M","|poke|p2|Shuckle, M","|poke|p2|Volcarona, F","|poke|p2|Vivillon, F","|rule|Sleep Clause Mod: Limit one foe put to sleep","|rule|Species Clause: Limit one of each Pokémon","|rule|OHKO Clause: OHKO moves are banned","|rule|Moody Clause: Moody is banned","|rule|Evasion Moves Clause: Evasion moves are banned","|rule|Endless Battle Clause: Forcing endless battles is banned","|rule|HP Percentage Mod: HP is shown in percentages","|teampreview","|","|start","|switch|p1a: Ban plox|Genesect|283/283","|switch|p2a: Vivillon|Vivillon, F|301/301","|-boost|p1a: Ban plox|atk|1|[from] ability: Download","|turn|1","|","|move|p1a: Ban plox|U-turn|p2a: Vivillon","|-resisted|p2a: Vivillon","|-damage|p2a: Vivillon|180/301","|","|switch|p1a: FieryNight|Volcarona, F|373/373","|move|p2a: Vivillon|Sleep Powder|p1a: FieryNight","|-status|p1a: FieryNight|slp","|-enditem|p1a: FieryNight|Lum Berry|[eat]","|-curestatus|p1a: FieryNight|slp","|","|turn|2","|","|move|p2a: Vivillon|Sleep Powder|p1a: FieryNight","|-status|p1a: FieryNight|slp","|cant|p1a: FieryNight|slp","|","|turn|3","|","|switch|p1a: Ban plox|Genesect|283/283","|-boost|p1a: Ban plox|atk|1|[from] ability: Download","|move|p2a: Vivillon|Quiver Dance|p2a: Vivillon","|-boost|p2a: Vivillon|spa|1","|-boost|p2a: Vivillon|spd|1","|-boost|p2a: Vivillon|spe|1","|","|turn|4","|","|switch|p2a: Volcarona|Volcarona, F|373/373","|move|p1a: Ban plox|Iron Head|p2a: Volcarona","|-crit|p2a: Volcarona","|-resisted|p2a: Volcarona","|-damage|p2a: Volcarona|247/373","|-status|p1a: Ban plox|brn","|","|-heal|p2a: Volcarona|270/373|[from] item: Leftovers","|-damage|p1a: Ban plox|248/283 brn|[from] brn","|turn|5","|","|switch|p1a: Gotta go fast|Scolipede, F|261/261","|move|p2a: Volcarona|Quiver Dance|p2a: Volcarona","|-boost|p2a: Volcarona|spa|1","|-boost|p2a: Volcarona|spd|1","|-boost|p2a: Volcarona|spe|1","|","|-heal|p2a: Volcarona|293/373|[from] item: Leftovers","|turn|6","|","|move|p1a: Gotta go fast|Protect|p1a: Gotta go fast","|-singleturn|p1a: Gotta go fast|Protect","|move|p2a: Volcarona|Quiver Dance|p2a: Volcarona","|-boost|p2a: Volcarona|spa|1","|-boost|p2a: Volcarona|spd|1","|-boost|p2a: Volcarona|spe|1","|","|-heal|p2a: Volcarona|316/373|[from] item: Leftovers","|-boost|p1a: Gotta go fast|spe|1|[from] ability: Speed Boost","|turn|7","|","|move|p1a: Gotta go fast|Protect|p1a: Gotta go fast","|-fail|p1a: Gotta go fast","|move|p2a: Volcarona|Fiery Dance|p1a: Gotta go fast","|-supereffective|p1a: Gotta go fast","|-damage|p1a: Gotta go fast|0 fnt","|-boost|p2a: Volcarona|spa|1","|faint|p1a: Gotta go fast","|","|-heal|p2a: Volcarona|339/373|[from] item: Leftovers","|","|switch|p1a: Referee|Forretress, M|353/353","|turn|8","|","|move|p2a: Volcarona|Fiery Dance|p1a: Referee","|-supereffective|p1a: Referee","|-ability|p1a: Referee|Sturdy","|-damage|p1a: Referee|1/353","|-enditem|p1a: Referee|Red Card|[of] p2a: Volcarona","|drag|p2a: Vivillon|Vivillon, F|180/301","|move|p1a: Referee|Stealth Rock|p2a: Vivillon","|-sidestart|p2: Emg GL Test Tech|move: Stealth Rock","|","|turn|9","|","|move|p2a: Vivillon|Quiver Dance|p2a: Vivillon","|-boost|p2a: Vivillon|spa|1","|-boost|p2a: Vivillon|spd|1","|-boost|p2a: Vivillon|spe|1","|move|p1a: Referee|Volt Switch|p2a: Vivillon","|-supereffective|p2a: Vivillon","|-damage|p2a: Vivillon|88/301","|","|switch|p1a: Ban plox|Genesect|248/283 brn","|-boost|p1a: Ban plox|atk|1|[from] ability: Download","|","|-damage|p1a: Ban plox|213/283 brn|[from] brn","|turn|10","|","|move|p1a: Ban plox|Flamethrower|p2a: Vivillon","|-supereffective|p2a: Vivillon","|-damage|p2a: Vivillon|0 fnt","|faint|p2a: Vivillon","|","|-damage|p1a: Ban plox|178/283 brn|[from] brn","|","|switch|p2a: Shuckle|Shuckle, M|244/244","|-damage|p2a: Shuckle|183/244|[from] Stealth Rock","|turn|11","|","|switch|p1a: Deez Nuts|Heracross, M|301/301","|move|p2a: Shuckle|Sticky Web|p1a: Deez Nuts","|-sidestart|p1: Alliance - Contort|move: Sticky Web","|","|turn|12","|","|detailschange|p1a: Deez Nuts|Heracross-Mega, M","|-mega|p1a: Deez Nuts|Heracross|Heracronite","|move|p1a: Deez Nuts|Rock Blast|p2a: Shuckle","|-supereffective|p2a: Shuckle","|-damage|p2a: Shuckle|147/244","|-supereffective|p2a: Shuckle","|-damage|p2a: Shuckle|113/244","|-supereffective|p2a: Shuckle","|-damage|p2a: Shuckle|79/244","|-supereffective|p2a: Shuckle","|-damage|p2a: Shuckle|45/244","|-supereffective|p2a: Shuckle","|-damage|p2a: Shuckle|5/244","|-hitcount|p2a: Shuckle|5","|move|p2a: Shuckle|Stealth Rock|p1a: Deez Nuts","|-sidestart|p1: Alliance - Contort|move: Stealth Rock","|","|turn|13","|","|move|p1a: Deez Nuts|Bullet Seed|p2a: Shuckle","|-damage|p2a: Shuckle|0 fnt","|-hitcount|p2a: Shuckle|1","|faint|p2a: Shuckle","|","|","|switch|p2a: Genesect|Genesect|283/283","|-damage|p2a: Genesect|248/283|[from] Stealth Rock","|-boost|p2a: Genesect|spa|1|[from] ability: Download","|turn|14","|","|move|p2a: Genesect|Thunderbolt|p1a: Deez Nuts","|-damage|p1a: Deez Nuts|141/301","|-damage|p2a: Genesect|220/283|[from] item: Life Orb","|move|p1a: Deez Nuts|Rock Blast|p2a: Genesect","|-damage|p2a: Genesect|168/283","|-damage|p2a: Genesect|117/283","|-damage|p2a: Genesect|65/283","|-damage|p2a: Genesect|15/283","|-crit|p2a: Genesect","|-damage|p2a: Genesect|0 fnt","|-hitcount|p2a: Genesect|5","|faint|p2a: Genesect","|","|","|switch|p2a: Beedrill|Beedrill, F|271/271","|-damage|p2a: Beedrill|204/271|[from] Stealth Rock","|turn|15","|","|detailschange|p2a: Beedrill|Beedrill-Mega, F","|-mega|p2a: Beedrill|Beedrill|Beedrillite","|move|p2a: Beedrill|Protect|p2a: Beedrill","|-singleturn|p2a: Beedrill|Protect","|move|p1a: Deez Nuts|Rock Blast|p2a: Beedrill","|-activate|p2a: Beedrill|Protect","|","|turn|16","|","|move|p2a: Beedrill|Poison Jab|p1a: Deez Nuts","|-damage|p1a: Deez Nuts|0 fnt","|faint|p1a: Deez Nuts","|","|","|switch|p1a: Ban plox|Genesect|178/283 brn","|-activate|p1a: Ban plox|move: Sticky Web","|-unboost|p1a: Ban plox|spe|1","|-damage|p1a: Ban plox|143/283 brn|[from] Stealth Rock","|-boost|p1a: Ban plox|atk|1|[from] ability: Download","|turn|17","|","|move|p2a: Beedrill|Protect|p2a: Beedrill","|-singleturn|p2a: Beedrill|Protect","|move|p1a: Ban plox|Flamethrower|p2a: Beedrill","|-activate|p2a: Beedrill|Protect","|","|-damage|p1a: Ban plox|108/283 brn|[from] brn","|turn|18","|","|move|p2a: Beedrill|Drill Run|p1a: Ban plox","|-damage|p1a: Ban plox|0 fnt","|faint|p1a: Ban plox","|","|","|switch|p1a: Le Spider|Galvantula, F|281/281","|-damage|p1a: Le Spider|211/281|[from] Stealth Rock","|-activate|p1a: Le Spider|move: Sticky Web","|-unboost|p1a: Le Spider|spe|1","|turn|19","|","|move|p2a: Beedrill|Poison Jab|p1a: Le Spider","|-damage|p1a: Le Spider|0 fnt","|faint|p1a: Le Spider","|","|","|switch|p1a: Referee|Forretress, M|1/353","|-damage|p1a: Referee|0 fnt|[from] Stealth Rock","|-activate|p1a: Referee|move: Sticky Web","|faint|p1a: Referee","|","|switch|p1a: FieryNight|Volcarona, F|373/373 slp","|-damage|p1a: FieryNight|187/373 slp|[from] Stealth Rock","|-activate|p1a: FieryNight|move: Sticky Web","|-unboost|p1a: FieryNight|spe|1","|turn|20","|","|move|p2a: Beedrill|Poison Jab|p1a: FieryNight","|-damage|p1a: FieryNight|0 fnt","|-status|p2a: Beedrill|brn","|faint|p1a: FieryNight","|","|win|Emg GL Test Tech"],"p1rating":{"entryid":"5814858","serverid":"eos","formatid":"monotype","userid":"alliancecontort","username":"Alliance - Contort","w":"28","l":11,"t":"0","gxe":68.8,"r":"1628.5523777155","rd":"68.371937895517","sigma":"0","rptime":"1438765200","rpr":1651.6053228835,"rprd":63.989741548928,"rpsigma":"0","acre":1286.9011722119,"lacre":1286.9011722119,"oldacre":"1317.5700840964"},"p2rating":{"entryid":"7162853","serverid":"eos","formatid":"monotype","userid":"emggltesttech","username":"Emg GL Test Tech","w":7,"l":"3","t":"0","gxe":62.2,"r":"1612.3296444451","rd":"99.805079559002","sigma":"0","rptime":"1438765200","rpr":1596.7192488619,"rprd":87.988850662972,"rpsigma":"0","acre":1149.1997930926,"lacre":1149.1997930926,"oldacre":"1110.863653237"},"endType":"normal"}