{"seed":[53306,16787,55234,41162],"turns":24,"p1":"Champion Stormvy","p2":"Rustic Espeon","p1team":[{"name":"Ditto","species":"Ditto","item":"choicescarf","ability":"Imposter","moves":["transform"],"nature":"","shiny":true,"evs":{"hp":0,"atk":0,"def":0,"spa":0,"spd":0,"spe":0},"ivs":{"hp":31,"atk":31,"def":31,"spa":31,"spd":31,"spe":31}},{"name":"Lopunny","species":"Lopunny","item":"lopunnite","ability":"Limber","moves":["highjumpkick","fakeout","return","thunderpunch"],"nature":"Jolly","evs":{"hp":0,"atk":252,"def":0,"spa":0,"spd":4,"spe":252},"shiny":true,"ivs":{"hp":31,"atk":31,"def":31,"spa":31,"spd":31,"spe":31}},{"name":"Meloetta","species":"Meloetta","item":"assaultvest","ability":"Serene Grace","moves":["hypervoice","shadowball","psychic","energyball"],"nature":"Modest","evs":{"hp":0,"atk":0,"def":0,"spa":252,"spd":4,"spe":252},"ivs":{"hp":31,"atk":31,"def":31,"spa":31,"spd":31,"spe":31}},{"name":"Diggersby","species":"Diggersby","item":"lifeorb","ability":"Huge Power","moves":["earthquake","knockoff","quickattack","swordsdance"],"nature":"Adamant","evs":{"hp":0,"atk":252,"def":128,"spa":0,"spd":128,"spe":0},"ivs":{"hp":31,"atk":31,"def":31,"spa":31,"spd":31,"spe":31}},{"name":"Porygon2","species":"Porygon2","item":"eviolite","ability":"Trace","moves":["triattack","recover","icebeam","thunderwave"],"nature":"Bold","evs":{"hp":0,"atk":0,"def":188,"spa":68,"spd":252,"spe":0},"shiny":true,"ivs":{"hp":31,"atk":31,"def":31,"spa":31,"spd":31,"spe":31}},{"name":"Staraptor","species":"Staraptor","item":"choicescarf","ability":"Intimidate","moves":["bravebird","frustration","closecombat","uturn"],"nature":"Jolly","evs":{"hp":0,"atk":252,"def":0,"spa":0,"spd":0,"spe":252},"shiny":true,"happiness":0,"ivs":{"hp":31,"atk":31,"def":31,"spa":31,"spd":31,"spe":31}}],"p2team":[{"name":"Torkoal","species":"Torkoal","item":"leftovers","ability":"White Smoke","moves":["rapidspin","lavaplume","stealthrock","yawn"],"nature":"Bold","evs":{"hp":252,"atk":0,"def":252,"spa":4,"spd":0,"spe":0},"ivs":{"hp":31,"atk":31,"def":31,"spa":31,"spd":31,"spe":31}},{"name":"Entei","species":"Entei","item":"choiceband","ability":"Pressure","moves":["stoneedge","sacredfire","bulldoze","ironhead"],"nature":"Jolly","evs":{"hp":4,"atk":252,"def":0,"spa":0,"spd":0,"spe":252},"ivs":{"hp":31,"atk":31,"def":31,"spa":31,"spd":31,"spe":31}},{"name":"Victini","species":"Victini","item":"choicescarf","ability":"Victory Star","moves":["boltstrike","blueflare","vcreate","uturn"],"nature":"Hasty","evs":{"hp":0,"atk":252,"def":0,"spa":4,"spd":0,"spe":252},"ivs":{"hp":31,"atk":31,"def":31,"spa":31,"spd":31,"spe":31}},{"name":"Charizard","species":"Charizard","item":"charizarditex","ability":"Blaze","moves":["dragondance","flareblitz","earthquake","dragonclaw"],"nature":"Adamant","evs":{"hp":0,"atk":252,"def":0,"spa":0,"spd":4,"spe":252},"ivs":{"hp":31,"atk":31,"def":31,"spa":31,"spd":31,"spe":31}},{"name":"Ninetales","species":"Ninetales","item":"choicespecs","ability":"Drought","moves":["overheat","solarbeam","psyshock","fireblast"],"nature":"Timid","evs":{"hp":0,"atk":0,"def":0,"spa":252,"spd":4,"spe":252},"ivs":{"hp":31,"atk":31,"def":31,"spa":31,"spd":31,"spe":31}},{"name":"Arcanine","species":"Arcanine","item":"rockyhelmet","ability":"Intimidate","moves":["flareblitz","extremespeed","wildcharge","closecombat"],"nature":"Lonely","evs":{"hp":248,"atk":252,"def":0,"spa":8,"spd":0,"spe":0},"ivs":{"hp":31,"atk":31,"def":31,"spa":31,"spd":31,"spe":31}}],"log":["|player|p1|Champion Stormvy|championstormvy.png","|player|p2|Rustic Espeon|70","|gametype|singles","|gen|6","|tier|Monotype","|rated","|rule|Baton Pass Clause: Limit one Baton Passer, can't pass Spe and other stats simultaneously","|rule|Swagger Clause: Swagger is banned","|rule|Same Type Clause: Pokémon in a team must share a type","|clearpoke","|poke|p1|Ditto, shiny","|poke|p1|Lopunny, M, shiny","|poke|p1|Meloetta","|poke|p1|Diggersby, M","|poke|p1|Porygon2, shiny","|poke|p1|Staraptor, F, shiny","|poke|p2|Torkoal, F","|poke|p2|Entei","|poke|p2|Victini","|poke|p2|Charizard, M","|poke|p2|Ninetales, M","|poke|p2|Arcanine, F","|rule|Sleep Clause Mod: Limit one foe put to sleep","|rule|Species Clause: Limit one of each Pokémon","|rule|OHKO Clause: OHKO moves are banned","|rule|Moody Clause: Moody is banned","|rule|Evasion Moves Clause: Evasion moves are banned","|rule|Endless Battle Clause: Forcing endless battles is banned","|rule|HP Percentage Mod: HP is shown in percentages","|teampreview","|","|start","|switch|p1a: Lopunny|Lopunny, M, shiny|271/271","|switch|p2a: Victini|Victini|341/341","|turn|1","|","|switch|p2a: Arcanine|Arcanine, F|383/383","|-ability|p2a: Arcanine|Intimidate","|-unboost|p1a: Lopunny|atk|1","|detailschange|p1a: Lopunny|Lopunny-Mega, M, shiny","|-mega|p1a: Lopunny|Lopunny|Lopunnite","|move|p1a: Lopunny|Fake Out|p2a: Arcanine","|-damage|p2a: Arcanine|322/383","|-damage|p1a: Lopunny|226/271|[from] item: Rocky Helmet|[of] p2a: Arcanine","|","|turn|2","|","|switch|p1a: Ditto|Ditto, shiny|237/237","|-transform|p1a: Ditto|p2a: Arcanine","|-ability|p1a: Ditto|Intimidate","|-unboost|p2a: Arcanine|atk|1","|switch|p2a: Torkoal|Torkoal, F|344/344","|","|turn|3","|","|switch|p1a: Meloetta|Meloetta|341/341","|move|p2a: Torkoal|Stealth Rock|p1a: Meloetta","|-sidestart|p1: Champion Stormvy|move: Stealth Rock","|","|turn|4","|","|switch|p2a: Ninetales|Ninetales, M|287/287","|-weather|SunnyDay","|move|p1a: Meloetta|Psychic|p2a: Ninetales","|-damage|p2a: Ninetales|103/287","|","|-weather|SunnyDay|[upkeep]","|turn|5","|","|switch|p2a: Victini|Victini|341/341","|move|p1a: Meloetta|Psychic|p2a: Victini","|-resisted|p2a: Victini","|-damage|p2a: Victini|257/341","|-unboost|p2a: Victini|spd|1","|","|-weather|SunnyDay|[upkeep]","|turn|6","|","|switch|p1a: Porygon2|Porygon2, shiny|311/311","|-damage|p1a: Porygon2|273/311|[from] Stealth Rock","|-ability|p1a: Porygon2|Victory Star|[from] ability: Trace|[of] p2a: Victini","|move|p2a: Victini|V-create|p1a: Porygon2","|-crit|p1a: Porygon2","|-damage|p1a: Porygon2|0 fnt","|-unboost|p2a: Victini|spe|1","|-unboost|p2a: Victini|def|1","|-unboost|p2a: Victini|spd|1","|faint|p1a: Porygon2","|","|-weather|SunnyDay|[upkeep]","|","|switch|p1a: Staraptor|Staraptor, F, shiny|311/311","|-damage|p1a: Staraptor|234/311|[from] Stealth Rock","|-ability|p1a: Staraptor|Intimidate","|-unboost|p2a: Victini|atk|1","|turn|7","|","|switch|p2a: Arcanine|Arcanine, F|322/383","|-ability|p2a: Arcanine|Intimidate","|-unboost|p1a: Staraptor|atk|1","|move|p1a: Staraptor|Brave Bird|p2a: Arcanine","|-damage|p2a: Arcanine|126/383","|-damage|p1a: Staraptor|183/311|[from] item: Rocky Helmet|[of] p2a: Arcanine","|-damage|p1a: Staraptor|118/311|[from] recoil|[of] p2a: Arcanine","|","|-weather|SunnyDay|[upkeep]","|turn|8","|","|move|p2a: Arcanine|Extreme Speed|p1a: Staraptor","|-crit|p1a: Staraptor","|-damage|p1a: Staraptor|0 fnt","|faint|p1a: Staraptor","|","|-weather|none","|","|switch|p1a: Lopunny|Lopunny-Mega, M, shiny|226/271","|-damage|p1a: Lopunny|210/271|[from] Stealth Rock","|turn|9","|","|switch|p2a: Torkoal|Torkoal, F|344/344","|move|p1a: Lopunny|High Jump Kick|p2a: Torkoal","|-crit|p2a: Torkoal","|-damage|p2a: Torkoal|136/344","|","|-heal|p2a: Torkoal|157/344|[from] item: Leftovers","|turn|10","|","|switch|p1a: Ditto|Ditto, shiny|237/237","|-damage|p1a: Ditto|208/237|[from] Stealth Rock","|-transform|p1a: Ditto|p2a: Torkoal","|move|p2a: Torkoal|Yawn|p1a: Ditto","|-start|p1a: Ditto|move: Yawn|[of] p2a: Torkoal","|","|-heal|p2a: Torkoal|178/344|[from] item: Leftovers","|turn|11","|","|switch|p2a: Ninetales|Ninetales, M|103/287","|-weather|SunnyDay","|move|p1a: Ditto|Stealth Rock|p2a: Ninetales","|-sidestart|p2: Rustic Espeon|move: Stealth Rock","|","|-end|p1a: Ditto|move: Yawn|[silent]","|-status|p1a: Ditto|slp","|-weather|SunnyDay|[upkeep]","|turn|12","|","|switch|p1a: Meloetta|Meloetta|341/341","|-damage|p1a: Meloetta|299/341|[from] Stealth Rock","|move|p2a: Ninetales|Psyshock|p1a: Meloetta","|-resisted|p1a: Meloetta","|-damage|p1a: Meloetta|233/341","|","|-weather|SunnyDay|[upkeep]","|turn|13","|","|switch|p2a: Torkoal|Torkoal, F|178/344","|-damage|p2a: Torkoal|92/344|[from] Stealth Rock","|move|p1a: Meloetta|Psychic|p2a: Torkoal","|-damage|p2a: Torkoal|0 fnt","|faint|p2a: Torkoal","|","|-weather|SunnyDay|[upkeep]","|","|switch|p2a: Arcanine|Arcanine, F|126/383","|-damage|p2a: Arcanine|31/383|[from] Stealth Rock","|-ability|p2a: Arcanine|Intimidate","|-unboost|p1a: Meloetta|atk|1","|turn|14","|","|switch|p1a: Ditto|Ditto, shiny|208/237 slp","|-damage|p1a: Ditto|179/237 slp|[from] Stealth Rock","|-transform|p1a: Ditto|p2a: Arcanine","|-ability|p1a: Ditto|Intimidate","|-unboost|p2a: Arcanine|atk|1","|move|p2a: Arcanine|Extreme Speed|p1a: Ditto","|-damage|p1a: Ditto|94/237 slp","|","|-weather|SunnyDay|[upkeep]","|turn|15","|","|cant|p1a: Ditto|slp","|move|p2a: Arcanine|Extreme Speed|p1a: Ditto","|-crit|p1a: Ditto","|-damage|p1a: Ditto|0 fnt","|faint|p1a: Ditto","|","|-weather|none","|","|switch|p1a: Lopunny|Lopunny-Mega, M, shiny|210/271","|-damage|p1a: Lopunny|194/271|[from] Stealth Rock","|turn|16","|","|move|p1a: Lopunny|Fake Out|p2a: Arcanine","|-damage|p2a: Arcanine|0 fnt","|-damage|p1a: Lopunny|149/271|[from] item: Rocky Helmet|[of] p2a: Arcanine","|faint|p2a: Arcanine","|","|","|switch|p2a: Ninetales|Ninetales, M|103/287","|-damage|p2a: Ninetales|32/287|[from] Stealth Rock","|-weather|SunnyDay","|turn|17","|","|move|p1a: Lopunny|Return|p2a: Ninetales","|-damage|p2a: Ninetales|0 fnt","|faint|p2a: Ninetales","|","|-weather|SunnyDay|[upkeep]","|","|switch|p2a: Victini|Victini|257/341","|-damage|p2a: Victini|172/341|[from] Stealth Rock","|turn|18","|","|switch|p1a: Meloetta|Meloetta|233/341","|-damage|p1a: Meloetta|191/341|[from] Stealth Rock","|move|p2a: Victini|Blue Flare|p1a: Meloetta","|-damage|p1a: Meloetta|56/341","|","|-weather|SunnyDay|[upkeep]","|turn|19","|","|move|p2a: Victini|Blue Flare|p1a: Meloetta","|-damage|p1a: Meloetta|0 fnt","|faint|p1a: Meloetta","|","|-weather|SunnyDay|[upkeep]","|","|switch|p1a: Diggersby|Diggersby, M|311/311","|-damage|p1a: Diggersby|292/311|[from] Stealth Rock","|turn|20","|","|move|p1a: Diggersby|Quick Attack|p2a: Victini","|-damage|p2a: Victini|43/341","|-damage|p1a: Diggersby|261/311|[from] item: Life Orb","|move|p2a: Victini|Blue Flare|p1a: Diggersby","|-damage|p1a: Diggersby|14/311","|","|-weather|SunnyDay|[upkeep]","|turn|21","|","|move|p1a: Diggersby|Quick Attack|p2a: Victini","|-damage|p2a: Victini|0 fnt","|-damage|p1a: Diggersby|0 fnt|[from] item: Life Orb","|faint|p2a: Victini","|faint|p1a: Diggersby","|","|-weather|none","|","|switch|p1a: Lopunny|Lopunny-Mega, M, shiny|149/271","|switch|p2a: Charizard|Charizard, M|297/297","|-damage|p1a: Lopunny|133/271|[from] Stealth Rock","|-damage|p2a: Charizard|149/297|[from] Stealth Rock","|turn|22","|","|detailschange|p2a: Charizard|Charizard-Mega-X, M","|-mega|p2a: Charizard|Charizard|Charizardite X","|move|p1a: Lopunny|Fake Out|p2a: Charizard","|-damage|p2a: Charizard|82/297","|cant|p2a: Charizard|flinch","|","|turn|23","|","|move|p1a: Lopunny|Return|p2a: Charizard","|-damage|p2a: Charizard|0 fnt","|faint|p2a: Charizard","|","|","|switch|p2a: Entei|Entei|372/372","|-damage|p2a: Entei|279/372|[from] Stealth Rock","|-ability|p2a: Entei|Pressure","|turn|24","|","|move|p1a: Lopunny|High Jump Kick|p2a: Entei","|-crit|p2a: Entei","|-damage|p2a: Entei|0 fnt","|faint|p2a: Entei","|","|win|Champion Stormvy"],"p1rating":{"entryid":"6626924","serverid":"eos","formatid":"monotype","userid":"championstormvy","username":"Champion Stormvy","w":15,"l":"7","t":"0","gxe":66.9,"r":"1585.2385126398","rd":"83.283266400604","sigma":"0","rptime":"1438765200","rpr":1634.4643951558,"rprd":68.566034556692,"rpsigma":"0","acre":1252.9025616926,"lacre":1252.9025616926,"oldacre":"1232.8263184165"},"p2rating":{"entryid":"7202561","serverid":"eos","formatid":"monotype","userid":"rusticespeon","username":"Rustic Espeon","w":"9","l":5,"t":"0","gxe":61.2,"r":"1607.1366349801","rd":"81.910147301689","sigma":"0","rptime":"1438765200","rpr":1588.3054025371,"rprd":79.869241686542,"rpsigma":"0","acre":1143.416608869,"lacre":1143.416608869,"oldacre":"1163.4928521451"},"endType":"normal"}