{"seed":[25794,9368,8624,40420],"turns":24,"p1":"JusAnAlt","p2":"E4 UltraInkay","p1team":[{"name":"Sylveon","species":"Sylveon","item":"choicespecs","ability":"Pixilate","moves":["hiddenpowerfire","hypervoice","psyshock","shadowball"],"nature":"Modest","evs":{"hp":248,"atk":0,"def":0,"spa":252,"spd":8,"spe":0},"gender":"F","ivs":{"hp":31,"atk":30,"def":31,"spa":30,"spd":31,"spe":30},"shiny":true},{"name":"Gardevoir","species":"Gardevoir","item":"gardevoirite","ability":"Trace","moves":["energyball","hiddenpowerground","hypervoice","psyshock"],"nature":"Timid","evs":{"hp":0,"atk":0,"def":4,"spa":252,"spd":0,"spe":252},"gender":"F","ivs":{"hp":31,"atk":31,"def":31,"spa":30,"spd":30,"spe":31},"shiny":true},{"name":"Azumarill","species":"Azumarill","item":"choiceband","ability":"Huge Power","moves":["aquajet","brickbreak","playrough","waterfall"],"nature":"Adamant","evs":{"hp":248,"atk":252,"def":0,"spa":0,"spd":8,"spe":0},"gender":"F","shiny":true,"ivs":{"hp":31,"atk":31,"def":31,"spa":31,"spd":31,"spe":31}},{"name":"Klefki","species":"Klefki","item":"lightclay","ability":"Prankster","moves":["foulplay","lightscreen","reflect","thunderwave"],"nature":"Bold","evs":{"hp":248,"atk":0,"def":252,"spa":0,"spd":8,"spe":0},"gender":"F","ivs":{"hp":31,"atk":0,"def":31,"spa":31,"spd":31,"spe":31},"shiny":true},{"name":"Togekiss","species":"Togekiss","item":"choicescarf","ability":"Serene Grace","moves":["airslash","aurasphere","dazzlinggleam","flamethrower"],"nature":"Timid","evs":{"hp":0,"atk":0,"def":0,"spa":252,"spd":4,"spe":252},"gender":"F","ivs":{"hp":31,"atk":0,"def":31,"spa":31,"spd":31,"spe":31},"shiny":true},{"name":"Granbull","species":"Granbull","item":"leftovers","ability":"Intimidate","moves":["earthquake","firepunch","playrough","thunderwave"],"nature":"Impish","evs":{"hp":248,"atk":8,"def":252,"spa":0,"spd":0,"spe":0},"gender":"F","shiny":true,"ivs":{"hp":31,"atk":31,"def":31,"spa":31,"spd":31,"spe":31}}],"p2team":[{"name":"Scizor","species":"Scizor","item":"scizorite","ability":"Technician","moves":["swordsdance","bulletpunch","uturn","knockoff"],"nature":"Adamant","evs":{"hp":248,"atk":252,"def":0,"spa":0,"spd":8,"spe":0},"ivs":{"hp":31,"atk":31,"def":31,"spa":31,"spd":31,"spe":31}},{"name":"Klinklang","species":"Klinklang","item":"weaknesspolicy","ability":"Clear Body","moves":["shiftgear","geargrind","wildcharge","substitute"],"nature":"Impish","evs":{"hp":248,"atk":8,"def":252,"spa":0,"spd":0,"spe":0},"happiness":0,"ivs":{"hp":31,"atk":31,"def":31,"spa":31,"spd":31,"spe":31}},{"name":"Probopass","species":"Probopass","item":"sitrusberry","ability":"Sturdy","moves":["toxic","ancientpower","stealthrock","voltswitch"],"nature":"Calm","evs":{"hp":248,"atk":0,"def":0,"spa":8,"spd":252,"spe":0},"ivs":{"hp":31,"atk":0,"def":31,"spa":31,"spd":31,"spe":31}},{"name":"Bastiodon","species":"Bastiodon","item":"airballoon","ability":"Soundproof","moves":["protect","substitute","heavyslam","roar"],"nature":"Impish","evs":{"hp":248,"atk":8,"def":252,"spa":0,"spd":0,"spe":0},"ivs":{"hp":31,"atk":31,"def":31,"spa":31,"spd":31,"spe":31}},{"name":"Lucario","species":"Lucario","item":"blackbelt","ability":"Justified","moves":["aurasphere","vacuumwave","calmmind","flashcannon"],"nature":"Modest","evs":{"hp":248,"atk":0,"def":0,"spa":252,"spd":8,"spe":0},"ivs":{"hp":31,"atk":31,"def":31,"spa":31,"spd":31,"spe":31}},{"name":"Magnezone","species":"Magnezone","item":"lightclay","ability":"Analytic","moves":["hiddenpowerice","thunderbolt","lightscreen","reflect"],"nature":"Modest","evs":{"hp":248,"atk":0,"def":0,"spa":252,"spd":8,"spe":0},"ivs":{"hp":31,"atk":30,"def":30,"spa":31,"spd":31,"spe":31}}],"log":["|player|p1|JusAnAlt|99","|player|p2|E4 UltraInkay|293","|gametype|singles","|gen|6","|tier|Monotype","|rated","|rule|Baton Pass Clause: Limit one Baton Passer, can't pass Spe and other stats simultaneously","|rule|Swagger Clause: Swagger is banned","|rule|Same Type Clause: Pokémon in a team must share a type","|clearpoke","|poke|p1|Sylveon, F, shiny","|poke|p1|Gardevoir, F, shiny","|poke|p1|Azumarill, F, shiny","|poke|p1|Klefki, F, shiny","|poke|p1|Togekiss, F, shiny","|poke|p1|Granbull, F, shiny","|poke|p2|Scizor, M","|poke|p2|Klinklang","|poke|p2|Probopass, M","|poke|p2|Bastiodon, M","|poke|p2|Lucario, F","|poke|p2|Magnezone","|rule|Sleep Clause Mod: Limit one foe put to sleep","|rule|Species Clause: Limit one of each Pokémon","|rule|OHKO Clause: OHKO moves are banned","|rule|Moody Clause: Moody is banned","|rule|Evasion Moves Clause: Evasion moves are banned","|rule|Endless Battle Clause: Forcing endless battles is banned","|rule|HP Percentage Mod: HP is shown in percentages","|teampreview","|","|start","|switch|p1a: Klefki|Klefki, F, shiny|317/317","|switch|p2a: Bastiodon|Bastiodon, M|323/323","|-item|p2a: Bastiodon|Air Balloon","|turn|1","|","|move|p1a: Klefki|Reflect|p1a: Klefki","|-sidestart|p1: JusAnAlt|Reflect","|move|p2a: Bastiodon|Heavy Slam|p1a: Klefki","|-damage|p1a: Klefki|282/317","|","|turn|2","|","|move|p1a: Klefki|Thunder Wave|p2a: Bastiodon","|-status|p2a: Bastiodon|par","|move|p2a: Bastiodon|Roar|p1a: Klefki","|drag|p1a: Sylveon|Sylveon, F, shiny|393/393","|","|turn|3","|","|move|p1a: Sylveon|Hidden Power|p2a: Bastiodon","|-damage|p2a: Bastiodon|241/323 par","|-enditem|p2a: Bastiodon|Air Balloon","|move|p2a: Bastiodon|Heavy Slam|p1a: Sylveon","|-supereffective|p1a: Sylveon","|-damage|p1a: Sylveon|263/393","|","|turn|4","|","|switch|p1a: Granbull|Granbull, F, shiny|383/383","|-ability|p1a: Granbull|Intimidate","|-unboost|p2a: Bastiodon|atk|1","|move|p2a: Bastiodon|Heavy Slam|p1a: Granbull","|-supereffective|p1a: Granbull","|-damage|p1a: Granbull|349/383","|","|-heal|p1a: Granbull|372/383|[from] item: Leftovers","|turn|5","|","|move|p2a: Bastiodon|Protect|p2a: Bastiodon","|-singleturn|p2a: Bastiodon|Protect","|move|p1a: Granbull|Earthquake|p2a: Bastiodon","|-activate|p2a: Bastiodon|Protect","|","|-heal|p1a: Granbull|383/383|[from] item: Leftovers","|turn|6","|","|move|p1a: Granbull|Fire Punch|p2a: Bastiodon","|-damage|p2a: Bastiodon|204/323 par","|move|p2a: Bastiodon|Heavy Slam|p1a: Granbull","|-supereffective|p1a: Granbull","|-damage|p1a: Granbull|350/383","|","|-heal|p1a: Granbull|373/383|[from] item: Leftovers","|turn|7","|","|move|p1a: Granbull|Earthquake|p2a: Bastiodon","|-supereffective|p2a: Bastiodon","|-damage|p2a: Bastiodon|24/323 par","|move|p2a: Bastiodon|Heavy Slam|p1a: Granbull","|-supereffective|p1a: Granbull","|-damage|p1a: Granbull|340/383","|","|-heal|p1a: Granbull|363/383|[from] item: Leftovers","|turn|8","|","|move|p1a: Granbull|Earthquake|p2a: Bastiodon","|-supereffective|p2a: Bastiodon","|-damage|p2a: Bastiodon|0 fnt","|faint|p2a: Bastiodon","|","|-heal|p1a: Granbull|383/383|[from] item: Leftovers","|-sideend|p1: JusAnAlt|Reflect","|","|switch|p2a: Lucario|Lucario, F|343/343","|turn|9","|","|move|p2a: Lucario|Flash Cannon|p1a: Granbull","|-supereffective|p1a: Granbull","|-damage|p1a: Granbull|0 fnt","|faint|p1a: Granbull","|","|","|switch|p1a: Sylveon|Sylveon, F, shiny|263/393","|turn|10","|","|move|p2a: Lucario|Flash Cannon|p1a: Sylveon","|-supereffective|p1a: Sylveon","|-damage|p1a: Sylveon|23/393","|move|p1a: Sylveon|Hidden Power|p2a: Lucario","|-supereffective|p2a: Lucario","|-damage|p2a: Lucario|89/343","|","|turn|11","|","|move|p2a: Lucario|Flash Cannon|p1a: Sylveon","|-supereffective|p1a: Sylveon","|-damage|p1a: Sylveon|0 fnt","|faint|p1a: Sylveon","|","|","|switch|p1a: Azumarill|Azumarill, F, shiny|403/403","|turn|12","|","|move|p1a: Azumarill|Aqua Jet|p2a: Lucario","|-damage|p2a: Lucario|0 fnt","|faint|p2a: Lucario","|","|","|switch|p2a: Magnezone|Magnezone|343/343","|turn|13","|","|switch|p1a: Klefki|Klefki, F, shiny|282/317","|move|p2a: Magnezone|Thunderbolt|p1a: Klefki","|-damage|p1a: Klefki|12/317","|","|turn|14","|","|move|p1a: Klefki|Reflect|p1a: Klefki","|-sidestart|p1: JusAnAlt|Reflect","|move|p2a: Magnezone|Thunderbolt|p1a: Klefki","|-damage|p1a: Klefki|0 fnt","|faint|p1a: Klefki","|","|","|switch|p1a: Togekiss|Togekiss, F, shiny|311/311","|turn|15","|","|move|p1a: Togekiss|Flamethrower|p2a: Magnezone","|-supereffective|p2a: Magnezone","|-damage|p2a: Magnezone|129/343","|move|p2a: Magnezone|Thunderbolt|p1a: Togekiss","|-supereffective|p1a: Togekiss","|-damage|p1a: Togekiss|0 fnt","|faint|p1a: Togekiss","|","|","|switch|p1a: Gardevoir|Gardevoir, F, shiny|277/277","|-ability|p1a: Gardevoir|Analytic|[from] ability: Trace|[of] p2a: Magnezone","|turn|16","|","|detailschange|p1a: Gardevoir|Gardevoir-Mega, F, shiny","|-mega|p1a: Gardevoir|Gardevoir|Gardevoirite","|move|p1a: Gardevoir|Hidden Power|p2a: Magnezone","|-supereffective|p2a: Magnezone","|-damage|p2a: Magnezone|0 fnt","|faint|p2a: Magnezone","|","|","|switch|p2a: Probopass|Probopass, M|323/323","|turn|17","|","|move|p1a: Gardevoir|Hidden Power|p2a: Probopass","|-supereffective|p2a: Probopass","|-damage|p2a: Probopass|131/323","|-enditem|p2a: Probopass|Sitrus Berry|[eat]","|-heal|p2a: Probopass|211/323|[from] item: Sitrus Berry","|move|p2a: Probopass|Toxic|p1a: Gardevoir","|-status|p1a: Gardevoir|tox","|","|-damage|p1a: Gardevoir|260/277 tox|[from] psn","|turn|18","|","|move|p1a: Gardevoir|Hidden Power|p2a: Probopass","|-supereffective|p2a: Probopass","|-damage|p2a: Probopass|39/323","|move|p2a: Probopass|Ancient Power|p1a: Gardevoir","|-damage|p1a: Gardevoir|215/277 tox","|","|-damage|p1a: Gardevoir|181/277 tox|[from] psn","|turn|19","|","|move|p1a: Gardevoir|Hidden Power|p2a: Probopass","|-supereffective|p2a: Probopass","|-damage|p2a: Probopass|0 fnt","|faint|p2a: Probopass","|","|-damage|p1a: Gardevoir|130/277 tox|[from] psn","|","|switch|p2a: Scizor|Scizor, M|343/343","|turn|20","|","|detailschange|p2a: Scizor|Scizor-Mega, M","|-mega|p2a: Scizor|Scizor|Scizorite","|move|p2a: Scizor|Bullet Punch|p1a: Gardevoir","|-crit|p1a: Gardevoir","|-supereffective|p1a: Gardevoir","|-damage|p1a: Gardevoir|0 fnt","|faint|p1a: Gardevoir","|","|","|switch|p1a: Azumarill|Azumarill, F, shiny|403/403","|turn|21","|","|move|p2a: Scizor|Bullet Punch|p1a: Azumarill","|-damage|p1a: Azumarill|325/403","|move|p1a: Azumarill|Waterfall|p2a: Scizor","|-damage|p2a: Scizor|145/343","|","|-sideend|p1: JusAnAlt|Reflect","|turn|22","|","|move|p2a: Scizor|Bullet Punch|p1a: Azumarill","|-damage|p1a: Azumarill|181/403","|move|p1a: Azumarill|Waterfall|p2a: Scizor","|-damage|p2a: Scizor|0 fnt","|faint|p2a: Scizor","|","|","|switch|p2a: Klinklang|Klinklang|323/323","|turn|23","|","|move|p2a: Klinklang|Wild Charge|p1a: Azumarill","|-supereffective|p1a: Azumarill","|-damage|p1a: Azumarill|11/403","|-damage|p2a: Klinklang|280/323|[from] recoil|[of] p1a: Azumarill","|move|p1a: Azumarill|Waterfall|p2a: Klinklang","|-damage|p2a: Klinklang|108/323","|","|turn|24","|","|move|p2a: Klinklang|Wild Charge|p1a: Azumarill","|-supereffective|p1a: Azumarill","|-damage|p1a: Azumarill|0 fnt","|-damage|p2a: Klinklang|105/323|[from] recoil|[of] p1a: Azumarill","|faint|p1a: Azumarill","|","|win|E4 UltraInkay"],"p1rating":{"entryid":"6680044","serverid":"eos","formatid":"monotype","userid":"jusanalt","username":"JusAnAlt","w":"39","l":16,"t":"0","gxe":66.2,"r":"1642.5377004221","rd":"54.639003361197","sigma":"0","rptime":"1438765200","rpr":1627.447006347,"rprd":52.816690606734,"rpsigma":"0","acre":1257.438507882,"lacre":1257.438507882,"oldacre":"1298.4620081821"},"p2rating":{"entryid":"6413228","serverid":"eos","formatid":"monotype","userid":"e4ultrainkay","username":"E4 UltraInkay","w":13,"l":"26","t":"0","gxe":36.5,"r":"1405.2143156891","rd":"59.140889947785","sigma":"0","rptime":"1438765200","rpr":1394.9129256577,"rprd":56.381134493182,"rpsigma":"0","acre":1091.6395023132,"lacre":1091.6395023132,"oldacre":"1034.4917310732"},"endType":"normal"}