{"seed":[23946,52754,11494,1691],"turns":31,"p1":"Emg kess","p2":"Sovereign♕Marcuz","p1team":[{"name":"Gengar","species":"Gengar","item":"choicespecs","ability":"Levitate","moves":["shadowball","focusblast","sludgewave","dazzlinggleam"],"nature":"Timid","evs":{"hp":0,"atk":0,"def":0,"spa":252,"spd":4,"spe":252},"shiny":true,"ivs":{"hp":31,"atk":31,"def":31,"spa":31,"spd":31,"spe":31}},{"name":"Jellicent","species":"Jellicent","item":"leftovers","ability":"Water Absorb","moves":["scald","toxic","recover","acidarmor"],"nature":"Calm","evs":{"hp":252,"atk":0,"def":4,"spa":0,"spd":252,"spe":0},"ivs":{"hp":31,"atk":31,"def":31,"spa":31,"spd":31,"spe":31}},{"name":"Chandelure","species":"Chandelure","item":"choicescarf","ability":"Infiltrator","moves":["fireblast","shadowball","energyball","trick"],"nature":"Timid","evs":{"hp":0,"atk":0,"def":0,"spa":252,"spd":4,"spe":252},"ivs":{"hp":31,"atk":31,"def":31,"spa":31,"spd":31,"spe":31}},{"name":"Banette","species":"Banette","item":"banettite","ability":"Insomnia","moves":["destinybond","shadowsneak","knockoff","taunt"],"nature":"Adamant","evs":{"hp":248,"atk":252,"def":0,"spa":0,"spd":8,"spe":0},"ivs":{"hp":31,"atk":31,"def":31,"spa":31,"spd":31,"spe":31}},{"name":"Aegislash","species":"Aegislash","item":"leftovers","ability":"Stance Change","moves":["substitute","toxic","kingsshield","flashcannon"],"nature":"Modest","evs":{"hp":248,"atk":0,"def":8,"spa":252,"spd":0,"spe":0},"ivs":{"hp":31,"atk":31,"def":31,"spa":31,"spd":31,"spe":0}},{"name":"Gourgeist-Super","species":"Gourgeist-Super","item":"leftovers","ability":"Frisk","moves":["willowisp","leechseed","synthesis","foulplay"],"nature":"Bold","evs":{"hp":248,"atk":0,"def":200,"spa":0,"spd":60,"spe":0},"ivs":{"hp":31,"atk":31,"def":31,"spa":31,"spd":31,"spe":31}}],"p2team":[{"name":"Infernape","species":"Infernape","item":"lifeorb","ability":"Blaze","moves":["overheat","uturn","earthquake","closecombat"],"nature":"Hasty","evs":{"hp":0,"atk":156,"def":0,"spa":100,"spd":0,"spe":252},"ivs":{"hp":31,"atk":31,"def":31,"spa":31,"spd":31,"spe":31}},{"name":"Hawlucha","species":"Hawlucha","item":"leftovers","ability":"Limber","moves":["encore","highjumpkick","ironhead","roost"],"nature":"Jolly","evs":{"hp":0,"atk":252,"def":0,"spa":0,"spd":4,"spe":252},"ivs":{"hp":31,"atk":31,"def":31,"spa":31,"spd":31,"spe":31}},{"name":"Keldeo-Resolute","species":"Keldeo-Resolute","item":"leftovers","ability":"Justified","moves":["hydropump","calmmind","secretsword","substitute"],"nature":"Timid","evs":{"hp":0,"atk":0,"def":0,"spa":252,"spd":4,"spe":252},"ivs":{"hp":31,"atk":31,"def":31,"spa":31,"spd":31,"spe":31}},{"name":"Hitmonlee","species":"Hitmonlee","item":"liechiberry","ability":"Unburden","moves":["endure","reversal","knockoff","poisonjab"],"nature":"Adamant","evs":{"hp":0,"atk":252,"def":0,"spa":0,"spd":4,"spe":252},"ivs":{"hp":31,"atk":31,"def":31,"spa":31,"spd":31,"spe":31}},{"name":"Lucario","species":"Lucario","item":"airballoon","ability":"Inner Focus","moves":["nastyplot","aurasphere","flashcannon","darkpulse"],"nature":"Timid","evs":{"hp":0,"atk":0,"def":0,"spa":252,"spd":4,"spe":252},"ivs":{"hp":31,"atk":31,"def":31,"spa":31,"spd":31,"spe":31}},{"name":"Scrafty","species":"Scrafty","item":"bigroot","ability":"Shed Skin","moves":["dragondance","icepunch","crunch","drainpunch"],"nature":"Adamant","evs":{"hp":0,"atk":252,"def":0,"spa":0,"spd":4,"spe":252},"ivs":{"hp":31,"atk":31,"def":31,"spa":31,"spd":31,"spe":31}}],"log":["|player|p1|Emg kess|94","|player|p2|Sovereign♕Marcuz|265","|gametype|singles","|gen|6","|tier|Monotype","|rated","|rule|Baton Pass Clause: Limit one Baton Passer, can't pass Spe and other stats simultaneously","|rule|Swagger Clause: Swagger is banned","|rule|Same Type Clause: Pokémon in a team must share a type","|clearpoke","|poke|p1|Gengar, F, shiny","|poke|p1|Jellicent, M","|poke|p1|Chandelure, M","|poke|p1|Banette, M","|poke|p1|Aegislash, M","|poke|p1|Gourgeist-*, F","|poke|p2|Infernape, F","|poke|p2|Hawlucha, F","|poke|p2|Keldeo-Resolute","|poke|p2|Hitmonlee, M","|poke|p2|Lucario, M","|poke|p2|Scrafty, M","|rule|Sleep Clause Mod: Limit one foe put to sleep","|rule|Species Clause: Limit one of each Pokémon","|rule|OHKO Clause: OHKO moves are banned","|rule|Moody Clause: Moody is banned","|rule|Evasion Moves Clause: Evasion moves are banned","|rule|Endless Battle Clause: Forcing endless battles is banned","|rule|HP Percentage Mod: HP is shown in percentages","|teampreview","|","|start","|switch|p1a: Jellicent|Jellicent, M|404/404","|switch|p2a: Scrafty|Scrafty, M|271/271","|turn|1","|","|switch|p1a: Gourgeist-Super|Gourgeist-Super, F|373/373","|-item|p2a: Scrafty|Big Root|[from] ability: Frisk|[of] p1a: Gourgeist-Super|[identify]","|move|p2a: Scrafty|Dragon Dance|p2a: Scrafty","|-boost|p2a: Scrafty|atk|1","|-boost|p2a: Scrafty|spe|1","|","|turn|2","|","|move|p2a: Scrafty|Ice Punch|p1a: Gourgeist-Super","|-supereffective|p1a: Gourgeist-Super","|-damage|p1a: Gourgeist-Super|211/373","|move|p1a: Gourgeist-Super|Will-O-Wisp|p2a: Scrafty","|-status|p2a: Scrafty|brn","|","|-heal|p1a: Gourgeist-Super|234/373|[from] item: Leftovers","|-damage|p2a: Scrafty|238/271 brn|[from] brn","|turn|3","|","|move|p2a: Scrafty|Dragon Dance|p2a: Scrafty","|-boost|p2a: Scrafty|atk|1","|-boost|p2a: Scrafty|spe|1","|move|p1a: Gourgeist-Super|Leech Seed|p2a: Scrafty","|-start|p2a: Scrafty|move: Leech Seed","|","|-heal|p1a: Gourgeist-Super|257/373|[from] item: Leftovers","|-damage|p2a: Scrafty|205/271 brn|[from] Leech Seed|[of] p1a: Gourgeist-Super","|-heal|p1a: Gourgeist-Super|290/373|[silent]","|-damage|p2a: Scrafty|172/271 brn|[from] brn","|turn|4","|","|move|p2a: Scrafty|Crunch|p1a: Gourgeist-Super","|-supereffective|p1a: Gourgeist-Super","|-damage|p1a: Gourgeist-Super|118/373","|-unboost|p1a: Gourgeist-Super|def|1","|move|p1a: Gourgeist-Super|Synthesis|p1a: Gourgeist-Super","|-heal|p1a: Gourgeist-Super|304/373","|","|-activate|p2a: Scrafty|ability: Shed Skin","|-curestatus|p2a: Scrafty|brn","|-heal|p1a: Gourgeist-Super|327/373|[from] item: Leftovers","|-damage|p2a: Scrafty|139/271|[from] Leech Seed|[of] p1a: Gourgeist-Super","|-heal|p1a: Gourgeist-Super|360/373|[silent]","|turn|5","|","|move|p2a: Scrafty|Crunch|p1a: Gourgeist-Super","|-supereffective|p1a: Gourgeist-Super","|-damage|p1a: Gourgeist-Super|0 fnt","|faint|p1a: Gourgeist-Super","|","|","|switch|p1a: Aegislash|Aegislash, M|323/323","|turn|6","|","|move|p1a: Aegislash|King's Shield|p1a: Aegislash","|-singleturn|p1a: Aegislash|Protect","|move|p2a: Scrafty|Crunch|p1a: Aegislash","|-activate|p1a: Aegislash|Protect","|-unboost|p2a: Scrafty|atk|2","|","|-damage|p2a: Scrafty|106/271|[from] Leech Seed|[of] p1a: Aegislash","|turn|7","|","|move|p2a: Scrafty|Crunch|p1a: Aegislash","|-supereffective|p1a: Aegislash","|-damage|p1a: Aegislash|153/323","|move|p1a: Aegislash|Substitute|p1a: Aegislash","|-start|p1a: Aegislash|Substitute","|-damage|p1a: Aegislash|73/323","|","|-heal|p1a: Aegislash|93/323|[from] item: Leftovers","|-damage|p2a: Scrafty|73/271|[from] Leech Seed|[of] p1a: Aegislash","|-heal|p1a: Aegislash|126/323|[silent]","|turn|8","|","|move|p1a: Aegislash|King's Shield|p1a: Aegislash","|-singleturn|p1a: Aegislash|Protect","|move|p2a: Scrafty|Dragon Dance|p2a: Scrafty","|-boost|p2a: Scrafty|atk|1","|-boost|p2a: Scrafty|spe|1","|","|-heal|p1a: Aegislash|146/323|[from] item: Leftovers","|-damage|p2a: Scrafty|40/271|[from] Leech Seed|[of] p1a: Aegislash","|-heal|p1a: Aegislash|179/323|[silent]","|turn|9","|","|move|p2a: Scrafty|Crunch|p1a: Aegislash","|-supereffective|p1a: Aegislash","|-end|p1a: Aegislash|Substitute","|-formechange|p1a: Aegislash|Aegislash-Blade","|move|p1a: Aegislash|Flash Cannon|p2a: Scrafty","|-damage|p2a: Scrafty|0 fnt","|faint|p2a: Scrafty","|","|-heal|p1a: Aegislash|199/323|[from] item: Leftovers","|","|switch|p2a: Infernape|Infernape, F|293/293","|turn|10","|","|switch|p1a: Jellicent|Jellicent, M|404/404","|move|p2a: Infernape|Overheat|p1a: Jellicent","|-resisted|p1a: Jellicent","|-damage|p1a: Jellicent|318/404","|-unboost|p2a: Infernape|spa|2","|-damage|p2a: Infernape|264/293|[from] item: Life Orb","|","|-heal|p1a: Jellicent|343/404|[from] item: Leftovers","|turn|11","|","|move|p2a: Infernape|U-turn|p1a: Jellicent","|-resisted|p1a: Jellicent","|-damage|p1a: Jellicent|283/404","|-damage|p2a: Infernape|235/293|[from] item: Life Orb","|","|switch|p2a: Keldeo-Resolute|Keldeo-Resolute|323/323","|move|p1a: Jellicent|Acid Armor|p1a: Jellicent","|-boost|p1a: Jellicent|def|2","|","|-heal|p1a: Jellicent|308/404|[from] item: Leftovers","|turn|12","|","|move|p2a: Keldeo-Resolute|Calm Mind|p2a: Keldeo-Resolute","|-boost|p2a: Keldeo-Resolute|spa|1","|-boost|p2a: Keldeo-Resolute|spd|1","|move|p1a: Jellicent|Toxic|p2a: Keldeo-Resolute","|-status|p2a: Keldeo-Resolute|tox","|","|-heal|p1a: Jellicent|333/404|[from] item: Leftovers","|-damage|p2a: Keldeo-Resolute|303/323 tox|[from] psn","|turn|13","|","|move|p2a: Keldeo-Resolute|Calm Mind|p2a: Keldeo-Resolute","|-boost|p2a: Keldeo-Resolute|spa|1","|-boost|p2a: Keldeo-Resolute|spd|1","|move|p1a: Jellicent|Scald|p2a: Keldeo-Resolute","|-resisted|p2a: Keldeo-Resolute","|-damage|p2a: Keldeo-Resolute|282/323 tox","|","|-heal|p2a: Keldeo-Resolute|302/323 tox|[from] item: Leftovers","|-heal|p1a: Jellicent|358/404|[from] item: Leftovers","|-damage|p2a: Keldeo-Resolute|262/323 tox|[from] psn","|turn|14","|","|move|p2a: Keldeo-Resolute|Hydro Pump|p1a: Jellicent","|-heal|p1a: Jellicent|404/404|[from] ability: Water Absorb|[of] p2a: Keldeo-Resolute","|move|p1a: Jellicent|Recover|p1a: Jellicent","|-fail|p1a: Jellicent","|","|-heal|p2a: Keldeo-Resolute|282/323 tox|[from] item: Leftovers","|-damage|p2a: Keldeo-Resolute|222/323 tox|[from] psn","|turn|15","|","|switch|p2a: Hawlucha|Hawlucha, F|297/297","|move|p1a: Jellicent|Acid Armor|p1a: Jellicent","|-boost|p1a: Jellicent|def|2","|","|turn|16","|","|move|p2a: Hawlucha|Encore|p1a: Jellicent","|-start|p1a: Jellicent|Encore","|move|p1a: Jellicent|Acid Armor|p1a: Jellicent","|-boost|p1a: Jellicent|def|2","|","|turn|17","|","|switch|p2a: Lucario|Lucario, M|281/281","|-item|p2a: Lucario|Air Balloon","|switch|p1a: Aegislash|Aegislash, M|199/323","|","|-heal|p1a: Aegislash|219/323|[from] item: Leftovers","|turn|18","|","|move|p2a: Lucario|Nasty Plot|p2a: Lucario","|-boost|p2a: Lucario|spa|2","|move|p1a: Aegislash|Substitute|p1a: Aegislash","|-start|p1a: Aegislash|Substitute","|-damage|p1a: Aegislash|139/323","|","|-heal|p1a: Aegislash|159/323|[from] item: Leftovers","|turn|19","|","|move|p2a: Lucario|Dark Pulse|p1a: Aegislash","|-supereffective|p1a: Aegislash","|-end|p1a: Aegislash|Substitute","|-formechange|p1a: Aegislash|Aegislash-Blade","|move|p1a: Aegislash|Flash Cannon|p2a: Lucario","|-resisted|p2a: Lucario","|-damage|p2a: Lucario|175/281","|-enditem|p2a: Lucario|Air Balloon","|","|-heal|p1a: Aegislash|179/323|[from] item: Leftovers","|turn|20","|","|-formechange|p1a: Aegislash|Aegislash","|move|p1a: Aegislash|King's Shield|p1a: Aegislash","|-singleturn|p1a: Aegislash|Protect","|move|p2a: Lucario|Dark Pulse|p1a: Aegislash","|-activate|p1a: Aegislash|Protect","|","|-heal|p1a: Aegislash|199/323|[from] item: Leftovers","|turn|21","|","|move|p2a: Lucario|Dark Pulse|p1a: Aegislash","|-supereffective|p1a: Aegislash","|-damage|p1a: Aegislash|0 fnt","|faint|p1a: Aegislash","|","|","|switch|p1a: Gengar|Gengar, F, shiny|261/261","|turn|22","|","|move|p1a: Gengar|Shadow Ball|p2a: Lucario","|-damage|p2a: Lucario|0 fnt","|faint|p2a: Lucario","|","|","|switch|p2a: Infernape|Infernape, F|235/293","|turn|23","|","|switch|p1a: Jellicent|Jellicent, M|404/404","|move|p2a: Infernape|Overheat|p1a: Jellicent","|-resisted|p1a: Jellicent","|-damage|p1a: Jellicent|325/404","|-unboost|p2a: Infernape|spa|2","|-damage|p2a: Infernape|206/293|[from] item: Life Orb","|","|-heal|p1a: Jellicent|350/404|[from] item: Leftovers","|turn|24","|","|switch|p2a: Hawlucha|Hawlucha, F|297/297","|move|p1a: Jellicent|Acid Armor|p1a: Jellicent","|-boost|p1a: Jellicent|def|2","|","|-heal|p1a: Jellicent|375/404|[from] item: Leftovers","|turn|25","|","|move|p2a: Hawlucha|Encore|p1a: Jellicent","|-start|p1a: Jellicent|Encore","|move|p1a: Jellicent|Acid Armor|p1a: Jellicent","|-boost|p1a: Jellicent|def|2","|","|-heal|p1a: Jellicent|400/404|[from] item: Leftovers","|turn|26","|","|switch|p2a: Hitmonlee|Hitmonlee, M|241/241","|move|p1a: Jellicent|Acid Armor|p1a: Jellicent","|-boost|p1a: Jellicent|def|2","|","|-heal|p1a: Jellicent|404/404|[from] item: Leftovers","|turn|27","|","|move|p2a: Hitmonlee|Knock Off|p1a: Jellicent","|-supereffective|p1a: Jellicent","|-damage|p1a: Jellicent|318/404","|-enditem|p1a: Jellicent|Leftovers|[from] move: Knock Off|[of] p2a: Hitmonlee","|move|p1a: Jellicent|Acid Armor|p1a: Jellicent","|-fail|p1a: Jellicent","|","|-end|p1a: Jellicent|Encore","|turn|28","|","|move|p2a: Hitmonlee|Endure|p2a: Hitmonlee","|-singleturn|p2a: Hitmonlee|move: Endure","|move|p1a: Jellicent|Scald|p2a: Hitmonlee","|-damage|p2a: Hitmonlee|165/241","|","|turn|29","|","|switch|p2a: Hawlucha|Hawlucha, F|297/297","|move|p1a: Jellicent|Scald|p2a: Hawlucha","|-damage|p2a: Hawlucha|176/297","|","|-heal|p2a: Hawlucha|194/297|[from] item: Leftovers","|turn|30","|","|move|p2a: Hawlucha|Iron Head|p1a: Jellicent","|-resisted|p1a: Jellicent","|-damage|p1a: Jellicent|305/404","|cant|p1a: Jellicent|flinch","|","|-heal|p2a: Hawlucha|212/297|[from] item: Leftovers","|turn|31","|","|win|Emg kess"],"p1rating":{"entryid":"7322121","serverid":"eos","formatid":"monotype","userid":"emgkess","username":"Emg kess","w":7,"l":"5","t":"0","gxe":52.6,"r":1505.131380131,"rd":85.317131699771,"sigma":"0","rptime":1438678800,"rpr":1520.1452001691,"rprd":83.030277481124,"rpsigma":"0","acre":1119.0550490986,"lacre":1119.0550490986,"oldacre":"1094.6993676083"},"p2rating":{"entryid":"6687630","serverid":"eos","formatid":"monotype","userid":"sovereignmarcuz","username":"Sovereign♕Marcuz","w":"38","l":60,"t":"0","gxe":39.1,"r":"1420.7666915814","rd":"44.240756846568","sigma":"0","rptime":"1438678800","rpr":1416.3756525161,"rprd":42.533105188161,"rpsigma":"0","acre":1055.1861470113,"lacre":1055.1861470113,"oldacre":"1075.2916669394"},"endType":"forfeit"}