{"seed":[21044,51226,7877,33648],"turns":36,"p1":"DJMadness","p2":"CR3EPS","p1team":[{"name":"The Legend","species":"aegislash","item":"lumberry","ability":"Stance Change","moves":["kingsshield","swordsdance","ironhead","shadowsneak"],"nature":"Adamant","evs":{"hp":252,"atk":252,"def":0,"spa":0,"spd":4,"spe":0},"gender":"M","shiny":true,"ivs":{"hp":31,"atk":31,"def":31,"spa":31,"spd":31,"spe":31}},{"name":"Jellyfish","species":"jellicent","item":"leftovers","ability":"Water Absorb","moves":["recover","willowisp","scald","toxic"],"nature":"Calm","evs":{"hp":252,"atk":0,"def":4,"spa":0,"spd":252,"spe":0},"gender":"F","shiny":true,"ivs":{"hp":31,"atk":31,"def":31,"spa":31,"spd":31,"spe":31}},{"name":"Spooky","species":"gourgeistsuper","item":"sitrusberry","ability":"Frisk","moves":["leechseed","willowisp","protect","explosion"],"nature":"Bold","evs":{"hp":252,"atk":0,"def":252,"spa":0,"spd":4,"spe":0},"gender":"F","shiny":true,"ivs":{"hp":31,"atk":31,"def":31,"spa":31,"spd":31,"spe":31}},{"name":"Sup Bru","species":"sableye","item":"sablenite","ability":"Prankster","moves":["willowisp","calmmind","recover","snarl"],"nature":"Bold","evs":{"hp":252,"atk":0,"def":252,"spa":4,"spd":0,"spe":0},"gender":"M","shiny":true,"ivs":{"hp":31,"atk":31,"def":31,"spa":31,"spd":31,"spe":31}},{"name":"Smiley","species":"gengar","item":"choicespecs","ability":"Levitate","moves":["shadowball","sludgewave","psychic","energyball"],"nature":"Timid","evs":{"hp":0,"atk":0,"def":0,"spa":252,"spd":4,"spe":252},"gender":"M","shiny":true,"ivs":{"hp":31,"atk":31,"def":31,"spa":31,"spd":31,"spe":31}},{"name":"The Champ","species":"golurk","item":"assaultvest","ability":"No Guard","moves":["dynamicpunch","stoneedge","icepunch","earthquake"],"nature":"Adamant","evs":{"hp":252,"atk":252,"def":0,"spa":0,"spd":4,"spe":0},"shiny":true,"ivs":{"hp":31,"atk":31,"def":31,"spa":31,"spd":31,"spe":31}}],"p2team":[{"name":"Bull on Parade","species":"terrakion","item":"choicescarf","ability":"Justified","moves":["rockslide","poisonjab","closecombat","earthquake"],"nature":"Jolly","evs":{"hp":0,"atk":252,"def":0,"spa":0,"spd":4,"spe":252},"ivs":{"hp":31,"atk":31,"def":31,"spa":31,"spd":31,"spe":31}},{"name":"OMG MLP GUIS XD","species":"keldeo","item":"choicespecs","ability":"Justified","moves":["scald","icywind","hiddenpowergrass","secretsword"],"nature":"Timid","evs":{"hp":0,"atk":0,"def":0,"spa":252,"spd":4,"spe":252},"ivs":{"hp":31,"atk":30,"def":31,"spa":30,"spd":31,"spe":31}},{"name":"THE PEOPLE'S ELBOW","species":"gallade","item":"galladite","ability":"Justified","moves":["knockoff","psychocut","drainpunch","swordsdance"],"nature":"Jolly","evs":{"hp":0,"atk":252,"def":0,"spa":0,"spd":4,"spe":252},"ivs":{"hp":31,"atk":31,"def":31,"spa":31,"spd":31,"spe":31}},{"name":"The Reverse","species":"cobalion","item":"leftovers","ability":"Justified","moves":["flashcannon","thunderwave","voltswitch","stealthrock"],"nature":"Timid","evs":{"hp":252,"atk":0,"def":0,"spa":4,"spd":0,"spe":252},"ivs":{"hp":31,"atk":31,"def":31,"spa":31,"spd":31,"spe":31}},{"name":"Kronk.","species":"conkeldurr","item":"assaultvest","ability":"Guts","moves":["drainpunch","knockoff","machpunch","firepunch"],"nature":"Adamant","evs":{"hp":200,"atk":252,"def":0,"spa":0,"spd":0,"spe":56},"ivs":{"hp":31,"atk":31,"def":31,"spa":31,"spd":31,"spe":31}},{"name":"LOS TIBURON","species":"hawlucha","item":"sitrusberry","ability":"Unburden","moves":["swordsdance","highjumpkick","acrobatics","substitute"],"nature":"Jolly","evs":{"hp":4,"atk":252,"def":0,"spa":0,"spd":0,"spe":252},"ivs":{"hp":29,"atk":31,"def":31,"spa":31,"spd":31,"spe":31}}],"log":["|player|p1|DJMadness|92","|player|p2|CR3EPS|2","|gametype|singles","|gen|6","|tier|Monotype","|rated","|rule|Baton Pass Clause: Limit one Baton Passer, can't pass Spe and other stats simultaneously","|rule|Swagger Clause: Swagger is banned","|rule|Same Type Clause: Pokémon in a team must share a type","|clearpoke","|poke|p1|Aegislash, M, shiny","|poke|p1|Jellicent, F, shiny","|poke|p1|Gourgeist-*, F, shiny","|poke|p1|Sableye, M, shiny","|poke|p1|Gengar, M, shiny","|poke|p1|Golurk, shiny","|poke|p2|Terrakion","|poke|p2|Keldeo","|poke|p2|Gallade, M","|poke|p2|Cobalion","|poke|p2|Conkeldurr, F","|poke|p2|Hawlucha, M","|rule|Sleep Clause Mod: Limit one foe put to sleep","|rule|Species Clause: Limit one of each Pokémon","|rule|OHKO Clause: OHKO moves are banned","|rule|Moody Clause: Moody is banned","|rule|Evasion Moves Clause: Evasion moves are banned","|rule|Endless Battle Clause: Forcing endless battles is banned","|rule|HP Percentage Mod: HP is shown in percentages","|teampreview","|","|start","|switch|p1a: Smiley|Gengar, M, shiny|261/261","|switch|p2a: The Reverse|Cobalion|386/386","|turn|1","|","|move|p1a: Smiley|Shadow Ball|p2a: The Reverse","|-damage|p2a: The Reverse|115/386","|move|p2a: The Reverse|Thunder Wave|p1a: Smiley","|-status|p1a: Smiley|par","|","|-heal|p2a: The Reverse|139/386|[from] item: Leftovers","|turn|2","|","|move|p2a: The Reverse|Stealth Rock|p1a: Smiley","|-sidestart|p1: DJMadness|move: Stealth Rock","|move|p1a: Smiley|Shadow Ball|p2a: The Reverse","|-damage|p2a: The Reverse|0 fnt","|faint|p2a: The Reverse","|","|","|switch|p2a: Kronk.|Conkeldurr, F|401/401","|turn|3","|","|move|p2a: Kronk.|Knock Off|p1a: Smiley","|-supereffective|p1a: Smiley","|-damage|p1a: Smiley|0 fnt","|-enditem|p1a: Smiley|Choice Specs|[from] move: Knock Off|[of] p2a: Kronk.","|faint|p1a: Smiley","|","|","|switch|p1a: The Legend|Aegislash, M, shiny|324/324","|-damage|p1a: The Legend|304/324|[from] Stealth Rock","|turn|4","|","|switch|p2a: OMG MLP GUIS XD|Keldeo|323/323","|move|p1a: The Legend|King's Shield|p1a: The Legend","|-fail|p1a: The Legend","|","|turn|5","|","|switch|p1a: Jellyfish|Jellicent, F, shiny|404/404","|-damage|p1a: Jellyfish|354/404|[from] Stealth Rock","|move|p2a: OMG MLP GUIS XD|Scald|p1a: Jellyfish","|-heal|p1a: Jellyfish|404/404|[from] ability: Water Absorb|[of] p2a: OMG MLP GUIS XD","|","|turn|6","|","|switch|p2a: Kronk.|Conkeldurr, F|401/401","|move|p1a: Jellyfish|Toxic|p2a: Kronk.","|-status|p2a: Kronk.|tox","|","|-damage|p2a: Kronk.|376/401 tox|[from] psn","|turn|7","|","|move|p1a: Jellyfish|Recover|p1a: Jellyfish","|-fail|p1a: Jellyfish","|move|p2a: Kronk.|Knock Off|p1a: Jellyfish","|-supereffective|p1a: Jellyfish","|-damage|p1a: Jellyfish|0 fnt","|-enditem|p1a: Jellyfish|Leftovers|[from] move: Knock Off|[of] p2a: Kronk.","|faint|p1a: Jellyfish","|","|-damage|p2a: Kronk.|326/401 tox|[from] psn","|","|switch|p1a: The Legend|Aegislash, M, shiny|304/324","|-damage|p1a: The Legend|284/324|[from] Stealth Rock","|turn|8","|","|move|p1a: The Legend|Swords Dance|p1a: The Legend","|-boost|p1a: The Legend|atk|2","|move|p2a: Kronk.|Drain Punch|p1a: The Legend","|-immune|p1a: The Legend|[msg]","|","|-damage|p2a: Kronk.|251/401 tox|[from] psn","|turn|9","|","|move|p1a: The Legend|King's Shield|p1a: The Legend","|-singleturn|p1a: The Legend|Protect","|move|p2a: Kronk.|Knock Off|p1a: The Legend","|-activate|p1a: The Legend|Protect","|-unboost|p2a: Kronk.|atk|2","|","|-damage|p2a: Kronk.|151/401 tox|[from] psn","|turn|10","|","|-formechange|p1a: The Legend|Aegislash-Blade","|move|p1a: The Legend|Shadow Sneak|p2a: Kronk.","|-damage|p2a: Kronk.|0 fnt","|faint|p2a: Kronk.","|","|","|switch|p2a: OMG MLP GUIS XD|Keldeo|323/323","|turn|11","|","|-formechange|p1a: The Legend|Aegislash","|move|p1a: The Legend|King's Shield|p1a: The Legend","|-singleturn|p1a: The Legend|Protect","|move|p2a: OMG MLP GUIS XD|Scald|p1a: The Legend","|-activate|p1a: The Legend|Protect","|","|turn|12","|","|move|p2a: OMG MLP GUIS XD|Scald|p1a: The Legend","|-damage|p1a: The Legend|146/324","|move|p1a: The Legend|Swords Dance|p1a: The Legend","|-boost|p1a: The Legend|atk|2","|","|turn|13","|","|-formechange|p1a: The Legend|Aegislash-Blade","|move|p1a: The Legend|Shadow Sneak|p2a: OMG MLP GUIS XD","|-damage|p2a: OMG MLP GUIS XD|61/323","|move|p2a: OMG MLP GUIS XD|Scald|p1a: The Legend","|-damage|p1a: The Legend|0 fnt","|faint|p1a: The Legend","|","|","|switch|p1a: Spooky|Gourgeist-Super, F, shiny|374/374","|-damage|p1a: Spooky|328/374|[from] Stealth Rock","|-item|p2a: OMG MLP GUIS XD|Choice Specs|[from] ability: Frisk|[of] p1a: Spooky|[identify]","|turn|14","|","|switch|p2a: Bull on Parade|Terrakion|323/323","|move|p1a: Spooky|Will-O-Wisp|p2a: Bull on Parade","|-status|p2a: Bull on Parade|brn","|","|-damage|p2a: Bull on Parade|283/323 brn|[from] brn","|turn|15","|","|move|p2a: Bull on Parade|Rock Slide|p1a: Spooky","|-damage|p1a: Spooky|286/374","|move|p1a: Spooky|Leech Seed|p2a: Bull on Parade","|-start|p2a: Bull on Parade|move: Leech Seed","|","|-damage|p2a: Bull on Parade|243/323 brn|[from] Leech Seed|[of] p1a: Spooky","|-heal|p1a: Spooky|326/374|[silent]","|-damage|p2a: Bull on Parade|203/323 brn|[from] brn","|turn|16","|","|move|p1a: Spooky|Protect|p1a: Spooky","|-singleturn|p1a: Spooky|Protect","|move|p2a: Bull on Parade|Rock Slide|p1a: Spooky","|-activate|p1a: Spooky|Protect","|","|-damage|p2a: Bull on Parade|163/323 brn|[from] Leech Seed|[of] p1a: Spooky","|-heal|p1a: Spooky|366/374|[silent]","|-damage|p2a: Bull on Parade|123/323 brn|[from] brn","|turn|17","|","|move|p2a: Bull on Parade|Rock Slide|p1a: Spooky","|-damage|p1a: Spooky|322/374","|move|p1a: Spooky|Will-O-Wisp|p2a: Bull on Parade","|-fail|p2a: Bull on Parade|brn","|","|-damage|p2a: Bull on Parade|83/323 brn|[from] Leech Seed|[of] p1a: Spooky","|-heal|p1a: Spooky|362/374|[silent]","|-damage|p2a: Bull on Parade|43/323 brn|[from] brn","|turn|18","|","|move|p1a: Spooky|Protect|p1a: Spooky","|-singleturn|p1a: Spooky|Protect","|move|p2a: Bull on Parade|Rock Slide|p1a: Spooky","|-activate|p1a: Spooky|Protect","|","|-damage|p2a: Bull on Parade|3/323 brn|[from] Leech Seed|[of] p1a: Spooky","|-heal|p1a: Spooky|374/374|[silent]","|-damage|p2a: Bull on Parade|0 fnt|[from] brn","|faint|p2a: Bull on Parade","|","|switch|p2a: LOS TIBURON|Hawlucha, M|296/296","|turn|19","|","|move|p2a: LOS TIBURON|Substitute|p2a: LOS TIBURON","|-start|p2a: LOS TIBURON|Substitute","|-damage|p2a: LOS TIBURON|222/296","|move|p1a: Spooky|Will-O-Wisp|p2a: LOS TIBURON","|-fail|p2a: LOS TIBURON","|","|turn|20","|","|switch|p1a: The Champ|Golurk, shiny|382/382","|-damage|p1a: The Champ|359/382|[from] Stealth Rock","|move|p2a: LOS TIBURON|Swords Dance|p2a: LOS TIBURON","|-boost|p2a: LOS TIBURON|atk|2","|","|turn|21","|","|move|p2a: LOS TIBURON|Swords Dance|p2a: LOS TIBURON","|-boost|p2a: LOS TIBURON|atk|2","|move|p1a: The Champ|Stone Edge|p2a: LOS TIBURON","|-end|p2a: LOS TIBURON|Substitute","|","|turn|22","|","|move|p2a: LOS TIBURON|Substitute|p2a: LOS TIBURON","|-start|p2a: LOS TIBURON|Substitute","|-damage|p2a: LOS TIBURON|148/296","|-enditem|p2a: LOS TIBURON|Sitrus Berry|[eat]","|-heal|p2a: LOS TIBURON|222/296|[from] item: Sitrus Berry","|move|p1a: The Champ|Stone Edge|p2a: LOS TIBURON","|-end|p2a: LOS TIBURON|Substitute","|","|turn|23","|","|move|p2a: LOS TIBURON|Substitute|p2a: LOS TIBURON","|-start|p2a: LOS TIBURON|Substitute","|-damage|p2a: LOS TIBURON|148/296","|move|p1a: The Champ|Stone Edge|p2a: LOS TIBURON","|-end|p2a: LOS TIBURON|Substitute","|","|turn|24","|","|move|p2a: LOS TIBURON|Substitute|p2a: LOS TIBURON","|-start|p2a: LOS TIBURON|Substitute","|-damage|p2a: LOS TIBURON|74/296","|move|p1a: The Champ|Stone Edge|p2a: LOS TIBURON","|-end|p2a: LOS TIBURON|Substitute","|","|turn|25","|","|move|p2a: LOS TIBURON|Acrobatics|p1a: The Champ","|-damage|p1a: The Champ|0 fnt","|faint|p1a: The Champ","|","|","|switch|p1a: Sup Bru|Sableye, M, shiny|304/304","|-damage|p1a: Sup Bru|266/304|[from] Stealth Rock","|turn|26","|","|detailschange|p1a: Sup Bru|Sableye-Mega, M, shiny","|-mega|p1a: Sup Bru|Sableye|Sablenite","|move|p1a: Sup Bru|Will-O-Wisp|p2a: LOS TIBURON","|-status|p2a: LOS TIBURON|brn","|move|p2a: LOS TIBURON|Acrobatics|p1a: Sup Bru","|-damage|p1a: Sup Bru|128/304","|","|-damage|p2a: LOS TIBURON|37/296 brn|[from] brn","|turn|27","|","|move|p2a: LOS TIBURON|Acrobatics|p1a: Sup Bru","|-damage|p1a: Sup Bru|0 fnt","|faint|p1a: Sup Bru","|","|-damage|p2a: LOS TIBURON|0 fnt|[from] brn","|faint|p2a: LOS TIBURON","|","|switch|p2a: OMG MLP GUIS XD|Keldeo|61/323","|switch|p1a: Spooky|Gourgeist-Super, F, shiny|374/374","|-damage|p1a: Spooky|328/374|[from] Stealth Rock","|-item|p2a: OMG MLP GUIS XD|Choice Specs|[from] ability: Frisk|[of] p1a: Spooky|[identify]","|turn|28","|","|move|p1a: Spooky|Protect|p1a: Spooky","|-singleturn|p1a: Spooky|Protect","|move|p2a: OMG MLP GUIS XD|Icy Wind|p1a: Spooky","|-activate|p1a: Spooky|Protect","|","|turn|29","|","|move|p2a: OMG MLP GUIS XD|Icy Wind|p1a: Spooky","|-supereffective|p1a: Spooky","|-damage|p1a: Spooky|70/374","|-unboost|p1a: Spooky|spe|1","|-enditem|p1a: Spooky|Sitrus Berry|[eat]","|-heal|p1a: Spooky|163/374|[from] item: Sitrus Berry","|move|p1a: Spooky|Leech Seed|p2a: OMG MLP GUIS XD","|-start|p2a: OMG MLP GUIS XD|move: Leech Seed","|","|-damage|p2a: OMG MLP GUIS XD|21/323|[from] Leech Seed|[of] p1a: Spooky","|-heal|p1a: Spooky|203/374|[silent]","|turn|30","|","|switch|p2a: THE PEOPLE'S ELBOW|Gallade, M|277/277","|move|p1a: Spooky|Protect|p1a: Spooky","|-fail|p1a: Spooky","|","|turn|31","|","|detailschange|p2a: THE PEOPLE'S ELBOW|Gallade-Mega, M","|-mega|p2a: THE PEOPLE'S ELBOW|Gallade|Galladite","|move|p2a: THE PEOPLE'S ELBOW|Knock Off|p1a: Spooky","|-supereffective|p1a: Spooky","|-damage|p1a: Spooky|91/374","|move|p1a: Spooky|Will-O-Wisp|p2a: THE PEOPLE'S ELBOW","|-status|p2a: THE PEOPLE'S ELBOW|brn","|","|-damage|p2a: THE PEOPLE'S ELBOW|243/277 brn|[from] brn","|turn|32","|","|move|p2a: THE PEOPLE'S ELBOW|Swords Dance|p2a: THE PEOPLE'S ELBOW","|-boost|p2a: THE PEOPLE'S ELBOW|atk|2","|move|p1a: Spooky|Leech Seed|p2a: THE PEOPLE'S ELBOW","|-start|p2a: THE PEOPLE'S ELBOW|move: Leech Seed","|","|-damage|p2a: THE PEOPLE'S ELBOW|209/277 brn|[from] Leech Seed|[of] p1a: Spooky","|-heal|p1a: Spooky|125/374|[silent]","|-damage|p2a: THE PEOPLE'S ELBOW|175/277 brn|[from] brn","|turn|33","|","|move|p2a: THE PEOPLE'S ELBOW|Knock Off|p1a: Spooky","|-supereffective|p1a: Spooky","|-damage|p1a: Spooky|8/374","|move|p1a: Spooky|Leech Seed|p2a: THE PEOPLE'S ELBOW","|-fail|p2a: THE PEOPLE'S ELBOW","|","|-damage|p2a: THE PEOPLE'S ELBOW|141/277 brn|[from] Leech Seed|[of] p1a: Spooky","|-heal|p1a: Spooky|42/374|[silent]","|-damage|p2a: THE PEOPLE'S ELBOW|107/277 brn|[from] brn","|turn|34","|","|move|p1a: Spooky|Protect|p1a: Spooky","|-singleturn|p1a: Spooky|Protect","|move|p2a: THE PEOPLE'S ELBOW|Knock Off|p1a: Spooky","|-activate|p1a: Spooky|Protect","|","|-damage|p2a: THE PEOPLE'S ELBOW|73/277 brn|[from] Leech Seed|[of] p1a: Spooky","|-heal|p1a: Spooky|76/374|[silent]","|-damage|p2a: THE PEOPLE'S ELBOW|39/277 brn|[from] brn","|turn|35","|","|move|p1a: Spooky|Protect|p1a: Spooky","|-singleturn|p1a: Spooky|Protect","|move|p2a: THE PEOPLE'S ELBOW|Knock Off|p1a: Spooky","|-activate|p1a: Spooky|Protect","|","|-damage|p2a: THE PEOPLE'S ELBOW|5/277 brn|[from] Leech Seed|[of] p1a: Spooky","|-heal|p1a: Spooky|110/374|[silent]","|-damage|p2a: THE PEOPLE'S ELBOW|0 fnt|[from] brn","|faint|p2a: THE PEOPLE'S ELBOW","|","|switch|p2a: OMG MLP GUIS XD|Keldeo|21/323","|turn|36","|","|move|p2a: OMG MLP GUIS XD|Icy Wind|p1a: Spooky","|-supereffective|p1a: Spooky","|-damage|p1a: Spooky|0 fnt","|faint|p1a: Spooky","|","|win|CR3EPS"],"p1rating":{"entryid":"7355209","serverid":"eos","formatid":"monotype","userid":"djmadness","username":"DJMadness","w":"19","l":21,"t":"0","gxe":47.7,"r":"1485.9320494043","rd":"56.96993314407","sigma":"0","rptime":"1438765200","rpr":1482.6506882618,"rprd":56.536347516441,"rpsigma":"0","acre":1125.5556655583,"lacre":1125.5556655583,"oldacre":"1135.38824839"},"p2rating":{"entryid":"5864923","serverid":"eos","formatid":"monotype","userid":"cr3eps","username":"CR3EPS","w":33,"l":"6","t":"0","gxe":79.3,"r":"1752.303543487","rd":"62.124152007995","sigma":"0","rptime":"1438765200","rpr":1756.1914263068,"rprd":61.561402676587,"rpsigma":"0","acre":1387.7368318908,"lacre":1387.7368318908,"oldacre":"1379.8707656254"},"endType":"normal"}