{"seed":[28098,37463,45713,2238],"turns":71,"p1":"Guard Wanderer","p2":"Erebus Kj","p1team":[{"name":"Weezing","species":"Weezing","item":"sitrusberry","ability":"Levitate","moves":["toxicspikes","willowisp","memento","thief"],"nature":"Careful","evs":{"hp":248,"atk":8,"def":0,"spa":0,"spd":252,"spe":0},"ivs":{"hp":31,"atk":31,"def":31,"spa":31,"spd":31,"spe":31}},{"name":"Tentacruel","species":"Tentacruel","item":"assaultvest","ability":"Liquid Ooze","moves":["scald","acidspray","gigadrain","hex"],"nature":"Timid","evs":{"hp":0,"atk":0,"def":4,"spa":252,"spd":0,"spe":252},"ivs":{"hp":31,"atk":31,"def":31,"spa":31,"spd":31,"spe":31}},{"name":"Skuntank","species":"Skuntank","item":"","ability":"Stench","moves":["snatch","thief","suckerpunch","poisonjab"],"nature":"Adamant","evs":{"hp":248,"atk":252,"def":0,"spa":0,"spd":8,"spe":0},"ivs":{"hp":31,"atk":31,"def":31,"spa":31,"spd":31,"spe":31}},{"name":"Crobat","species":"Crobat","item":"whiteherb","ability":"Infiltrator","moves":["curse","acrobatics","roost","hypnosis"],"nature":"Jolly","evs":{"hp":248,"atk":8,"def":0,"spa":0,"spd":0,"spe":252},"ivs":{"hp":31,"atk":31,"def":31,"spa":31,"spd":31,"spe":31}},{"name":"Gengar","species":"Gengar","item":"choicescarf","ability":"Levitate","moves":["trick","destinybond","venoshock","hex"],"nature":"Timid","evs":{"hp":0,"atk":0,"def":0,"spa":252,"spd":4,"spe":252},"ivs":{"hp":31,"atk":31,"def":31,"spa":31,"spd":31,"spe":31}},{"name":"Amoonguss","species":"Amoonguss","item":"blacksludge","ability":"Regenerator","moves":["spore","gigadrain","gastroacid","stunspore"],"nature":"Calm","evs":{"hp":248,"atk":0,"def":0,"spa":8,"spd":252,"spe":0},"shiny":true,"ivs":{"hp":31,"atk":31,"def":31,"spa":31,"spd":31,"spe":31}}],"p2team":[{"name":"Nidoking","species":"Nidoking","item":"choicescarf","ability":"Sheer Force","moves":["earthpower","sludgewave","icebeam","thunderbolt"],"nature":"Modest","evs":{"hp":0,"atk":0,"def":0,"spa":252,"spd":4,"spe":252},"ivs":{"hp":31,"atk":31,"def":31,"spa":31,"spd":31,"spe":31}},{"name":"Toxicroak","species":"Toxicroak","item":"lifeorb","ability":"Dry Skin","moves":["swordsdance","drainpunch","suckerpunch","icepunch"],"nature":"Adamant","evs":{"hp":28,"atk":252,"def":0,"spa":0,"spd":0,"spe":228},"gender":"M","ivs":{"hp":31,"atk":31,"def":31,"spa":31,"spd":31,"spe":31}},{"name":"I'm a Wall","species":"qwilfish","item":"leftovers","ability":"Intimidate","moves":["thunderwave","destinybond","protect","waterfall"],"nature":"Impish","evs":{"hp":252,"atk":4,"def":252,"spa":0,"spd":0,"spe":0},"gender":"F","ivs":{"hp":31,"atk":30,"def":30,"spa":31,"spd":31,"spe":31},"shiny":true},{"name":"Sȼorpiøn","species":"drapion","item":"choicescarf","ability":"Sniper","moves":["crunch","earthquake","poisonjab","icefang"],"nature":"Jolly","evs":{"hp":4,"atk":252,"def":0,"spa":0,"spd":0,"spe":252},"gender":"F","ivs":{"hp":31,"atk":31,"def":31,"spa":31,"spd":31,"spe":31}},{"name":"Scolipede","species":"Scolipede","item":"payapaberry","ability":"Speed Boost","moves":["swordsdance","megahorn","earthquake","rockslide"],"nature":"Adamant","evs":{"hp":4,"atk":252,"def":0,"spa":0,"spd":0,"spe":252},"gender":"M","shiny":true,"ivs":{"hp":31,"atk":31,"def":31,"spa":31,"spd":31,"spe":31}},{"name":"Tentacruel","species":"Tentacruel","item":"choicescarf","ability":"Liquid Ooze","moves":["hydropump","icebeam","gigadrain","sludgebomb"],"nature":"Timid","evs":{"hp":0,"atk":0,"def":0,"spa":252,"spd":4,"spe":252},"gender":"M","ivs":{"hp":31,"atk":31,"def":31,"spa":31,"spd":31,"spe":31}}],"log":["|player|p1|Guard Wanderer|235","|player|p2|Erebus Kj|68","|gametype|singles","|gen|6","|tier|Monotype","|rated","|rule|Baton Pass Clause: Limit one Baton Passer, can't pass Spe and other stats simultaneously","|rule|Swagger Clause: Swagger is banned","|rule|Same Type Clause: Pokémon in a team must share a type","|clearpoke","|poke|p1|Weezing, M","|poke|p1|Tentacruel, M","|poke|p1|Skuntank, M","|poke|p1|Crobat, F","|poke|p1|Gengar, M","|poke|p1|Amoonguss, M, shiny","|poke|p2|Nidoking, M","|poke|p2|Toxicroak, M","|poke|p2|Qwilfish, F, shiny","|poke|p2|Drapion, F","|poke|p2|Scolipede, M, shiny","|poke|p2|Tentacruel, M","|rule|Sleep Clause Mod: Limit one foe put to sleep","|rule|Species Clause: Limit one of each Pokémon","|rule|OHKO Clause: OHKO moves are banned","|rule|Moody Clause: Moody is banned","|rule|Evasion Moves Clause: Evasion moves are banned","|rule|Endless Battle Clause: Forcing endless battles is banned","|rule|HP Percentage Mod: HP is shown in percentages","|teampreview","|","|start","|switch|p1a: Crobat|Crobat, F|373/373","|switch|p2a: Nidoking|Nidoking, M|303/303","|turn|1","|","|move|p2a: Nidoking|Thunderbolt|p1a: Crobat","|-supereffective|p1a: Crobat","|-damage|p1a: Crobat|99/373","|move|p1a: Crobat|Hypnosis|p2a: Nidoking","|-status|p2a: Nidoking|slp","|","|turn|2","|","|cant|p2a: Nidoking|slp","|move|p1a: Crobat|Curse|p1a: Crobat","|-unboost|p1a: Crobat|spe|1","|-boost|p1a: Crobat|atk|1","|-boost|p1a: Crobat|def|1","|-enditem|p1a: Crobat|White Herb","|-restoreboost|p1a: Crobat|[silent]","|","|turn|3","|","|cant|p2a: Nidoking|slp","|move|p1a: Crobat|Acrobatics|p2a: Nidoking","|-damage|p2a: Nidoking|65/303 slp","|","|turn|4","|","|-curestatus|p2a: Nidoking|slp","|move|p2a: Nidoking|Thunderbolt|p1a: Crobat","|-supereffective|p1a: Crobat","|-damage|p1a: Crobat|0 fnt","|faint|p1a: Crobat","|","|","|switch|p1a: Amoonguss|Amoonguss, M, shiny|431/431","|turn|5","|","|switch|p2a: Tentacruel|Tentacruel, M|301/301","|move|p1a: Amoonguss|Spore|p2a: Tentacruel","|-status|p2a: Tentacruel|slp","|","|turn|6","|","|switch|p2a: I'm a Wall|Qwilfish, F, shiny|334/334","|-ability|p2a: I'm a Wall|Intimidate","|-unboost|p1a: Amoonguss|atk|1","|move|p1a: Amoonguss|Gastro Acid|p2a: I'm a Wall","|-endability|p2a: I'm a Wall","|","|turn|7","|","|move|p2a: I'm a Wall|Thunder Wave|p1a: Amoonguss","|-status|p1a: Amoonguss|par","|cant|p1a: Amoonguss|par","|","|turn|8","|","|move|p2a: I'm a Wall|Protect|p2a: I'm a Wall","|-singleturn|p2a: I'm a Wall|Protect","|cant|p1a: Amoonguss|par","|","|turn|9","|","|switch|p2a: Tentacruel|Tentacruel, M|301/301 slp","|cant|p1a: Amoonguss|par","|","|turn|10","|","|cant|p2a: Tentacruel|slp","|cant|p1a: Amoonguss|par","|","|turn|11","|","|-curestatus|p2a: Tentacruel|slp","|move|p2a: Tentacruel|Ice Beam|p1a: Amoonguss","|-supereffective|p1a: Amoonguss","|-damage|p1a: Amoonguss|303/431 par","|move|p1a: Amoonguss|Gastro Acid|p2a: Tentacruel","|-endability|p2a: Tentacruel","|","|-heal|p1a: Amoonguss|329/431 par|[from] item: Black Sludge","|turn|12","|","|move|p2a: Tentacruel|Ice Beam|p1a: Amoonguss","|-supereffective|p1a: Amoonguss","|-damage|p1a: Amoonguss|195/431 par","|move|p1a: Amoonguss|Stun Spore|p2a: Tentacruel|[miss]","|-miss|p1a: Amoonguss|p2a: Tentacruel","|","|-heal|p1a: Amoonguss|221/431 par|[from] item: Black Sludge","|turn|13","|","|switch|p1a: Tentacruel|Tentacruel, M|301/301","|move|p2a: Tentacruel|Ice Beam|p1a: Tentacruel","|-resisted|p1a: Tentacruel","|-damage|p1a: Tentacruel|281/301","|-status|p1a: Tentacruel|frz","|","|turn|14","|","|switch|p2a: Scolipede|Scolipede, M, shiny|262/262","|-curestatus|p1a: Tentacruel|frz|[from] move: Scald","|move|p1a: Tentacruel|Scald|p2a: Scolipede","|-damage|p2a: Scolipede|121/262","|","|turn|15","|","|switch|p1a: Weezing|Weezing, M|333/333","|move|p2a: Scolipede|Rock Slide|p1a: Weezing","|-damage|p1a: Weezing|257/333","|","|-boost|p2a: Scolipede|spe|1|[from] ability: Speed Boost","|turn|16","|","|switch|p2a: Tentacruel|Tentacruel, M|301/301","|move|p1a: Weezing|Will-O-Wisp|p2a: Tentacruel|[miss]","|-miss|p1a: Weezing|p2a: Tentacruel","|","|turn|17","|","|switch|p2a: Scolipede|Scolipede, M, shiny|121/262","|move|p1a: Weezing|Will-O-Wisp|p2a: Scolipede","|-status|p2a: Scolipede|brn","|","|-damage|p2a: Scolipede|89/262 brn|[from] brn","|turn|18","|","|move|p2a: Scolipede|Swords Dance|p2a: Scolipede","|-boost|p2a: Scolipede|atk|2","|move|p1a: Weezing|Will-O-Wisp|p2a: Scolipede","|-fail|p2a: Scolipede|brn","|","|-damage|p2a: Scolipede|57/262 brn|[from] brn","|-boost|p2a: Scolipede|spe|1|[from] ability: Speed Boost","|turn|19","|","|move|p2a: Scolipede|Rock Slide|p1a: Weezing","|-damage|p1a: Weezing|187/333","|move|p1a: Weezing|Thief|p2a: Scolipede","|-damage|p2a: Scolipede|12/262 brn","|","|-damage|p2a: Scolipede|0 fnt|[from] brn","|faint|p2a: Scolipede","|","|switch|p2a: Tentacruel|Tentacruel, M|301/301","|turn|20","|","|move|p2a: Tentacruel|Hydro Pump|p1a: Weezing","|-damage|p1a: Weezing|54/333","|-enditem|p1a: Weezing|Sitrus Berry|[eat]","|-heal|p1a: Weezing|137/333|[from] item: Sitrus Berry","|move|p1a: Weezing|Will-O-Wisp|p2a: Tentacruel","|-status|p2a: Tentacruel|brn","|","|-damage|p2a: Tentacruel|264/301 brn|[from] brn","|turn|21","|","|switch|p2a: Sȼorpiøn|Drapion, F|282/282","|move|p1a: Weezing|Thief|p2a: Sȼorpiøn","|-crit|p2a: Sȼorpiøn","|-resisted|p2a: Sȼorpiøn","|-damage|p2a: Sȼorpiøn|251/282","|-item|p1a: Weezing|Choice Scarf|[from] move: Thief|[of] p2a: Sȼorpiøn","|","|turn|22","|","|move|p2a: Sȼorpiøn|Crunch|p1a: Weezing","|-damage|p1a: Weezing|47/333","|move|p1a: Weezing|Will-O-Wisp|p2a: Sȼorpiøn","|-status|p2a: Sȼorpiøn|brn","|","|-damage|p2a: Sȼorpiøn|216/282 brn|[from] brn","|turn|23","|","|switch|p1a: Amoonguss|Amoonguss, M, shiny|364/431 par","|move|p2a: Sȼorpiøn|Crunch|p1a: Amoonguss","|-damage|p1a: Amoonguss|292/431 par","|","|-heal|p1a: Amoonguss|318/431 par|[from] item: Black Sludge","|-damage|p2a: Sȼorpiøn|181/282 brn|[from] brn","|turn|24","|","|move|p2a: Sȼorpiøn|Ice Fang|p1a: Amoonguss","|-supereffective|p1a: Amoonguss","|-damage|p1a: Amoonguss|239/431 par","|move|p1a: Amoonguss|Stun Spore|p2a: Sȼorpiøn","|-fail|p2a: Sȼorpiøn","|","|-heal|p1a: Amoonguss|265/431 par|[from] item: Black Sludge","|-damage|p2a: Sȼorpiøn|146/282 brn|[from] brn","|turn|25","|","|move|p2a: Sȼorpiøn|Poison Jab|p1a: Amoonguss","|-damage|p1a: Amoonguss|193/431 par","|move|p1a: Amoonguss|Giga Drain|p2a: Sȼorpiøn","|-resisted|p2a: Sȼorpiøn","|-damage|p2a: Sȼorpiøn|99/282 brn","|-heal|p1a: Amoonguss|217/431 par|[from] drain|[of] p2a: Sȼorpiøn","|","|-heal|p1a: Amoonguss|243/431 par|[from] item: Black Sludge","|-damage|p2a: Sȼorpiøn|64/282 brn|[from] brn","|turn|26","|","|switch|p2a: Tentacruel|Tentacruel, M|264/301 brn","|move|p1a: Amoonguss|Giga Drain|p2a: Tentacruel","|-crit|p2a: Tentacruel","|-damage|p2a: Tentacruel|159/301 brn","|-damage|p1a: Amoonguss|190/431 par|[from] ability: Liquid Ooze|[of] p2a: Tentacruel","|","|-heal|p1a: Amoonguss|216/431 par|[from] item: Black Sludge","|-damage|p2a: Tentacruel|122/301 brn|[from] brn","|turn|27","|","|move|p2a: Tentacruel|Ice Beam|p1a: Amoonguss","|-supereffective|p1a: Amoonguss","|-damage|p1a: Amoonguss|78/431 par","|move|p1a: Amoonguss|Gastro Acid|p2a: Tentacruel","|-endability|p2a: Tentacruel","|","|-heal|p1a: Amoonguss|104/431 par|[from] item: Black Sludge","|-damage|p2a: Tentacruel|85/301 brn|[from] brn","|turn|28","|","|switch|p2a: Sȼorpiøn|Drapion, F|64/282 brn","|switch|p1a: Tentacruel|Tentacruel, M|281/301","|","|-damage|p2a: Sȼorpiøn|29/282 brn|[from] brn","|turn|29","|","|move|p1a: Tentacruel|Scald|p2a: Sȼorpiøn","|-damage|p2a: Sȼorpiøn|0 fnt","|faint|p2a: Sȼorpiøn","|","|","|switch|p2a: Nidoking|Nidoking, M|65/303","|turn|30","|","|switch|p2a: Toxicroak|Toxicroak, M|314/314","|switch|p1a: Amoonguss|Amoonguss, M, shiny|247/431 par","|","|-heal|p1a: Amoonguss|273/431 par|[from] item: Black Sludge","|turn|31","|","|move|p2a: Toxicroak|Swords Dance|p2a: Toxicroak","|-boost|p2a: Toxicroak|atk|2","|move|p1a: Amoonguss|Spore|p2a: Toxicroak","|-status|p2a: Toxicroak|slp","|","|-heal|p1a: Amoonguss|299/431 par|[from] item: Black Sludge","|turn|32","|","|cant|p2a: Toxicroak|slp","|move|p1a: Amoonguss|Gastro Acid|p2a: Toxicroak","|-endability|p2a: Toxicroak","|","|-heal|p1a: Amoonguss|325/431 par|[from] item: Black Sludge","|turn|33","|","|switch|p1a: Tentacruel|Tentacruel, M|281/301","|cant|p2a: Toxicroak|slp","|","|turn|34","|","|cant|p2a: Toxicroak|slp","|move|p1a: Tentacruel|Scald|p2a: Toxicroak","|-crit|p2a: Toxicroak","|-damage|p2a: Toxicroak|82/314 slp","|","|turn|35","|","|-curestatus|p2a: Toxicroak|slp","|move|p2a: Toxicroak|Sucker Punch|p1a: Tentacruel","|-damage|p1a: Tentacruel|0 fnt","|-damage|p2a: Toxicroak|51/314|[from] item: Life Orb","|faint|p1a: Tentacruel","|","|","|switch|p1a: Skuntank|Skuntank, M|409/409","|turn|36","|","|move|p1a: Skuntank|Snatch|p1a: Skuntank","|-singleturn|p1a: Skuntank|Snatch","|move|p2a: Toxicroak|Drain Punch|p1a: Skuntank","|-crit|p1a: Skuntank","|-damage|p1a: Skuntank|0 fnt","|-heal|p2a: Toxicroak|256/314|[from] drain|[of] p1a: Skuntank","|-damage|p2a: Toxicroak|225/314|[from] item: Life Orb","|faint|p1a: Skuntank","|","|","|switch|p1a: Weezing|Weezing, M|47/333","|turn|37","|","|switch|p2a: Tentacruel|Tentacruel, M|85/301 brn","|move|p1a: Weezing|Will-O-Wisp|p2a: Tentacruel","|-fail|p2a: Tentacruel|brn","|","|-damage|p2a: Tentacruel|48/301 brn|[from] brn","|turn|38","|","|switch|p1a: Amoonguss|Amoonguss, M, shiny|431/431 par","|move|p2a: Tentacruel|Ice Beam|p1a: Amoonguss","|-supereffective|p1a: Amoonguss","|-damage|p1a: Amoonguss|305/431 par","|","|-heal|p1a: Amoonguss|331/431 par|[from] item: Black Sludge","|-damage|p2a: Tentacruel|11/301 brn|[from] brn","|turn|39","|","|move|p2a: Tentacruel|Ice Beam|p1a: Amoonguss","|-supereffective|p1a: Amoonguss","|-damage|p1a: Amoonguss|199/431 par","|move|p1a: Amoonguss|Giga Drain|p2a: Tentacruel","|-damage|p2a: Tentacruel|0 fnt","|-damage|p1a: Amoonguss|193/431 par|[from] ability: Liquid Ooze|[of] p2a: Tentacruel","|faint|p2a: Tentacruel","|","|-heal|p1a: Amoonguss|219/431 par|[from] item: Black Sludge","|","|switch|p2a: Nidoking|Nidoking, M|65/303","|turn|40","|","|move|p2a: Nidoking|Ice Beam|p1a: Amoonguss","|-supereffective|p1a: Amoonguss","|-damage|p1a: Amoonguss|19/431 par","|move|p1a: Amoonguss|Giga Drain|p2a: Nidoking","|-damage|p2a: Nidoking|0 fnt","|-heal|p1a: Amoonguss|52/431 par|[from] drain|[of] p2a: Nidoking","|faint|p2a: Nidoking","|","|-heal|p1a: Amoonguss|78/431 par|[from] item: Black Sludge","|","|switch|p2a: Toxicroak|Toxicroak, M|225/314","|turn|41","|","|switch|p1a: Weezing|Weezing, M|47/333","|move|p2a: Toxicroak|Ice Punch|p1a: Weezing","|-damage|p1a: Weezing|0 fnt","|-damage|p2a: Toxicroak|194/314|[from] item: Life Orb","|faint|p1a: Weezing","|","|","|switch|p1a: Gengar|Gengar, M|261/261","|turn|42","|","|move|p2a: Toxicroak|Sucker Punch|p1a: Gengar","|-fail|p2a: Toxicroak","|move|p1a: Gengar|Trick|p2a: Toxicroak","|-activate|p1a: Gengar|move: Trick|[of] p2a: Toxicroak","|-item|p2a: Toxicroak|Choice Scarf|[from] move: Trick","|-item|p1a: Gengar|Life Orb|[from] move: Trick","|","|turn|43","|","|switch|p1a: Amoonguss|Amoonguss, M, shiny|221/431 par","|move|p2a: Toxicroak|Sucker Punch|p1a: Amoonguss","|-fail|p2a: Toxicroak","|","|-heal|p1a: Amoonguss|247/431 par|[from] item: Black Sludge","|turn|44","|","|switch|p2a: I'm a Wall|Qwilfish, F, shiny|334/334","|-ability|p2a: I'm a Wall|Intimidate","|-unboost|p1a: Amoonguss|atk|1","|move|p1a: Amoonguss|Stun Spore|p2a: I'm a Wall|[miss]","|-miss|p1a: Amoonguss|p2a: I'm a Wall","|","|-heal|p1a: Amoonguss|273/431 par|[from] item: Black Sludge","|turn|45","|","|move|p2a: I'm a Wall|Protect|p2a: I'm a Wall","|-singleturn|p2a: I'm a Wall|Protect","|move|p1a: Amoonguss|Stun Spore|p2a: I'm a Wall","|-activate|p2a: I'm a Wall|Protect","|","|-heal|p1a: Amoonguss|299/431 par|[from] item: Black Sludge","|turn|46","|","|move|p2a: I'm a Wall|Waterfall|p1a: Amoonguss","|-resisted|p1a: Amoonguss","|-damage|p1a: Amoonguss|241/431 par","|cant|p1a: Amoonguss|flinch","|","|-heal|p1a: Amoonguss|267/431 par|[from] item: Black Sludge","|turn|47","|","|move|p2a: I'm a Wall|Waterfall|p1a: Amoonguss","|-resisted|p1a: Amoonguss","|-damage|p1a: Amoonguss|207/431 par","|move|p1a: Amoonguss|Spore|p2a: I'm a Wall","|-status|p2a: I'm a Wall|slp","|","|-heal|p1a: Amoonguss|233/431 par|[from] item: Black Sludge","|turn|48","|","|cant|p2a: I'm a Wall|slp","|cant|p1a: Amoonguss|par","|","|-heal|p1a: Amoonguss|259/431 par|[from] item: Black Sludge","|turn|49","|","|cant|p2a: I'm a Wall|slp","|cant|p1a: Amoonguss|par","|","|-heal|p1a: Amoonguss|285/431 par|[from] item: Black Sludge","|turn|50","|","|-curestatus|p2a: I'm a Wall|slp","|move|p2a: I'm a Wall|Waterfall|p1a: Amoonguss","|-resisted|p1a: Amoonguss","|-damage|p1a: Amoonguss|229/431 par","|move|p1a: Amoonguss|Giga Drain|p2a: I'm a Wall","|-damage|p2a: I'm a Wall|198/334","|-heal|p1a: Amoonguss|297/431 par|[from] drain|[of] p2a: I'm a Wall","|","|-heal|p2a: I'm a Wall|218/334|[from] item: Leftovers","|-heal|p1a: Amoonguss|323/431 par|[from] item: Black Sludge","|turn|51","|","|move|p2a: I'm a Wall|Waterfall|p1a: Amoonguss","|-resisted|p1a: Amoonguss","|-damage|p1a: Amoonguss|261/431 par","|move|p1a: Amoonguss|Stun Spore|p2a: I'm a Wall","|-status|p2a: I'm a Wall|par","|","|-heal|p2a: I'm a Wall|238/334 par|[from] item: Leftovers","|-heal|p1a: Amoonguss|287/431 par|[from] item: Black Sludge","|turn|52","|","|move|p2a: I'm a Wall|Waterfall|p1a: Amoonguss","|-resisted|p1a: Amoonguss","|-damage|p1a: Amoonguss|221/431 par","|move|p1a: Amoonguss|Giga Drain|p2a: I'm a Wall","|-damage|p2a: I'm a Wall|105/334 par","|-heal|p1a: Amoonguss|288/431 par|[from] drain|[of] p2a: I'm a Wall","|","|-heal|p2a: I'm a Wall|125/334 par|[from] item: Leftovers","|-heal|p1a: Amoonguss|314/431 par|[from] item: Black Sludge","|turn|53","|","|switch|p1a: Gengar|Gengar, M|261/261","|move|p2a: I'm a Wall|Destiny Bond|p2a: I'm a Wall","|-singlemove|p2a: I'm a Wall|Destiny Bond","|","|-heal|p2a: I'm a Wall|145/334 par|[from] item: Leftovers","|turn|54","|","|move|p1a: Gengar|Trick|p2a: I'm a Wall","|-activate|p1a: Gengar|move: Trick|[of] p2a: I'm a Wall","|-item|p2a: I'm a Wall|Life Orb|[from] move: Trick","|-item|p1a: Gengar|Leftovers|[from] move: Trick","|move|p2a: I'm a Wall|Thunder Wave|p1a: Gengar","|-status|p1a: Gengar|par","|","|turn|55","|","|move|p2a: I'm a Wall|Protect|p2a: I'm a Wall","|-singleturn|p2a: I'm a Wall|Protect","|move|p1a: Gengar|Hex|p2a: I'm a Wall","|-activate|p2a: I'm a Wall|Protect","|","|turn|56","|","|cant|p1a: Gengar|par","|move|p2a: I'm a Wall|Destiny Bond|p2a: I'm a Wall","|-singlemove|p2a: I'm a Wall|Destiny Bond","|","|turn|57","|","|switch|p1a: Amoonguss|Amoonguss, M, shiny|431/431 par","|move|p2a: I'm a Wall|Waterfall|p1a: Amoonguss","|-resisted|p1a: Amoonguss","|-damage|p1a: Amoonguss|347/431 par","|-damage|p2a: I'm a Wall|112/334 par|[from] item: Life Orb","|","|-heal|p1a: Amoonguss|373/431 par|[from] item: Black Sludge","|turn|58","|","|move|p2a: I'm a Wall|Destiny Bond|p2a: I'm a Wall","|-singlemove|p2a: I'm a Wall|Destiny Bond","|move|p1a: Amoonguss|Gastro Acid|p2a: I'm a Wall","|-endability|p2a: I'm a Wall","|","|-heal|p1a: Amoonguss|399/431 par|[from] item: Black Sludge","|turn|59","|","|move|p2a: I'm a Wall|Destiny Bond|p2a: I'm a Wall","|-singlemove|p2a: I'm a Wall|Destiny Bond","|move|p1a: Amoonguss|Stun Spore|p2a: I'm a Wall","|-fail|p2a: I'm a Wall|par","|","|-heal|p1a: Amoonguss|425/431 par|[from] item: Black Sludge","|turn|60","|","|move|p2a: I'm a Wall|Destiny Bond|p2a: I'm a Wall","|-singlemove|p2a: I'm a Wall|Destiny Bond","|move|p1a: Amoonguss|Stun Spore|p2a: I'm a Wall","|-fail|p2a: I'm a Wall|par","|","|-heal|p1a: Amoonguss|431/431 par|[from] item: Black Sludge","|turn|61","|","|move|p2a: I'm a Wall|Thunder Wave|p1a: Amoonguss","|-fail|p1a: Amoonguss|par","|move|p1a: Amoonguss|Stun Spore|p2a: I'm a Wall","|-fail|p2a: I'm a Wall|par","|","|turn|62","|","|move|p2a: I'm a Wall|Protect|p2a: I'm a Wall","|-singleturn|p2a: I'm a Wall|Protect","|cant|p1a: Amoonguss|par","|","|turn|63","|","|move|p2a: I'm a Wall|Protect|p2a: I'm a Wall","|-fail|p2a: I'm a Wall","|move|p1a: Amoonguss|Stun Spore|p2a: I'm a Wall|[miss]","|-miss|p1a: Amoonguss|p2a: I'm a Wall","|","|turn|64","|","|move|p2a: I'm a Wall|Destiny Bond|p2a: I'm a Wall","|-singlemove|p2a: I'm a Wall|Destiny Bond","|move|p1a: Amoonguss|Giga Drain|p2a: I'm a Wall","|-damage|p2a: I'm a Wall|0 fnt","|faint|p2a: I'm a Wall","|-activate|p2a: I'm a Wall|Destiny Bond","|faint|p1a: Amoonguss","|","|","|switch|p2a: Toxicroak|Toxicroak, M|194/314","|switch|p1a: Gengar|Gengar, M|261/261 par","|turn|65","|","|move|p2a: Toxicroak|Sucker Punch|p1a: Gengar","|-fail|p2a: Toxicroak","|move|p1a: Gengar|Destiny Bond|p1a: Gengar","|-singlemove|p1a: Gengar|Destiny Bond","|","|turn|66","|","|move|p2a: Toxicroak|Sucker Punch|p1a: Gengar","|-fail|p2a: Toxicroak","|move|p1a: Gengar|Destiny Bond|p1a: Gengar","|-singlemove|p1a: Gengar|Destiny Bond","|","|turn|67","|","|move|p2a: Toxicroak|Sucker Punch|p1a: Gengar","|-fail|p2a: Toxicroak","|move|p1a: Gengar|Destiny Bond|p1a: Gengar","|-singlemove|p1a: Gengar|Destiny Bond","|","|turn|68","|","|move|p2a: Toxicroak|Sucker Punch|p1a: Gengar","|-fail|p2a: Toxicroak","|move|p1a: Gengar|Destiny Bond|p1a: Gengar","|-singlemove|p1a: Gengar|Destiny Bond","|","|turn|69","|","|move|p2a: Toxicroak|Sucker Punch|p1a: Gengar","|-fail|p2a: Toxicroak","|cant|p1a: Gengar|par","|","|turn|70","|","|-activate|p2a: Toxicroak|move: Struggle","|move|p2a: Toxicroak|Struggle|p1a: Gengar","|-damage|p1a: Gengar|182/261 par","|-damage|p2a: Toxicroak|116/314|[from] recoil","|cant|p1a: Gengar|par","|","|-heal|p1a: Gengar|198/261 par|[from] item: Leftovers","|turn|71","|","|-activate|p2a: Toxicroak|move: Struggle","|move|p2a: Toxicroak|Struggle|p1a: Gengar","|-damage|p1a: Gengar|119/261 par","|-damage|p2a: Toxicroak|38/314|[from] recoil","|move|p1a: Gengar|Hex|p2a: Toxicroak","|-damage|p2a: Toxicroak|0 fnt","|faint|p2a: Toxicroak","|","|win|Guard Wanderer"],"p1rating":{"entryid":"6731189","serverid":"eos","formatid":"monotype","userid":"guardwanderer","username":"Guard Wanderer","w":79,"l":"115","t":"0","gxe":39,"r":"1416.6716065611","rd":"31.012894024758","sigma":"0","rptime":"1438765200","rpr":1415.9966279959,"rprd":29.378015579442,"rpsigma":"0","acre":1095.5290745421,"lacre":1095.5290745421,"oldacre":"1063.327163715"},"p2rating":{"entryid":"7151350","serverid":"eos","formatid":"monotype","userid":"erebuskj","username":"Erebus Kj","w":"7","l":9,"t":"0","gxe":43.3,"r":"1491.7800602905","rd":"82.212665054619","sigma":"0","rptime":"1438765200","rpr":1447.9894249572,"rprd":77.025707608545,"rpsigma":"0","acre":1059.065026089,"lacre":1059.065026089,"oldacre":"1082.7231873848"},"endType":"normal"}