{"seed":[11954,14922,43279,18415],"turns":52,"p1":"Emg Twizz","p2":"Carnie Wight","p1team":[{"name":"Magnezone","species":"Magnezone","item":"leftovers","ability":"Sturdy","moves":["flashcannon","thunderbolt","protect","hiddenpowerice"],"nature":"Modest","evs":{"hp":76,"atk":0,"def":180,"spa":252,"spd":0,"spe":0},"ivs":{"hp":31,"atk":30,"def":30,"spa":31,"spd":31,"spe":31}},{"name":"Zapdos","species":"Zapdos","item":"leftovers","ability":"Pressure","moves":["discharge","heatwave","toxic","roost"],"nature":"Bold","evs":{"hp":4,"atk":0,"def":252,"spa":0,"spd":252,"spe":0},"ivs":{"hp":31,"atk":31,"def":31,"spa":31,"spd":31,"spe":31}},{"name":"Ampharos","species":"Ampharos","item":"ampharosite","ability":"Static","moves":["cottonguard","rest","sleeptalk","dragonpulse"],"nature":"Bold","evs":{"hp":0,"atk":0,"def":252,"spa":136,"spd":120,"spe":0},"ivs":{"hp":31,"atk":31,"def":31,"spa":31,"spd":31,"spe":31}},{"name":"Raikou","species":"Raikou","item":"leftovers","ability":"Pressure","moves":["calmmind","substitute","thunderbolt","extrasensory"],"nature":"Timid","evs":{"hp":0,"atk":0,"def":0,"spa":252,"spd":4,"spe":252},"ivs":{"hp":31,"atk":31,"def":31,"spa":31,"spd":31,"spe":31}},{"name":"Rotom-Wash","species":"Rotom-Wash","item":"choicescarf","ability":"Levitate","moves":["voltswitch","hydropump","willowisp","trick"],"nature":"Timid","evs":{"hp":0,"atk":0,"def":0,"spa":252,"spd":4,"spe":252},"ivs":{"hp":31,"atk":31,"def":31,"spa":31,"spd":31,"spe":31}},{"name":"Condom","species":"eelektross","item":"assaultvest","ability":"Levitate","moves":["gigadrain","thunderbolt","drainpunch","knockoff"],"nature":"Quiet","evs":{"hp":3,"atk":136,"def":0,"spa":108,"spd":252,"spe":0},"ivs":{"hp":31,"atk":31,"def":31,"spa":31,"spd":31,"spe":31}}],"p2team":[{"name":"Peace","species":"victini","item":"choicescarf","ability":"Victory Star","moves":["boltstrike","vcreate","uturn","zenheadbutt"],"nature":"Jolly","evs":{"hp":0,"atk":252,"def":0,"spa":0,"spd":4,"spe":252},"ivs":{"hp":31,"atk":31,"def":31,"spa":31,"spd":31,"spe":31}},{"name":"Innocent","species":"jirachi","item":"assaultvest","ability":"Serene Grace","moves":["ironhead","lastresort"],"nature":"Jolly","evs":{"hp":0,"atk":252,"def":0,"spa":0,"spd":4,"spe":252},"ivs":{"hp":31,"atk":31,"def":31,"spa":31,"spd":31,"spe":31}},{"name":"Marry me","species":"gardevoir","item":"gardevoirite","ability":"Synchronize","moves":["calmmind","hyperbeam","focusblast","thunderbolt"],"nature":"Modest","evs":{"hp":248,"atk":0,"def":0,"spa":252,"spd":8,"spe":0},"gender":"F","shiny":true,"ivs":{"hp":31,"atk":31,"def":31,"spa":31,"spd":31,"spe":31}},{"name":"6 hands","species":"hoopaunbound","item":"leftovers","ability":"Magician","moves":["nastyplot","focusblast","substitute","darkpulse"],"nature":"","evs":{"hp":0,"atk":0,"def":0,"spa":0,"spd":0,"spe":0},"ivs":{"hp":31,"atk":31,"def":31,"spa":31,"spd":31,"spe":31}},{"name":"Latinas","species":"latias","item":"leftovers","ability":"Levitate","moves":["defog","roost","dracometeor","toxic"],"nature":"Timid","evs":{"hp":252,"atk":0,"def":0,"spa":4,"spd":0,"spe":252},"ivs":{"hp":31,"atk":31,"def":31,"spa":31,"spd":31,"spe":31}},{"name":"Kawaii","species":"reuniclus","item":"leftovers","ability":"Magic Guard","moves":["recover","calmmind","psyshock","shadowball"],"nature":"Bold","evs":{"hp":252,"atk":0,"def":252,"spa":4,"spd":0,"spe":0},"gender":"F","ivs":{"hp":31,"atk":31,"def":31,"spa":31,"spd":31,"spe":31}}],"log":["|player|p1|Emg Twizz|122","|player|p2|Carnie Wight|1","|gametype|singles","|gen|6","|tier|Monotype","|rated","|rule|Baton Pass Clause: Limit one Baton Passer, can't pass Spe and other stats simultaneously","|rule|Swagger Clause: Swagger is banned","|rule|Same Type Clause: Pokémon in a team must share a type","|clearpoke","|poke|p1|Magnezone","|poke|p1|Zapdos","|poke|p1|Ampharos, F","|poke|p1|Raikou","|poke|p1|Rotom-Wash","|poke|p1|Eelektross, F","|poke|p2|Victini","|poke|p2|Jirachi","|poke|p2|Gardevoir, F, shiny","|poke|p2|Hoopa-Unbound","|poke|p2|Latias, F","|poke|p2|Reuniclus, F","|rule|Sleep Clause Mod: Limit one foe put to sleep","|rule|Species Clause: Limit one of each Pokémon","|rule|OHKO Clause: OHKO moves are banned","|rule|Moody Clause: Moody is banned","|rule|Evasion Moves Clause: Evasion moves are banned","|rule|Endless Battle Clause: Forcing endless battles is banned","|rule|HP Percentage Mod: HP is shown in percentages","|teampreview","|","|start","|switch|p1a: Rotom-Wash|Rotom-Wash|241/241","|switch|p2a: Innocent|Jirachi|341/341","|turn|1","|","|move|p1a: Rotom-Wash|Trick|p2a: Innocent","|-activate|p1a: Rotom-Wash|move: Trick|[of] p2a: Innocent","|-item|p2a: Innocent|Choice Scarf|[from] move: Trick","|-item|p1a: Rotom-Wash|Assault Vest|[from] move: Trick","|move|p2a: Innocent|Iron Head|p1a: Rotom-Wash","|-resisted|p1a: Rotom-Wash","|-damage|p1a: Rotom-Wash|214/241","|","|turn|2","|","|move|p2a: Innocent|Iron Head|p1a: Rotom-Wash","|-resisted|p1a: Rotom-Wash","|-damage|p1a: Rotom-Wash|187/241","|cant|p1a: Rotom-Wash|flinch","|","|turn|3","|","|switch|p1a: Magnezone|Magnezone|300/300","|move|p2a: Innocent|Iron Head|p1a: Magnezone","|-resisted|p1a: Magnezone","|-damage|p1a: Magnezone|279/300","|","|-heal|p1a: Magnezone|297/300|[from] item: Leftovers","|turn|4","|","|move|p1a: Magnezone|Protect|p1a: Magnezone","|-singleturn|p1a: Magnezone|Protect","|move|p2a: Innocent|Iron Head|p1a: Magnezone","|-activate|p1a: Magnezone|Protect","|","|-heal|p1a: Magnezone|300/300|[from] item: Leftovers","|turn|5","|","|move|p2a: Innocent|Iron Head|p1a: Magnezone","|-resisted|p1a: Magnezone","|-damage|p1a: Magnezone|278/300","|move|p1a: Magnezone|Thunderbolt|p2a: Innocent","|-damage|p2a: Innocent|155/341","|","|-heal|p1a: Magnezone|296/300|[from] item: Leftovers","|turn|6","|","|switch|p2a: Peace|Victini|341/341","|move|p1a: Magnezone|Protect|p1a: Magnezone","|-fail|p1a: Magnezone","|","|-heal|p1a: Magnezone|300/300|[from] item: Leftovers","|turn|7","|","|move|p1a: Magnezone|Protect|p1a: Magnezone","|-singleturn|p1a: Magnezone|Protect","|move|p2a: Peace|V-create|p1a: Magnezone","|-activate|p1a: Magnezone|Protect","|","|turn|8","|","|switch|p1a: Rotom-Wash|Rotom-Wash|187/241","|move|p2a: Peace|V-create|p1a: Rotom-Wash","|-resisted|p1a: Rotom-Wash","|-damage|p1a: Rotom-Wash|58/241","|-unboost|p2a: Peace|spe|1","|-unboost|p2a: Peace|def|1","|-unboost|p2a: Peace|spd|1","|","|turn|9","|","|move|p2a: Peace|V-create|p1a: Rotom-Wash","|-resisted|p1a: Rotom-Wash","|-damage|p1a: Rotom-Wash|0 fnt","|-unboost|p2a: Peace|spe|1","|-unboost|p2a: Peace|def|1","|-unboost|p2a: Peace|spd|1","|faint|p1a: Rotom-Wash","|","|","|switch|p1a: Ampharos|Ampharos, F|321/321","|turn|10","|","|detailschange|p1a: Ampharos|Ampharos-Mega, F","|-mega|p1a: Ampharos|Ampharos|Ampharosite","|-ability|p1a: Ampharos|Mold Breaker","|move|p2a: Peace|V-create|p1a: Ampharos","|-resisted|p1a: Ampharos","|-damage|p1a: Ampharos|233/321","|-unboost|p2a: Peace|spe|1","|-unboost|p2a: Peace|def|1","|-unboost|p2a: Peace|spd|1","|move|p1a: Ampharos|Cotton Guard|p1a: Ampharos","|-boost|p1a: Ampharos|def|3","|","|turn|11","|","|switch|p2a: Marry me|Gardevoir, F, shiny|339/339","|move|p1a: Ampharos|Dragon Pulse|p2a: Marry me","|-immune|p2a: Marry me|[msg]","|","|turn|12","|","|switch|p1a: Magnezone|Magnezone|300/300","|detailschange|p2a: Marry me|Gardevoir-Mega, F, shiny","|-mega|p2a: Marry me|Gardevoir|Gardevoirite","|move|p2a: Marry me|Hyper Beam|p1a: Magnezone","|-resisted|p1a: Magnezone","|-damage|p1a: Magnezone|42/300","|","|-heal|p1a: Magnezone|60/300|[from] item: Leftovers","|turn|13","|-mustrecharge|p2a: Marry me","|-mustrecharge|p2a: Marry me","|","|cant|p2a: Marry me|recharge","|move|p1a: Magnezone|Flash Cannon|p2a: Marry me","|-supereffective|p2a: Marry me","|-damage|p2a: Marry me|117/339","|","|-heal|p1a: Magnezone|78/300|[from] item: Leftovers","|turn|14","|","|move|p1a: Magnezone|Protect|p1a: Magnezone","|-singleturn|p1a: Magnezone|Protect","|move|p2a: Marry me|Focus Blast|p1a: Magnezone","|-activate|p1a: Magnezone|Protect","|","|-heal|p1a: Magnezone|96/300|[from] item: Leftovers","|turn|15","|","|switch|p1a: Raikou|Raikou|321/321","|-ability|p1a: Raikou|Pressure","|move|p2a: Marry me|Focus Blast|p1a: Raikou","|-damage|p1a: Raikou|134/321","|","|-heal|p1a: Raikou|154/321|[from] item: Leftovers","|turn|16","|","|switch|p2a: Latinas|Latias, F|364/364","|move|p1a: Raikou|Thunderbolt|p2a: Latinas","|-resisted|p2a: Latinas","|-damage|p2a: Latinas|307/364","|","|-heal|p1a: Raikou|174/321|[from] item: Leftovers","|-heal|p2a: Latinas|329/364|[from] item: Leftovers","|turn|17","|","|move|p1a: Raikou|Substitute|p1a: Raikou","|-start|p1a: Raikou|Substitute","|-damage|p1a: Raikou|94/321","|move|p2a: Latinas|Toxic|p1a: Raikou","|-fail|p1a: Raikou","|","|-heal|p1a: Raikou|114/321|[from] item: Leftovers","|-heal|p2a: Latinas|351/364|[from] item: Leftovers","|turn|18","|","|move|p1a: Raikou|Calm Mind|p1a: Raikou","|-boost|p1a: Raikou|spa|1","|-boost|p1a: Raikou|spd|1","|move|p2a: Latinas|Draco Meteor|p1a: Raikou|[miss]","|-miss|p2a: Latinas|p1a: Raikou","|","|-heal|p1a: Raikou|134/321|[from] item: Leftovers","|-heal|p2a: Latinas|364/364|[from] item: Leftovers","|turn|19","|","|move|p1a: Raikou|Calm Mind|p1a: Raikou","|-boost|p1a: Raikou|spa|1","|-boost|p1a: Raikou|spd|1","|move|p2a: Latinas|Draco Meteor|p1a: Raikou","|-end|p1a: Raikou|Substitute","|-unboost|p2a: Latinas|spa|2","|","|-heal|p1a: Raikou|154/321|[from] item: Leftovers","|turn|20","|","|move|p1a: Raikou|Substitute|p1a: Raikou","|-start|p1a: Raikou|Substitute","|-damage|p1a: Raikou|74/321","|move|p2a: Latinas|Toxic|p1a: Raikou","|-fail|p1a: Raikou","|","|-heal|p1a: Raikou|94/321|[from] item: Leftovers","|turn|21","|","|move|p1a: Raikou|Calm Mind|p1a: Raikou","|-boost|p1a: Raikou|spa|1","|-boost|p1a: Raikou|spd|1","|move|p2a: Latinas|Draco Meteor|p1a: Raikou","|-activate|p1a: Raikou|Substitute|[damage]","|-unboost|p2a: Latinas|spa|2","|","|-heal|p1a: Raikou|114/321|[from] item: Leftovers","|turn|22","|","|move|p1a: Raikou|Calm Mind|p1a: Raikou","|-boost|p1a: Raikou|spa|1","|-boost|p1a: Raikou|spd|1","|move|p2a: Latinas|Draco Meteor|p1a: Raikou","|-activate|p1a: Raikou|Substitute|[damage]","|-unboost|p2a: Latinas|spa|2","|","|-heal|p1a: Raikou|134/321|[from] item: Leftovers","|turn|23","|","|switch|p2a: Innocent|Jirachi|155/341","|move|p1a: Raikou|Calm Mind|p1a: Raikou","|-boost|p1a: Raikou|spa|1","|-boost|p1a: Raikou|spd|1","|","|-heal|p1a: Raikou|154/321|[from] item: Leftovers","|turn|24","|","|move|p2a: Innocent|Iron Head|p1a: Raikou","|-resisted|p1a: Raikou","|-end|p1a: Raikou|Substitute","|move|p1a: Raikou|Thunderbolt|p2a: Innocent","|-damage|p2a: Innocent|0 fnt","|faint|p2a: Innocent","|","|-heal|p1a: Raikou|174/321|[from] item: Leftovers","|","|switch|p2a: Peace|Victini|341/341","|turn|25","|","|switch|p1a: Ampharos|Ampharos-Mega, F|233/321","|-ability|p1a: Ampharos|Mold Breaker","|move|p2a: Peace|V-create|p1a: Ampharos","|-resisted|p1a: Ampharos","|-damage|p1a: Ampharos|145/321","|-unboost|p2a: Peace|spe|1","|-unboost|p2a: Peace|def|1","|-unboost|p2a: Peace|spd|1","|","|turn|26","|","|switch|p2a: Latinas|Latias, F|364/364","|move|p1a: Ampharos|Rest|p1a: Ampharos","|-status|p1a: Ampharos|slp","|-heal|p1a: Ampharos|321/321 slp|[silent]","|-status|p1a: Ampharos|slp|[from] move: Rest","|","|turn|27","|","|switch|p2a: Marry me|Gardevoir-Mega, F, shiny|117/339","|switch|p1a: Magnezone|Magnezone|96/300","|","|-heal|p1a: Magnezone|114/300|[from] item: Leftovers","|turn|28","|","|move|p1a: Magnezone|Protect|p1a: Magnezone","|-singleturn|p1a: Magnezone|Protect","|move|p2a: Marry me|Focus Blast|p1a: Magnezone","|-activate|p1a: Magnezone|Protect","|","|-heal|p1a: Magnezone|132/300|[from] item: Leftovers","|turn|29","|","|move|p2a: Marry me|Focus Blast|p1a: Magnezone|[miss]","|-miss|p2a: Marry me|p1a: Magnezone","|move|p1a: Magnezone|Flash Cannon|p2a: Marry me","|-supereffective|p2a: Marry me","|-damage|p2a: Marry me|0 fnt","|faint|p2a: Marry me","|","|-heal|p1a: Magnezone|150/300|[from] item: Leftovers","|","|switch|p2a: 6 hands|Hoopa-Unbound|301/301","|turn|30","|","|move|p2a: 6 hands|Substitute|p2a: 6 hands","|-start|p2a: 6 hands|Substitute","|-damage|p2a: 6 hands|226/301","|move|p1a: Magnezone|Thunderbolt|p2a: 6 hands","|-end|p2a: 6 hands|Substitute","|","|-heal|p2a: 6 hands|244/301|[from] item: Leftovers","|-heal|p1a: Magnezone|168/300|[from] item: Leftovers","|turn|31","|","|move|p2a: 6 hands|Focus Blast|p1a: Magnezone","|-supereffective|p1a: Magnezone","|-damage|p1a: Magnezone|0 fnt","|faint|p1a: Magnezone","|","|-heal|p2a: 6 hands|262/301|[from] item: Leftovers","|","|switch|p1a: Condom|Eelektross, F|311/311","|turn|32","|","|move|p2a: 6 hands|Substitute|p2a: 6 hands","|-start|p2a: 6 hands|Substitute","|-damage|p2a: 6 hands|187/301","|move|p1a: Condom|Knock Off|p2a: 6 hands","|-end|p2a: 6 hands|Substitute","|","|-heal|p2a: 6 hands|205/301|[from] item: Leftovers","|turn|33","|","|move|p2a: 6 hands|Nasty Plot|p2a: 6 hands","|-boost|p2a: 6 hands|spa|2","|move|p1a: Condom|Knock Off|p2a: 6 hands","|-damage|p2a: 6 hands|68/301","|-enditem|p2a: 6 hands|Leftovers|[from] move: Knock Off|[of] p1a: Condom","|","|turn|34","|","|move|p2a: 6 hands|Dark Pulse|p1a: Condom","|-damage|p1a: Condom|134/311","|-item|p2a: 6 hands|Assault Vest|[from] ability: Magician|[of] p1a: Condom","|move|p1a: Condom|Thunderbolt|p2a: 6 hands","|-damage|p2a: 6 hands|0 fnt","|faint|p2a: 6 hands","|","|","|switch|p2a: Kawaii|Reuniclus, F|424/424","|turn|35","|","|move|p1a: Condom|Knock Off|p2a: Kawaii","|-supereffective|p2a: Kawaii","|-damage|p2a: Kawaii|264/424","|-enditem|p2a: Kawaii|Leftovers|[from] move: Knock Off|[of] p1a: Condom","|move|p2a: Kawaii|Calm Mind|p2a: Kawaii","|-boost|p2a: Kawaii|spa|1","|-boost|p2a: Kawaii|spd|1","|","|turn|36","|","|switch|p1a: Raikou|Raikou|174/321","|-ability|p1a: Raikou|Pressure","|move|p2a: Kawaii|Recover|p2a: Kawaii","|-heal|p2a: Kawaii|424/424","|","|-heal|p1a: Raikou|194/321|[from] item: Leftovers","|turn|37","|","|move|p1a: Raikou|Substitute|p1a: Raikou","|-start|p1a: Raikou|Substitute","|-damage|p1a: Raikou|114/321","|move|p2a: Kawaii|Psyshock|p1a: Raikou","|-end|p1a: Raikou|Substitute","|","|-heal|p1a: Raikou|134/321|[from] item: Leftovers","|turn|38","|","|move|p1a: Raikou|Thunderbolt|p2a: Kawaii","|-damage|p2a: Kawaii|306/424","|move|p2a: Kawaii|Psyshock|p1a: Raikou","|-crit|p1a: Raikou","|-damage|p1a: Raikou|0 fnt","|faint|p1a: Raikou","|","|","|switch|p1a: Ampharos|Ampharos-Mega, F|321/321 slp","|-ability|p1a: Ampharos|Mold Breaker","|turn|39","|","|cant|p1a: Ampharos|slp","|move|p1a: Ampharos|Sleep Talk|p1a: Ampharos","|move|p1a: Ampharos|Dragon Pulse|p2a: Kawaii|[from]Sleep Talk","|-crit|p2a: Kawaii","|-damage|p2a: Kawaii|5/424","|move|p2a: Kawaii|Calm Mind|p2a: Kawaii","|-boost|p2a: Kawaii|spa|1","|-boost|p2a: Kawaii|spd|1","|","|turn|40","|","|cant|p1a: Ampharos|slp","|move|p1a: Ampharos|Sleep Talk|p1a: Ampharos","|move|p1a: Ampharos|Cotton Guard|p1a: Ampharos|[from]Sleep Talk","|-boost|p1a: Ampharos|def|3","|move|p2a: Kawaii|Recover|p2a: Kawaii","|-heal|p2a: Kawaii|217/424","|","|turn|41","|","|-curestatus|p1a: Ampharos|slp","|move|p1a: Ampharos|Cotton Guard|p1a: Ampharos","|-boost|p1a: Ampharos|def|3","|move|p2a: Kawaii|Recover|p2a: Kawaii","|-heal|p2a: Kawaii|424/424","|","|turn|42","|","|move|p1a: Ampharos|Dragon Pulse|p2a: Kawaii","|-damage|p2a: Kawaii|324/424","|move|p2a: Kawaii|Shadow Ball|p1a: Ampharos","|-crit|p1a: Ampharos","|-damage|p1a: Ampharos|138/321","|","|turn|43","|","|move|p1a: Ampharos|Rest|p1a: Ampharos","|-status|p1a: Ampharos|slp","|-heal|p1a: Ampharos|321/321 slp|[silent]","|-status|p1a: Ampharos|slp|[from] move: Rest","|move|p2a: Kawaii|Calm Mind|p2a: Kawaii","|-boost|p2a: Kawaii|spa|1","|-boost|p2a: Kawaii|spd|1","|","|turn|44","|","|cant|p1a: Ampharos|slp","|move|p1a: Ampharos|Sleep Talk|p1a: Ampharos","|move|p1a: Ampharos|Rest|p1a: Ampharos|[from]Sleep Talk","|-fail|p1a: Ampharos","|move|p2a: Kawaii|Calm Mind|p2a: Kawaii","|-boost|p2a: Kawaii|spa|1","|-boost|p2a: Kawaii|spd|1","|","|turn|45","|","|switch|p1a: Zapdos|Zapdos|322/322","|-ability|p1a: Zapdos|Pressure","|move|p2a: Kawaii|Calm Mind|p2a: Kawaii","|-boost|p2a: Kawaii|spa|1","|-boost|p2a: Kawaii|spd|1","|","|turn|46","|","|move|p1a: Zapdos|Toxic|p2a: Kawaii|[miss]","|-miss|p1a: Zapdos|p2a: Kawaii","|move|p2a: Kawaii|Recover|p2a: Kawaii","|-heal|p2a: Kawaii|424/424","|","|turn|47","|","|move|p1a: Zapdos|Toxic|p2a: Kawaii","|-status|p2a: Kawaii|tox","|move|p2a: Kawaii|Calm Mind|p2a: Kawaii","|-boost|p2a: Kawaii|spa|1","|-boost|p2a: Kawaii|spd|1","|","|turn|48","|","|move|p1a: Zapdos|Discharge|p2a: Kawaii","|-damage|p2a: Kawaii|390/424 tox","|move|p2a: Kawaii|Shadow Ball|p1a: Zapdos","|-damage|p1a: Zapdos|61/322","|","|-heal|p1a: Zapdos|81/322|[from] item: Leftovers","|turn|49","|","|move|p1a: Zapdos|Discharge|p2a: Kawaii","|-damage|p2a: Kawaii|356/424 tox","|move|p2a: Kawaii|Shadow Ball|p1a: Zapdos","|-damage|p1a: Zapdos|0 fnt","|faint|p1a: Zapdos","|","|","|switch|p1a: Ampharos|Ampharos-Mega, F|321/321 slp","|-ability|p1a: Ampharos|Mold Breaker","|turn|50","|","|cant|p1a: Ampharos|slp","|move|p1a: Ampharos|Sleep Talk|p1a: Ampharos","|move|p1a: Ampharos|Dragon Pulse|p2a: Kawaii|[from]Sleep Talk","|-damage|p2a: Kawaii|304/424 tox","|move|p2a: Kawaii|Shadow Ball|p1a: Ampharos","|-damage|p1a: Ampharos|91/321 slp","|-unboost|p1a: Ampharos|spd|1","|","|turn|51","|","|-curestatus|p1a: Ampharos|slp","|move|p1a: Ampharos|Dragon Pulse|p2a: Kawaii","|-damage|p2a: Kawaii|259/424 tox","|move|p2a: Kawaii|Shadow Ball|p1a: Ampharos","|-crit|p1a: Ampharos","|-damage|p1a: Ampharos|0 fnt","|faint|p1a: Ampharos","|","|","|switch|p1a: Condom|Eelektross, F|134/311","|turn|52","|","|move|p1a: Condom|Knock Off|p2a: Kawaii","|-supereffective|p2a: Kawaii","|-damage|p2a: Kawaii|143/424 tox","|move|p2a: Kawaii|Shadow Ball|p1a: Condom","|-damage|p1a: Condom|0 fnt","|faint|p1a: Condom","|","|win|Carnie Wight"],"p1rating":{"entryid":"7063522","serverid":"eos","formatid":"monotype","userid":"emgtwizz","username":"Emg Twizz","w":"7","l":8,"t":"0","gxe":48.4,"r":"1503.0391610748","rd":"81.862346636899","sigma":"0","rptime":"1438765200","rpr":1487.3712583699,"rprd":79.761154572004,"rpsigma":"0","acre":1106.2718415209,"lacre":1106.2718415209,"oldacre":"1123.0922568245"},"p2rating":{"entryid":"6265736","serverid":"eos","formatid":"monotype","userid":"carniewight","username":"Carnie Wight","w":51,"l":"40","t":"0","gxe":57.3,"r":"1550.8770795837","rd":"45.57580467427","sigma":"0","rptime":"1438765200","rpr":1555.8186573598,"rprd":45.219152083363,"rpsigma":"0","acre":1257.9263646105,"lacre":1257.9263646105,"oldacre":"1241.1059493069"},"endType":"normal"}