{"seed":[48575,8055,8703,41829],"turns":24,"p1":"Union Wevrm","p2":"IV-Wiley","p1team":[{"name":"Froslass","species":"Froslass","item":"focussash","ability":"Cursed Body","moves":["icebeam","spikes","shadowball","destinybond"],"nature":"Modest","evs":{"hp":0,"atk":0,"def":0,"spa":252,"spd":4,"spe":252},"ivs":{"hp":31,"atk":31,"def":31,"spa":31,"spd":31,"spe":31}},{"name":"Chandelure","species":"Chandelure","item":"choicespecs","ability":"Infiltrator","moves":["fireblast","shadowball","clearsmog","psychic"],"nature":"Quiet","evs":{"hp":248,"atk":0,"def":0,"spa":252,"spd":8,"spe":0},"ivs":{"hp":31,"atk":31,"def":31,"spa":31,"spd":31,"spe":31}},{"name":"Banette","species":"Banette","item":"banettite","ability":"Insomnia","moves":["willowisp","suckerpunch","knockoff","shadowclaw"],"nature":"Adamant","evs":{"hp":248,"atk":252,"def":0,"spa":0,"spd":8,"spe":0},"ivs":{"hp":31,"atk":31,"def":31,"spa":31,"spd":31,"spe":31}},{"name":"Dusclops","species":"Dusclops","item":"eviolite","ability":"Pressure","moves":["painsplit","nightshade","trickroom","toxic"],"nature":"Sassy","evs":{"hp":4,"atk":0,"def":252,"spa":0,"spd":252,"spe":0},"ivs":{"hp":31,"atk":31,"def":31,"spa":31,"spd":31,"spe":0}},{"name":"Gourgeist-Large","species":"Gourgeist-Large","item":"leftovers","ability":"Frisk","moves":["flamecharge","leechseed","seedbomb","substitute"],"nature":"Adamant","evs":{"hp":252,"atk":252,"def":0,"spa":0,"spd":0,"spe":4},"gender":"F","ivs":{"hp":31,"atk":30,"def":31,"spa":30,"spd":31,"spe":30}},{"name":"Sableye","species":"Sableye","item":"leftovers","ability":"Prankster","moves":["confuseray","toxic","foulplay","substitute"],"nature":"Bold","evs":{"hp":248,"atk":0,"def":252,"spa":0,"spd":8,"spe":0},"ivs":{"hp":31,"atk":31,"def":31,"spa":31,"spd":31,"spe":31}}],"p2team":[{"name":"Charizard","species":"Charizard","item":"charizarditey","ability":"Blaze","moves":["flamethrower","solarbeam","airslash","hiddenpowerice"],"nature":"Timid","evs":{"hp":0,"atk":0,"def":0,"spa":252,"spd":4,"spe":252},"ivs":{"hp":31,"atk":30,"def":30,"spa":31,"spd":31,"spe":31}},{"name":"Volcarona","species":"Volcarona","item":"lumberry","ability":"Flame Body","moves":["fierydance","bugbuzz","gigadrain","quiverdance"],"nature":"Modest","evs":{"hp":0,"atk":0,"def":0,"spa":252,"spd":4,"spe":252},"ivs":{"hp":31,"atk":31,"def":31,"spa":31,"spd":31,"spe":31}},{"name":"Rotom-Heat","species":"Rotom-Heat","item":"leftovers","ability":"Levitate","moves":["voltswitch","overheat","willowisp","painsplit"],"nature":"Calm","evs":{"hp":252,"atk":0,"def":0,"spa":4,"spd":252,"spe":0},"ivs":{"hp":31,"atk":31,"def":31,"spa":31,"spd":31,"spe":31}},{"name":"Chandelure","species":"Chandelure","item":"choicescarf","ability":"Flash Fire","moves":["energyball","flamethrower","shadowball","psychic"],"nature":"Timid","evs":{"hp":0,"atk":0,"def":0,"spa":252,"spd":4,"spe":252},"ivs":{"hp":31,"atk":31,"def":31,"spa":31,"spd":31,"spe":31}},{"name":"Entei","species":"Entei","item":"choicescarf","ability":"Pressure","moves":["sacredfire","stoneedge","bulldoze","extremespeed"],"nature":"Adamant","evs":{"hp":0,"atk":252,"def":0,"spa":0,"spd":4,"spe":252},"shiny":true,"ivs":{"hp":31,"atk":31,"def":31,"spa":31,"spd":31,"spe":31}},{"name":"Torkoal","species":"Torkoal","item":"leftovers","ability":"White Smoke","moves":["rapidspin","stealthrock","lavaplume","earthpower"],"nature":"Bold","evs":{"hp":252,"atk":0,"def":252,"spa":0,"spd":4,"spe":0},"ivs":{"hp":31,"atk":31,"def":31,"spa":31,"spd":31,"spe":31}}],"log":["|player|p1|Union Wevrm|unionwevrm.png","|player|p2|IV-Wiley|voidwiley.png","|gametype|singles","|gen|6","|tier|Monotype","|rated","|rule|Baton Pass Clause: Limit one Baton Passer, can't pass Spe and other stats simultaneously","|rule|Swagger Clause: Swagger is banned","|rule|Same Type Clause: Pokémon in a team must share a type","|clearpoke","|poke|p1|Froslass, F","|poke|p1|Chandelure, F","|poke|p1|Banette, M","|poke|p1|Dusclops, F","|poke|p1|Gourgeist-*, F","|poke|p1|Sableye, M","|poke|p2|Charizard, M","|poke|p2|Volcarona, M","|poke|p2|Rotom-Heat","|poke|p2|Chandelure, M","|poke|p2|Entei, shiny","|poke|p2|Torkoal, F","|rule|Sleep Clause Mod: Limit one foe put to sleep","|rule|Species Clause: Limit one of each Pokémon","|rule|OHKO Clause: OHKO moves are banned","|rule|Moody Clause: Moody is banned","|rule|Evasion Moves Clause: Evasion moves are banned","|rule|Endless Battle Clause: Forcing endless battles is banned","|rule|HP Percentage Mod: HP is shown in percentages","|teampreview","|","|start","|switch|p1a: Froslass|Froslass, F|281/281","|switch|p2a: Entei|Entei, shiny|371/371","|-ability|p2a: Entei|Pressure","|turn|1","|","|move|p2a: Entei|Sacred Fire|p1a: Froslass","|-supereffective|p1a: Froslass","|-enditem|p1a: Froslass|Focus Sash","|-damage|p1a: Froslass|1/281","|-start|p2a: Entei|Disable|Sacred Fire","|move|p1a: Froslass|Shadow Ball|p2a: Entei","|-damage|p2a: Entei|215/371","|","|turn|2","|","|switch|p2a: Rotom-Heat|Rotom-Heat|304/304","|move|p1a: Froslass|Ice Beam|p2a: Rotom-Heat","|-resisted|p2a: Rotom-Heat","|-damage|p2a: Rotom-Heat|261/304","|-status|p2a: Rotom-Heat|frz","|","|-heal|p2a: Rotom-Heat|280/304 frz|[from] item: Leftovers","|turn|3","|","|move|p1a: Froslass|Destiny Bond|p1a: Froslass","|-singlemove|p1a: Froslass|Destiny Bond","|-curestatus|p2a: Rotom-Heat|frz","|move|p2a: Rotom-Heat|Will-O-Wisp|p1a: Froslass","|-status|p1a: Froslass|brn","|","|-heal|p2a: Rotom-Heat|299/304|[from] item: Leftovers","|-damage|p1a: Froslass|0 fnt|[from] brn","|faint|p1a: Froslass","|","|switch|p1a: Sableye|Sableye, M|303/303","|turn|4","|","|move|p1a: Sableye|Substitute|p1a: Sableye","|-start|p1a: Sableye|Substitute","|-damage|p1a: Sableye|228/303","|move|p2a: Rotom-Heat|Overheat|p1a: Sableye","|-end|p1a: Sableye|Substitute","|-unboost|p2a: Rotom-Heat|spa|2","|","|-heal|p2a: Rotom-Heat|304/304|[from] item: Leftovers","|-heal|p1a: Sableye|246/303|[from] item: Leftovers","|turn|5","|","|move|p1a: Sableye|Confuse Ray|p2a: Rotom-Heat","|-start|p2a: Rotom-Heat|confusion","|-activate|p2a: Rotom-Heat|confusion","|-damage|p2a: Rotom-Heat|284/304|[from] confusion","|","|-heal|p2a: Rotom-Heat|303/304|[from] item: Leftovers","|-heal|p1a: Sableye|264/303|[from] item: Leftovers","|turn|6","|","|move|p1a: Sableye|Toxic|p2a: Rotom-Heat","|-status|p2a: Rotom-Heat|tox","|-activate|p2a: Rotom-Heat|confusion","|move|p2a: Rotom-Heat|Volt Switch|p1a: Sableye","|-damage|p1a: Sableye|200/303","|","|switch|p2a: Entei|Entei, shiny|215/371","|-ability|p2a: Entei|Pressure","|","|-heal|p1a: Sableye|218/303|[from] item: Leftovers","|turn|7","|","|move|p1a: Sableye|Confuse Ray|p2a: Entei","|-start|p2a: Entei|confusion","|-activate|p2a: Entei|confusion","|move|p2a: Entei|Stone Edge|p1a: Sableye","|-damage|p1a: Sableye|111/303","|","|-heal|p1a: Sableye|129/303|[from] item: Leftovers","|turn|8","|","|switch|p2a: Rotom-Heat|Rotom-Heat|303/304 tox","|move|p1a: Sableye|Foul Play|p2a: Rotom-Heat","|-damage|p2a: Rotom-Heat|233/304 tox","|","|-heal|p2a: Rotom-Heat|252/304 tox|[from] item: Leftovers","|-heal|p1a: Sableye|147/303|[from] item: Leftovers","|-damage|p2a: Rotom-Heat|233/304 tox|[from] psn","|turn|9","|","|switch|p1a: Gourgeist-Large|Gourgeist-Large, F|354/354","|-item|p2a: Rotom-Heat|Leftovers|[from] ability: Frisk|[of] p1a: Gourgeist-Large|[identify]","|move|p2a: Rotom-Heat|Overheat|p1a: Gourgeist-Large","|-supereffective|p1a: Gourgeist-Large","|-damage|p1a: Gourgeist-Large|0 fnt","|-unboost|p2a: Rotom-Heat|spa|2","|faint|p1a: Gourgeist-Large","|","|-heal|p2a: Rotom-Heat|252/304 tox|[from] item: Leftovers","|-damage|p2a: Rotom-Heat|214/304 tox|[from] psn","|","|switch|p1a: Dusclops|Dusclops, F|222/222","|-ability|p1a: Dusclops|Pressure","|turn|10","|","|move|p2a: Rotom-Heat|Will-O-Wisp|p1a: Dusclops","|-status|p1a: Dusclops|brn","|move|p1a: Dusclops|Trick Room|p1a: Dusclops","|-fieldstart|move: Trick Room|[of] p1a: Dusclops","|","|-heal|p2a: Rotom-Heat|233/304 tox|[from] item: Leftovers","|-damage|p1a: Dusclops|195/222 brn|[from] brn","|-damage|p2a: Rotom-Heat|176/304 tox|[from] psn","|turn|11","|","|switch|p1a: Chandelure|Chandelure, F|323/323","|move|p2a: Rotom-Heat|Volt Switch|p1a: Chandelure","|-damage|p1a: Chandelure|275/323","|","|switch|p2a: Chandelure|Chandelure, M|261/261","|","|turn|12","|","|move|p1a: Chandelure|Shadow Ball|p2a: Chandelure","|-supereffective|p2a: Chandelure","|-damage|p2a: Chandelure|0 fnt","|faint|p2a: Chandelure","|","|","|switch|p2a: Torkoal|Torkoal, F|344/344","|turn|13","|","|move|p2a: Torkoal|Earth Power|p1a: Chandelure","|-supereffective|p1a: Chandelure","|-damage|p1a: Chandelure|131/323","|move|p1a: Chandelure|Shadow Ball|p2a: Torkoal","|-damage|p2a: Torkoal|0 fnt","|faint|p2a: Torkoal","|","|","|switch|p2a: Charizard|Charizard, M|297/297","|turn|14","|","|detailschange|p2a: Charizard|Charizard-Mega-Y, M","|-mega|p2a: Charizard|Charizard|Charizardite Y","|-weather|SunnyDay","|move|p1a: Chandelure|Shadow Ball|p2a: Charizard","|-damage|p2a: Charizard|78/297","|move|p2a: Charizard|Air Slash|p1a: Chandelure","|-damage|p1a: Chandelure|0 fnt","|faint|p1a: Chandelure","|","|-weather|SunnyDay|[upkeep]","|-fieldend|move: Trick Room","|","|switch|p1a: Sableye|Sableye, M|147/303","|turn|15","|","|move|p1a: Sableye|Confuse Ray|p2a: Charizard","|-start|p2a: Charizard|confusion","|-activate|p2a: Charizard|confusion","|move|p2a: Charizard|Flamethrower|p1a: Sableye","|-damage|p1a: Sableye|0 fnt","|faint|p1a: Sableye","|","|-weather|SunnyDay|[upkeep]","|","|switch|p1a: Dusclops|Dusclops, F|195/222 brn","|-ability|p1a: Dusclops|Pressure","|turn|16","|","|-activate|p2a: Charizard|confusion","|-damage|p2a: Charizard|38/297|[from] confusion","|move|p1a: Dusclops|Trick Room|p1a: Dusclops","|-fieldstart|move: Trick Room|[of] p1a: Dusclops","|","|-weather|SunnyDay|[upkeep]","|-damage|p1a: Dusclops|168/222 brn|[from] brn","|turn|17","|","|move|p1a: Dusclops|Night Shade|p2a: Charizard","|-damage|p2a: Charizard|0 fnt","|faint|p2a: Charizard","|","|-weather|SunnyDay|[upkeep]","|-damage|p1a: Dusclops|141/222 brn|[from] brn","|","|switch|p2a: Volcarona|Volcarona, M|311/311","|turn|18","|","|move|p1a: Dusclops|Toxic|p2a: Volcarona","|-status|p2a: Volcarona|tox","|-enditem|p2a: Volcarona|Lum Berry|[eat]","|-curestatus|p2a: Volcarona|tox","|move|p2a: Volcarona|Fiery Dance|p1a: Dusclops","|-damage|p1a: Dusclops|47/222 brn","|","|-weather|none","|-damage|p1a: Dusclops|20/222 brn|[from] brn","|turn|19","|","|move|p1a: Dusclops|Pain Split|p2a: Volcarona","|-sethp|p2a: Volcarona|165/311|p1a: Dusclops|165/222 brn|[from] move: Pain Split","|move|p2a: Volcarona|Fiery Dance|p1a: Dusclops","|-damage|p1a: Dusclops|98/222 brn","|","|-damage|p1a: Dusclops|71/222 brn|[from] brn","|turn|20","|","|move|p1a: Dusclops|Pain Split|p2a: Volcarona","|-sethp|p2a: Volcarona|118/311|p1a: Dusclops|118/222 brn|[from] move: Pain Split","|move|p2a: Volcarona|Fiery Dance|p1a: Dusclops","|-damage|p1a: Dusclops|55/222 brn","|-boost|p2a: Volcarona|spa|1","|","|-damage|p1a: Dusclops|28/222 brn|[from] brn","|-fieldend|move: Trick Room","|turn|21","|","|move|p2a: Volcarona|Fiery Dance|p1a: Dusclops","|-damage|p1a: Dusclops|0 fnt","|-boost|p2a: Volcarona|spa|1","|faint|p1a: Dusclops","|","|","|switch|p1a: Banette|Banette, M|331/331","|turn|22","|","|detailschange|p1a: Banette|Banette-Mega, M","|-mega|p1a: Banette|Banette|Banettite","|move|p1a: Banette|Sucker Punch|p2a: Volcarona","|-damage|p2a: Volcarona|0 fnt","|faint|p2a: Volcarona","|","|","|switch|p2a: Entei|Entei, shiny|215/371","|-ability|p2a: Entei|Pressure","|turn|23","|","|move|p1a: Banette|Sucker Punch|p2a: Entei","|-damage|p2a: Entei|78/371","|move|p2a: Entei|Sacred Fire|p1a: Banette","|-damage|p1a: Banette|91/331","|-status|p1a: Banette|brn","|","|-damage|p1a: Banette|50/331 brn|[from] brn","|turn|24","|","|move|p1a: Banette|Sucker Punch|p2a: Entei","|-damage|p2a: Entei|13/371","|move|p2a: Entei|Sacred Fire|p1a: Banette","|-damage|p1a: Banette|0 fnt","|faint|p1a: Banette","|","|win|IV-Wiley"],"p1rating":{"entryid":"7313146","serverid":"eos","formatid":"monotype","userid":"unionwevrm","username":"Union Wevrm","w":"5","l":18,"t":"0","gxe":28.7,"r":1332.6212911407,"rd":69.645891707665,"sigma":"0","rptime":1438765200,"rpr":1325.1346529936,"rprd":68.631100823038,"rpsigma":"0","acre":1017.3851129871,"lacre":1017.3851129871,"oldacre":"1030.1653974903"},"p2rating":{"entryid":"7406762","serverid":"eos","formatid":"monotype","userid":"ivwiley","username":"IV Wiley","w":7,"l":"6","t":"0","gxe":50.8,"r":"1495.5145738225","rd":"106.46815327292","sigma":"0","rptime":"1438765200","rpr":1505.9917552268,"rprd":80.625480265174,"rpsigma":"0","acre":1097.7771782422,"lacre":1097.7771782422,"oldacre":"1072.0971067369"},"endType":"normal"}