{"seed":[43601,12060,52505,45723],"turns":24,"p1":"SWL Ings","p2":"MrNyanNyanz","p1team":[{"name":"Volcarona","species":"Volcarona","item":"lumberry","ability":"Flame Body","moves":["quiverdance","bugbuzz","gigadrain","fierydance"],"nature":"Timid","evs":{"hp":248,"atk":0,"def":136,"spa":28,"spd":0,"spe":96},"gender":"F","ivs":{"hp":31,"atk":0,"def":31,"spa":31,"spd":31,"spe":31},"shiny":true},{"name":"Torkoal","species":"Torkoal","item":"leftovers","ability":"Shell Armor","moves":["yawn","stealthrock","rapidspin","earthpower"],"nature":"Bold","evs":{"hp":252,"atk":0,"def":252,"spa":4,"spd":0,"spe":0},"gender":"M","ivs":{"hp":31,"atk":0,"def":31,"spa":31,"spd":31,"spe":31}},{"name":"Fletchinder","species":"Fletchinder","item":"","ability":"Gale Wings","moves":["tailwind","swordsdance","overheat","acrobatics"],"nature":"Naughty","evs":{"hp":232,"atk":252,"def":0,"spa":0,"spd":0,"spe":24},"ivs":{"hp":31,"atk":31,"def":31,"spa":31,"spd":31,"spe":31}},{"name":"Charizard","species":"Charizard","item":"charizarditey","ability":"Blaze","moves":["solarbeam","defog","earthquake","flamethrower"],"nature":"Modest","evs":{"hp":0,"atk":4,"def":0,"spa":252,"spd":0,"spe":252},"ivs":{"hp":31,"atk":31,"def":31,"spa":31,"spd":31,"spe":31}},{"name":"Infernape","species":"Infernape","item":"lifeorb","ability":"Blaze","moves":["hiddenpowerice","closecombat","flamethrower","vacuumwave"],"nature":"Naive","evs":{"hp":0,"atk":4,"def":0,"spa":252,"spd":0,"spe":252},"ivs":{"hp":31,"atk":30,"def":30,"spa":31,"spd":31,"spe":31}},{"name":"Arcanine","species":"Arcanine","item":"assaultvest","ability":"Intimidate","moves":["extremespeed","wildcharge","flareblitz","bulldoze"],"nature":"Adamant","evs":{"hp":248,"atk":252,"def":0,"spa":0,"spd":0,"spe":8},"ivs":{"hp":31,"atk":31,"def":31,"spa":31,"spd":31,"spe":31}}],"p2team":[{"name":"Charizard","species":"Charizard","item":"charizarditey","ability":"Blaze","moves":["solarbeam","fireblast","defog","focusblast"],"nature":"Timid","evs":{"hp":0,"atk":0,"def":0,"spa":252,"spd":4,"spe":252},"ivs":{"hp":31,"atk":31,"def":31,"spa":31,"spd":31,"spe":31}},{"name":"Rotom-Heat","species":"Rotom-Heat","item":"lightclay","ability":"Levitate","moves":["voltswitch","reflect","lightscreen","willowisp"],"nature":"Bold","evs":{"hp":252,"atk":0,"def":252,"spa":4,"spd":0,"spe":0},"ivs":{"hp":31,"atk":31,"def":31,"spa":31,"spd":31,"spe":31}},{"name":"Heatran","species":"Heatran","item":"airballoon","ability":"Flash Fire","moves":["stealthrock","lavaplume","flashcannon","toxic"],"nature":"Calm","evs":{"hp":248,"atk":0,"def":0,"spa":8,"spd":252,"spe":0},"ivs":{"hp":31,"atk":31,"def":31,"spa":31,"spd":31,"spe":31}},{"name":"Victini","species":"Victini","item":"choicescarf","ability":"Victory Star","moves":["vcreate","energyball","psyshock","boltstrike"],"nature":"Hasty","evs":{"hp":0,"atk":252,"def":0,"spa":4,"spd":0,"spe":252},"ivs":{"hp":31,"atk":31,"def":31,"spa":31,"spd":31,"spe":31}},{"name":"Infernape","species":"Infernape","item":"choiceband","ability":"Iron Fist","moves":["machpunch","thunderpunch","firepunch","closecombat"],"nature":"Jolly","evs":{"hp":0,"atk":252,"def":0,"spa":0,"spd":4,"spe":252},"ivs":{"hp":31,"atk":31,"def":31,"spa":31,"spd":31,"spe":31}},{"name":"Entei","species":"Entei","item":"assaultvest","ability":"Pressure","moves":["extremespeed","sacredfire","stoneedge","ironhead"],"nature":"Adamant","evs":{"hp":0,"atk":252,"def":0,"spa":0,"spd":4,"spe":252},"shiny":true,"ivs":{"hp":31,"atk":31,"def":31,"spa":31,"spd":31,"spe":31}}],"log":["|player|p1|SWL Ings|125","|player|p2|MrNyanNyanz|mrnyannyanz.png","|gametype|singles","|gen|6","|tier|Monotype","|rated","|rule|Baton Pass Clause: Limit one Baton Passer, can't pass Spe and other stats simultaneously","|rule|Swagger Clause: Swagger is banned","|rule|Same Type Clause: Pokémon in a team must share a type","|clearpoke","|poke|p1|Volcarona, F, shiny","|poke|p1|Torkoal, M","|poke|p1|Fletchinder, F","|poke|p1|Charizard, M","|poke|p1|Infernape, F","|poke|p1|Arcanine, F","|poke|p2|Charizard, F","|poke|p2|Rotom-Heat","|poke|p2|Heatran, F","|poke|p2|Victini","|poke|p2|Infernape, M","|poke|p2|Entei, shiny","|rule|Sleep Clause Mod: Limit one foe put to sleep","|rule|Species Clause: Limit one of each Pokémon","|rule|OHKO Clause: OHKO moves are banned","|rule|Moody Clause: Moody is banned","|rule|Evasion Moves Clause: Evasion moves are banned","|rule|Endless Battle Clause: Forcing endless battles is banned","|rule|HP Percentage Mod: HP is shown in percentages","|teampreview","|","|start","|switch|p1a: Torkoal|Torkoal, M|344/344","|switch|p2a: Heatran|Heatran, F|385/385","|-item|p2a: Heatran|Air Balloon","|turn|1","|","|move|p2a: Heatran|Toxic|p1a: Torkoal","|-status|p1a: Torkoal|tox","|move|p1a: Torkoal|Yawn|p2a: Heatran","|-start|p2a: Heatran|move: Yawn|[of] p1a: Torkoal","|","|-damage|p1a: Torkoal|323/344 tox|[from] psn","|turn|2","|","|switch|p2a: Charizard|Charizard, F|297/297","|move|p1a: Torkoal|Stealth Rock|p2a: Charizard","|-sidestart|p2: MrNyanNyanz|move: Stealth Rock","|","|-heal|p1a: Torkoal|344/344 tox|[from] item: Leftovers","|-damage|p1a: Torkoal|302/344 tox|[from] psn","|turn|3","|","|detailschange|p2a: Charizard|Charizard-Mega-Y, F","|-mega|p2a: Charizard|Charizard|Charizardite Y","|-weather|SunnyDay","|move|p2a: Charizard|Defog|p1a: Torkoal","|-unboost|p1a: Torkoal|evasion|1","|-sideend|p2: MrNyanNyanz|Stealth Rock|[from] move: Defog|[of] p2a: Charizard","|move|p1a: Torkoal|Yawn|p2a: Charizard","|-start|p2a: Charizard|move: Yawn|[of] p1a: Torkoal","|","|-weather|SunnyDay|[upkeep]","|-heal|p1a: Torkoal|323/344 tox|[from] item: Leftovers","|-damage|p1a: Torkoal|260/344 tox|[from] psn","|turn|4","|","|switch|p2a: Heatran|Heatran, F|385/385","|-item|p2a: Heatran|Air Balloon","|move|p1a: Torkoal|Stealth Rock|p2a: Heatran","|-sidestart|p2: MrNyanNyanz|move: Stealth Rock","|","|-weather|SunnyDay|[upkeep]","|-heal|p1a: Torkoal|281/344 tox|[from] item: Leftovers","|-damage|p1a: Torkoal|197/344 tox|[from] psn","|turn|5","|","|switch|p1a: Infernape|Infernape, F|293/293","|move|p2a: Heatran|Stealth Rock|p1a: Infernape","|-sidestart|p1: SWL Ings|move: Stealth Rock","|","|-weather|SunnyDay|[upkeep]","|turn|6","|","|switch|p2a: Rotom-Heat|Rotom-Heat|304/304","|-damage|p2a: Rotom-Heat|228/304|[from] Stealth Rock","|move|p1a: Infernape|Close Combat|p2a: Rotom-Heat","|-damage|p2a: Rotom-Heat|98/304","|-unboost|p1a: Infernape|def|1","|-unboost|p1a: Infernape|spd|1","|-damage|p1a: Infernape|264/293|[from] item: Life Orb","|","|-weather|SunnyDay|[upkeep]","|turn|7","|","|switch|p1a: Arcanine|Arcanine, F|383/383","|-damage|p1a: Arcanine|288/383|[from] Stealth Rock","|-ability|p1a: Arcanine|Intimidate","|-unboost|p2a: Rotom-Heat|atk|1","|move|p2a: Rotom-Heat|Reflect|p2a: Rotom-Heat","|-sidestart|p2: MrNyanNyanz|Reflect","|","|-weather|none","|turn|8","|","|switch|p1a: Torkoal|Torkoal, M|197/344 tox","|-damage|p1a: Torkoal|111/344 tox|[from] Stealth Rock","|move|p2a: Rotom-Heat|Light Screen|p2a: Rotom-Heat","|-sidestart|p2: MrNyanNyanz|move: Light Screen","|","|-heal|p1a: Torkoal|132/344 tox|[from] item: Leftovers","|-damage|p1a: Torkoal|111/344 tox|[from] psn","|turn|9","|","|move|p2a: Rotom-Heat|Light Screen|p2a: Rotom-Heat","|-fail|p2a: Rotom-Heat","|move|p1a: Torkoal|Rapid Spin|p2a: Rotom-Heat","|-damage|p2a: Rotom-Heat|94/304","|-sideend|p1: SWL Ings|Stealth Rock|[from] move: Rapid Spin|[of] p1a: Torkoal","|","|-heal|p1a: Torkoal|132/344 tox|[from] item: Leftovers","|-damage|p1a: Torkoal|90/344 tox|[from] psn","|turn|10","|","|move|p2a: Rotom-Heat|Volt Switch|p1a: Torkoal","|-damage|p1a: Torkoal|0 fnt","|faint|p1a: Torkoal","|","|switch|p2a: Entei|Entei, shiny|371/371","|-damage|p2a: Entei|279/371|[from] Stealth Rock","|-ability|p2a: Entei|Pressure","|","|","|switch|p1a: Arcanine|Arcanine, F|288/383","|-ability|p1a: Arcanine|Intimidate","|-unboost|p2a: Entei|atk|1","|turn|11","|","|move|p2a: Entei|Stone Edge|p1a: Arcanine","|-supereffective|p1a: Arcanine","|-damage|p1a: Arcanine|94/383","|move|p1a: Arcanine|Bulldoze|p2a: Entei","|-supereffective|p2a: Entei","|-damage|p2a: Entei|192/371","|-unboost|p2a: Entei|spe|1","|","|turn|12","|","|move|p2a: Entei|Extreme Speed|p1a: Arcanine","|-damage|p1a: Arcanine|21/383","|move|p1a: Arcanine|Wild Charge|p2a: Entei","|-damage|p2a: Entei|131/371","|-damage|p1a: Arcanine|6/383|[from] recoil|[of] p2a: Entei","|","|turn|13","|","|move|p1a: Arcanine|Extreme Speed|p2a: Entei","|-damage|p2a: Entei|76/371","|move|p2a: Entei|Extreme Speed|p1a: Arcanine","|-damage|p1a: Arcanine|0 fnt","|faint|p1a: Arcanine","|","|","|switch|p1a: Volcarona|Volcarona, F, shiny|373/373","|turn|14","|","|move|p1a: Volcarona|Fiery Dance|p2a: Entei","|-resisted|p2a: Entei","|-damage|p2a: Entei|52/371","|-boost|p1a: Volcarona|spa|1","|move|p2a: Entei|Stone Edge|p1a: Volcarona","|-supereffective|p1a: Volcarona","|-damage|p1a: Volcarona|0 fnt","|faint|p1a: Volcarona","|","|-sideend|p2: MrNyanNyanz|Reflect","|","|switch|p1a: Charizard|Charizard, M|297/297","|turn|15","|","|move|p2a: Entei|Extreme Speed|p1a: Charizard","|-damage|p1a: Charizard|213/297","|move|p1a: Charizard|Earthquake|p2a: Entei","|-supereffective|p2a: Entei","|-damage|p2a: Entei|0 fnt","|faint|p2a: Entei","|","|-sideend|p2: MrNyanNyanz|move: Light Screen","|","|switch|p2a: Charizard|Charizard-Mega-Y, F|297/297","|-damage|p2a: Charizard|149/297|[from] Stealth Rock","|-weather|SunnyDay","|turn|16","|","|detailschange|p1a: Charizard|Charizard-Mega-Y, M","|-mega|p1a: Charizard|Charizard|Charizardite Y","|move|p2a: Charizard|Defog|p1a: Charizard","|-unboost|p1a: Charizard|evasion|1","|-sideend|p2: MrNyanNyanz|Stealth Rock|[from] move: Defog|[of] p2a: Charizard","|move|p1a: Charizard|Flamethrower|p2a: Charizard","|-resisted|p2a: Charizard","|-damage|p2a: Charizard|4/297","|","|-weather|SunnyDay|[upkeep]","|turn|17","|","|move|p2a: Charizard|Fire Blast|p1a: Charizard","|-resisted|p1a: Charizard","|-damage|p1a: Charizard|69/297","|move|p1a: Charizard|Flamethrower|p2a: Charizard","|-resisted|p2a: Charizard","|-damage|p2a: Charizard|0 fnt","|faint|p2a: Charizard","|","|-weather|SunnyDay|[upkeep]","|","|switch|p2a: Heatran|Heatran, F|385/385","|-item|p2a: Heatran|Air Balloon","|turn|18","|","|move|p1a: Charizard|Solar Beam|p2a: Heatran|[still]","|-prepare|p1a: Charizard|Solar Beam|p2a: Heatran","|-anim|p1a: Charizard|Solar Beam|p2a: Heatran","|-resisted|p2a: Heatran","|-damage|p2a: Heatran|356/385","|-enditem|p2a: Heatran|Air Balloon","|move|p2a: Heatran|Stealth Rock|p1a: Charizard","|-sidestart|p1: SWL Ings|move: Stealth Rock","|","|-weather|SunnyDay|[upkeep]","|turn|19","|","|move|p1a: Charizard|Earthquake|p2a: Heatran","|-supereffective|p2a: Heatran","|-damage|p2a: Heatran|96/385","|move|p2a: Heatran|Lava Plume|p1a: Charizard","|-resisted|p1a: Charizard","|-damage|p1a: Charizard|0 fnt","|faint|p1a: Charizard","|","|-weather|SunnyDay|[upkeep]","|","|switch|p1a: Infernape|Infernape, F|264/293","|-damage|p1a: Infernape|228/293|[from] Stealth Rock","|turn|20","|","|move|p1a: Infernape|Vacuum Wave|p2a: Heatran","|-supereffective|p2a: Heatran","|-damage|p2a: Heatran|0 fnt","|-damage|p1a: Infernape|199/293|[from] item: Life Orb","|faint|p2a: Heatran","|","|-weather|none","|","|switch|p2a: Victini|Victini|341/341","|turn|21","|","|move|p1a: Infernape|Vacuum Wave|p2a: Victini","|-resisted|p2a: Victini","|-damage|p2a: Victini|298/341","|-damage|p1a: Infernape|170/293|[from] item: Life Orb","|move|p2a: Victini|Psyshock|p1a: Infernape","|-supereffective|p1a: Infernape","|-damage|p1a: Infernape|0 fnt","|faint|p1a: Infernape","|","|","|switch|p1a: Fletchinder|Fletchinder, F|323/323","|-damage|p1a: Fletchinder|162/323|[from] Stealth Rock","|turn|22","|","|move|p2a: Victini|Psyshock|p1a: Fletchinder","|-damage|p1a: Fletchinder|5/323","|move|p1a: Fletchinder|Swords Dance|p1a: Fletchinder","|-boost|p1a: Fletchinder|atk|2","|","|turn|23","|","|move|p1a: Fletchinder|Acrobatics|p2a: Victini","|-damage|p2a: Victini|0 fnt","|faint|p2a: Victini","|","|","|switch|p2a: Infernape|Infernape, M|293/293","|turn|24","|","|move|p2a: Infernape|Mach Punch|p1a: Fletchinder","|-resisted|p1a: Fletchinder","|-damage|p1a: Fletchinder|0 fnt","|faint|p1a: Fletchinder","|","|win|MrNyanNyanz"],"p1rating":{"entryid":"7408788","serverid":"eos","formatid":"monotype","userid":"swlings","username":"SWL Ings","w":"1","l":1,"t":"0","gxe":49.1,"r":"1500","rd":"130","sigma":"0","rptime":"1438678800","rpr":1492.5255411467,"rprd":115.991975018,"rpsigma":"0","acre":1035.5535952848,"lacre":1035.5535952848,"oldacre":"1050.7465081153"},"p2rating":{"entryid":"6703862","serverid":"eos","formatid":"monotype","userid":"mrnyannyanz","username":"MrNyanNyanz","w":53,"l":"45","t":"0","gxe":53.1,"r":"1537.4006844982","rd":"40.879362621391","sigma":"0","rptime":"1438678800","rpr":1523.6934120986,"rprd":36.603604249754,"rpsigma":"0","acre":1120.4966186461,"lacre":1120.4966186461,"oldacre":"1098.7714855306"},"endType":"normal"}