{"seed":[48974,19462,44445,26799],"turns":29,"p1":"Guard Wanderer","p2":"Intern Argus","p1team":[{"name":"Weezing","species":"Weezing","item":"sitrusberry","ability":"Levitate","moves":["toxicspikes","willowisp","memento","thief"],"nature":"Careful","evs":{"hp":248,"atk":8,"def":0,"spa":0,"spd":252,"spe":0},"ivs":{"hp":31,"atk":31,"def":31,"spa":31,"spd":31,"spe":31}},{"name":"Tentacruel","species":"Tentacruel","item":"assaultvest","ability":"Liquid Ooze","moves":["scald","acidspray","gigadrain","hex"],"nature":"Timid","evs":{"hp":0,"atk":0,"def":4,"spa":252,"spd":0,"spe":252},"ivs":{"hp":31,"atk":31,"def":31,"spa":31,"spd":31,"spe":31}},{"name":"Skuntank","species":"Skuntank","item":"","ability":"Stench","moves":["snatch","thief","suckerpunch","poisonjab"],"nature":"Adamant","evs":{"hp":248,"atk":252,"def":0,"spa":0,"spd":8,"spe":0},"ivs":{"hp":31,"atk":31,"def":31,"spa":31,"spd":31,"spe":31}},{"name":"Crobat","species":"Crobat","item":"whiteherb","ability":"Infiltrator","moves":["curse","acrobatics","roost","hypnosis"],"nature":"Jolly","evs":{"hp":248,"atk":8,"def":0,"spa":0,"spd":0,"spe":252},"ivs":{"hp":31,"atk":31,"def":31,"spa":31,"spd":31,"spe":31}},{"name":"Gengar","species":"Gengar","item":"choicescarf","ability":"Levitate","moves":["trick","destinybond","venoshock","hex"],"nature":"Timid","evs":{"hp":0,"atk":0,"def":0,"spa":252,"spd":4,"spe":252},"ivs":{"hp":31,"atk":31,"def":31,"spa":31,"spd":31,"spe":31}},{"name":"Amoonguss","species":"Amoonguss","item":"blacksludge","ability":"Regenerator","moves":["spore","gigadrain","gastroacid","stunspore"],"nature":"Calm","evs":{"hp":248,"atk":0,"def":0,"spa":8,"spd":252,"spe":0},"shiny":true,"ivs":{"hp":31,"atk":31,"def":31,"spa":31,"spd":31,"spe":31}}],"p2team":[{"name":"Sableye","species":"Sableye","item":"leftovers","ability":"Prankster","moves":["knockoff","willowisp","recover","taunt"],"nature":"Bold","evs":{"hp":228,"atk":0,"def":252,"spa":0,"spd":0,"spe":28},"gender":"M","ivs":{"hp":31,"atk":0,"def":31,"spa":31,"spd":31,"spe":31}},{"name":"Aegislash","species":"Aegislash","item":"weaknesspolicy","ability":"Stance Change","moves":["kingsshield","sacredsword","shadowball","shadowsneak"],"nature":"Lonely","evs":{"hp":0,"atk":252,"def":0,"spa":240,"spd":0,"spe":16},"gender":"M","shiny":true,"ivs":{"hp":31,"atk":31,"def":31,"spa":31,"spd":31,"spe":31}},{"name":"Jellicent","species":"Jellicent","item":"leftovers","ability":"Cursed Body","moves":["toxic","scald","recover","acidarmor"],"nature":"Calm","evs":{"hp":252,"atk":0,"def":0,"spa":0,"spd":252,"spe":4},"gender":"M","ivs":{"hp":31,"atk":0,"def":31,"spa":31,"spd":31,"spe":31},"shiny":true},{"name":"Golurk","species":"Golurk","item":"focussash","ability":"No Guard","moves":["stealthrock","stoneedge","dynamicpunch","curse"],"nature":"Adamant","evs":{"hp":0,"atk":252,"def":0,"spa":0,"spd":4,"spe":252},"shiny":true,"ivs":{"hp":31,"atk":31,"def":31,"spa":31,"spd":31,"spe":31}},{"name":"Chandelure","species":"Chandelure","item":"choicescarf","ability":"Infiltrator","moves":["flamethrower","shadowball","energyball","trick"],"nature":"Modest","evs":{"hp":0,"atk":0,"def":0,"spa":252,"spd":4,"spe":252},"gender":"F","ivs":{"hp":31,"atk":0,"def":31,"spa":31,"spd":31,"spe":31}},{"name":"Gengar","species":"Gengar","item":"focussash","ability":"Levitate","moves":["destinybond","sludgebomb","shadowball","energyball"],"nature":"Timid","evs":{"hp":0,"atk":0,"def":0,"spa":252,"spd":4,"spe":252},"gender":"F","ivs":{"hp":31,"atk":0,"def":31,"spa":31,"spd":31,"spe":31},"shiny":true}],"log":["|player|p1|Guard Wanderer|235","|player|p2|Intern Argus|144","|gametype|singles","|gen|6","|tier|Monotype","|rated","|rule|Baton Pass Clause: Limit one Baton Passer, can't pass Spe and other stats simultaneously","|rule|Swagger Clause: Swagger is banned","|rule|Same Type Clause: Pokémon in a team must share a type","|clearpoke","|poke|p1|Weezing, M","|poke|p1|Tentacruel, F","|poke|p1|Skuntank, F","|poke|p1|Crobat, F","|poke|p1|Gengar, M","|poke|p1|Amoonguss, M, shiny","|poke|p2|Sableye, M","|poke|p2|Aegislash, M, shiny","|poke|p2|Jellicent, M, shiny","|poke|p2|Golurk, shiny","|poke|p2|Chandelure, F","|poke|p2|Gengar, F, shiny","|rule|Sleep Clause Mod: Limit one foe put to sleep","|rule|Species Clause: Limit one of each Pokémon","|rule|OHKO Clause: OHKO moves are banned","|rule|Moody Clause: Moody is banned","|rule|Evasion Moves Clause: Evasion moves are banned","|rule|Endless Battle Clause: Forcing endless battles is banned","|rule|HP Percentage Mod: HP is shown in percentages","|teampreview","|","|start","|switch|p1a: Tentacruel|Tentacruel, F|301/301","|switch|p2a: Golurk|Golurk, shiny|319/319","|turn|1","|","|switch|p1a: Weezing|Weezing, M|333/333","|move|p2a: Golurk|Stealth Rock|p1a: Weezing","|-sidestart|p1: Guard Wanderer|move: Stealth Rock","|","|turn|2","|","|move|p2a: Golurk|Dynamic Punch|p1a: Weezing","|-resisted|p1a: Weezing","|-damage|p1a: Weezing|281/333","|-start|p1a: Weezing|confusion","|-activate|p1a: Weezing|confusion","|move|p1a: Weezing|Will-O-Wisp|p2a: Golurk","|-status|p2a: Golurk|brn","|","|-damage|p2a: Golurk|280/319 brn|[from] brn","|turn|3","|","|move|p2a: Golurk|Curse|p1a: Weezing","|-start|p1a: Weezing|Curse|[of] p2a: Golurk","|-damage|p2a: Golurk|121/319 brn","|-activate|p1a: Weezing|confusion","|-damage|p1a: Weezing|256/333|[from] confusion","|","|-damage|p2a: Golurk|82/319 brn|[from] brn","|-damage|p1a: Weezing|173/333|[from] Curse","|turn|4","|","|switch|p1a: Amoonguss|Amoonguss, M, shiny|431/431","|-damage|p1a: Amoonguss|378/431|[from] Stealth Rock","|move|p2a: Golurk|Stone Edge|p1a: Amoonguss","|-damage|p1a: Amoonguss|290/431","|","|-heal|p1a: Amoonguss|316/431|[from] item: Black Sludge","|-damage|p2a: Golurk|43/319 brn|[from] brn","|turn|5","|","|switch|p1a: Weezing|Weezing, M|173/333","|-damage|p1a: Weezing|132/333|[from] Stealth Rock","|-enditem|p1a: Weezing|Sitrus Berry|[eat]","|-heal|p1a: Weezing|215/333|[from] item: Sitrus Berry","|move|p2a: Golurk|Curse|p1a: Weezing","|-start|p1a: Weezing|Curse|[of] p2a: Golurk","|-damage|p2a: Golurk|0 fnt","|faint|p2a: Golurk","|","|-damage|p1a: Weezing|132/333|[from] Curse","|","|switch|p2a: Chandelure|Chandelure, F|261/261","|turn|6","|","|switch|p1a: Tentacruel|Tentacruel, F|301/301","|-damage|p1a: Tentacruel|264/301|[from] Stealth Rock","|move|p2a: Chandelure|Shadow Ball|p1a: Tentacruel","|-crit|p1a: Tentacruel","|-damage|p1a: Tentacruel|120/301","|-unboost|p1a: Tentacruel|spd|1","|","|turn|7","|","|switch|p1a: Amoonguss|Amoonguss, M, shiny|431/431","|-damage|p1a: Amoonguss|378/431|[from] Stealth Rock","|move|p2a: Chandelure|Shadow Ball|p1a: Amoonguss","|-damage|p1a: Amoonguss|240/431","|","|-heal|p1a: Amoonguss|266/431|[from] item: Black Sludge","|turn|8","|","|switch|p2a: Jellicent|Jellicent, M, shiny|404/404","|move|p1a: Amoonguss|Spore|p2a: Jellicent","|-status|p2a: Jellicent|slp","|","|-heal|p1a: Amoonguss|292/431|[from] item: Black Sludge","|turn|9","|","|switch|p2a: Chandelure|Chandelure, F|261/261","|switch|p1a: Weezing|Weezing, M|132/333","|-damage|p1a: Weezing|91/333|[from] Stealth Rock","|","|turn|10","|","|switch|p1a: Amoonguss|Amoonguss, M, shiny|431/431","|-damage|p1a: Amoonguss|378/431|[from] Stealth Rock","|move|p2a: Chandelure|Shadow Ball|p1a: Amoonguss","|-damage|p1a: Amoonguss|233/431","|","|-heal|p1a: Amoonguss|259/431|[from] item: Black Sludge","|turn|11","|","|move|p2a: Chandelure|Shadow Ball|p1a: Amoonguss","|-damage|p1a: Amoonguss|115/431","|move|p1a: Amoonguss|Stun Spore|p2a: Chandelure","|-status|p2a: Chandelure|par","|","|-heal|p1a: Amoonguss|141/431|[from] item: Black Sludge","|turn|12","|","|switch|p1a: Tentacruel|Tentacruel, F|120/301","|-damage|p1a: Tentacruel|83/301|[from] Stealth Rock","|move|p2a: Chandelure|Shadow Ball|p1a: Tentacruel","|-damage|p1a: Tentacruel|0 fnt","|faint|p1a: Tentacruel","|","|","|switch|p1a: Weezing|Weezing, M|91/333","|-damage|p1a: Weezing|50/333|[from] Stealth Rock","|turn|13","|","|move|p1a: Weezing|Toxic Spikes|p2a: Chandelure","|-sidestart|p2: Intern Argus|move: Toxic Spikes","|move|p2a: Chandelure|Shadow Ball|p1a: Weezing","|-damage|p1a: Weezing|0 fnt","|faint|p1a: Weezing","|","|","|switch|p1a: Gengar|Gengar, M|261/261","|-damage|p1a: Gengar|229/261|[from] Stealth Rock","|turn|14","|","|move|p1a: Gengar|Hex|p2a: Chandelure","|-supereffective|p2a: Chandelure","|-damage|p2a: Chandelure|0 fnt","|faint|p2a: Chandelure","|","|","|switch|p2a: Aegislash|Aegislash, M, shiny|261/261","|turn|15","|","|switch|p1a: Skuntank|Skuntank, F|409/409","|-damage|p1a: Skuntank|358/409|[from] Stealth Rock","|-formechange|p2a: Aegislash|Aegislash-Blade","|move|p2a: Aegislash|Sacred Sword|p1a: Skuntank","|-damage|p1a: Skuntank|182/409","|","|turn|16","|","|switch|p2a: Sableye|Sableye, M|298/298","|-status|p2a: Sableye|psn","|move|p1a: Skuntank|Snatch|p1a: Skuntank","|-singleturn|p1a: Skuntank|Snatch","|","|-damage|p2a: Sableye|261/298 psn|[from] psn","|turn|17","|","|move|p1a: Skuntank|Thief|p2a: Sableye","|-crit|p2a: Sableye","|-damage|p2a: Sableye|143/298 psn","|-item|p1a: Skuntank|Leftovers|[from] move: Thief|[of] p2a: Sableye","|move|p2a: Sableye|Knock Off|p1a: Skuntank","|-resisted|p1a: Skuntank","|-damage|p1a: Skuntank|136/409","|-enditem|p1a: Skuntank|Leftovers|[from] move: Knock Off|[of] p2a: Sableye","|","|-damage|p2a: Sableye|106/298 psn|[from] psn","|turn|18","|","|move|p1a: Skuntank|Snatch|p1a: Skuntank","|-singleturn|p1a: Skuntank|Snatch","|move|p2a: Sableye|Recover|p2a: Sableye","|-activate|p1a: Skuntank|Snatch|[of] p2a: Sableye","|move|p1a: Skuntank|Recover|p1a: Skuntank|[from]Snatch","|-heal|p1a: Skuntank|341/409","|","|-damage|p2a: Sableye|69/298 psn|[from] psn","|turn|19","|","|move|p1a: Skuntank|Snatch|p1a: Skuntank","|-singleturn|p1a: Skuntank|Snatch","|move|p2a: Sableye|Recover|p2a: Sableye","|-activate|p1a: Skuntank|Snatch|[of] p2a: Sableye","|move|p1a: Skuntank|Recover|p1a: Skuntank|[from]Snatch","|-heal|p1a: Skuntank|409/409","|","|-damage|p2a: Sableye|32/298 psn|[from] psn","|turn|20","|","|move|p1a: Skuntank|Snatch|p1a: Skuntank","|-singleturn|p1a: Skuntank|Snatch","|move|p2a: Sableye|Will-O-Wisp|p1a: Skuntank","|-status|p1a: Skuntank|brn","|","|-damage|p1a: Skuntank|358/409 brn|[from] brn","|-damage|p2a: Sableye|0 fnt|[from] psn","|faint|p2a: Sableye","|","|switch|p2a: Jellicent|Jellicent, M, shiny|404/404 slp","|turn|21","|","|move|p1a: Skuntank|Thief|p2a: Jellicent","|-supereffective|p2a: Jellicent","|-damage|p2a: Jellicent|283/404 slp","|-item|p1a: Skuntank|Leftovers|[from] move: Thief|[of] p2a: Jellicent","|cant|p2a: Jellicent|slp","|","|-heal|p1a: Skuntank|383/409 brn|[from] item: Leftovers","|-damage|p1a: Skuntank|332/409 brn|[from] brn","|turn|22","|","|move|p1a: Skuntank|Thief|p2a: Jellicent","|-supereffective|p2a: Jellicent","|-damage|p2a: Jellicent|160/404 slp","|cant|p2a: Jellicent|slp","|","|-heal|p1a: Skuntank|357/409 brn|[from] item: Leftovers","|-damage|p1a: Skuntank|306/409 brn|[from] brn","|turn|23","|","|move|p1a: Skuntank|Snatch|p1a: Skuntank","|-singleturn|p1a: Skuntank|Snatch","|cant|p2a: Jellicent|slp","|","|-heal|p1a: Skuntank|331/409 brn|[from] item: Leftovers","|-damage|p1a: Skuntank|280/409 brn|[from] brn","|turn|24","|","|switch|p2a: Aegislash|Aegislash, M, shiny|261/261","|move|p1a: Skuntank|Thief|p2a: Aegislash","|-supereffective|p2a: Aegislash","|-damage|p2a: Aegislash|183/261","|-enditem|p2a: Aegislash|Weakness Policy","|-boost|p2a: Aegislash|atk|2|[from] item: Weakness Policy","|-boost|p2a: Aegislash|spa|2|[from] item: Weakness Policy","|","|-heal|p1a: Skuntank|305/409 brn|[from] item: Leftovers","|-damage|p1a: Skuntank|254/409 brn|[from] brn","|turn|25","|","|move|p1a: Skuntank|Sucker Punch|p2a: Aegislash","|-supereffective|p2a: Aegislash","|-damage|p2a: Aegislash|84/261","|-formechange|p2a: Aegislash|Aegislash-Blade","|move|p2a: Aegislash|Sacred Sword|p1a: Skuntank","|-damage|p1a: Skuntank|0 fnt","|faint|p1a: Skuntank","|","|","|switch|p1a: Amoonguss|Amoonguss, M, shiny|284/431","|-damage|p1a: Amoonguss|231/431|[from] Stealth Rock","|turn|26","|","|move|p2a: Aegislash|Shadow Ball|p1a: Amoonguss","|-damage|p1a: Amoonguss|0 fnt","|faint|p1a: Amoonguss","|","|","|switch|p1a: Crobat|Crobat, F|373/373","|-damage|p1a: Crobat|280/373|[from] Stealth Rock","|turn|27","|","|-formechange|p2a: Aegislash|Aegislash","|move|p2a: Aegislash|King's Shield|p2a: Aegislash","|-singleturn|p2a: Aegislash|Protect","|move|p1a: Crobat|Hypnosis|p2a: Aegislash","|-message|Sleep Clause Mod activated.","|-immune|p2a: Aegislash|[msg]","|","|turn|28","|","|move|p1a: Crobat|Curse|p1a: Crobat","|-unboost|p1a: Crobat|spe|1","|-boost|p1a: Crobat|atk|1","|-boost|p1a: Crobat|def|1","|-enditem|p1a: Crobat|White Herb","|-restoreboost|p1a: Crobat|[silent]","|-formechange|p2a: Aegislash|Aegislash-Blade","|move|p2a: Aegislash|Shadow Ball|p1a: Crobat","|-damage|p1a: Crobat|0 fnt","|faint|p1a: Crobat","|","|","|switch|p1a: Gengar|Gengar, M|229/261","|-damage|p1a: Gengar|197/261|[from] Stealth Rock","|turn|29","|","|move|p2a: Aegislash|Shadow Sneak|p1a: Gengar","|-supereffective|p1a: Gengar","|-damage|p1a: Gengar|0 fnt","|faint|p1a: Gengar","|","|win|Intern Argus"],"p1rating":{"entryid":"6731189","serverid":"eos","formatid":"monotype","userid":"guardwanderer","username":"Guard Wanderer","w":"79","l":117,"t":"0","gxe":38.7,"r":"1416.6716065611","rd":"31.012894024758","sigma":"0","rptime":"1438765200","rpr":1413.4305938706,"rprd":29.237871037869,"rpsigma":"0","acre":1055.6940680415,"lacre":1055.6940680415,"oldacre":"1083.540722258"},"p2rating":{"entryid":7430002,"formatid":"monotype","userid":"internargus","username":"Intern Argus","r":1500,"rd":130,"sigma":0,"rpr":1532.7734227853,"rprd":122.23687796164,"rpsigma":0,"rptime":1438765200,"w":1,"l":0,"t":0,"gxe":54.1,"acre":1049.4368120696,"lacre":1049.4368120696,"oldacre":1000},"endType":"normal"}