{"seed":[59292,15243,23871,56953],"turns":28,"p1":"Guard Wanderer","p2":"Guard Wulf - ⓓⓞⓖⓔ","p1team":[{"name":"Weezing","species":"Weezing","item":"sitrusberry","ability":"Levitate","moves":["toxicspikes","willowisp","memento","thief"],"nature":"Careful","evs":{"hp":248,"atk":8,"def":0,"spa":0,"spd":252,"spe":0},"ivs":{"hp":31,"atk":31,"def":31,"spa":31,"spd":31,"spe":31}},{"name":"Tentacruel","species":"Tentacruel","item":"assaultvest","ability":"Liquid Ooze","moves":["scald","acidspray","gigadrain","hex"],"nature":"Timid","evs":{"hp":0,"atk":0,"def":4,"spa":252,"spd":0,"spe":252},"ivs":{"hp":31,"atk":31,"def":31,"spa":31,"spd":31,"spe":31}},{"name":"Skuntank","species":"Skuntank","item":"","ability":"Stench","moves":["snatch","thief","suckerpunch","poisonjab"],"nature":"Adamant","evs":{"hp":248,"atk":252,"def":0,"spa":0,"spd":8,"spe":0},"ivs":{"hp":31,"atk":31,"def":31,"spa":31,"spd":31,"spe":31}},{"name":"Crobat","species":"Crobat","item":"whiteherb","ability":"Infiltrator","moves":["curse","acrobatics","roost","hypnosis"],"nature":"Jolly","evs":{"hp":248,"atk":8,"def":0,"spa":0,"spd":0,"spe":252},"ivs":{"hp":31,"atk":31,"def":31,"spa":31,"spd":31,"spe":31}},{"name":"Gengar","species":"Gengar","item":"choicescarf","ability":"Levitate","moves":["trick","destinybond","venoshock","hex"],"nature":"Timid","evs":{"hp":0,"atk":0,"def":0,"spa":252,"spd":4,"spe":252},"ivs":{"hp":31,"atk":31,"def":31,"spa":31,"spd":31,"spe":31}},{"name":"Amoonguss","species":"Amoonguss","item":"blacksludge","ability":"Regenerator","moves":["spore","gigadrain","gastroacid","stunspore"],"nature":"Calm","evs":{"hp":248,"atk":0,"def":0,"spa":8,"spd":252,"spe":0},"shiny":true,"ivs":{"hp":31,"atk":31,"def":31,"spa":31,"spd":31,"spe":31}}],"p2team":[{"name":"Pidgeot","species":"Pidgeot","item":"pidgeotite","ability":"Big Pecks","moves":["hurricane","heatwave","uturn","roost"],"nature":"Timid","evs":{"hp":0,"atk":0,"def":0,"spa":252,"spd":4,"spe":252},"ivs":{"hp":31,"atk":31,"def":31,"spa":31,"spd":31,"spe":31}},{"name":"Landorus-Therian","species":"Landorus-Therian","item":"leftovers","ability":"Intimidate","moves":["stealthrock","uturn","earthquake","stoneedge"],"nature":"Adamant","evs":{"hp":220,"atk":252,"def":0,"spa":0,"spd":4,"spe":32},"ivs":{"hp":31,"atk":31,"def":31,"spa":31,"spd":31,"spe":31}},{"name":"Staraptor","species":"Staraptor","item":"choicescarf","ability":"Reckless","moves":["doubleedge","bravebird","uturn","closecombat"],"nature":"Jolly","evs":{"hp":0,"atk":252,"def":0,"spa":0,"spd":4,"spe":252},"ivs":{"hp":31,"atk":31,"def":31,"spa":31,"spd":31,"spe":31}},{"name":"Honchkrow","species":"Honchkrow","item":"lifeorb","ability":"Moxie","moves":["suckerpunch","bravebird","roost","superpower"],"nature":"Serious","evs":{"hp":0,"atk":252,"def":4,"spa":0,"spd":0,"spe":252},"ivs":{"hp":31,"atk":31,"def":31,"spa":31,"spd":31,"spe":31}},{"name":"Thundurus-Therian","species":"Thundurus-Therian","item":"choicescarf","ability":"Volt Absorb","moves":["hiddenpowerice","thunderbolt","voltswitch","flashcannon"],"nature":"Timid","evs":{"hp":0,"atk":0,"def":0,"spa":252,"spd":4,"spe":252},"ivs":{"hp":31,"atk":30,"def":30,"spa":31,"spd":31,"spe":31}},{"name":"Togekiss","species":"Togekiss","item":"leftovers","ability":"Serene Grace","moves":["defog","thunderwave","airslash","roost"],"nature":"Calm","evs":{"hp":252,"atk":0,"def":0,"spa":4,"spd":252,"spe":0},"ivs":{"hp":31,"atk":31,"def":31,"spa":31,"spd":31,"spe":31}}],"log":["|player|p1|Guard Wanderer|235","|player|p2|Guard Wulf - ⓓⓞⓖⓔ|143","|gametype|singles","|gen|6","|tier|Monotype","|rated","|rule|Baton Pass Clause: Limit one Baton Passer, can't pass Spe and other stats simultaneously","|rule|Swagger Clause: Swagger is banned","|rule|Same Type Clause: Pokémon in a team must share a type","|clearpoke","|poke|p1|Weezing, F","|poke|p1|Tentacruel, F","|poke|p1|Skuntank, M","|poke|p1|Crobat, F","|poke|p1|Gengar, F","|poke|p1|Amoonguss, M, shiny","|poke|p2|Pidgeot, F","|poke|p2|Landorus-Therian, M","|poke|p2|Staraptor, M","|poke|p2|Honchkrow, F","|poke|p2|Thundurus-Therian, M","|poke|p2|Togekiss, M","|rule|Sleep Clause Mod: Limit one foe put to sleep","|rule|Species Clause: Limit one of each Pokémon","|rule|OHKO Clause: OHKO moves are banned","|rule|Moody Clause: Moody is banned","|rule|Evasion Moves Clause: Evasion moves are banned","|rule|Endless Battle Clause: Forcing endless battles is banned","|rule|HP Percentage Mod: HP is shown in percentages","|teampreview","|","|start","|switch|p1a: Weezing|Weezing, F|333/333","|switch|p2a: Thundurus-Therian|Thundurus-Therian, M|299/299","|turn|1","|","|move|p2a: Thundurus-Therian|Thunderbolt|p1a: Weezing","|-damage|p1a: Weezing|179/333","|move|p1a: Weezing|Will-O-Wisp|p2a: Thundurus-Therian","|-status|p2a: Thundurus-Therian|brn","|","|-damage|p2a: Thundurus-Therian|262/299 brn|[from] brn","|turn|2","|","|switch|p2a: Pidgeot|Pidgeot, F|307/307","|switch|p1a: Amoonguss|Amoonguss, M, shiny|431/431","|","|turn|3","|","|detailschange|p2a: Pidgeot|Pidgeot-Mega, F","|-mega|p2a: Pidgeot|Pidgeot|Pidgeotite","|move|p2a: Pidgeot|Hurricane|p1a: Amoonguss","|-supereffective|p1a: Amoonguss","|-damage|p1a: Amoonguss|77/431","|move|p1a: Amoonguss|Gastro Acid|p2a: Pidgeot","|-endability|p2a: Pidgeot","|","|-heal|p1a: Amoonguss|103/431|[from] item: Black Sludge","|turn|4","|","|switch|p1a: Tentacruel|Tentacruel, F|301/301","|move|p2a: Pidgeot|Hurricane|p1a: Tentacruel","|-damage|p1a: Tentacruel|190/301","|","|turn|5","|","|move|p2a: Pidgeot|U-turn|p1a: Tentacruel","|-resisted|p1a: Tentacruel","|-damage|p1a: Tentacruel|161/301","|","|switch|p2a: Thundurus-Therian|Thundurus-Therian, M|262/299 brn","|move|p1a: Tentacruel|Scald|p2a: Thundurus-Therian","|-crit|p2a: Thundurus-Therian","|-damage|p2a: Thundurus-Therian|87/299 brn","|","|-damage|p2a: Thundurus-Therian|50/299 brn|[from] brn","|turn|6","|","|switch|p1a: Amoonguss|Amoonguss, M, shiny|246/431","|move|p2a: Thundurus-Therian|Volt Switch|p1a: Amoonguss","|-resisted|p1a: Amoonguss","|-damage|p1a: Amoonguss|190/431","|","|switch|p2a: Pidgeot|Pidgeot-Mega, F|307/307","|","|-heal|p1a: Amoonguss|216/431|[from] item: Black Sludge","|turn|7","|","|switch|p1a: Tentacruel|Tentacruel, F|161/301","|move|p2a: Pidgeot|Hurricane|p1a: Tentacruel","|-damage|p1a: Tentacruel|35/301","|","|turn|8","|","|move|p2a: Pidgeot|Hurricane|p1a: Tentacruel","|-damage|p1a: Tentacruel|0 fnt","|faint|p1a: Tentacruel","|","|","|switch|p1a: Skuntank|Skuntank, M|409/409","|turn|9","|","|move|p2a: Pidgeot|Hurricane|p1a: Skuntank","|-damage|p1a: Skuntank|136/409","|move|p1a: Skuntank|Poison Jab|p2a: Pidgeot","|-damage|p2a: Pidgeot|147/307","|","|turn|10","|","|move|p1a: Skuntank|Sucker Punch|p2a: Pidgeot","|-fail|p1a: Skuntank","|move|p2a: Pidgeot|Roost|p2a: Pidgeot","|-heal|p2a: Pidgeot|301/307","|","|turn|11","|","|move|p1a: Skuntank|Sucker Punch|p2a: Pidgeot","|-damage|p2a: Pidgeot|144/307","|cant|p2a: Pidgeot|flinch","|","|turn|12","|","|move|p1a: Skuntank|Snatch|p1a: Skuntank","|-singleturn|p1a: Skuntank|Snatch","|move|p2a: Pidgeot|Roost|p2a: Pidgeot","|-activate|p1a: Skuntank|Snatch|[of] p2a: Pidgeot","|move|p1a: Skuntank|Roost|p1a: Skuntank|[from]Snatch","|-heal|p1a: Skuntank|341/409","|","|turn|13","|","|move|p2a: Pidgeot|Roost|p2a: Pidgeot","|-heal|p2a: Pidgeot|298/307","|move|p1a: Skuntank|Poison Jab|p2a: Pidgeot","|-damage|p2a: Pidgeot|147/307","|","|turn|14","|","|switch|p2a: Thundurus-Therian|Thundurus-Therian, M|50/299 brn","|move|p1a: Skuntank|Poison Jab|p2a: Thundurus-Therian","|-damage|p2a: Thundurus-Therian|0 fnt","|faint|p2a: Thundurus-Therian","|","|","|switch|p2a: Honchkrow|Honchkrow, F|341/341","|turn|15","|","|switch|p1a: Weezing|Weezing, F|179/333","|move|p2a: Honchkrow|Brave Bird|p1a: Weezing","|-crit|p1a: Weezing","|-damage|p1a: Weezing|0 fnt","|-damage|p2a: Honchkrow|282/341|[from] recoil|[of] p1a: Weezing","|-damage|p2a: Honchkrow|248/341|[from] item: Life Orb","|faint|p1a: Weezing","|-boost|p2a: Honchkrow|atk|1|[from] ability: Moxie","|","|","|switch|p1a: Crobat|Crobat, F|373/373","|turn|16","|","|move|p2a: Honchkrow|Sucker Punch|p1a: Crobat","|-fail|p2a: Honchkrow","|move|p1a: Crobat|Curse|p1a: Crobat","|-unboost|p1a: Crobat|spe|1","|-boost|p1a: Crobat|atk|1","|-boost|p1a: Crobat|def|1","|-enditem|p1a: Crobat|White Herb","|-restoreboost|p1a: Crobat|[silent]","|","|turn|17","|","|move|p1a: Crobat|Hypnosis|p2a: Honchkrow","|-status|p2a: Honchkrow|slp","|cant|p2a: Honchkrow|slp","|","|turn|18","|","|switch|p2a: Landorus-Therian|Landorus-Therian, M|374/374","|-ability|p2a: Landorus-Therian|Intimidate","|-unboost|p1a: Crobat|atk|1","|move|p1a: Crobat|Acrobatics|p2a: Landorus-Therian","|-damage|p2a: Landorus-Therian|241/374","|","|-heal|p2a: Landorus-Therian|264/374|[from] item: Leftovers","|turn|19","|","|move|p1a: Crobat|Curse|p1a: Crobat","|-unboost|p1a: Crobat|spe|1","|-boost|p1a: Crobat|atk|1","|-boost|p1a: Crobat|def|1","|move|p2a: Landorus-Therian|Stone Edge|p1a: Crobat","|-crit|p1a: Crobat","|-supereffective|p1a: Crobat","|-damage|p1a: Crobat|0 fnt","|faint|p1a: Crobat","|","|-heal|p2a: Landorus-Therian|287/374|[from] item: Leftovers","|","|switch|p1a: Amoonguss|Amoonguss, M, shiny|359/431","|turn|20","|","|move|p2a: Landorus-Therian|Stealth Rock|p1a: Amoonguss","|-sidestart|p1: Guard Wanderer|move: Stealth Rock","|move|p1a: Amoonguss|Stun Spore|p2a: Landorus-Therian","|-status|p2a: Landorus-Therian|par","|","|-heal|p1a: Amoonguss|385/431|[from] item: Black Sludge","|-heal|p2a: Landorus-Therian|310/374 par|[from] item: Leftovers","|turn|21","|","|move|p1a: Amoonguss|Giga Drain|p2a: Landorus-Therian","|-damage|p2a: Landorus-Therian|217/374 par","|-heal|p1a: Amoonguss|431/431|[from] drain|[of] p2a: Landorus-Therian","|move|p2a: Landorus-Therian|U-turn|p1a: Amoonguss","|-damage|p1a: Amoonguss|308/431","|","|switch|p2a: Pidgeot|Pidgeot-Mega, F|147/307","|","|-heal|p1a: Amoonguss|334/431|[from] item: Black Sludge","|turn|22","|","|move|p2a: Pidgeot|Hurricane|p1a: Amoonguss","|-supereffective|p1a: Amoonguss","|-damage|p1a: Amoonguss|8/431","|move|p1a: Amoonguss|Stun Spore|p2a: Pidgeot","|-status|p2a: Pidgeot|par","|","|-heal|p1a: Amoonguss|34/431|[from] item: Black Sludge","|turn|23","|","|move|p1a: Amoonguss|Gastro Acid|p2a: Pidgeot","|-endability|p2a: Pidgeot","|move|p2a: Pidgeot|U-turn|p1a: Amoonguss","|-damage|p1a: Amoonguss|0 fnt","|faint|p1a: Amoonguss","|","|switch|p2a: Staraptor|Staraptor, M|311/311","|","|","|switch|p1a: Skuntank|Skuntank, M|341/409","|-damage|p1a: Skuntank|290/409|[from] Stealth Rock","|turn|24","|","|switch|p2a: Landorus-Therian|Landorus-Therian, M|217/374 par","|-ability|p2a: Landorus-Therian|Intimidate","|-unboost|p1a: Skuntank|atk|1","|move|p1a: Skuntank|Poison Jab|p2a: Landorus-Therian","|-resisted|p2a: Landorus-Therian","|-damage|p2a: Landorus-Therian|172/374 par","|","|-heal|p2a: Landorus-Therian|195/374 par|[from] item: Leftovers","|turn|25","|","|switch|p1a: Gengar|Gengar, F|261/261","|-damage|p1a: Gengar|229/261|[from] Stealth Rock","|move|p2a: Landorus-Therian|Stone Edge|p1a: Gengar","|-crit|p1a: Gengar","|-damage|p1a: Gengar|0 fnt","|faint|p1a: Gengar","|","|-heal|p2a: Landorus-Therian|218/374 par|[from] item: Leftovers","|","|switch|p1a: Skuntank|Skuntank, M|290/409","|-damage|p1a: Skuntank|239/409|[from] Stealth Rock","|turn|26","|","|move|p1a: Skuntank|Thief|p2a: Landorus-Therian","|-damage|p2a: Landorus-Therian|121/374 par","|-item|p1a: Skuntank|Leftovers|[from] move: Thief|[of] p2a: Landorus-Therian","|cant|p2a: Landorus-Therian|par","|","|-heal|p1a: Skuntank|264/409|[from] item: Leftovers","|turn|27","|","|move|p1a: Skuntank|Sucker Punch|p2a: Landorus-Therian","|-damage|p2a: Landorus-Therian|0 fnt","|faint|p2a: Landorus-Therian","|","|-heal|p1a: Skuntank|289/409|[from] item: Leftovers","|","|switch|p2a: Staraptor|Staraptor, M|311/311","|turn|28","|","|move|p2a: Staraptor|Brave Bird|p1a: Skuntank","|-damage|p1a: Skuntank|0 fnt","|-damage|p2a: Staraptor|216/311|[from] recoil|[of] p1a: Skuntank","|faint|p1a: Skuntank","|","|win|Guard Wulf - ⓓⓞⓖⓔ"],"p1rating":{"entryid":"6731189","serverid":"eos","formatid":"monotype","userid":"guardwanderer","username":"Guard Wanderer","w":"77","l":111,"t":"0","gxe":39.2,"r":"1416.6716065611","rd":"31.012894024758","sigma":"0","rptime":"1438765200","rpr":1417.4797805692,"rprd":29.960666846382,"rpsigma":"0","acre":1047.4498576842,"lacre":1047.4498576842,"oldacre":"1058.2110370793"},"p2rating":{"entryid":"7326062","serverid":"eos","formatid":"monotype","userid":"guardwulf","username":"Guard Wulf","w":28,"l":"13","t":"0","gxe":63.8,"r":"1606.5288676587","rd":"57.122272976983","sigma":"0","rptime":"1438765200","rpr":1607.4013209364,"rprd":53.330013290657,"rpsigma":"0","acre":1230.4477529746,"lacre":1230.4477529746,"oldacre":"1216.0854621462"},"endType":"normal"}