{"seed":[19378,16202,38437,14506],"turns":26,"p1":"Twizz","p2":"MrNyanNyanz","p1team":[{"name":"Magnezone","species":"Magnezone","item":"leftovers","ability":"Sturdy","moves":["flashcannon","thunderbolt","protect","hiddenpowerice"],"nature":"Modest","evs":{"hp":76,"atk":0,"def":180,"spa":252,"spd":0,"spe":0},"ivs":{"hp":31,"atk":30,"def":30,"spa":31,"spd":31,"spe":31}},{"name":"Zapdos","species":"Zapdos","item":"leftovers","ability":"Pressure","moves":["discharge","heatwave","toxic","roost"],"nature":"Bold","evs":{"hp":4,"atk":0,"def":252,"spa":0,"spd":252,"spe":0},"ivs":{"hp":31,"atk":31,"def":31,"spa":31,"spd":31,"spe":31}},{"name":"Ampharos","species":"Ampharos","item":"ampharosite","ability":"Static","moves":["cottonguard","rest","sleeptalk","dragonpulse"],"nature":"Bold","evs":{"hp":0,"atk":0,"def":252,"spa":136,"spd":120,"spe":0},"ivs":{"hp":31,"atk":31,"def":31,"spa":31,"spd":31,"spe":31}},{"name":"Raikou","species":"Raikou","item":"leftovers","ability":"Pressure","moves":["calmmind","substitute","thunderbolt","extrasensory"],"nature":"Timid","evs":{"hp":0,"atk":0,"def":0,"spa":252,"spd":4,"spe":252},"ivs":{"hp":31,"atk":31,"def":31,"spa":31,"spd":31,"spe":31}},{"name":"Rotom-Wash","species":"Rotom-Wash","item":"choicescarf","ability":"Levitate","moves":["voltswitch","hydropump","willowisp","trick"],"nature":"Timid","evs":{"hp":0,"atk":0,"def":0,"spa":252,"spd":4,"spe":252},"ivs":{"hp":31,"atk":31,"def":31,"spa":31,"spd":31,"spe":31}},{"name":"Condom","species":"eelektross","item":"assaultvest","ability":"Levitate","moves":["gigadrain","thunderbolt","drainpunch","knockoff"],"nature":"Quiet","evs":{"hp":3,"atk":136,"def":0,"spa":108,"spd":252,"spe":0},"ivs":{"hp":31,"atk":31,"def":31,"spa":31,"spd":31,"spe":31}}],"p2team":[{"name":"Houndoom","species":"Houndoom","item":"houndoominite","ability":"Early Bird","moves":["solarbeam","darkpulse","hiddenpowerice","flamethrower"],"nature":"Timid","evs":{"hp":0,"atk":0,"def":0,"spa":252,"spd":4,"spe":252},"ivs":{"hp":31,"atk":30,"def":30,"spa":31,"spd":31,"spe":31}},{"name":"Victini","species":"Victini","item":"choicescarf","ability":"Victory Star","moves":["glaciate","energyball","boltstrike","vcreate"],"nature":"Hasty","evs":{"hp":0,"atk":252,"def":0,"spa":4,"spd":0,"spe":252},"ivs":{"hp":31,"atk":31,"def":31,"spa":31,"spd":31,"spe":31}},{"name":"Ninetales","species":"Ninetales","item":"heatrock","ability":"Drought","moves":["energyball","fireblast","toxic","psyshock"],"nature":"Timid","evs":{"hp":0,"atk":0,"def":0,"spa":252,"spd":4,"spe":252},"ivs":{"hp":31,"atk":31,"def":31,"spa":31,"spd":31,"spe":31}},{"name":"Rotom-Heat","species":"Rotom-Heat","item":"lightclay","ability":"Levitate","moves":["reflect","lightscreen","voltswitch","overheat"],"nature":"Modest","evs":{"hp":248,"atk":0,"def":0,"spa":252,"spd":8,"spe":0},"ivs":{"hp":31,"atk":31,"def":31,"spa":31,"spd":31,"spe":31}},{"name":"Moltres","species":"Moltres","item":"leftovers","ability":"Pressure","moves":["defog","airslash","solarbeam","flamethrower"],"nature":"Modest","evs":{"hp":252,"atk":0,"def":0,"spa":252,"spd":4,"spe":0},"ivs":{"hp":31,"atk":31,"def":31,"spa":31,"spd":31,"spe":31}},{"name":"Combusken","species":"Combusken","item":"choiceband","ability":"Speed Boost","moves":["skyuppercut","firepunch","thunderpunch","rockslide"],"nature":"Adamant","evs":{"hp":0,"atk":252,"def":0,"spa":0,"spd":4,"spe":252},"ivs":{"hp":31,"atk":31,"def":31,"spa":31,"spd":31,"spe":31}}],"log":["|player|p1|Twizz|122","|player|p2|MrNyanNyanz|mrnyannyanz.png","|gametype|singles","|gen|6","|tier|Monotype","|rated","|rule|Baton Pass Clause: Limit one Baton Passer, can't pass Spe and other stats simultaneously","|rule|Swagger Clause: Swagger is banned","|rule|Same Type Clause: Pokémon in a team must share a type","|clearpoke","|poke|p1|Magnezone","|poke|p1|Zapdos","|poke|p1|Ampharos, F","|poke|p1|Raikou","|poke|p1|Rotom-Wash","|poke|p1|Eelektross, F","|poke|p2|Houndoom, F","|poke|p2|Victini","|poke|p2|Ninetales, F","|poke|p2|Rotom-Heat","|poke|p2|Moltres","|poke|p2|Combusken, M","|rule|Sleep Clause Mod: Limit one foe put to sleep","|rule|Species Clause: Limit one of each Pokémon","|rule|OHKO Clause: OHKO moves are banned","|rule|Moody Clause: Moody is banned","|rule|Evasion Moves Clause: Evasion moves are banned","|rule|Endless Battle Clause: Forcing endless battles is banned","|rule|HP Percentage Mod: HP is shown in percentages","|teampreview","|","|start","|switch|p1a: Rotom-Wash|Rotom-Wash|241/241","|switch|p2a: Rotom-Heat|Rotom-Heat|303/303","|turn|1","|","|move|p1a: Rotom-Wash|Hydro Pump|p2a: Rotom-Heat","|-supereffective|p2a: Rotom-Heat","|-damage|p2a: Rotom-Heat|0 fnt","|faint|p2a: Rotom-Heat","|","|","|switch|p2a: Ninetales|Ninetales, F|287/287","|-weather|SunnyDay","|turn|2","|","|switch|p1a: Magnezone|Magnezone|300/300","|move|p2a: Ninetales|Toxic|p1a: Magnezone","|-immune|p1a: Magnezone|[msg]","|","|-weather|SunnyDay|[upkeep]","|turn|3","|","|move|p1a: Magnezone|Protect|p1a: Magnezone","|-singleturn|p1a: Magnezone|Protect","|move|p2a: Ninetales|Fire Blast|p1a: Magnezone","|-activate|p1a: Magnezone|Protect","|","|-weather|SunnyDay|[upkeep]","|turn|4","|","|switch|p1a: Rotom-Wash|Rotom-Wash|241/241","|move|p2a: Ninetales|Fire Blast|p1a: Rotom-Wash","|-resisted|p1a: Rotom-Wash","|-damage|p1a: Rotom-Wash|136/241","|","|-weather|SunnyDay|[upkeep]","|turn|5","|","|move|p1a: Rotom-Wash|Trick|p2a: Ninetales","|-activate|p1a: Rotom-Wash|move: Trick|[of] p2a: Ninetales","|-item|p2a: Ninetales|Choice Scarf|[from] move: Trick","|-item|p1a: Rotom-Wash|Heat Rock|[from] move: Trick","|move|p2a: Ninetales|Energy Ball|p1a: Rotom-Wash","|-supereffective|p1a: Rotom-Wash","|-damage|p1a: Rotom-Wash|0 fnt","|faint|p1a: Rotom-Wash","|","|-weather|SunnyDay|[upkeep]","|","|switch|p1a: Magnezone|Magnezone|300/300","|turn|6","|","|move|p2a: Ninetales|Energy Ball|p1a: Magnezone","|-resisted|p1a: Magnezone","|-damage|p1a: Magnezone|258/300","|move|p1a: Magnezone|Thunderbolt|p2a: Ninetales","|-damage|p2a: Ninetales|103/287","|","|-weather|SunnyDay|[upkeep]","|-heal|p1a: Magnezone|276/300|[from] item: Leftovers","|turn|7","|","|switch|p2a: Combusken|Combusken, M|261/261","|move|p1a: Magnezone|Protect|p1a: Magnezone","|-fail|p1a: Magnezone","|","|-weather|SunnyDay|[upkeep]","|-heal|p1a: Magnezone|294/300|[from] item: Leftovers","|turn|8","|","|move|p1a: Magnezone|Protect|p1a: Magnezone","|-singleturn|p1a: Magnezone|Protect","|move|p2a: Combusken|Fire Punch|p1a: Magnezone","|-activate|p1a: Magnezone|Protect","|","|-weather|SunnyDay|[upkeep]","|-heal|p1a: Magnezone|300/300|[from] item: Leftovers","|-boost|p2a: Combusken|spe|1|[from] ability: Speed Boost","|turn|9","|","|move|p2a: Combusken|Fire Punch|p1a: Magnezone","|-supereffective|p1a: Magnezone","|-ability|p1a: Magnezone|Sturdy","|-damage|p1a: Magnezone|1/300","|move|p1a: Magnezone|Thunderbolt|p2a: Combusken","|-damage|p2a: Combusken|9/261","|","|-weather|none","|-heal|p1a: Magnezone|19/300|[from] item: Leftovers","|-boost|p2a: Combusken|spe|1|[from] ability: Speed Boost","|turn|10","|","|move|p1a: Magnezone|Protect|p1a: Magnezone","|-singleturn|p1a: Magnezone|Protect","|move|p2a: Combusken|Fire Punch|p1a: Magnezone","|-activate|p1a: Magnezone|Protect","|","|-heal|p1a: Magnezone|37/300|[from] item: Leftovers","|-boost|p2a: Combusken|spe|1|[from] ability: Speed Boost","|turn|11","|","|switch|p1a: Zapdos|Zapdos|322/322","|-ability|p1a: Zapdos|Pressure","|move|p2a: Combusken|Fire Punch|p1a: Zapdos","|-damage|p1a: Zapdos|193/322","|","|-heal|p1a: Zapdos|213/322|[from] item: Leftovers","|-boost|p2a: Combusken|spe|1|[from] ability: Speed Boost","|turn|12","|","|switch|p2a: Ninetales|Ninetales, F|103/287","|-weather|SunnyDay","|move|p1a: Zapdos|Roost|p1a: Zapdos","|-heal|p1a: Zapdos|322/322","|","|-weather|SunnyDay|[upkeep]","|turn|13","|","|switch|p1a: Magnezone|Magnezone|37/300","|move|p2a: Ninetales|Fire Blast|p1a: Magnezone","|-supereffective|p1a: Magnezone","|-damage|p1a: Magnezone|0 fnt","|faint|p1a: Magnezone","|","|-weather|SunnyDay|[upkeep]","|","|switch|p1a: Ampharos|Ampharos, F|321/321","|turn|14","|","|switch|p2a: Moltres|Moltres|384/384","|-ability|p2a: Moltres|Pressure","|detailschange|p1a: Ampharos|Ampharos-Mega, F","|-mega|p1a: Ampharos|Ampharos|Ampharosite","|-ability|p1a: Ampharos|Mold Breaker","|move|p1a: Ampharos|Cotton Guard|p1a: Ampharos","|-boost|p1a: Ampharos|def|3","|","|-weather|SunnyDay|[upkeep]","|turn|15","|","|move|p2a: Moltres|Flamethrower|p1a: Ampharos","|-resisted|p1a: Ampharos","|-damage|p1a: Ampharos|223/321","|-status|p1a: Ampharos|brn","|move|p1a: Ampharos|Dragon Pulse|p2a: Moltres","|-damage|p2a: Moltres|195/384","|","|-weather|SunnyDay|[upkeep]","|-heal|p2a: Moltres|219/384|[from] item: Leftovers","|-damage|p1a: Ampharos|183/321 brn|[from] brn","|turn|16","|","|move|p2a: Moltres|Flamethrower|p1a: Ampharos","|-resisted|p1a: Ampharos","|-damage|p1a: Ampharos|72/321 brn","|move|p1a: Ampharos|Rest|p1a: Ampharos","|-status|p1a: Ampharos|slp","|-heal|p1a: Ampharos|321/321 slp|[silent]","|-status|p1a: Ampharos|slp|[from] move: Rest","|","|-weather|none","|-heal|p2a: Moltres|243/384|[from] item: Leftovers","|turn|17","|","|switch|p2a: Ninetales|Ninetales, F|103/287","|-weather|SunnyDay","|cant|p1a: Ampharos|slp","|move|p1a: Ampharos|Sleep Talk|p1a: Ampharos","|move|p1a: Ampharos|Cotton Guard|p1a: Ampharos|[from]Sleep Talk","|-boost|p1a: Ampharos|def|3","|","|-weather|SunnyDay|[upkeep]","|turn|18","|","|move|p2a: Ninetales|Fire Blast|p1a: Ampharos","|-resisted|p1a: Ampharos","|-damage|p1a: Ampharos|231/321 slp","|cant|p1a: Ampharos|slp","|move|p1a: Ampharos|Sleep Talk|p1a: Ampharos","|move|p1a: Ampharos|Dragon Pulse|p2a: Ninetales|[from]Sleep Talk","|-damage|p2a: Ninetales|0 fnt","|faint|p2a: Ninetales","|","|-weather|SunnyDay|[upkeep]","|","|switch|p2a: Houndoom|Houndoom, F|291/291","|turn|19","|","|detailschange|p2a: Houndoom|Houndoom-Mega, F","|-mega|p2a: Houndoom|Houndoom|Houndoominite","|move|p2a: Houndoom|Hidden Power|p1a: Ampharos","|-crit|p1a: Ampharos","|-supereffective|p1a: Ampharos","|-damage|p1a: Ampharos|0 fnt","|faint|p1a: Ampharos","|","|-weather|SunnyDay|[upkeep]","|-damage|p2a: Houndoom|255/291|[from] ability: Solar Power","|","|switch|p1a: Condom|Eelektross, F|311/311","|turn|20","|","|move|p2a: Houndoom|Flamethrower|p1a: Condom","|-crit|p1a: Condom","|-damage|p1a: Condom|0 fnt","|faint|p1a: Condom","|","|-weather|SunnyDay|[upkeep]","|-damage|p2a: Houndoom|219/291|[from] ability: Solar Power","|","|switch|p1a: Raikou|Raikou|321/321","|-ability|p1a: Raikou|Pressure","|turn|21","|","|move|p1a: Raikou|Thunderbolt|p2a: Houndoom","|-damage|p2a: Houndoom|45/291","|move|p2a: Houndoom|Flamethrower|p1a: Raikou","|-damage|p1a: Raikou|0 fnt","|faint|p1a: Raikou","|","|-weather|none","|","|switch|p1a: Zapdos|Zapdos|322/322","|-ability|p1a: Zapdos|Pressure","|turn|22","|","|move|p2a: Houndoom|Flamethrower|p1a: Zapdos","|-damage|p1a: Zapdos|177/322","|move|p1a: Zapdos|Roost|p1a: Zapdos","|-heal|p1a: Zapdos|322/322","|","|turn|23","|","|move|p2a: Houndoom|Hidden Power|p1a: Zapdos","|-supereffective|p1a: Zapdos","|-damage|p1a: Zapdos|204/322","|move|p1a: Zapdos|Toxic|p2a: Houndoom","|-status|p2a: Houndoom|tox","|","|-heal|p1a: Zapdos|224/322|[from] item: Leftovers","|-damage|p2a: Houndoom|27/291 tox|[from] psn","|turn|24","|","|move|p2a: Houndoom|Flamethrower|p1a: Zapdos","|-damage|p1a: Zapdos|86/322","|move|p1a: Zapdos|Roost|p1a: Zapdos","|-heal|p1a: Zapdos|247/322","|","|-heal|p1a: Zapdos|267/322|[from] item: Leftovers","|-damage|p2a: Houndoom|0 fnt|[from] psn","|faint|p2a: Houndoom","|","|switch|p2a: Combusken|Combusken, M|9/261","|turn|25","|","|move|p1a: Zapdos|Toxic|p2a: Combusken","|-status|p2a: Combusken|tox","|move|p2a: Combusken|Rock Slide|p1a: Zapdos","|-supereffective|p1a: Zapdos","|-damage|p1a: Zapdos|81/322","|","|-heal|p1a: Zapdos|101/322|[from] item: Leftovers","|-damage|p2a: Combusken|0 fnt|[from] psn","|faint|p2a: Combusken","|","|switch|p2a: Victini|Victini|341/341","|turn|26","|","|move|p2a: Victini|V-create|p1a: Zapdos","|-crit|p1a: Zapdos","|-damage|p1a: Zapdos|0 fnt","|-unboost|p2a: Victini|spe|1","|-unboost|p2a: Victini|def|1","|-unboost|p2a: Victini|spd|1","|faint|p1a: Zapdos","|","|win|MrNyanNyanz"],"p1rating":{"entryid":"6985408","serverid":"eos","formatid":"monotype","userid":"twizz","username":"Twizz","w":"16","l":27,"t":"0","gxe":37.5,"r":"1420.4518030897","rd":"57.002161116529","sigma":"0","rptime":"1438765200","rpr":1402.3900904808,"rprd":54.897558559092,"rpsigma":"0","acre":1012.7593181053,"lacre":1012.7593181053,"oldacre":"1021.4023014865"},"p2rating":{"entryid":"6703862","serverid":"eos","formatid":"monotype","userid":"mrnyannyanz","username":"MrNyanNyanz","w":55,"l":"45","t":"0","gxe":54.1,"r":"1523.6934120986","rd":"36.603604249754","sigma":"0","rptime":"1438765200","rpr":1530.8240219644,"rprd":36.253774225289,"rpsigma":"0","acre":1163.0435962833,"lacre":1163.0435962833,"oldacre":"1146.6871286147"},"endType":"normal"}