{"seed":[4794,46525,19669,25185],"turns":23,"p1":"Zukushiku","p2":"IV-Wiley","p1team":[{"name":"Sableye","species":"Sableye","item":"sablenite","ability":"Prankster","moves":["knockoff","willowisp","recover","foulplay"],"nature":"Careful","evs":{"hp":252,"atk":0,"def":112,"spa":0,"spd":144,"spe":0},"shiny":true,"ivs":{"hp":31,"atk":31,"def":31,"spa":31,"spd":31,"spe":31}},{"name":"Jellicent","species":"Jellicent","item":"lifeorb","ability":"Water Absorb","moves":["hydropump","trickroom","energyball","recover"],"nature":"Quiet","evs":{"hp":248,"atk":0,"def":0,"spa":252,"spd":8,"spe":0},"ivs":{"hp":31,"atk":30,"def":31,"spa":30,"spd":31,"spe":0},"shiny":true},{"name":"Chandelure","species":"Chandelure","item":"lifeorb","ability":"Flash Fire","moves":["fireblast","trickroom","shadowball","hiddenpowerice"],"nature":"Quiet","evs":{"hp":248,"atk":0,"def":8,"spa":252,"spd":0,"spe":0},"gender":"F","ivs":{"hp":31,"atk":0,"def":30,"spa":31,"spd":31,"spe":1},"shiny":true},{"name":"Trevenant","species":"Trevenant","item":"lifeorb","ability":"Natural Cure","moves":["hornleech","earthquake","trickroom","rockslide"],"nature":"Brave","evs":{"hp":248,"atk":252,"def":0,"spa":0,"spd":8,"spe":0},"ivs":{"hp":31,"atk":31,"def":31,"spa":31,"spd":31,"spe":0}},{"name":"Cofagrigus","species":"Cofagrigus","item":"leftovers","ability":"Mummy","moves":["trickroom","nastyplot","shadowball","willowisp"],"nature":"Quiet","evs":{"hp":252,"atk":0,"def":4,"spa":252,"spd":0,"spe":0},"ivs":{"hp":31,"atk":31,"def":31,"spa":31,"spd":31,"spe":31}},{"name":"Hoopa","species":"Hoopa","item":"lifeorb","ability":"Magician","moves":["trickroom","psyshock","shadowball","focusblast"],"nature":"Modest","evs":{"hp":252,"atk":0,"def":4,"spa":252,"spd":0,"spe":0},"ivs":{"hp":31,"atk":31,"def":31,"spa":31,"spd":31,"spe":31}}],"p2team":[{"name":"Charizard","species":"Charizard","item":"charizarditey","ability":"Blaze","moves":["flamethrower","solarbeam","airslash","hiddenpowerice"],"nature":"Timid","evs":{"hp":0,"atk":0,"def":0,"spa":252,"spd":4,"spe":252},"ivs":{"hp":31,"atk":30,"def":30,"spa":31,"spd":31,"spe":31}},{"name":"Volcarona","species":"Volcarona","item":"lumberry","ability":"Flame Body","moves":["fierydance","bugbuzz","gigadrain","quiverdance"],"nature":"Modest","evs":{"hp":0,"atk":0,"def":0,"spa":252,"spd":4,"spe":252},"ivs":{"hp":31,"atk":31,"def":31,"spa":31,"spd":31,"spe":31}},{"name":"Rotom-Heat","species":"Rotom-Heat","item":"leftovers","ability":"Levitate","moves":["voltswitch","overheat","willowisp","painsplit"],"nature":"Calm","evs":{"hp":252,"atk":0,"def":0,"spa":4,"spd":252,"spe":0},"ivs":{"hp":31,"atk":31,"def":31,"spa":31,"spd":31,"spe":31}},{"name":"Chandelure","species":"Chandelure","item":"choicescarf","ability":"Flash Fire","moves":["energyball","flamethrower","shadowball","psychic"],"nature":"Timid","evs":{"hp":0,"atk":0,"def":0,"spa":252,"spd":4,"spe":252},"ivs":{"hp":31,"atk":31,"def":31,"spa":31,"spd":31,"spe":31}},{"name":"Entei","species":"Entei","item":"choicescarf","ability":"Pressure","moves":["sacredfire","stoneedge","bulldoze","extremespeed"],"nature":"Adamant","evs":{"hp":0,"atk":252,"def":0,"spa":0,"spd":4,"spe":252},"shiny":true,"ivs":{"hp":31,"atk":31,"def":31,"spa":31,"spd":31,"spe":31}},{"name":"Torkoal","species":"Torkoal","item":"leftovers","ability":"White Smoke","moves":["rapidspin","stealthrock","lavaplume","earthpower"],"nature":"Bold","evs":{"hp":252,"atk":0,"def":252,"spa":0,"spd":4,"spe":0},"ivs":{"hp":31,"atk":31,"def":31,"spa":31,"spd":31,"spe":31}}],"log":["|player|p1|Zukushiku|zukushiku.png","|player|p2|IV-Wiley|voidwiley.png","|gametype|singles","|gen|6","|tier|Monotype","|rated","|rule|Baton Pass Clause: Limit one Baton Passer, can't pass Spe and other stats simultaneously","|rule|Swagger Clause: Swagger is banned","|rule|Same Type Clause: Pokémon in a team must share a type","|clearpoke","|poke|p1|Sableye, M, shiny","|poke|p1|Jellicent, M, shiny","|poke|p1|Chandelure, F, shiny","|poke|p1|Trevenant, M","|poke|p1|Cofagrigus, M","|poke|p1|Hoopa","|poke|p2|Charizard, M","|poke|p2|Volcarona, F","|poke|p2|Rotom-Heat","|poke|p2|Chandelure, M","|poke|p2|Entei, shiny","|poke|p2|Torkoal, F","|rule|Sleep Clause Mod: Limit one foe put to sleep","|rule|Species Clause: Limit one of each Pokémon","|rule|OHKO Clause: OHKO moves are banned","|rule|Moody Clause: Moody is banned","|rule|Evasion Moves Clause: Evasion moves are banned","|rule|Endless Battle Clause: Forcing endless battles is banned","|rule|HP Percentage Mod: HP is shown in percentages","|teampreview","|","|start","|switch|p1a: Chandelure|Chandelure, F, shiny|323/323","|switch|p2a: Entei|Entei, shiny|371/371","|-ability|p2a: Entei|Pressure","|turn|1","|","|switch|p1a: Cofagrigus|Cofagrigus, M|320/320","|move|p2a: Entei|Stone Edge|p1a: Cofagrigus","|-damage|p1a: Cofagrigus|230/320","|","|-heal|p1a: Cofagrigus|250/320|[from] item: Leftovers","|turn|2","|","|switch|p2a: Rotom-Heat|Rotom-Heat|304/304","|move|p1a: Cofagrigus|Trick Room|p1a: Cofagrigus","|-fieldstart|move: Trick Room|[of] p1a: Cofagrigus","|","|-heal|p1a: Cofagrigus|270/320|[from] item: Leftovers","|turn|3","|","|move|p1a: Cofagrigus|Shadow Ball|p2a: Rotom-Heat","|-damage|p2a: Rotom-Heat|210/304","|move|p2a: Rotom-Heat|Will-O-Wisp|p1a: Cofagrigus|[miss]","|-miss|p2a: Rotom-Heat|p1a: Cofagrigus","|","|-heal|p1a: Cofagrigus|290/320|[from] item: Leftovers","|-heal|p2a: Rotom-Heat|229/304|[from] item: Leftovers","|turn|4","|","|switch|p1a: Chandelure|Chandelure, F, shiny|323/323","|move|p2a: Rotom-Heat|Will-O-Wisp|p1a: Chandelure","|-start|p1a: Chandelure|ability: Flash Fire","|","|-heal|p2a: Rotom-Heat|248/304|[from] item: Leftovers","|turn|5","|","|move|p1a: Chandelure|Fire Blast|p2a: Rotom-Heat","|-resisted|p2a: Rotom-Heat","|-damage|p2a: Rotom-Heat|97/304","|-damage|p1a: Chandelure|291/323|[from] item: Life Orb","|move|p2a: Rotom-Heat|Volt Switch|p1a: Chandelure","|-damage|p1a: Chandelure|195/323","|","|switch|p2a: Chandelure|Chandelure, M|261/261","|","|turn|6","|","|switch|p2a: Rotom-Heat|Rotom-Heat|97/304","|move|p1a: Chandelure|Shadow Ball|p2a: Rotom-Heat","|-crit|p2a: Rotom-Heat","|-damage|p2a: Rotom-Heat|0 fnt","|-damage|p1a: Chandelure|163/323|[from] item: Life Orb","|faint|p2a: Rotom-Heat","|","|-fieldend|move: Trick Room","|","|switch|p2a: Chandelure|Chandelure, M|261/261","|turn|7","|","|-end|p1a: Chandelure|ability: Flash Fire|[silent]","|switch|p1a: Sableye|Sableye, M, shiny|304/304","|move|p2a: Chandelure|Shadow Ball|p1a: Sableye","|-damage|p1a: Sableye|147/304","|","|turn|8","|","|detailschange|p1a: Sableye|Sableye-Mega, M, shiny","|-mega|p1a: Sableye|Sableye|Sablenite","|move|p1a: Sableye|Recover|p1a: Sableye","|-heal|p1a: Sableye|299/304","|move|p2a: Chandelure|Shadow Ball|p1a: Sableye","|-crit|p1a: Sableye","|-damage|p1a: Sableye|142/304","|","|turn|9","|","|move|p2a: Chandelure|Shadow Ball|p1a: Sableye","|-damage|p1a: Sableye|27/304","|move|p1a: Sableye|Recover|p1a: Sableye","|-heal|p1a: Sableye|179/304","|","|turn|10","|","|move|p2a: Chandelure|Shadow Ball|p1a: Sableye","|-damage|p1a: Sableye|64/304","|move|p1a: Sableye|Recover|p1a: Sableye","|-heal|p1a: Sableye|216/304","|","|turn|11","|","|move|p2a: Chandelure|Shadow Ball|p1a: Sableye","|-damage|p1a: Sableye|108/304","|move|p1a: Sableye|Recover|p1a: Sableye","|-heal|p1a: Sableye|260/304","|","|turn|12","|","|move|p2a: Chandelure|Shadow Ball|p1a: Sableye","|-damage|p1a: Sableye|146/304","|move|p1a: Sableye|Recover|p1a: Sableye","|-heal|p1a: Sableye|298/304","|","|turn|13","|","|move|p2a: Chandelure|Shadow Ball|p1a: Sableye","|-damage|p1a: Sableye|184/304","|move|p1a: Sableye|Foul Play|p2a: Chandelure","|-supereffective|p2a: Chandelure","|-damage|p2a: Chandelure|129/261","|","|turn|14","|","|move|p2a: Chandelure|Shadow Ball|p1a: Sableye","|-damage|p1a: Sableye|70/304","|move|p1a: Sableye|Foul Play|p2a: Chandelure","|-supereffective|p2a: Chandelure","|-damage|p2a: Chandelure|0 fnt","|faint|p2a: Chandelure","|","|","|switch|p2a: Volcarona|Volcarona, F|311/311","|turn|15","|","|switch|p1a: Hoopa|Hoopa|364/364","|move|p2a: Volcarona|Quiver Dance|p2a: Volcarona","|-boost|p2a: Volcarona|spa|1","|-boost|p2a: Volcarona|spd|1","|-boost|p2a: Volcarona|spe|1","|","|turn|16","|","|move|p2a: Volcarona|Bug Buzz|p1a: Hoopa","|-crit|p1a: Hoopa","|-damage|p1a: Hoopa|19/364","|-unboost|p1a: Hoopa|spd|1","|move|p1a: Hoopa|Trick Room|p1a: Hoopa","|-fieldstart|move: Trick Room|[of] p1a: Hoopa","|","|turn|17","|","|move|p1a: Hoopa|Psyshock|p2a: Volcarona","|-damage|p2a: Volcarona|0 fnt","|-damage|p1a: Hoopa|0 fnt|[from] item: Life Orb","|faint|p2a: Volcarona","|faint|p1a: Hoopa","|","|","|switch|p2a: Charizard|Charizard, M|297/297","|switch|p1a: Trevenant|Trevenant, M|373/373","|turn|18","|","|detailschange|p2a: Charizard|Charizard-Mega-Y, M","|-mega|p2a: Charizard|Charizard|Charizardite Y","|-weather|SunnyDay","|move|p1a: Trevenant|Rock Slide|p2a: Charizard","|-supereffective|p2a: Charizard","|-damage|p2a: Charizard|0 fnt","|-damage|p1a: Trevenant|336/373|[from] item: Life Orb","|faint|p2a: Charizard","|","|-weather|SunnyDay|[upkeep]","|","|switch|p2a: Entei|Entei, shiny|371/371","|-ability|p2a: Entei|Pressure","|turn|19","|","|move|p1a: Trevenant|Earthquake|p2a: Entei","|-supereffective|p2a: Entei","|-damage|p2a: Entei|30/371","|-damage|p1a: Trevenant|299/373|[from] item: Life Orb","|move|p2a: Entei|Sacred Fire|p1a: Trevenant","|-crit|p1a: Trevenant","|-supereffective|p1a: Trevenant","|-damage|p1a: Trevenant|0 fnt","|faint|p1a: Trevenant","|","|-weather|SunnyDay|[upkeep]","|","|switch|p1a: Chandelure|Chandelure, F, shiny|163/323","|turn|20","|","|switch|p2a: Torkoal|Torkoal, F|344/344","|move|p1a: Chandelure|Shadow Ball|p2a: Torkoal","|-damage|p2a: Torkoal|62/344","|-damage|p1a: Chandelure|131/323|[from] item: Life Orb","|","|-weather|SunnyDay|[upkeep]","|-heal|p2a: Torkoal|83/344|[from] item: Leftovers","|-fieldend|move: Trick Room","|turn|21","|","|move|p1a: Chandelure|Shadow Ball|p2a: Torkoal","|-crit|p2a: Torkoal","|-damage|p2a: Torkoal|0 fnt","|-damage|p1a: Chandelure|99/323|[from] item: Life Orb","|faint|p2a: Torkoal","|","|-weather|SunnyDay|[upkeep]","|","|switch|p2a: Entei|Entei, shiny|30/371","|-ability|p2a: Entei|Pressure","|turn|22","|","|move|p2a: Entei|Stone Edge|p1a: Chandelure","|-supereffective|p1a: Chandelure","|-damage|p1a: Chandelure|0 fnt","|faint|p1a: Chandelure","|","|-weather|none","|","|switch|p1a: Cofagrigus|Cofagrigus, M|290/320","|turn|23","|","|move|p2a: Entei|Stone Edge|p1a: Cofagrigus","|-damage|p1a: Cofagrigus|207/320","|move|p1a: Cofagrigus|Shadow Ball|p2a: Entei","|-damage|p2a: Entei|0 fnt","|faint|p2a: Entei","|","|win|Zukushiku"],"p1rating":{"entryid":"7076911","serverid":"eos","formatid":"monotype","userid":"zukushiku","username":"Zukushiku","w":25,"l":"12","t":"0","gxe":64.6,"r":"1593.8224445949","rd":"66.063989950501","sigma":"0","rptime":"1438765200","rpr":1614.8934534812,"rprd":57.231314224609,"rpsigma":"0","acre":1276.3595612807,"lacre":1276.3595612807,"oldacre":"1263.2234468903"},"p2rating":{"entryid":"7406762","serverid":"eos","formatid":"monotype","userid":"ivwiley","username":"IV Wiley","w":"6","l":6,"t":"0","gxe":49.5,"r":"1495.5145738225","rd":"106.46815327292","sigma":"0","rptime":"1438765200","rpr":1495.922990446,"rprd":82.310218990584,"rpsigma":"0","acre":1072.0971067369,"lacre":1072.0971067369,"oldacre":"1083.9697716472"},"endType":"normal"}