{"seed":[63719,36107,50065,30788],"turns":26,"p1":"Inferno Sasuke","p2":"MrNyanNyanz","p1team":[{"name":"kyubbi","species":"ninetales","item":"choicescarf","ability":"Drought","moves":["fireblast","solarbeam","darkpulse","extrasensory"],"nature":"Timid","evs":{"hp":4,"atk":0,"def":0,"spa":252,"spd":0,"spe":252},"ivs":{"hp":31,"atk":31,"def":31,"spa":31,"spd":31,"spe":31}},{"name":"gyuki","species":"darmanitan","item":"lifeorb","ability":"Sheer Force","moves":["flareblitz","earthquake","rockslide","brickbreak"],"nature":"Jolly","evs":{"hp":4,"atk":252,"def":0,"spa":0,"spd":0,"spe":252},"ivs":{"hp":31,"atk":31,"def":31,"spa":31,"spd":31,"spe":31}},{"name":"chomei","species":"volcarona","item":"leftovers","ability":"Flame Body","moves":["quiverdance","bugbuzz","fierydance","roost"],"nature":"Timid","evs":{"hp":240,"atk":0,"def":252,"spa":0,"spd":0,"spe":16},"ivs":{"hp":31,"atk":31,"def":31,"spa":31,"spd":31,"spe":31}},{"name":"isobu","species":"heatran","item":"airballoon","ability":"Flash Fire","moves":["stoneedge","flamethrower","flashcannon","stealthrock"],"nature":"Mild","evs":{"hp":252,"atk":4,"def":0,"spa":252,"spd":0,"spe":0},"ivs":{"hp":31,"atk":31,"def":31,"spa":31,"spd":31,"spe":31}},{"name":"easy bake","species":"rotomheat","item":"leftovers","ability":"Levitate","moves":["reflect","lightscreen","overheat","willowisp"],"nature":"Calm","evs":{"hp":252,"atk":0,"def":0,"spa":4,"spd":252,"spe":0},"ivs":{"hp":31,"atk":31,"def":31,"spa":31,"spd":31,"spe":31}},{"name":"Charizard","species":"Charizard","item":"charizarditex","ability":"Blaze","moves":["dragondance","flareblitz","flamecharge","outrage"],"nature":"Adamant","evs":{"hp":0,"atk":252,"def":0,"spa":0,"spd":4,"spe":252},"ivs":{"hp":31,"atk":31,"def":31,"spa":31,"spd":31,"spe":31}}],"p2team":[{"name":"Houndoom","species":"Houndoom","item":"houndoominite","ability":"Early Bird","moves":["solarbeam","darkpulse","hiddenpowerice","flamethrower"],"nature":"Timid","evs":{"hp":0,"atk":0,"def":0,"spa":252,"spd":4,"spe":252},"ivs":{"hp":31,"atk":30,"def":30,"spa":31,"spd":31,"spe":31}},{"name":"Victini","species":"Victini","item":"choicescarf","ability":"Victory Star","moves":["glaciate","energyball","boltstrike","vcreate"],"nature":"Hasty","evs":{"hp":0,"atk":252,"def":0,"spa":4,"spd":0,"spe":252},"ivs":{"hp":31,"atk":31,"def":31,"spa":31,"spd":31,"spe":31}},{"name":"Ninetales","species":"Ninetales","item":"heatrock","ability":"Drought","moves":["energyball","fireblast","toxic","psyshock"],"nature":"Timid","evs":{"hp":0,"atk":0,"def":0,"spa":252,"spd":4,"spe":252},"ivs":{"hp":31,"atk":31,"def":31,"spa":31,"spd":31,"spe":31}},{"name":"Rotom-Heat","species":"Rotom-Heat","item":"lightclay","ability":"Levitate","moves":["reflect","lightscreen","voltswitch","overheat"],"nature":"Modest","evs":{"hp":248,"atk":0,"def":0,"spa":252,"spd":8,"spe":0},"ivs":{"hp":31,"atk":31,"def":31,"spa":31,"spd":31,"spe":31}},{"name":"Moltres","species":"Moltres","item":"leftovers","ability":"Pressure","moves":["defog","airslash","solarbeam","flamethrower"],"nature":"Modest","evs":{"hp":252,"atk":0,"def":0,"spa":252,"spd":4,"spe":0},"ivs":{"hp":31,"atk":31,"def":31,"spa":31,"spd":31,"spe":31}},{"name":"Combusken","species":"Combusken","item":"choiceband","ability":"Speed Boost","moves":["skyuppercut","flareblitz","thunderpunch","rockslide"],"nature":"Adamant","evs":{"hp":0,"atk":252,"def":0,"spa":0,"spd":4,"spe":252},"ivs":{"hp":31,"atk":31,"def":31,"spa":31,"spd":31,"spe":31}}],"log":["|player|p1|Inferno Sasuke|281","|player|p2|MrNyanNyanz|mrnyannyanz.png","|gametype|singles","|gen|6","|tier|Monotype","|rated","|rule|Baton Pass Clause: Limit one Baton Passer, can't pass Spe and other stats simultaneously","|rule|Swagger Clause: Swagger is banned","|rule|Same Type Clause: Pokémon in a team must share a type","|clearpoke","|poke|p1|Ninetales, F","|poke|p1|Darmanitan, M","|poke|p1|Volcarona, M","|poke|p1|Heatran, F","|poke|p1|Rotom-Heat","|poke|p1|Charizard, M","|poke|p2|Houndoom, F","|poke|p2|Victini","|poke|p2|Ninetales, F","|poke|p2|Rotom-Heat","|poke|p2|Moltres","|poke|p2|Combusken, M","|rule|Sleep Clause Mod: Limit one foe put to sleep","|rule|Species Clause: Limit one of each Pokémon","|rule|OHKO Clause: OHKO moves are banned","|rule|Moody Clause: Moody is banned","|rule|Evasion Moves Clause: Evasion moves are banned","|rule|Endless Battle Clause: Forcing endless battles is banned","|rule|HP Percentage Mod: HP is shown in percentages","|teampreview","|","|start","|switch|p1a: gyuki|Darmanitan, M|352/352","|switch|p2a: Combusken|Combusken, M|261/261","|turn|1","|","|switch|p2a: Rotom-Heat|Rotom-Heat|303/303","|move|p1a: gyuki|Earthquake|p2a: Rotom-Heat","|-immune|p2a: Rotom-Heat|[msg]","|","|turn|2","|","|move|p1a: gyuki|Rock Slide|p2a: Rotom-Heat","|-supereffective|p2a: Rotom-Heat","|-damage|p2a: Rotom-Heat|17/303","|move|p2a: Rotom-Heat|Light Screen|p2a: Rotom-Heat","|-sidestart|p2: MrNyanNyanz|move: Light Screen","|","|turn|3","|","|move|p1a: gyuki|Rock Slide|p2a: Rotom-Heat","|-supereffective|p2a: Rotom-Heat","|-damage|p2a: Rotom-Heat|0 fnt","|faint|p2a: Rotom-Heat","|","|","|switch|p2a: Ninetales|Ninetales, F|287/287","|-weather|SunnyDay","|turn|4","|","|move|p2a: Ninetales|Psyshock|p1a: gyuki","|-damage|p1a: gyuki|232/352","|move|p1a: gyuki|Rock Slide|p2a: Ninetales","|-supereffective|p2a: Ninetales","|-damage|p2a: Ninetales|0 fnt","|faint|p2a: Ninetales","|","|-weather|SunnyDay|[upkeep]","|","|switch|p2a: Houndoom|Houndoom, F|291/291","|turn|5","|","|detailschange|p2a: Houndoom|Houndoom-Mega, F","|-mega|p2a: Houndoom|Houndoom|Houndoominite","|move|p2a: Houndoom|Dark Pulse|p1a: gyuki","|-damage|p1a: gyuki|0 fnt","|faint|p1a: gyuki","|","|-weather|SunnyDay|[upkeep]","|-damage|p2a: Houndoom|255/291|[from] ability: Solar Power","|","|switch|p1a: chomei|Volcarona, M|371/371","|turn|6","|","|move|p2a: Houndoom|Flamethrower|p1a: chomei","|-damage|p1a: chomei|13/371","|move|p1a: chomei|Bug Buzz|p2a: Houndoom","|-crit|p2a: Houndoom","|-damage|p2a: Houndoom|26/291","|","|-weather|SunnyDay|[upkeep]","|-damage|p2a: Houndoom|0 fnt|[from] ability: Solar Power","|-heal|p1a: chomei|36/371|[from] item: Leftovers","|faint|p2a: Houndoom","|","|switch|p2a: Combusken|Combusken, M|261/261","|turn|7","|","|move|p1a: chomei|Roost|p1a: chomei","|-heal|p1a: chomei|222/371","|move|p2a: Combusken|Rock Slide|p1a: chomei","|-supereffective|p1a: chomei","|-damage|p1a: chomei|0 fnt","|faint|p1a: chomei","|","|-weather|SunnyDay|[upkeep]","|-boost|p2a: Combusken|spe|1|[from] ability: Speed Boost","|","|switch|p1a: kyubbi|Ninetales, F|288/288","|turn|8","|","|move|p1a: kyubbi|Extrasensory|p2a: Combusken","|-supereffective|p2a: Combusken","|-damage|p2a: Combusken|160/261","|cant|p2a: Combusken|flinch","|","|-weather|SunnyDay|[upkeep]","|-boost|p2a: Combusken|spe|1|[from] ability: Speed Boost","|turn|9","|","|move|p1a: kyubbi|Extrasensory|p2a: Combusken","|-supereffective|p2a: Combusken","|-damage|p2a: Combusken|60/261","|move|p2a: Combusken|Rock Slide|p1a: kyubbi","|-supereffective|p1a: kyubbi","|-damage|p1a: kyubbi|30/288","|","|-weather|SunnyDay|[upkeep]","|-sideend|p2: MrNyanNyanz|move: Light Screen","|-boost|p2a: Combusken|spe|1|[from] ability: Speed Boost","|turn|10","|","|move|p2a: Combusken|Rock Slide|p1a: kyubbi","|-supereffective|p1a: kyubbi","|-damage|p1a: kyubbi|0 fnt","|faint|p1a: kyubbi","|","|-weather|SunnyDay|[upkeep]","|-boost|p2a: Combusken|spe|1|[from] ability: Speed Boost","|","|switch|p1a: isobu|Heatran, F|386/386","|-item|p1a: isobu|Air Balloon","|turn|11","|","|move|p2a: Combusken|Rock Slide|p1a: isobu","|-damage|p1a: isobu|278/386","|-enditem|p1a: isobu|Air Balloon","|move|p1a: isobu|Stone Edge|p2a: Combusken","|-damage|p2a: Combusken|0 fnt","|faint|p2a: Combusken","|","|-weather|none","|","|switch|p2a: Moltres|Moltres|384/384","|-ability|p2a: Moltres|Pressure","|turn|12","|","|move|p2a: Moltres|Air Slash|p1a: isobu","|-resisted|p1a: isobu","|-damage|p1a: isobu|212/386","|move|p1a: isobu|Stone Edge|p2a: Moltres","|-supereffective|p2a: Moltres","|-damage|p2a: Moltres|92/384","|","|-heal|p2a: Moltres|116/384|[from] item: Leftovers","|turn|13","|","|move|p2a: Moltres|Air Slash|p1a: isobu","|-crit|p1a: isobu","|-resisted|p1a: isobu","|-damage|p1a: isobu|104/386","|cant|p1a: isobu|flinch","|","|-heal|p2a: Moltres|140/384|[from] item: Leftovers","|turn|14","|","|move|p2a: Moltres|Air Slash|p1a: isobu","|-crit|p1a: isobu","|-resisted|p1a: isobu","|-damage|p1a: isobu|4/386","|move|p1a: isobu|Stone Edge|p2a: Moltres|[miss]","|-miss|p1a: isobu|p2a: Moltres","|","|-heal|p2a: Moltres|164/384|[from] item: Leftovers","|turn|15","|","|switch|p1a: easy bake|Rotom-Heat|304/304","|move|p2a: Moltres|Air Slash|p1a: easy bake","|-resisted|p1a: easy bake","|-damage|p1a: easy bake|256/304","|","|-heal|p2a: Moltres|188/384|[from] item: Leftovers","|-heal|p1a: easy bake|275/304|[from] item: Leftovers","|turn|16","|","|move|p2a: Moltres|Flamethrower|p1a: easy bake","|-resisted|p1a: easy bake","|-damage|p1a: easy bake|216/304","|move|p1a: easy bake|Overheat|p2a: Moltres","|-resisted|p2a: Moltres","|-damage|p2a: Moltres|91/384","|-unboost|p1a: easy bake|spa|2","|","|-heal|p2a: Moltres|115/384|[from] item: Leftovers","|-heal|p1a: easy bake|235/304|[from] item: Leftovers","|turn|17","|","|move|p2a: Moltres|Flamethrower|p1a: easy bake","|-crit|p1a: easy bake","|-resisted|p1a: easy bake","|-damage|p1a: easy bake|148/304","|move|p1a: easy bake|Will-O-Wisp|p2a: Moltres","|-immune|p2a: Moltres|[msg]","|","|-heal|p2a: Moltres|139/384|[from] item: Leftovers","|-heal|p1a: easy bake|167/304|[from] item: Leftovers","|turn|18","|","|move|p2a: Moltres|Flamethrower|p1a: easy bake","|-resisted|p1a: easy bake","|-damage|p1a: easy bake|104/304","|move|p1a: easy bake|Overheat|p2a: Moltres","|-resisted|p2a: Moltres","|-damage|p2a: Moltres|97/384","|-unboost|p1a: easy bake|spa|2","|","|-heal|p2a: Moltres|121/384|[from] item: Leftovers","|-heal|p1a: easy bake|123/304|[from] item: Leftovers","|turn|19","|","|switch|p1a: Charizard|Charizard, M|297/297","|move|p2a: Moltres|Flamethrower|p1a: Charizard","|-resisted|p1a: Charizard","|-damage|p1a: Charizard|199/297","|","|-heal|p2a: Moltres|145/384|[from] item: Leftovers","|turn|20","|","|detailschange|p1a: Charizard|Charizard-Mega-X, M","|-mega|p1a: Charizard|Charizard|Charizardite X","|move|p1a: Charizard|Dragon Dance|p1a: Charizard","|-boost|p1a: Charizard|atk|1","|-boost|p1a: Charizard|spe|1","|move|p2a: Moltres|Air Slash|p1a: Charizard","|-damage|p1a: Charizard|22/297","|","|-heal|p2a: Moltres|169/384|[from] item: Leftovers","|turn|21","|","|move|p1a: Charizard|Outrage|p2a: Moltres","|-damage|p2a: Moltres|0 fnt","|faint|p2a: Moltres","|","|","|switch|p2a: Victini|Victini|341/341","|turn|22","|","|move|p2a: Victini|Bolt Strike|p1a: Charizard","|-resisted|p1a: Charizard","|-damage|p1a: Charizard|0 fnt","|faint|p1a: Charizard","|","|","|switch|p1a: isobu|Heatran, F|4/386","|turn|23","|","|move|p2a: Victini|Bolt Strike|p1a: isobu","|-damage|p1a: isobu|0 fnt","|faint|p1a: isobu","|","|","|switch|p1a: easy bake|Rotom-Heat|123/304","|turn|24","|","|move|p2a: Victini|Bolt Strike|p1a: easy bake","|-resisted|p1a: easy bake","|-damage|p1a: easy bake|63/304","|move|p1a: easy bake|Overheat|p2a: Victini|[miss]","|-miss|p1a: easy bake|p2a: Victini","|","|-heal|p1a: easy bake|82/304|[from] item: Leftovers","|turn|25","|","|move|p2a: Victini|Bolt Strike|p1a: easy bake","|-resisted|p1a: easy bake","|-damage|p1a: easy bake|21/304","|move|p1a: easy bake|Overheat|p2a: Victini|[miss]","|-miss|p1a: easy bake|p2a: Victini","|","|-heal|p1a: easy bake|40/304|[from] item: Leftovers","|turn|26","|","|win|MrNyanNyanz"],"p1rating":{"entryid":"7291991","serverid":"eos","formatid":"monotype","userid":"infernosasuke","username":"Inferno Sasuke","w":"6","l":18,"t":"0","gxe":31,"r":"1336.2081262852","rd":"73.728974546799","sigma":"0","rptime":"1438765200","rpr":1346.5714072365,"rprd":68.086804702988,"rpsigma":"0","acre":1051.4621823936,"lacre":1051.4621823936,"oldacre":"1065.4059078774"},"p2rating":{"entryid":"6703862","serverid":"eos","formatid":"monotype","userid":"mrnyannyanz","username":"MrNyanNyanz","w":61,"l":"49","t":"0","gxe":54,"r":"1523.6934120986","rd":"36.603604249754","sigma":"0","rptime":"1438765200","rpr":1530.1107993296,"rprd":34.704285646674,"rpsigma":"0","acre":1189.0752127861,"lacre":1189.0752127861,"oldacre":"1171.4791732198"},"endType":"forfeit"}