{"seed":[9748,11003,61625,37140],"turns":27,"p1":"Twizz","p2":"Emg Prof Volco","p1team":[{"name":"Magnezone","species":"Magnezone","item":"leftovers","ability":"Sturdy","moves":["flashcannon","thunderbolt","protect","hiddenpowerice"],"nature":"Modest","evs":{"hp":76,"atk":0,"def":180,"spa":252,"spd":0,"spe":0},"ivs":{"hp":31,"atk":30,"def":30,"spa":31,"spd":31,"spe":31}},{"name":"Zapdos","species":"Zapdos","item":"leftovers","ability":"Pressure","moves":["discharge","heatwave","toxic","roost"],"nature":"Bold","evs":{"hp":4,"atk":0,"def":252,"spa":0,"spd":252,"spe":0},"ivs":{"hp":31,"atk":31,"def":31,"spa":31,"spd":31,"spe":31}},{"name":"Ampharos","species":"Ampharos","item":"ampharosite","ability":"Static","moves":["cottonguard","rest","sleeptalk","dragonpulse"],"nature":"Bold","evs":{"hp":0,"atk":0,"def":252,"spa":136,"spd":120,"spe":0},"ivs":{"hp":31,"atk":31,"def":31,"spa":31,"spd":31,"spe":31}},{"name":"Raikou","species":"Raikou","item":"leftovers","ability":"Pressure","moves":["calmmind","substitute","thunderbolt","extrasensory"],"nature":"Timid","evs":{"hp":0,"atk":0,"def":0,"spa":252,"spd":4,"spe":252},"ivs":{"hp":31,"atk":31,"def":31,"spa":31,"spd":31,"spe":31}},{"name":"Rotom-Wash","species":"Rotom-Wash","item":"choicescarf","ability":"Levitate","moves":["voltswitch","hydropump","willowisp","trick"],"nature":"Timid","evs":{"hp":0,"atk":0,"def":0,"spa":252,"spd":4,"spe":252},"ivs":{"hp":31,"atk":31,"def":31,"spa":31,"spd":31,"spe":31}},{"name":"Condom","species":"eelektross","item":"assaultvest","ability":"Levitate","moves":["gigadrain","thunderbolt","drainpunch","knockoff"],"nature":"Quiet","evs":{"hp":3,"atk":136,"def":0,"spa":108,"spd":252,"spe":0},"ivs":{"hp":31,"atk":31,"def":31,"spa":31,"spd":31,"spe":31}}],"p2team":[{"name":"Conkeldurr","species":"Conkeldurr","item":"assaultvest","ability":"Guts","moves":["machpunch","knockoff","drainpunch","icepunch"],"nature":"Adamant","evs":{"hp":184,"atk":252,"def":16,"spa":0,"spd":56,"spe":0},"gender":"M","shiny":true,"ivs":{"hp":31,"atk":31,"def":31,"spa":31,"spd":31,"spe":31}},{"name":"Infernape","species":"Infernape","item":"focussash","ability":"Blaze","moves":["vacuumwave","stealthrock","taunt","flamethrower"],"nature":"Timid","evs":{"hp":0,"atk":0,"def":0,"spa":252,"spd":4,"spe":252},"gender":"M","shiny":true,"ivs":{"hp":31,"atk":31,"def":31,"spa":31,"spd":31,"spe":31}},{"name":"Gallade","species":"Gallade","item":"galladite","ability":"Steadfast","moves":["swordsdance","drainpunch","shadowsneak","zenheadbutt"],"nature":"Jolly","evs":{"hp":0,"atk":252,"def":0,"spa":0,"spd":4,"spe":252},"shiny":true,"ivs":{"hp":31,"atk":31,"def":31,"spa":31,"spd":31,"spe":31}},{"name":"Heracross","species":"Heracross","item":"choicescarf","ability":"Moxie","moves":["closecombat","megahorn","earthquake","rockslide"],"nature":"Jolly","evs":{"hp":0,"atk":252,"def":0,"spa":0,"spd":0,"spe":252},"gender":"M","shiny":true,"ivs":{"hp":31,"atk":31,"def":31,"spa":31,"spd":31,"spe":31}},{"name":"Keldeo","species":"Keldeo","item":"choicescarf","ability":"Justified","moves":["secretsword","scald","hiddenpowerelectric","icywind"],"nature":"Timid","evs":{"hp":0,"atk":0,"def":0,"spa":252,"spd":4,"spe":252},"ivs":{"hp":31,"atk":31,"def":31,"spa":30,"spd":31,"spe":31}},{"name":"Breloom","species":"Breloom","item":"focussash","ability":"Technician","moves":["bulletseed","spore","rocktomb","machpunch"],"nature":"Adamant","evs":{"hp":0,"atk":252,"def":0,"spa":0,"spd":4,"spe":252},"gender":"M","shiny":true,"ivs":{"hp":31,"atk":31,"def":31,"spa":31,"spd":31,"spe":31}}],"log":["|player|p1|Twizz|122","|player|p2|Emg Prof Volco|162","|gametype|singles","|gen|6","|tier|Monotype","|rated","|rule|Baton Pass Clause: Limit one Baton Passer, can't pass Spe and other stats simultaneously","|rule|Swagger Clause: Swagger is banned","|rule|Same Type Clause: Pokémon in a team must share a type","|clearpoke","|poke|p1|Magnezone","|poke|p1|Zapdos","|poke|p1|Ampharos, F","|poke|p1|Raikou","|poke|p1|Rotom-Wash","|poke|p1|Eelektross, M","|poke|p2|Conkeldurr, M, shiny","|poke|p2|Infernape, M, shiny","|poke|p2|Gallade, M, shiny","|poke|p2|Heracross, M, shiny","|poke|p2|Keldeo","|poke|p2|Breloom, M, shiny","|rule|Sleep Clause Mod: Limit one foe put to sleep","|rule|Species Clause: Limit one of each Pokémon","|rule|OHKO Clause: OHKO moves are banned","|rule|Moody Clause: Moody is banned","|rule|Evasion Moves Clause: Evasion moves are banned","|rule|Endless Battle Clause: Forcing endless battles is banned","|rule|HP Percentage Mod: HP is shown in percentages","|teampreview","|","|start","|switch|p1a: Rotom-Wash|Rotom-Wash|241/241","|switch|p2a: Infernape|Infernape, M, shiny|293/293","|turn|1","|","|move|p1a: Rotom-Wash|Hydro Pump|p2a: Infernape","|-supereffective|p2a: Infernape","|-enditem|p2a: Infernape|Focus Sash","|-damage|p2a: Infernape|1/293","|move|p2a: Infernape|Stealth Rock|p1a: Rotom-Wash","|-sidestart|p1: Twizz|move: Stealth Rock","|","|turn|2","|","|move|p1a: Rotom-Wash|Hydro Pump|p2a: Infernape","|-supereffective|p2a: Infernape","|-damage|p2a: Infernape|0 fnt","|faint|p2a: Infernape","|","|","|switch|p2a: Breloom|Breloom, M, shiny|261/261","|turn|3","|","|switch|p1a: Ampharos|Ampharos, F|321/321","|-damage|p1a: Ampharos|281/321|[from] Stealth Rock","|move|p2a: Breloom|Bullet Seed|p1a: Ampharos","|-damage|p1a: Ampharos|224/321","|-damage|p1a: Ampharos|169/321","|-hitcount|p1a: Ampharos|2","|","|turn|4","|","|detailschange|p1a: Ampharos|Ampharos-Mega, F","|-mega|p1a: Ampharos|Ampharos|Ampharosite","|-ability|p1a: Ampharos|Mold Breaker","|move|p2a: Breloom|Spore|p1a: Ampharos","|-status|p1a: Ampharos|slp","|cant|p1a: Ampharos|slp","|","|turn|5","|","|move|p2a: Breloom|Bullet Seed|p1a: Ampharos","|-resisted|p1a: Ampharos","|-damage|p1a: Ampharos|142/321 slp","|-resisted|p1a: Ampharos","|-damage|p1a: Ampharos|118/321 slp","|-resisted|p1a: Ampharos","|-damage|p1a: Ampharos|94/321 slp","|-hitcount|p1a: Ampharos|3","|-curestatus|p1a: Ampharos|slp","|move|p1a: Ampharos|Sleep Talk|p1a: Ampharos","|-fail|p1a: Ampharos","|","|turn|6","|","|move|p2a: Breloom|Rock Tomb|p1a: Ampharos","|-damage|p1a: Ampharos|18/321","|-unboost|p1a: Ampharos|spe|1","|move|p1a: Ampharos|Rest|p1a: Ampharos","|-status|p1a: Ampharos|slp","|-heal|p1a: Ampharos|321/321 slp|[silent]","|-status|p1a: Ampharos|slp|[from] move: Rest","|","|turn|7","|","|move|p2a: Breloom|Rock Tomb|p1a: Ampharos","|-damage|p1a: Ampharos|243/321 slp","|-unboost|p1a: Ampharos|spe|1","|cant|p1a: Ampharos|slp","|move|p1a: Ampharos|Sleep Talk|p1a: Ampharos","|move|p1a: Ampharos|Rest|p1a: Ampharos|[from]Sleep Talk","|-fail|p1a: Ampharos","|","|turn|8","|","|move|p2a: Breloom|Mach Punch|p1a: Ampharos","|-damage|p1a: Ampharos|164/321 slp","|cant|p1a: Ampharos|slp","|move|p1a: Ampharos|Sleep Talk|p1a: Ampharos","|move|p1a: Ampharos|Rest|p1a: Ampharos|[from]Sleep Talk","|-fail|p1a: Ampharos","|","|turn|9","|","|switch|p2a: Conkeldurr|Conkeldurr, M, shiny|397/397","|-curestatus|p1a: Ampharos|slp","|move|p1a: Ampharos|Cotton Guard|p1a: Ampharos","|-boost|p1a: Ampharos|def|3","|","|turn|10","|","|move|p2a: Conkeldurr|Ice Punch|p1a: Ampharos","|-supereffective|p1a: Ampharos","|-damage|p1a: Ampharos|106/321","|move|p1a: Ampharos|Rest|p1a: Ampharos","|-status|p1a: Ampharos|slp","|-heal|p1a: Ampharos|321/321 slp|[silent]","|-status|p1a: Ampharos|slp|[from] move: Rest","|","|turn|11","|","|switch|p2a: Keldeo|Keldeo|323/323","|cant|p1a: Ampharos|slp","|move|p1a: Ampharos|Sleep Talk|p1a: Ampharos","|move|p1a: Ampharos|Cotton Guard|p1a: Ampharos|[from]Sleep Talk","|-boost|p1a: Ampharos|def|3","|","|turn|12","|","|move|p2a: Keldeo|Scald|p1a: Ampharos","|-resisted|p1a: Ampharos","|-damage|p1a: Ampharos|267/321 slp","|cant|p1a: Ampharos|slp","|move|p1a: Ampharos|Sleep Talk|p1a: Ampharos","|move|p1a: Ampharos|Rest|p1a: Ampharos|[from]Sleep Talk","|-fail|p1a: Ampharos","|","|turn|13","|","|switch|p2a: Breloom|Breloom, M, shiny|261/261","|-curestatus|p1a: Ampharos|slp","|move|p1a: Ampharos|Dragon Pulse|p2a: Breloom","|-damage|p2a: Breloom|29/261","|","|turn|14","|","|move|p2a: Breloom|Spore|p1a: Ampharos","|-status|p1a: Ampharos|slp","|cant|p1a: Ampharos|slp","|move|p1a: Ampharos|Sleep Talk|p1a: Ampharos","|move|p1a: Ampharos|Cotton Guard|p1a: Ampharos|[from]Sleep Talk","|-fail|p1a: Ampharos","|","|turn|15","|","|switch|p2a: Keldeo|Keldeo|323/323","|-curestatus|p1a: Ampharos|slp","|move|p1a: Ampharos|Sleep Talk|p1a: Ampharos","|-fail|p1a: Ampharos","|","|turn|16","|","|move|p2a: Keldeo|Icy Wind|p1a: Ampharos","|-crit|p1a: Ampharos","|-supereffective|p1a: Ampharos","|-damage|p1a: Ampharos|111/321","|-unboost|p1a: Ampharos|spe|1","|move|p1a: Ampharos|Dragon Pulse|p2a: Keldeo","|-damage|p2a: Keldeo|127/323","|","|turn|17","|","|move|p2a: Keldeo|Icy Wind|p1a: Ampharos","|-supereffective|p1a: Ampharos","|-damage|p1a: Ampharos|0 fnt","|faint|p1a: Ampharos","|","|","|switch|p1a: Magnezone|Magnezone|300/300","|-damage|p1a: Magnezone|282/300|[from] Stealth Rock","|turn|18","|","|move|p2a: Keldeo|Icy Wind|p1a: Magnezone","|-resisted|p1a: Magnezone","|-damage|p1a: Magnezone|248/300","|-unboost|p1a: Magnezone|spe|1","|move|p1a: Magnezone|Thunderbolt|p2a: Keldeo","|-supereffective|p2a: Keldeo","|-damage|p2a: Keldeo|0 fnt","|faint|p2a: Keldeo","|","|-heal|p1a: Magnezone|266/300|[from] item: Leftovers","|","|switch|p2a: Conkeldurr|Conkeldurr, M, shiny|397/397","|turn|19","|","|move|p1a: Magnezone|Protect|p1a: Magnezone","|-singleturn|p1a: Magnezone|Protect","|move|p2a: Conkeldurr|Drain Punch|p1a: Magnezone","|-activate|p1a: Magnezone|Protect","|","|-heal|p1a: Magnezone|284/300|[from] item: Leftovers","|turn|20","|","|switch|p1a: Rotom-Wash|Rotom-Wash|241/241","|-damage|p1a: Rotom-Wash|211/241|[from] Stealth Rock","|move|p2a: Conkeldurr|Drain Punch|p1a: Rotom-Wash","|-damage|p1a: Rotom-Wash|67/241","|","|turn|21","|","|move|p2a: Conkeldurr|Mach Punch|p1a: Rotom-Wash","|-damage|p1a: Rotom-Wash|0 fnt","|faint|p1a: Rotom-Wash","|","|","|switch|p1a: Zapdos|Zapdos|322/322","|-damage|p1a: Zapdos|242/322|[from] Stealth Rock","|-ability|p1a: Zapdos|Pressure","|turn|22","|","|move|p1a: Zapdos|Roost|p1a: Zapdos","|-heal|p1a: Zapdos|322/322","|move|p2a: Conkeldurr|Ice Punch|p1a: Zapdos","|-damage|p1a: Zapdos|241/322","|","|-heal|p1a: Zapdos|261/322|[from] item: Leftovers","|turn|23","|","|move|p1a: Zapdos|Discharge|p2a: Conkeldurr","|-damage|p2a: Conkeldurr|294/397","|move|p2a: Conkeldurr|Ice Punch|p1a: Zapdos","|-supereffective|p1a: Zapdos","|-damage|p1a: Zapdos|109/322","|","|-heal|p1a: Zapdos|129/322|[from] item: Leftovers","|turn|24","|","|move|p1a: Zapdos|Roost|p1a: Zapdos","|-heal|p1a: Zapdos|290/322","|move|p2a: Conkeldurr|Drain Punch|p1a: Zapdos","|-crit|p1a: Zapdos","|-damage|p1a: Zapdos|101/322","|-heal|p2a: Conkeldurr|389/397|[from] drain|[of] p1a: Zapdos","|","|-heal|p1a: Zapdos|121/322|[from] item: Leftovers","|turn|25","|","|move|p1a: Zapdos|Roost|p1a: Zapdos","|-heal|p1a: Zapdos|282/322","|move|p2a: Conkeldurr|Knock Off|p1a: Zapdos","|-damage|p1a: Zapdos|169/322","|-enditem|p1a: Zapdos|Leftovers|[from] move: Knock Off|[of] p2a: Conkeldurr","|","|turn|26","|","|move|p1a: Zapdos|Discharge|p2a: Conkeldurr","|-damage|p2a: Conkeldurr|293/397","|move|p2a: Conkeldurr|Ice Punch|p1a: Zapdos","|-supereffective|p1a: Zapdos","|-damage|p1a: Zapdos|5/322","|","|turn|27","|","|move|p2a: Conkeldurr|Mach Punch|p1a: Zapdos","|-resisted|p1a: Zapdos","|-damage|p1a: Zapdos|0 fnt","|faint|p1a: Zapdos","|","|","|win|Emg Prof Volco"],"p1rating":{"entryid":"6985408","serverid":"eos","formatid":"monotype","userid":"twizz","username":"Twizz","w":"17","l":29,"t":"0","gxe":37.2,"r":"1420.4518030897","rd":"57.002161116529","sigma":"0","rptime":"1438765200","rpr":1400.4981148932,"rprd":53.302059810028,"rpsigma":"0","acre":1032.4205166989,"lacre":1032.4205166989,"oldacre":"1053.1128757203"},"p2rating":{"entryid":"7320846","serverid":"eos","formatid":"monotype","userid":"emgprofvolco","username":"Emg Prof Volco","w":1,"l":"1","t":"0","gxe":47.8,"r":1447.5055793466,"rd":122.7585324018,"sigma":"0","rptime":1438765200,"rpr":1482.6939181351,"rprd":115.98674125795,"rpsigma":"0","acre":1046.0676530878,"lacre":1046.0676530878,"oldacre":"1000"},"endType":"forfeit"}