{"seed":[54185,11228,56672,36250],"turns":21,"p1":"silver - anon","p2":"SWL HB","p1team":[{"name":"Hippowdon","species":"Hippowdon","item":"leftovers","ability":"Sand Stream","moves":["earthquake","stealthrock","slackoff","toxic"],"nature":"Impish","evs":{"hp":252,"atk":6,"def":252,"spa":0,"spd":0,"spe":0},"ivs":{"hp":31,"atk":31,"def":31,"spa":31,"spd":31,"spe":31}},{"name":"Garchomp","species":"Garchomp","item":"garchompite","ability":"Rough Skin","moves":["earthquake","dracometeor","fireblast","stoneedge"],"nature":"Rash","evs":{"hp":0,"atk":172,"def":0,"spa":156,"spd":0,"spe":180},"ivs":{"hp":31,"atk":31,"def":31,"spa":31,"spd":31,"spe":31}},{"name":"Gastrodon","species":"Gastrodon","item":"leftovers","ability":"Storm Drain","moves":["scald","recover","icebeam","earthpower"],"nature":"","evs":{"hp":0,"atk":0,"def":0,"spa":0,"spd":0,"spe":0},"ivs":{"hp":31,"atk":31,"def":31,"spa":31,"spd":31,"spe":31}},{"name":"Excadrill","species":"Excadrill","item":"airballoon","ability":"Sand Rush","moves":["earthquake","ironhead","rockslide","swordsdance"],"nature":"Adamant","evs":{"hp":0,"atk":252,"def":0,"spa":0,"spd":4,"spe":252},"ivs":{"hp":31,"atk":31,"def":31,"spa":31,"spd":31,"spe":31}},{"name":"Landorus","species":"Landorus","item":"lifeorb","ability":"Sheer Force","moves":["earthpower","knockoff","rockslide","sludgewave"],"nature":"Naive","evs":{"hp":0,"atk":6,"def":0,"spa":252,"spd":0,"spe":252},"ivs":{"hp":31,"atk":31,"def":31,"spa":31,"spd":31,"spe":31}},{"name":"Claydol","species":"Claydol","item":"leftovers","ability":"Levitate","moves":["rapidspin","earthpower","shadowball","psyshock"],"nature":"Modest","evs":{"hp":6,"atk":0,"def":0,"spa":252,"spd":0,"spe":2},"ivs":{"hp":31,"atk":31,"def":31,"spa":31,"spd":31,"spe":31}}],"p2team":[{"name":"Aegislash","species":"Aegislash","item":"leftovers","ability":"Stance Change","moves":["toxic","kingsshield","sacredsword","shadowsneak"],"nature":"","evs":{"hp":0,"atk":0,"def":0,"spa":0,"spd":0,"spe":0},"ivs":{"hp":31,"atk":31,"def":31,"spa":31,"spd":31,"spe":31}},{"name":"Hoopa","species":"Hoopa","item":"lightclay","ability":"Magician","moves":["reflect","lightscreen","thunderpunch","hyperspacefury"],"nature":"Adamant","evs":{"hp":248,"atk":252,"def":0,"spa":0,"spd":8,"spe":0},"ivs":{"hp":31,"atk":31,"def":31,"spa":31,"spd":31,"spe":31}},{"name":"Gengar","species":"Gengar","item":"custapberry","ability":"Levitate","moves":["destinybond","shadowball","endure","sludgebomb"],"nature":"Timid","evs":{"hp":0,"atk":0,"def":0,"spa":252,"spd":4,"spe":252},"ivs":{"hp":31,"atk":31,"def":31,"spa":31,"spd":31,"spe":31}},{"name":"Chandelure","species":"Chandelure","item":"choicescarf","ability":"Flash Fire","moves":["energyball","fireblast","shadowball","memento"],"nature":"Timid","evs":{"hp":0,"atk":0,"def":0,"spa":252,"spd":4,"spe":252},"ivs":{"hp":31,"atk":31,"def":31,"spa":31,"spd":31,"spe":31}},{"name":"Sableye","species":"Sableye","item":"sablenite","ability":"Prankster","moves":["dazzlinggleam","nastyplot","shadowball","recover"],"nature":"Modest","evs":{"hp":248,"atk":0,"def":0,"spa":252,"spd":8,"spe":0},"ivs":{"hp":31,"atk":31,"def":31,"spa":31,"spd":31,"spe":31}},{"name":"Golurk","species":"Golurk","item":"assaultvest","ability":"No Guard","moves":["dynamicpunch","earthquake","stoneedge","icepunch"],"nature":"Adamant","evs":{"hp":212,"atk":252,"def":0,"spa":0,"spd":44,"spe":0},"ivs":{"hp":31,"atk":31,"def":31,"spa":31,"spd":31,"spe":31}}],"log":["|player|p1|silver - anon|163","|player|p2|SWL HB|swlhb.gif","|gametype|singles","|gen|6","|tier|Monotype","|rated","|rule|Baton Pass Clause: Limit one Baton Passer, can't pass Spe and other stats simultaneously","|rule|Swagger Clause: Swagger is banned","|rule|Same Type Clause: Pokémon in a team must share a type","|clearpoke","|poke|p1|Hippowdon, F","|poke|p1|Garchomp, M","|poke|p1|Gastrodon, M","|poke|p1|Excadrill, M","|poke|p1|Landorus, M","|poke|p1|Claydol","|poke|p2|Aegislash, F","|poke|p2|Hoopa","|poke|p2|Gengar, F","|poke|p2|Chandelure, F","|poke|p2|Sableye, F","|poke|p2|Golurk","|rule|Sleep Clause Mod: Limit one foe put to sleep","|rule|Species Clause: Limit one of each Pokémon","|rule|OHKO Clause: OHKO moves are banned","|rule|Moody Clause: Moody is banned","|rule|Evasion Moves Clause: Evasion moves are banned","|rule|Endless Battle Clause: Forcing endless battles is banned","|rule|HP Percentage Mod: HP is shown in percentages","|teampreview","|","|start","|switch|p1a: Hippowdon|Hippowdon, F|420/420","|switch|p2a: Hoopa|Hoopa|363/363","|-weather|Sandstorm","|turn|1","|","|switch|p1a: Gastrodon|Gastrodon, M|363/363","|move|p2a: Hoopa|Reflect|p2a: Hoopa","|-sidestart|p2: SWL HB|Reflect","|","|-weather|Sandstorm|[upkeep]","|-damage|p2a: Hoopa|341/363|[from] sandstorm","|turn|2","|","|move|p2a: Hoopa|Light Screen|p2a: Hoopa","|-sidestart|p2: SWL HB|move: Light Screen","|move|p1a: Gastrodon|Scald|p2a: Hoopa","|-damage|p2a: Hoopa|308/363","|","|-weather|Sandstorm|[upkeep]","|-damage|p2a: Hoopa|286/363|[from] sandstorm","|turn|3","|","|move|p2a: Hoopa|Hyperspace Fury|p1a: Gastrodon","|-fail|p2a: Hoopa|move: Hyperspace Fury|[forme]","|move|p1a: Gastrodon|Scald|p2a: Hoopa","|-damage|p2a: Hoopa|252/363","|","|-weather|Sandstorm|[upkeep]","|-damage|p2a: Hoopa|230/363|[from] sandstorm","|turn|4","|","|move|p2a: Hoopa|Hyperspace Fury|p1a: Gastrodon","|-fail|p2a: Hoopa|move: Hyperspace Fury|[forme]","|move|p1a: Gastrodon|Scald|p2a: Hoopa","|-damage|p2a: Hoopa|197/363","|","|-weather|Sandstorm|[upkeep]","|-damage|p2a: Hoopa|175/363|[from] sandstorm","|turn|5","|","|switch|p2a: Aegislash|Aegislash, F|261/261","|move|p1a: Gastrodon|Scald|p2a: Aegislash","|-damage|p2a: Aegislash|230/261","|","|-weather|none","|-heal|p2a: Aegislash|246/261|[from] item: Leftovers","|turn|6","|","|move|p2a: Aegislash|Toxic|p1a: Gastrodon","|-status|p1a: Gastrodon|tox","|move|p1a: Gastrodon|Scald|p2a: Aegislash","|-damage|p2a: Aegislash|216/261","|","|-heal|p2a: Aegislash|232/261|[from] item: Leftovers","|-damage|p1a: Gastrodon|341/363 tox|[from] psn","|turn|7","|","|switch|p2a: Sableye|Sableye, F|303/303","|move|p1a: Gastrodon|Scald|p2a: Sableye","|-damage|p2a: Sableye|246/303","|-status|p2a: Sableye|brn","|","|-heal|p1a: Gastrodon|363/363 tox|[from] item: Leftovers","|-damage|p2a: Sableye|209/303 brn|[from] brn","|-damage|p1a: Gastrodon|319/363 tox|[from] psn","|turn|8","|","|switch|p1a: Hippowdon|Hippowdon, F|420/420","|-weather|Sandstorm","|move|p2a: Sableye|Nasty Plot|p2a: Sableye","|-boost|p2a: Sableye|spa|2","|","|-weather|Sandstorm|[upkeep]","|-damage|p2a: Sableye|191/303 brn|[from] sandstorm","|-damage|p2a: Sableye|154/303 brn|[from] brn","|-sideend|p2: SWL HB|Reflect","|turn|9","|","|switch|p1a: Garchomp|Garchomp, M|357/357","|move|p2a: Sableye|Recover|p2a: Sableye","|-heal|p2a: Sableye|303/303 brn","|","|-weather|Sandstorm|[upkeep]","|-damage|p2a: Sableye|285/303 brn|[from] sandstorm","|-damage|p2a: Sableye|248/303 brn|[from] brn","|-sideend|p2: SWL HB|move: Light Screen","|turn|10","|","|detailschange|p1a: Garchomp|Garchomp-Mega, M","|-mega|p1a: Garchomp|Garchomp|Garchompite","|move|p1a: Garchomp|Draco Meteor|p2a: Sableye","|-damage|p2a: Sableye|0 fnt","|-unboost|p1a: Garchomp|spa|2","|faint|p2a: Sableye","|","|-weather|Sandstorm|[upkeep]","|","|switch|p2a: Golurk|Golurk|372/372","|turn|11","|","|move|p1a: Garchomp|Earthquake|p2a: Golurk","|-damage|p2a: Golurk|63/372","|move|p2a: Golurk|Ice Punch|p1a: Garchomp","|-supereffective|p1a: Garchomp","|-damage|p1a: Garchomp|37/357","|-status|p1a: Garchomp|frz","|","|-weather|Sandstorm|[upkeep]","|turn|12","|","|switch|p2a: Gengar|Gengar, F|261/261","|-curestatus|p1a: Garchomp|frz","|move|p1a: Garchomp|Earthquake|p2a: Gengar","|-immune|p2a: Gengar|[msg]","|","|-weather|none","|turn|13","|","|switch|p1a: Hippowdon|Hippowdon, F|420/420","|-weather|Sandstorm","|move|p2a: Gengar|Shadow Ball|p1a: Hippowdon","|-damage|p1a: Hippowdon|237/420","|","|-weather|Sandstorm|[upkeep]","|-damage|p2a: Gengar|245/261|[from] sandstorm","|-heal|p1a: Hippowdon|263/420|[from] item: Leftovers","|turn|14","|","|switch|p1a: Gastrodon|Gastrodon, M|319/363 tox","|move|p2a: Gengar|Shadow Ball|p1a: Gastrodon","|-damage|p1a: Gastrodon|157/363 tox","|","|-weather|Sandstorm|[upkeep]","|-damage|p2a: Gengar|229/261|[from] sandstorm","|-heal|p1a: Gastrodon|179/363 tox|[from] item: Leftovers","|-damage|p1a: Gastrodon|157/363 tox|[from] psn","|turn|15","|","|move|p2a: Gengar|Shadow Ball|p1a: Gastrodon","|-damage|p1a: Gastrodon|0 fnt","|faint|p1a: Gastrodon","|","|-weather|Sandstorm|[upkeep]","|-damage|p2a: Gengar|213/261|[from] sandstorm","|","|switch|p1a: Excadrill|Excadrill, M|361/361","|-item|p1a: Excadrill|Air Balloon","|turn|16","|","|switch|p2a: Golurk|Golurk|63/372","|move|p1a: Excadrill|Iron Head|p2a: Golurk","|-damage|p2a: Golurk|0 fnt","|faint|p2a: Golurk","|","|-weather|Sandstorm|[upkeep]","|","|switch|p2a: Aegislash|Aegislash, F|232/261","|turn|17","|","|move|p1a: Excadrill|Earthquake|p2a: Aegislash","|-supereffective|p2a: Aegislash","|-damage|p2a: Aegislash|0 fnt","|faint|p2a: Aegislash","|","|-weather|none","|","|switch|p2a: Chandelure|Chandelure, F|261/261","|turn|18","|","|switch|p1a: Hippowdon|Hippowdon, F|263/420","|-weather|Sandstorm","|move|p2a: Chandelure|Energy Ball|p1a: Hippowdon","|-supereffective|p1a: Hippowdon","|-damage|p1a: Hippowdon|0 fnt","|faint|p1a: Hippowdon","|","|-weather|Sandstorm|[upkeep]","|-damage|p2a: Chandelure|245/261|[from] sandstorm","|","|switch|p1a: Excadrill|Excadrill, M|361/361","|-item|p1a: Excadrill|Air Balloon","|turn|19","|","|move|p1a: Excadrill|Earthquake|p2a: Chandelure","|-supereffective|p2a: Chandelure","|-damage|p2a: Chandelure|0 fnt","|faint|p2a: Chandelure","|","|-weather|Sandstorm|[upkeep]","|","|switch|p2a: Hoopa|Hoopa|175/363","|turn|20","|","|move|p1a: Excadrill|Earthquake|p2a: Hoopa","|-damage|p2a: Hoopa|0 fnt","|faint|p2a: Hoopa","|","|-weather|Sandstorm|[upkeep]","|","|switch|p2a: Gengar|Gengar, F|213/261","|turn|21","|","|move|p2a: Gengar|Endure|p2a: Gengar","|-singleturn|p2a: Gengar|move: Endure","|move|p1a: Excadrill|Iron Head|p2a: Gengar","|-activate|p2a: Gengar|move: Endure","|-damage|p2a: Gengar|1/261","|","|-weather|Sandstorm|[upkeep]","|-damage|p2a: Gengar|0 fnt|[from] sandstorm","|faint|p2a: Gengar","|","|win|silver - anon"],"p1rating":{"entryid":"5851484","serverid":"eos","formatid":"monotype","userid":"silveranon","username":"silver - anon","w":160,"l":"111","t":"0","gxe":58.3,"r":"1561.7956538182","rd":"29.262748357544","sigma":"0","rptime":"1438678800","rpr":1563.1418483717,"rprd":29.184384360186,"rpsigma":"0","acre":1171.0467705665,"lacre":1171.0467705665,"oldacre":"1148.1719316634"},"p2rating":{"entryid":"6872578","serverid":"eos","formatid":"monotype","userid":"swlhb","username":"SWL HB","w":"5","l":9,"t":"0","gxe":38.3,"r":"1395.8169430984","rd":"85.904451030545","sigma":"0","rptime":"1438678800","rpr":1407.8091112874,"rprd":82.012898014344,"rpsigma":"0","acre":1095.6913799874,"lacre":1095.6913799874,"oldacre":"1118.5662188905"},"endType":"normal"}