{"seed":[44268,12830,32661,47214],"turns":22,"p1":"DJMadness","p2":"Inferno Sasuke","p1team":[{"name":"The Legend","species":"aegislash","item":"lumberry","ability":"Stance Change","moves":["kingsshield","swordsdance","ironhead","shadowsneak"],"nature":"Adamant","evs":{"hp":252,"atk":252,"def":0,"spa":0,"spd":4,"spe":0},"gender":"M","shiny":true,"ivs":{"hp":31,"atk":31,"def":31,"spa":31,"spd":31,"spe":31}},{"name":"Jellyfish","species":"jellicent","item":"leftovers","ability":"Water Absorb","moves":["recover","willowisp","scald","toxic"],"nature":"Calm","evs":{"hp":252,"atk":0,"def":4,"spa":0,"spd":252,"spe":0},"gender":"F","shiny":true,"ivs":{"hp":31,"atk":31,"def":31,"spa":31,"spd":31,"spe":31}},{"name":"Spooky","species":"gourgeistsuper","item":"sitrusberry","ability":"Frisk","moves":["leechseed","willowisp","protect","shadowsneak"],"nature":"Bold","evs":{"hp":252,"atk":0,"def":252,"spa":0,"spd":4,"spe":0},"gender":"F","shiny":true,"ivs":{"hp":31,"atk":31,"def":31,"spa":31,"spd":31,"spe":31}},{"name":"Sup Bru","species":"sableye","item":"sablenite","ability":"Prankster","moves":["willowisp","calmmind","recover","snarl"],"nature":"Bold","evs":{"hp":252,"atk":0,"def":252,"spa":4,"spd":0,"spe":0},"gender":"M","shiny":true,"ivs":{"hp":31,"atk":31,"def":31,"spa":31,"spd":31,"spe":31}},{"name":"Smiley","species":"gengar","item":"choicespecs","ability":"Levitate","moves":["shadowball","sludgewave","psychic","energyball"],"nature":"Timid","evs":{"hp":0,"atk":0,"def":0,"spa":252,"spd":4,"spe":252},"gender":"M","shiny":true,"ivs":{"hp":31,"atk":31,"def":31,"spa":31,"spd":31,"spe":31}},{"name":"U Need Fire?","species":"chandelure","item":"choicescarf","ability":"Infiltrator","moves":["shadowball","flamethrower","energyball","hiddenpowerice"],"nature":"Modest","evs":{"hp":0,"atk":0,"def":0,"spa":252,"spd":4,"spe":252},"gender":"M","ivs":{"hp":31,"atk":30,"def":30,"spa":31,"spd":31,"spe":31},"shiny":true}],"p2team":[{"name":"Rotom-Mow","species":"Rotom-Mow","item":"leftovers","ability":"Levitate","moves":["lightscreen","reflect","thunder","willowisp"],"nature":"Calm","evs":{"hp":252,"atk":0,"def":0,"spa":4,"spd":252,"spe":0},"ivs":{"hp":31,"atk":31,"def":31,"spa":31,"spd":31,"spe":31}},{"name":"Trevenant","species":"Trevenant","item":"lifeorb","ability":"Harvest","moves":["leechseed","shadowball","calmmind","hornleech"],"nature":"Relaxed","evs":{"hp":248,"atk":8,"def":252,"spa":0,"spd":0,"spe":0},"ivs":{"hp":31,"atk":31,"def":31,"spa":31,"spd":31,"spe":31}},{"name":"Venusaur","species":"Venusaur","item":"venusaurite","ability":"Overgrow","moves":["synthesis","gigadrain","powerwhip","sleeppowder"],"nature":"Lax","evs":{"hp":248,"atk":8,"def":252,"spa":0,"spd":0,"spe":0},"ivs":{"hp":31,"atk":31,"def":31,"spa":31,"spd":31,"spe":31}},{"name":"Serperior","species":"Serperior","item":"lifeorb","ability":"Overgrow","moves":["calmmind","leafstorm","synthesis","swordsdance"],"nature":"Timid","evs":{"hp":0,"atk":0,"def":0,"spa":252,"spd":4,"spe":252},"ivs":{"hp":31,"atk":31,"def":31,"spa":31,"spd":31,"spe":31}},{"name":"Ferrothorn","species":"Ferrothorn","item":"rockyhelmet","ability":"Iron Barbs","moves":["stealthrock","toxic","grassknot","ironhead"],"nature":"Lax","evs":{"hp":248,"atk":8,"def":252,"spa":0,"spd":0,"spe":0},"ivs":{"hp":31,"atk":31,"def":31,"spa":31,"spd":31,"spe":31}},{"name":"Cradily","species":"Cradily","item":"leftovers","ability":"Suction Cups","moves":["toxic","recover","ancientpower","bulldoze"],"nature":"Gentle","evs":{"hp":252,"atk":4,"def":0,"spa":0,"spd":252,"spe":0},"ivs":{"hp":31,"atk":31,"def":31,"spa":31,"spd":31,"spe":31}}],"log":["|player|p1|DJMadness|92","|player|p2|Inferno Sasuke|281","|gametype|singles","|gen|6","|tier|Monotype","|rated","|rule|Baton Pass Clause: Limit one Baton Passer, can't pass Spe and other stats simultaneously","|rule|Swagger Clause: Swagger is banned","|rule|Same Type Clause: Pokémon in a team must share a type","|clearpoke","|poke|p1|Aegislash, M, shiny","|poke|p1|Jellicent, F, shiny","|poke|p1|Gourgeist-*, F, shiny","|poke|p1|Sableye, M, shiny","|poke|p1|Gengar, M, shiny","|poke|p1|Chandelure, M, shiny","|poke|p2|Rotom-Mow","|poke|p2|Trevenant, F","|poke|p2|Venusaur, M","|poke|p2|Serperior, M","|poke|p2|Ferrothorn, F","|poke|p2|Cradily, F","|rule|Sleep Clause Mod: Limit one foe put to sleep","|rule|Species Clause: Limit one of each Pokémon","|rule|OHKO Clause: OHKO moves are banned","|rule|Moody Clause: Moody is banned","|rule|Evasion Moves Clause: Evasion moves are banned","|rule|Endless Battle Clause: Forcing endless battles is banned","|rule|HP Percentage Mod: HP is shown in percentages","|teampreview","|","|start","|switch|p1a: Smiley|Gengar, M, shiny|261/261","|switch|p2a: Serperior|Serperior, M|291/291","|turn|1","|","|move|p2a: Serperior|Leaf Storm|p1a: Smiley","|-resisted|p1a: Smiley","|-damage|p1a: Smiley|118/261","|-unboost|p2a: Serperior|spa|2","|-damage|p2a: Serperior|262/291|[from] item: Life Orb","|move|p1a: Smiley|Sludge Wave|p2a: Serperior","|-supereffective|p2a: Serperior","|-damage|p2a: Serperior|0 fnt","|faint|p2a: Serperior","|","|","|switch|p2a: Ferrothorn|Ferrothorn, F|351/351","|turn|2","|","|switch|p1a: Spooky|Gourgeist-Super, F, shiny|374/374","|-item|p2a: Ferrothorn|Rocky Helmet|[from] ability: Frisk|[of] p1a: Spooky|[identify]","|move|p2a: Ferrothorn|Iron Head|p1a: Spooky","|-damage|p1a: Spooky|320/374","|","|turn|3","|","|move|p1a: Spooky|Will-O-Wisp|p2a: Ferrothorn","|-status|p2a: Ferrothorn|brn","|move|p2a: Ferrothorn|Toxic|p1a: Spooky","|-status|p1a: Spooky|tox","|","|-damage|p1a: Spooky|297/374 tox|[from] psn","|-damage|p2a: Ferrothorn|308/351 brn|[from] brn","|turn|4","|","|switch|p1a: U Need Fire?|Chandelure, M, shiny|261/261","|move|p2a: Ferrothorn|Stealth Rock|p1a: U Need Fire?","|-sidestart|p1: DJMadness|move: Stealth Rock","|","|-damage|p2a: Ferrothorn|265/351 brn|[from] brn","|turn|5","|","|switch|p2a: Cradily|Cradily, F|376/376","|move|p1a: U Need Fire?|Flamethrower|p2a: Cradily","|-damage|p2a: Cradily|246/376","|","|-heal|p2a: Cradily|269/376|[from] item: Leftovers","|turn|6","|","|switch|p1a: Spooky|Gourgeist-Super, F, shiny|297/374 tox","|-damage|p1a: Spooky|251/374 tox|[from] Stealth Rock","|-item|p2a: Cradily|Leftovers|[from] ability: Frisk|[of] p1a: Spooky|[identify]","|move|p2a: Cradily|Ancient Power|p1a: Spooky","|-damage|p1a: Spooky|172/374 tox","|-enditem|p1a: Spooky|Sitrus Berry|[eat]","|-heal|p1a: Spooky|265/374 tox|[from] item: Sitrus Berry","|","|-heal|p2a: Cradily|292/376|[from] item: Leftovers","|-damage|p1a: Spooky|242/374 tox|[from] psn","|turn|7","|","|move|p1a: Spooky|Will-O-Wisp|p2a: Cradily","|-status|p2a: Cradily|brn","|move|p2a: Cradily|Bulldoze|p1a: Spooky","|-resisted|p1a: Spooky","|-damage|p1a: Spooky|237/374 tox","|-unboost|p1a: Spooky|spe|1","|","|-heal|p2a: Cradily|315/376 brn|[from] item: Leftovers","|-damage|p2a: Cradily|268/376 brn|[from] brn","|-damage|p1a: Spooky|191/374 tox|[from] psn","|turn|8","|","|move|p1a: Spooky|Shadow Sneak|p2a: Cradily","|-damage|p2a: Cradily|217/376 brn","|move|p2a: Cradily|Ancient Power|p1a: Spooky","|-damage|p1a: Spooky|116/374 tox","|-boost|p2a: Cradily|atk|1","|-boost|p2a: Cradily|def|1","|-boost|p2a: Cradily|spa|1","|-boost|p2a: Cradily|spd|1","|-boost|p2a: Cradily|spe|1","|","|-heal|p2a: Cradily|240/376 brn|[from] item: Leftovers","|-damage|p2a: Cradily|193/376 brn|[from] brn","|-damage|p1a: Spooky|47/374 tox|[from] psn","|turn|9","|","|move|p1a: Spooky|Shadow Sneak|p2a: Cradily","|-damage|p2a: Cradily|159/376 brn","|move|p2a: Cradily|Ancient Power|p1a: Spooky","|-damage|p1a: Spooky|0 fnt","|-boost|p2a: Cradily|atk|1","|-boost|p2a: Cradily|def|1","|-boost|p2a: Cradily|spa|1","|-boost|p2a: Cradily|spd|1","|-boost|p2a: Cradily|spe|1","|faint|p1a: Spooky","|","|-heal|p2a: Cradily|182/376 brn|[from] item: Leftovers","|-damage|p2a: Cradily|135/376 brn|[from] brn","|","|switch|p1a: Jellyfish|Jellicent, F, shiny|404/404","|-damage|p1a: Jellyfish|354/404|[from] Stealth Rock","|turn|10","|","|move|p2a: Cradily|Recover|p2a: Cradily","|-heal|p2a: Cradily|323/376 brn","|move|p1a: Jellyfish|Scald|p2a: Cradily","|-damage|p2a: Cradily|295/376 brn","|","|-heal|p2a: Cradily|318/376 brn|[from] item: Leftovers","|-heal|p1a: Jellyfish|379/404|[from] item: Leftovers","|-damage|p2a: Cradily|271/376 brn|[from] brn","|turn|11","|","|switch|p1a: Smiley|Gengar, M, shiny|118/261","|-damage|p1a: Smiley|86/261|[from] Stealth Rock","|move|p2a: Cradily|Toxic|p1a: Smiley","|-immune|p1a: Smiley|[msg]","|","|-heal|p2a: Cradily|294/376 brn|[from] item: Leftovers","|-damage|p2a: Cradily|247/376 brn|[from] brn","|turn|12","|","|move|p1a: Smiley|Sludge Wave|p2a: Cradily","|-damage|p2a: Cradily|153/376 brn","|move|p2a: Cradily|Ancient Power|p1a: Smiley","|-damage|p1a: Smiley|0 fnt","|faint|p1a: Smiley","|","|-heal|p2a: Cradily|176/376 brn|[from] item: Leftovers","|-damage|p2a: Cradily|129/376 brn|[from] brn","|","|switch|p1a: Sup Bru|Sableye, M, shiny|304/304","|-damage|p1a: Sup Bru|266/304|[from] Stealth Rock","|turn|13","|","|detailschange|p1a: Sup Bru|Sableye-Mega, M, shiny","|-mega|p1a: Sup Bru|Sableye|Sablenite","|move|p1a: Sup Bru|Calm Mind|p1a: Sup Bru","|-boost|p1a: Sup Bru|spa|1","|-boost|p1a: Sup Bru|spd|1","|move|p2a: Cradily|Toxic|p1a: Sup Bru","|move|p1a: Sup Bru|Toxic|p2a: Cradily|[from]Magic Bounce","|-fail|p2a: Cradily","|","|-heal|p2a: Cradily|152/376 brn|[from] item: Leftovers","|-damage|p2a: Cradily|105/376 brn|[from] brn","|turn|14","|","|move|p2a: Cradily|Recover|p2a: Cradily","|-heal|p2a: Cradily|293/376 brn","|move|p1a: Sup Bru|Calm Mind|p1a: Sup Bru","|-boost|p1a: Sup Bru|spa|1","|-boost|p1a: Sup Bru|spd|1","|","|-heal|p2a: Cradily|316/376 brn|[from] item: Leftovers","|-damage|p2a: Cradily|269/376 brn|[from] brn","|turn|15","|","|move|p2a: Cradily|Bulldoze|p1a: Sup Bru","|-damage|p1a: Sup Bru|241/304","|-unboost|p1a: Sup Bru|spe|1","|move|p1a: Sup Bru|Calm Mind|p1a: Sup Bru","|-boost|p1a: Sup Bru|spa|1","|-boost|p1a: Sup Bru|spd|1","|","|-heal|p2a: Cradily|292/376 brn|[from] item: Leftovers","|-damage|p2a: Cradily|245/376 brn|[from] brn","|turn|16","|","|switch|p2a: Rotom-Mow|Rotom-Mow|304/304","|move|p1a: Sup Bru|Calm Mind|p1a: Sup Bru","|-boost|p1a: Sup Bru|spa|1","|-boost|p1a: Sup Bru|spd|1","|","|turn|17","|","|move|p2a: Rotom-Mow|Light Screen|p2a: Rotom-Mow","|-sidestart|p2: Inferno Sasuke|move: Light Screen","|move|p1a: Sup Bru|Recover|p1a: Sup Bru","|-heal|p1a: Sup Bru|304/304","|","|turn|18","|","|move|p2a: Rotom-Mow|Reflect|p2a: Rotom-Mow","|-sidestart|p2: Inferno Sasuke|Reflect","|move|p1a: Sup Bru|Calm Mind|p1a: Sup Bru","|-boost|p1a: Sup Bru|spa|1","|-boost|p1a: Sup Bru|spd|1","|","|turn|19","|","|move|p2a: Rotom-Mow|Thunder|p1a: Sup Bru","|-damage|p1a: Sup Bru|267/304","|move|p1a: Sup Bru|Calm Mind|p1a: Sup Bru","|-boost|p1a: Sup Bru|spa|1","|-boost|p1a: Sup Bru|spd|1","|","|turn|20","|","|move|p2a: Rotom-Mow|Thunder|p1a: Sup Bru|[miss]","|-miss|p2a: Rotom-Mow|p1a: Sup Bru","|move|p1a: Sup Bru|Will-O-Wisp|p2a: Rotom-Mow","|-status|p2a: Rotom-Mow|brn","|","|-damage|p2a: Rotom-Mow|266/304 brn|[from] brn","|turn|21","|","|move|p2a: Rotom-Mow|Thunder|p1a: Sup Bru","|-damage|p1a: Sup Bru|237/304","|move|p1a: Sup Bru|Will-O-Wisp|p2a: Rotom-Mow|[miss]","|-miss|p1a: Sup Bru|p2a: Rotom-Mow","|","|-heal|p2a: Rotom-Mow|285/304 brn|[from] item: Leftovers","|-damage|p2a: Rotom-Mow|247/304 brn|[from] brn","|-sideend|p2: Inferno Sasuke|move: Light Screen","|turn|22","|","|switch|p2a: Trevenant|Trevenant, F|373/373","|move|p1a: Sup Bru|Snarl|p2a: Trevenant","|-supereffective|p2a: Trevenant","|-damage|p2a: Trevenant|0 fnt","|faint|p2a: Trevenant","|","|-sideend|p2: Inferno Sasuke|Reflect","|","|win|DJMadness"],"p1rating":{"entryid":"7355209","serverid":"eos","formatid":"monotype","userid":"djmadness","username":"DJMadness","w":21,"l":"21","t":"0","gxe":49.7,"r":"1485.9320494043","rd":"56.96993314407","sigma":"0","rptime":"1438765200","rpr":1497.772020995,"rprd":55.247218732584,"rpsigma":"0","acre":1176.6698846151,"lacre":1176.6698846151,"oldacre":"1158.9065136465"},"p2rating":{"entryid":"7291991","serverid":"eos","formatid":"monotype","userid":"infernosasuke","username":"Inferno Sasuke","w":"4","l":16,"t":"0","gxe":28.9,"r":1336.2081262852,"rd":73.728974546799,"sigma":"0","rptime":1438765200,"rpr":1327.3018343984,"rprd":72.415054144404,"rpsigma":"0","acre":1042.3693970009,"lacre":1042.3693970009,"oldacre":"1055.3768192933"},"endType":"forfeit"}