{"seed":[35263,11038,52934,20235],"turns":21,"p1":"Zukushiku","p2":"xNailz","p1team":[{"name":"Dusclops","species":"Dusclops","item":"eviolite","ability":"Pressure","moves":["rest","sleeptalk","nightshade","willowisp"],"nature":"Calm","evs":{"hp":252,"atk":0,"def":80,"spa":0,"spd":176,"spe":0},"ivs":{"hp":31,"atk":31,"def":31,"spa":31,"spd":31,"spe":31}},{"name":"Sableye","species":"Sableye","item":"sablenite","ability":"Prankster","moves":["knockoff","willowisp","recover","foulplay"],"nature":"Careful","evs":{"hp":252,"atk":0,"def":112,"spa":0,"spd":144,"spe":0},"shiny":true,"ivs":{"hp":31,"atk":31,"def":31,"spa":31,"spd":31,"spe":31}},{"name":"Chandelure","species":"Chandelure","item":"leftovers","ability":"Flash Fire","moves":["substitute","calmmind","flamethrower","shadowball"],"nature":"Timid","evs":{"hp":160,"atk":0,"def":0,"spa":96,"spd":0,"spe":252},"shiny":true,"ivs":{"hp":31,"atk":31,"def":31,"spa":31,"spd":31,"spe":31}},{"name":"Jellicent","species":"Jellicent","item":"leftovers","ability":"Water Absorb","moves":["scald","taunt","toxic","recover"],"nature":"Calm","evs":{"hp":248,"atk":0,"def":0,"spa":0,"spd":216,"spe":44},"ivs":{"hp":31,"atk":31,"def":31,"spa":31,"spd":31,"spe":31}},{"name":"Gengar","species":"Gengar","item":"lifeorb","ability":"Levitate","moves":["substitute","focusblast","shadowball","painsplit"],"nature":"Timid","evs":{"hp":0,"atk":0,"def":0,"spa":252,"spd":4,"spe":252},"ivs":{"hp":31,"atk":31,"def":31,"spa":31,"spd":31,"spe":31}},{"name":"Golurk","species":"Golurk","item":"focussash","ability":"No Guard","moves":["dynamicpunch","earthquake","stealthrock","icepunch"],"nature":"Adamant","evs":{"hp":0,"atk":252,"def":0,"spa":0,"spd":4,"spe":252},"ivs":{"hp":31,"atk":31,"def":31,"spa":31,"spd":31,"spe":31}}],"p2team":[{"name":"Charizard","species":"Charizard","item":"charizarditey","ability":"Blaze","moves":["solarbeam","flamethrower","dragonpulse","defog"],"nature":"Timid","evs":{"hp":0,"atk":0,"def":0,"spa":252,"spd":4,"spe":252},"ivs":{"hp":31,"atk":0,"def":31,"spa":31,"spd":31,"spe":31}},{"name":"Infernape","species":"Infernape","item":"focussash","ability":"Iron Fist","moves":["closecombat","overheat","machpunch","stealthrock"],"nature":"Naive","evs":{"hp":0,"atk":252,"def":4,"spa":0,"spd":0,"spe":252},"ivs":{"hp":31,"atk":30,"def":30,"spa":31,"spd":31,"spe":31}},{"name":"Victini","species":"Victini","item":"choicescarf","ability":"Victory Star","moves":["vcreate","boltstrike","uturn","zenheadbutt"],"nature":"Naive","evs":{"hp":0,"atk":252,"def":0,"spa":4,"spd":0,"spe":252},"ivs":{"hp":31,"atk":31,"def":31,"spa":31,"spd":31,"spe":31}},{"name":"Arcanine","species":"Arcanine","item":"leftovers","ability":"Intimidate","moves":["willowisp","extremespeed","morningsun","ironhead"],"nature":"Impish","evs":{"hp":240,"atk":0,"def":252,"spa":0,"spd":0,"spe":16},"ivs":{"hp":31,"atk":30,"def":30,"spa":31,"spd":31,"spe":31}},{"name":"Rotom-Heat","species":"Rotom-Heat","item":"leftovers","ability":"Levitate","moves":["thunderwave","overheat","hiddenpowerice","voltswitch"],"nature":"Modest","evs":{"hp":248,"atk":0,"def":0,"spa":8,"spd":252,"spe":0},"ivs":{"hp":31,"atk":30,"def":30,"spa":31,"spd":31,"spe":31}},{"name":"Chandelure","species":"Chandelure","item":"lifeorb","ability":"Infiltrator","moves":["flamethrower","energyball","trickroom","shadowball"],"nature":"Quiet","evs":{"hp":248,"atk":0,"def":8,"spa":252,"spd":0,"spe":0},"ivs":{"hp":31,"atk":30,"def":30,"spa":31,"spd":31,"spe":31}}],"log":["|player|p1|Zukushiku|zukushiku.png","|player|p2|xNailz|160","|gametype|singles","|gen|6","|tier|Monotype","|rated","|rule|Baton Pass Clause: Limit one Baton Passer, can't pass Spe and other stats simultaneously","|rule|Swagger Clause: Swagger is banned","|rule|Same Type Clause: Pokémon in a team must share a type","|clearpoke","|poke|p1|Dusclops, M","|poke|p1|Sableye, M, shiny","|poke|p1|Chandelure, M, shiny","|poke|p1|Jellicent, F","|poke|p1|Gengar, F","|poke|p1|Golurk","|poke|p2|Charizard, M","|poke|p2|Infernape, F","|poke|p2|Victini","|poke|p2|Arcanine, F","|poke|p2|Rotom-Heat","|poke|p2|Chandelure, M","|rule|Sleep Clause Mod: Limit one foe put to sleep","|rule|Species Clause: Limit one of each Pokémon","|rule|OHKO Clause: OHKO moves are banned","|rule|Moody Clause: Moody is banned","|rule|Evasion Moves Clause: Evasion moves are banned","|rule|Endless Battle Clause: Forcing endless battles is banned","|rule|HP Percentage Mod: HP is shown in percentages","|teampreview","|","|start","|switch|p1a: Sableye|Sableye, M, shiny|304/304","|switch|p2a: Charizard|Charizard, M|297/297","|turn|1","|","|switch|p1a: Chandelure|Chandelure, M, shiny|301/301","|detailschange|p2a: Charizard|Charizard-Mega-Y, M","|-mega|p2a: Charizard|Charizard|Charizardite Y","|-weather|SunnyDay","|move|p2a: Charizard|Flamethrower|p1a: Chandelure","|-start|p1a: Chandelure|ability: Flash Fire","|","|-weather|SunnyDay|[upkeep]","|turn|2","|","|switch|p2a: Rotom-Heat|Rotom-Heat|303/303","|move|p1a: Chandelure|Calm Mind|p1a: Chandelure","|-boost|p1a: Chandelure|spa|1","|-boost|p1a: Chandelure|spd|1","|","|-weather|SunnyDay|[upkeep]","|turn|3","|","|move|p1a: Chandelure|Substitute|p1a: Chandelure","|-start|p1a: Chandelure|Substitute","|-damage|p1a: Chandelure|226/301","|move|p2a: Rotom-Heat|Thunder Wave|p1a: Chandelure","|-fail|p1a: Chandelure","|","|-weather|SunnyDay|[upkeep]","|-heal|p1a: Chandelure|244/301|[from] item: Leftovers","|turn|4","|","|move|p1a: Chandelure|Flamethrower|p2a: Rotom-Heat","|-resisted|p2a: Rotom-Heat","|-damage|p2a: Rotom-Heat|121/303","|move|p2a: Rotom-Heat|Volt Switch|p1a: Chandelure","|-activate|p1a: Chandelure|Substitute|[damage]","|","|switch|p2a: Victini|Victini|341/341","|","|-weather|SunnyDay|[upkeep]","|-heal|p1a: Chandelure|262/301|[from] item: Leftovers","|turn|5","|","|move|p2a: Victini|U-turn|p1a: Chandelure","|-resisted|p1a: Chandelure","|-end|p1a: Chandelure|Substitute","|","|switch|p2a: Rotom-Heat|Rotom-Heat|121/303","|move|p1a: Chandelure|Shadow Ball|p2a: Rotom-Heat","|-damage|p2a: Rotom-Heat|0 fnt","|faint|p2a: Rotom-Heat","|","|-weather|none","|-heal|p1a: Chandelure|280/301|[from] item: Leftovers","|","|switch|p2a: Victini|Victini|341/341","|turn|6","|","|-end|p1a: Chandelure|ability: Flash Fire|[silent]","|switch|p1a: Golurk|Golurk|319/319","|move|p2a: Victini|Bolt Strike|p1a: Golurk","|-immune|p1a: Golurk|[msg]","|","|turn|7","|","|switch|p2a: Charizard|Charizard-Mega-Y, M|297/297","|-weather|SunnyDay","|move|p1a: Golurk|Stealth Rock|p2a: Charizard","|-sidestart|p2: xNailz|move: Stealth Rock","|","|-weather|SunnyDay|[upkeep]","|turn|8","|","|move|p2a: Charizard|Flamethrower|p1a: Golurk","|-enditem|p1a: Golurk|Focus Sash","|-damage|p1a: Golurk|1/319","|move|p1a: Golurk|Dynamic Punch|p2a: Charizard","|-resisted|p2a: Charizard","|-damage|p2a: Charizard|219/297","|-start|p2a: Charizard|confusion","|","|-weather|SunnyDay|[upkeep]","|turn|9","|","|switch|p1a: Chandelure|Chandelure, M, shiny|280/301","|-activate|p2a: Charizard|confusion","|-damage|p2a: Charizard|188/297|[from] confusion","|","|-weather|SunnyDay|[upkeep]","|-heal|p1a: Chandelure|298/301|[from] item: Leftovers","|turn|10","|","|-activate|p2a: Charizard|confusion","|-damage|p2a: Charizard|156/297|[from] confusion","|move|p1a: Chandelure|Shadow Ball|p2a: Charizard","|-damage|p2a: Charizard|24/297","|-unboost|p2a: Charizard|spd|1","|","|-weather|SunnyDay|[upkeep]","|-heal|p1a: Chandelure|301/301|[from] item: Leftovers","|turn|11","|","|-activate|p2a: Charizard|confusion","|-damage|p2a: Charizard|0 fnt|[from] confusion","|faint|p2a: Charizard","|move|p1a: Chandelure|Calm Mind|p1a: Chandelure","|-boost|p1a: Chandelure|spa|1","|-boost|p1a: Chandelure|spd|1","|","|-weather|none","|","|switch|p2a: Chandelure|Chandelure, M|323/323","|-damage|p2a: Chandelure|243/323|[from] Stealth Rock","|turn|12","|","|switch|p1a: Golurk|Golurk|1/319","|move|p2a: Chandelure|Trick Room|p2a: Chandelure","|-fieldstart|move: Trick Room|[of] p2a: Chandelure","|","|turn|13","|","|move|p2a: Chandelure|Shadow Ball|p1a: Golurk","|-supereffective|p1a: Golurk","|-damage|p1a: Golurk|0 fnt","|-damage|p2a: Chandelure|211/323|[from] item: Life Orb","|faint|p1a: Golurk","|","|","|switch|p1a: Sableye|Sableye, M, shiny|304/304","|turn|14","|","|detailschange|p1a: Sableye|Sableye-Mega, M, shiny","|-mega|p1a: Sableye|Sableye|Sablenite","|move|p1a: Sableye|Knock Off|p2a: Chandelure","|-supereffective|p2a: Chandelure","|-damage|p2a: Chandelure|0 fnt","|-enditem|p2a: Chandelure|Life Orb|[from] move: Knock Off|[of] p1a: Sableye","|faint|p2a: Chandelure","|","|","|switch|p2a: Infernape|Infernape, F|293/293","|-damage|p2a: Infernape|257/293|[from] Stealth Rock","|turn|15","|","|move|p1a: Sableye|Foul Play|p2a: Infernape","|-resisted|p2a: Infernape","|-damage|p2a: Infernape|163/293","|move|p2a: Infernape|Stealth Rock|p1a: Sableye","|move|p1a: Sableye|Stealth Rock|p2a: Infernape|[from]Magic Bounce","|-fail|p2a: Infernape","|","|turn|16","|","|move|p1a: Sableye|Knock Off|p2a: Infernape","|-resisted|p2a: Infernape","|-damage|p2a: Infernape|91/293","|-enditem|p2a: Infernape|Focus Sash|[from] move: Knock Off|[of] p1a: Sableye","|move|p2a: Infernape|Overheat|p1a: Sableye|[miss]","|-miss|p2a: Infernape|p1a: Sableye","|","|-fieldend|move: Trick Room","|turn|17","|","|move|p2a: Infernape|Overheat|p1a: Sableye","|-damage|p1a: Sableye|195/304","|-unboost|p2a: Infernape|spa|2","|move|p1a: Sableye|Foul Play|p2a: Infernape","|-resisted|p2a: Infernape","|-damage|p2a: Infernape|0 fnt","|faint|p2a: Infernape","|","|","|switch|p2a: Victini|Victini|341/341","|-damage|p2a: Victini|256/341|[from] Stealth Rock","|turn|18","|","|switch|p1a: Dusclops|Dusclops, M|284/284","|-ability|p1a: Dusclops|Pressure","|move|p2a: Victini|Bolt Strike|p1a: Dusclops","|-damage|p1a: Dusclops|217/284","|","|turn|19","|","|switch|p2a: Arcanine|Arcanine, F|381/381","|-damage|p2a: Arcanine|286/381|[from] Stealth Rock","|-ability|p2a: Arcanine|Intimidate","|-unboost|p1a: Dusclops|atk|1","|switch|p1a: Chandelure|Chandelure, M, shiny|301/301","|","|-heal|p2a: Arcanine|309/381|[from] item: Leftovers","|turn|20","|","|move|p1a: Chandelure|Substitute|p1a: Chandelure","|-start|p1a: Chandelure|Substitute","|-damage|p1a: Chandelure|226/301","|move|p2a: Arcanine|Iron Head|p1a: Chandelure","|-resisted|p1a: Chandelure","|-activate|p1a: Chandelure|Substitute|[damage]","|","|-heal|p1a: Chandelure|244/301|[from] item: Leftovers","|-heal|p2a: Arcanine|332/381|[from] item: Leftovers","|turn|21","|","|win|Zukushiku"],"p1rating":{"entryid":"7076911","serverid":"eos","formatid":"monotype","userid":"zukushiku","username":"Zukushiku","w":18,"l":"10","t":"0","gxe":61.8,"r":"1593.8224445949","rd":"66.063989950501","sigma":"0","rptime":"1438765200","rpr":1591.9098891046,"rprd":64.069628010208,"rpsigma":"0","acre":1247.9112122625,"lacre":1247.9112122625,"oldacre":"1218.9368959073"},"p2rating":{"entryid":"6782407","serverid":"eos","formatid":"monotype","userid":"xnailz","username":"xNailz","w":"27","l":10,"t":"0","gxe":69.9,"r":"1654.6302157347","rd":"63.794403202018","sigma":"0","rptime":"1438765200","rpr":1661.1893111722,"rprd":60.406201627243,"rpsigma":"0","acre":1245.667808338,"lacre":1245.667808338,"oldacre":"1274.6421246932"},"endType":"forfeit"}