{"seed":[44362,14378,7739,57604],"turns":25,"p1":"SWL Neßki","p2":"Orchestromic","p1team":[{"name":"Mamoswine","species":"Mamoswine","item":"choiceband","ability":"Thick Fat","moves":["iceshard","iciclecrash","earthquake","knockoff"],"nature":"Adamant","evs":{"hp":4,"atk":252,"def":0,"spa":0,"spd":0,"spe":252},"ivs":{"hp":31,"atk":31,"def":31,"spa":31,"spd":31,"spe":31}},{"name":"Excadrill","species":"Excadrill","item":"choiceband","ability":"Sand Rush","moves":["rockslide","earthquake","ironhead","xscissor"],"nature":"Adamant","evs":{"hp":0,"atk":252,"def":0,"spa":0,"spd":4,"spe":252},"ivs":{"hp":31,"atk":31,"def":31,"spa":31,"spd":31,"spe":31}},{"name":"Nidoking","species":"Nidoking","item":"lifeorb","ability":"Sheer Force","moves":["flamethrower","sludgewave","icebeam","earthpower"],"nature":"Modest","evs":{"hp":4,"atk":0,"def":0,"spa":252,"spd":0,"spe":252},"ivs":{"hp":31,"atk":31,"def":31,"spa":31,"spd":31,"spe":31}},{"name":"Landorus","species":"Landorus","item":"choicescarf","ability":"Sheer Force","moves":["psychic","earthpower","knockoff","uturn"],"nature":"Mild","evs":{"hp":0,"atk":24,"def":0,"spa":252,"spd":0,"spe":232},"shiny":true,"ivs":{"hp":31,"atk":31,"def":31,"spa":31,"spd":31,"spe":31}},{"name":"Seismitoad","species":"Seismitoad","item":"leftovers","ability":"Water Absorb","moves":["stealthrock","grassknot","toxic","scald"],"nature":"Calm","evs":{"hp":244,"atk":0,"def":0,"spa":0,"spd":252,"spe":12},"ivs":{"hp":31,"atk":0,"def":31,"spa":31,"spd":31,"spe":31}},{"name":"Hippopotas","species":"Hippopotas","item":"eviolite","ability":"Sand Stream","moves":["yawn","whirlwind","stealthrock","slackoff"],"nature":"Bold","evs":{"hp":248,"atk":0,"def":252,"spa":0,"spd":8,"spe":0},"ivs":{"hp":31,"atk":0,"def":31,"spa":31,"spd":31,"spe":31}}],"p2team":[{"name":"Crow Rocker","species":"murkrow","item":"eviolite","ability":"Prankster","moves":["featherdance","calmmind","darkpulse","roost"],"nature":"Calm","evs":{"hp":4,"atk":0,"def":252,"spa":0,"spd":252,"spe":0},"gender":"M","shiny":true,"ivs":{"hp":31,"atk":31,"def":31,"spa":31,"spd":31,"spe":31}},{"name":"Umbreon","species":"Umbreon","item":"leftovers","ability":"Synchronize","moves":["foulplay","curse","moonlight","healbell"],"nature":"Careful","evs":{"hp":0,"atk":0,"def":252,"spa":0,"spd":252,"spe":0},"gender":"M","shiny":true,"ivs":{"hp":31,"atk":31,"def":31,"spa":31,"spd":31,"spe":31}},{"name":"Pedo Shark","species":"sharpedo","item":"sharpedonite","ability":"Speed Boost","moves":["crunch","waterfall","poisonjab","protect"],"nature":"Adamant","evs":{"hp":0,"atk":252,"def":0,"spa":0,"spd":0,"spe":252},"gender":"M","shiny":true,"ivs":{"hp":31,"atk":31,"def":31,"spa":31,"spd":31,"spe":31}},{"name":"Sableye","species":"Sableye","item":"leftovers","ability":"Prankster","moves":["taunt","willowisp","recover","knockoff"],"nature":"Careful","evs":{"hp":0,"atk":0,"def":252,"spa":0,"spd":252,"spe":0},"ivs":{"hp":31,"atk":31,"def":31,"spa":31,"spd":31,"spe":31}},{"name":"Vulture Rocker","species":"mandibuzz","item":"leftovers","ability":"Overcoat","moves":["toxic","roost","protect","taunt"],"nature":"Careful","evs":{"hp":220,"atk":0,"def":144,"spa":0,"spd":144,"spe":0},"shiny":true,"ivs":{"hp":31,"atk":31,"def":31,"spa":31,"spd":31,"spe":31}},{"name":"Slicey Rocker","species":"bisharp","item":"assaultvest","ability":"Defiant","moves":["suckerpunch","ironhead","knockoff","psychocut"],"nature":"Adamant","evs":{"hp":0,"atk":244,"def":144,"spa":0,"spd":120,"spe":0},"gender":"M","shiny":true,"ivs":{"hp":31,"atk":31,"def":31,"spa":31,"spd":31,"spe":31}}],"log":["|player|p1|SWL Neßki|swlneki.png","|player|p2|Orchestromic|orchestromic.png","|gametype|singles","|gen|6","|tier|Monotype","|rated","|rule|Baton Pass Clause: Limit one Baton Passer, can't pass Spe and other stats simultaneously","|rule|Swagger Clause: Swagger is banned","|rule|Same Type Clause: Pokémon in a team must share a type","|clearpoke","|poke|p1|Mamoswine, M","|poke|p1|Excadrill, M","|poke|p1|Nidoking, M","|poke|p1|Landorus, M, shiny","|poke|p1|Seismitoad, F","|poke|p1|Hippopotas, M","|poke|p2|Murkrow, M, shiny","|poke|p2|Umbreon, M, shiny","|poke|p2|Sharpedo, M, shiny","|poke|p2|Sableye, F","|poke|p2|Mandibuzz, F, shiny","|poke|p2|Bisharp, M, shiny","|rule|Sleep Clause Mod: Limit one foe put to sleep","|rule|Species Clause: Limit one of each Pokémon","|rule|OHKO Clause: OHKO moves are banned","|rule|Moody Clause: Moody is banned","|rule|Evasion Moves Clause: Evasion moves are banned","|rule|Endless Battle Clause: Forcing endless battles is banned","|rule|HP Percentage Mod: HP is shown in percentages","|teampreview","|","|start","|switch|p1a: Nidoking|Nidoking, M|304/304","|switch|p2a: Umbreon|Umbreon, M, shiny|331/331","|turn|1","|","|move|p1a: Nidoking|Sludge Wave|p2a: Umbreon","|-damage|p2a: Umbreon|185/331","|move|p2a: Umbreon|Curse|p2a: Umbreon","|-unboost|p2a: Umbreon|spe|1","|-boost|p2a: Umbreon|atk|1","|-boost|p2a: Umbreon|def|1","|","|-heal|p2a: Umbreon|205/331|[from] item: Leftovers","|turn|2","|","|move|p1a: Nidoking|Sludge Wave|p2a: Umbreon","|-damage|p2a: Umbreon|59/331","|move|p2a: Umbreon|Foul Play|p1a: Nidoking","|-damage|p1a: Nidoking|184/304","|","|-heal|p2a: Umbreon|79/331|[from] item: Leftovers","|turn|3","|","|switch|p2a: Sableye|Sableye, F|241/241","|move|p1a: Nidoking|Earth Power|p2a: Sableye","|-damage|p2a: Sableye|17/241","|","|-heal|p2a: Sableye|32/241|[from] item: Leftovers","|turn|4","|","|move|p2a: Sableye|Will-O-Wisp|p1a: Nidoking|[miss]","|-miss|p2a: Sableye|p1a: Nidoking","|move|p1a: Nidoking|Earth Power|p2a: Sableye","|-damage|p2a: Sableye|0 fnt","|faint|p2a: Sableye","|","|","|switch|p2a: Slicey Rocker|Bisharp, M, shiny|271/271","|turn|5","|","|switch|p1a: Hippopotas|Hippopotas, M|339/339","|-weather|Sandstorm","|move|p2a: Slicey Rocker|Sucker Punch|p1a: Hippopotas","|-fail|p2a: Slicey Rocker","|","|-weather|Sandstorm|[upkeep]","|turn|6","|","|move|p2a: Slicey Rocker|Knock Off|p1a: Hippopotas","|-damage|p1a: Hippopotas|237/339","|-enditem|p1a: Hippopotas|Eviolite|[from] move: Knock Off|[of] p2a: Slicey Rocker","|move|p1a: Hippopotas|Whirlwind|p2a: Slicey Rocker","|drag|p2a: Pedo Shark|Sharpedo, M, shiny|281/281","|","|-weather|Sandstorm|[upkeep]","|-damage|p2a: Pedo Shark|264/281|[from] sandstorm","|turn|7","|","|switch|p1a: Seismitoad|Seismitoad, F|412/412","|move|p2a: Pedo Shark|Waterfall|p1a: Seismitoad","|-immune|p1a: Seismitoad|[msg]","|","|-weather|Sandstorm|[upkeep]","|-damage|p2a: Pedo Shark|247/281|[from] sandstorm","|-boost|p2a: Pedo Shark|spe|1|[from] ability: Speed Boost","|turn|8","|","|detailschange|p2a: Pedo Shark|Sharpedo-Mega, M, shiny","|-mega|p2a: Pedo Shark|Sharpedo|Sharpedonite","|move|p2a: Pedo Shark|Protect|p2a: Pedo Shark","|-singleturn|p2a: Pedo Shark|Protect","|move|p1a: Seismitoad|Toxic|p2a: Pedo Shark","|-activate|p2a: Pedo Shark|Protect","|","|-weather|Sandstorm|[upkeep]","|-damage|p2a: Pedo Shark|230/281|[from] sandstorm","|turn|9","|","|move|p2a: Pedo Shark|Crunch|p1a: Seismitoad","|-damage|p1a: Seismitoad|124/412","|move|p1a: Seismitoad|Stealth Rock|p2a: Pedo Shark","|-sidestart|p2: Orchestromic|move: Stealth Rock","|","|-weather|none","|-heal|p1a: Seismitoad|149/412|[from] item: Leftovers","|turn|10","|","|switch|p1a: Hippopotas|Hippopotas, M|237/339","|-weather|Sandstorm","|move|p2a: Pedo Shark|Crunch|p1a: Hippopotas","|-damage|p1a: Hippopotas|36/339","|-unboost|p1a: Hippopotas|def|1","|","|-weather|Sandstorm|[upkeep]","|-damage|p2a: Pedo Shark|213/281|[from] sandstorm","|turn|11","|","|switch|p1a: Seismitoad|Seismitoad, F|149/412","|move|p2a: Pedo Shark|Crunch|p1a: Seismitoad","|-damage|p1a: Seismitoad|0 fnt","|faint|p1a: Seismitoad","|","|-weather|Sandstorm|[upkeep]","|-damage|p2a: Pedo Shark|196/281|[from] sandstorm","|","|switch|p1a: Excadrill|Excadrill, M|361/361","|turn|12","|","|switch|p2a: Vulture Rocker|Mandibuzz, F, shiny|416/416","|-damage|p2a: Vulture Rocker|312/416|[from] Stealth Rock","|move|p1a: Excadrill|X-Scissor|p2a: Vulture Rocker","|-damage|p2a: Vulture Rocker|180/416","|","|-weather|Sandstorm|[upkeep]","|-heal|p2a: Vulture Rocker|206/416|[from] item: Leftovers","|turn|13","|","|switch|p1a: Nidoking|Nidoking, M|184/304","|move|p2a: Vulture Rocker|Protect|p2a: Vulture Rocker","|-fail|p2a: Vulture Rocker","|","|-weather|Sandstorm|[upkeep]","|-heal|p2a: Vulture Rocker|232/416|[from] item: Leftovers","|turn|14","|","|move|p2a: Vulture Rocker|Protect|p2a: Vulture Rocker","|-singleturn|p2a: Vulture Rocker|Protect","|move|p1a: Nidoking|Ice Beam|p2a: Vulture Rocker","|-activate|p2a: Vulture Rocker|Protect","|","|-weather|none","|-heal|p2a: Vulture Rocker|258/416|[from] item: Leftovers","|turn|15","|","|move|p2a: Vulture Rocker|Protect|p2a: Vulture Rocker","|-fail|p2a: Vulture Rocker","|move|p1a: Nidoking|Sludge Wave|p2a: Vulture Rocker","|-damage|p2a: Vulture Rocker|58/416","|","|-heal|p2a: Vulture Rocker|84/416|[from] item: Leftovers","|turn|16","|","|switch|p2a: Slicey Rocker|Bisharp, M, shiny|271/271","|-damage|p2a: Slicey Rocker|255/271|[from] Stealth Rock","|move|p1a: Nidoking|Ice Beam|p2a: Slicey Rocker","|-crit|p2a: Slicey Rocker","|-resisted|p2a: Slicey Rocker","|-damage|p2a: Slicey Rocker|176/271","|","|turn|17","|","|move|p1a: Nidoking|Flamethrower|p2a: Slicey Rocker","|-supereffective|p2a: Slicey Rocker","|-damage|p2a: Slicey Rocker|0 fnt","|faint|p2a: Slicey Rocker","|","|","|switch|p2a: Pedo Shark|Sharpedo-Mega, M, shiny|196/281","|-damage|p2a: Pedo Shark|161/281|[from] Stealth Rock","|turn|18","|","|switch|p1a: Hippopotas|Hippopotas, M|36/339","|-weather|Sandstorm","|move|p2a: Pedo Shark|Waterfall|p1a: Hippopotas","|-supereffective|p1a: Hippopotas","|-damage|p1a: Hippopotas|0 fnt","|faint|p1a: Hippopotas","|","|-weather|Sandstorm|[upkeep]","|-damage|p2a: Pedo Shark|144/281|[from] sandstorm","|","|switch|p1a: Excadrill|Excadrill, M|361/361","|turn|19","|","|move|p2a: Pedo Shark|Protect|p2a: Pedo Shark","|-singleturn|p2a: Pedo Shark|Protect","|move|p1a: Excadrill|X-Scissor|p2a: Pedo Shark","|-activate|p2a: Pedo Shark|Protect","|","|-weather|Sandstorm|[upkeep]","|-damage|p2a: Pedo Shark|127/281|[from] sandstorm","|turn|20","|","|switch|p2a: Vulture Rocker|Mandibuzz, F, shiny|84/416","|-damage|p2a: Vulture Rocker|0 fnt|[from] Stealth Rock","|faint|p2a: Vulture Rocker","|move|p1a: Excadrill|X-Scissor|p2: Vulture Rocker|[notarget]","|-notarget","|","|-weather|Sandstorm|[upkeep]","|","|switch|p2a: Crow Rocker|Murkrow, M, shiny|262/262","|-damage|p2a: Crow Rocker|197/262|[from] Stealth Rock","|turn|21","|","|switch|p1a: Mamoswine|Mamoswine, M|362/362","|move|p2a: Crow Rocker|Feather Dance|p1a: Mamoswine","|-unboost|p1a: Mamoswine|atk|2","|","|-weather|Sandstorm|[upkeep]","|-damage|p2a: Crow Rocker|181/262|[from] sandstorm","|turn|22","|","|move|p2a: Crow Rocker|Calm Mind|p2a: Crow Rocker","|-boost|p2a: Crow Rocker|spa|1","|-boost|p2a: Crow Rocker|spd|1","|move|p1a: Mamoswine|Icicle Crash|p2a: Crow Rocker","|-supereffective|p2a: Crow Rocker","|-damage|p2a: Crow Rocker|0 fnt","|faint|p2a: Crow Rocker","|","|-weather|none","|","|switch|p2a: Pedo Shark|Sharpedo-Mega, M, shiny|127/281","|-damage|p2a: Pedo Shark|92/281|[from] Stealth Rock","|turn|23","|","|move|p2a: Pedo Shark|Waterfall|p1a: Mamoswine","|-supereffective|p1a: Mamoswine","|-damage|p1a: Mamoswine|0 fnt","|faint|p1a: Mamoswine","|","|","|switch|p1a: Landorus|Landorus, M, shiny|319/319","|turn|24","|","|move|p1a: Landorus|Earth Power|p2a: Pedo Shark","|-damage|p2a: Pedo Shark|0 fnt","|faint|p2a: Pedo Shark","|","|","|switch|p2a: Umbreon|Umbreon, M, shiny|79/331","|-damage|p2a: Umbreon|38/331|[from] Stealth Rock","|turn|25","|","|win|SWL Neßki"],"p1rating":{"entryid":"6746789","serverid":"eos","formatid":"monotype","userid":"swlneki","username":"SWL Neßki","w":31,"l":"14","t":"0","gxe":68.5,"r":"1640.4312221381","rd":"54.378850200855","sigma":"0","rptime":"1438765200","rpr":1647.4381365796,"rprd":53.55678906938,"rpsigma":"0","acre":1339.7997864865,"lacre":1339.7997864865,"oldacre":"1330.1472390167"},"p2rating":{"entryid":"6980159","serverid":"eos","formatid":"monotype","userid":"orchestromic","username":"Orchestromic","w":"9","l":14,"t":"0","gxe":44.6,"r":"1473.6315163495","rd":"71.95346345486","sigma":"0","rptime":"1438765200","rpr":1458.6661344354,"rprd":69.702052234829,"rpsigma":"0","acre":1119.0894368119,"lacre":1119.0894368119,"oldacre":"1131.1551211491"},"endType":"forfeit"}