{"seed":[31547,10049,2301,40399],"turns":30,"p1":"Rain ☆ Suichika","p2":"Guard Wanderer","p1team":[{"name":"Muhammad ashroom","species":"breloom","item":"focussash","ability":"Technician","moves":["spore","bulletseed","rocktomb","machpunch"],"nature":"Jolly","evs":{"hp":4,"atk":252,"def":0,"spa":0,"spd":0,"spe":252},"ivs":{"hp":31,"atk":31,"def":31,"spa":31,"spd":31,"spe":31}},{"name":"Platasaurus-rex","species":"venusaur","item":"venusaurite","ability":"Chlorophyll","moves":["synthesis","hiddenpowerrock","gigadrain","earthquake"],"nature":"Quiet","evs":{"hp":252,"atk":4,"def":0,"spa":252,"spd":0,"spe":0},"ivs":{"hp":31,"atk":31,"def":30,"spa":31,"spd":30,"spe":30}},{"name":"Vileplume's sister","species":"roserade","item":"choicescarf","ability":"Technician","moves":["hiddenpowerground","extrasensory","sludgebomb","shadowball"],"nature":"Timid","evs":{"hp":4,"atk":0,"def":0,"spa":252,"spd":0,"spe":252},"ivs":{"hp":31,"atk":31,"def":31,"spa":30,"spd":30,"spe":31}},{"name":"Celery the onion","species":"celebi","item":"lifeorb","ability":"Natural Cure","moves":["gigadrain","suckerpunch","earthpower","zenheadbutt"],"nature":"Naive","evs":{"hp":0,"atk":200,"def":0,"spa":56,"spd":0,"spe":252},"ivs":{"hp":31,"atk":31,"def":31,"spa":31,"spd":31,"spe":31}},{"name":"Iron Durian","species":"ferrothorn","item":"occaberry","ability":"Iron Barbs","moves":["stealthrock","knockoff","thunderwave","gyroball"],"nature":"Impish","evs":{"hp":252,"atk":0,"def":88,"spa":0,"spd":168,"spe":0},"ivs":{"hp":31,"atk":31,"def":31,"spa":31,"spd":31,"spe":31}},{"name":"liligant wannabe","species":"bellossom","item":"weaknesspolicy","ability":"Chlorophyll","moves":["gigadrain","hiddenpowerfire","moonblast","leafstorm"],"nature":"Modest","evs":{"hp":116,"atk":0,"def":0,"spa":252,"spd":0,"spe":140},"ivs":{"hp":31,"atk":30,"def":31,"spa":30,"spd":31,"spe":30}}],"p2team":[{"name":"Scolipede","species":"Scolipede","item":"blacksludge","ability":"Speed Boost","moves":["swordsdance","steamroller","venomdrench","irondefense"],"nature":"Jolly","evs":{"hp":248,"atk":8,"def":0,"spa":0,"spd":0,"spe":252},"ivs":{"hp":31,"atk":31,"def":31,"spa":31,"spd":31,"spe":31}},{"name":"Skuntank","species":"Skuntank","item":"","ability":"Stench","moves":["snatch","thief","suckerpunch","poisonjab"],"nature":"Adamant","evs":{"hp":248,"atk":252,"def":0,"spa":0,"spd":8,"spe":0},"ivs":{"hp":31,"atk":31,"def":31,"spa":31,"spd":31,"spe":31}},{"name":"Drapion","species":"Drapion","item":"airballoon","ability":"Sniper","moves":["toxicspikes","pursuit","crosspoison","rocktomb"],"nature":"Adamant","evs":{"hp":248,"atk":252,"def":0,"spa":0,"spd":8,"spe":0},"ivs":{"hp":31,"atk":31,"def":31,"spa":31,"spd":31,"spe":31}},{"name":"Tentacruel","species":"Tentacruel","item":"assaultvest","ability":"Clear Body","moves":["scald","acidspray","gigadrain","icebeam"],"nature":"Timid","evs":{"hp":0,"atk":0,"def":0,"spa":252,"spd":4,"spe":252},"ivs":{"hp":31,"atk":31,"def":31,"spa":31,"spd":31,"spe":31}},{"name":"Weezing","species":"Weezing","item":"sitrusberry","ability":"Levitate","moves":["toxicspikes","willowisp","memento","thief"],"nature":"Careful","evs":{"hp":248,"atk":0,"def":8,"spa":0,"spd":252,"spe":0},"ivs":{"hp":31,"atk":31,"def":31,"spa":31,"spd":31,"spe":31}},{"name":"Gengar","species":"Gengar","item":"brightpowder","ability":"Levitate","moves":["reflecttype","darkpulse","psychic"],"nature":"Timid","evs":{"hp":0,"atk":0,"def":0,"spa":252,"spd":4,"spe":252},"ivs":{"hp":31,"atk":31,"def":31,"spa":31,"spd":31,"spe":31}}],"log":["|player|p1|Rain ☆ Suichika|rainsuichika.png","|player|p2|Guard Wanderer|235","|gametype|singles","|gen|6","|tier|Monotype","|rated","|rule|Baton Pass Clause: Limit one Baton Passer, can't pass Spe and other stats simultaneously","|rule|Swagger Clause: Swagger is banned","|rule|Same Type Clause: Pokémon in a team must share a type","|clearpoke","|poke|p1|Breloom, M","|poke|p1|Venusaur, F","|poke|p1|Roserade, M","|poke|p1|Celebi","|poke|p1|Ferrothorn, F","|poke|p1|Bellossom, M","|poke|p2|Scolipede, F","|poke|p2|Skuntank, M","|poke|p2|Drapion, M","|poke|p2|Tentacruel, F","|poke|p2|Weezing, F","|poke|p2|Gengar, F","|rule|Sleep Clause Mod: Limit one foe put to sleep","|rule|Species Clause: Limit one of each Pokémon","|rule|OHKO Clause: OHKO moves are banned","|rule|Moody Clause: Moody is banned","|rule|Evasion Moves Clause: Evasion moves are banned","|rule|Endless Battle Clause: Forcing endless battles is banned","|rule|HP Percentage Mod: HP is shown in percentages","|teampreview","|","|start","|switch|p1a: Iron Durian|Ferrothorn, F|352/352","|switch|p2a: Weezing|Weezing, F|333/333","|turn|1","|","|move|p2a: Weezing|Will-O-Wisp|p1a: Iron Durian","|-status|p1a: Iron Durian|brn","|move|p1a: Iron Durian|Stealth Rock|p2a: Weezing","|-sidestart|p2: Guard Wanderer|move: Stealth Rock","|","|-damage|p1a: Iron Durian|308/352 brn|[from] brn","|turn|2","|","|move|p2a: Weezing|Toxic Spikes|p1a: Iron Durian","|-sidestart|p1: Rain ☆ Suichika|move: Toxic Spikes","|move|p1a: Iron Durian|Knock Off|p2a: Weezing","|-damage|p2a: Weezing|304/333","|-enditem|p2a: Weezing|Sitrus Berry|[from] move: Knock Off|[of] p1a: Iron Durian","|","|-damage|p1a: Iron Durian|264/352 brn|[from] brn","|turn|3","|","|move|p2a: Weezing|Thief|p1a: Iron Durian","|-damage|p1a: Iron Durian|234/352 brn","|-damage|p2a: Weezing|263/333|[from] ability: Iron Barbs|[of] p1a: Iron Durian","|-item|p2a: Weezing|Occa Berry|[from] move: Thief|[of] p1a: Iron Durian","|move|p1a: Iron Durian|Thunder Wave|p2a: Weezing","|-status|p2a: Weezing|par","|","|-damage|p1a: Iron Durian|190/352 brn|[from] brn","|turn|4","|","|switch|p1a: Vileplume's sister|Roserade, M|262/262","|-sideend|p1: Rain ☆ Suichika|move: Toxic Spikes|[of] p1a: Vileplume's sister","|move|p2a: Weezing|Toxic Spikes|p1a: Vileplume's sister","|-sidestart|p1: Rain ☆ Suichika|move: Toxic Spikes","|","|turn|5","|","|move|p1a: Vileplume's sister|Extrasensory|p2a: Weezing","|-supereffective|p2a: Weezing","|-damage|p2a: Weezing|103/333 par","|move|p2a: Weezing|Will-O-Wisp|p1a: Vileplume's sister","|-status|p1a: Vileplume's sister|brn","|","|-damage|p1a: Vileplume's sister|230/262 brn|[from] brn","|turn|6","|","|switch|p1a: Platasaurus-rex|Venusaur, F|364/364","|-sideend|p1: Rain ☆ Suichika|move: Toxic Spikes|[of] p1a: Platasaurus-rex","|switch|p2a: Drapion|Drapion, M|343/343","|-damage|p2a: Drapion|301/343|[from] Stealth Rock","|-item|p2a: Drapion|Air Balloon","|","|turn|7","|","|detailschange|p1a: Platasaurus-rex|Venusaur-Mega, F","|-mega|p1a: Platasaurus-rex|Venusaur|Venusaurite","|move|p2a: Drapion|Cross Poison|p1a: Platasaurus-rex","|-damage|p1a: Platasaurus-rex|267/364","|move|p1a: Platasaurus-rex|Hidden Power|p2a: Drapion","|-damage|p2a: Drapion|206/343","|-enditem|p2a: Drapion|Air Balloon","|","|turn|8","|","|switch|p2a: Weezing|Weezing, F|103/333 par","|-damage|p2a: Weezing|62/333 par|[from] Stealth Rock","|move|p1a: Platasaurus-rex|Earthquake|p2a: Weezing","|-immune|p2a: Weezing|[msg]","|","|turn|9","|","|move|p1a: Platasaurus-rex|Hidden Power|p2a: Weezing","|-damage|p2a: Weezing|0 fnt","|faint|p2a: Weezing","|","|","|switch|p2a: Tentacruel|Tentacruel, F|301/301","|-damage|p2a: Tentacruel|264/301|[from] Stealth Rock","|turn|10","|","|move|p2a: Tentacruel|Acid Spray|p1a: Platasaurus-rex","|-damage|p1a: Platasaurus-rex|222/364","|-unboost|p1a: Platasaurus-rex|spd|2","|move|p1a: Platasaurus-rex|Earthquake|p2a: Tentacruel","|-supereffective|p2a: Tentacruel","|-damage|p2a: Tentacruel|28/301","|","|turn|11","|","|switch|p1a: Iron Durian|Ferrothorn, F|190/352 brn","|move|p2a: Tentacruel|Scald|p1a: Iron Durian","|-resisted|p1a: Iron Durian","|-damage|p1a: Iron Durian|154/352 brn","|","|-damage|p1a: Iron Durian|110/352 brn|[from] brn","|turn|12","|","|move|p2a: Tentacruel|Ice Beam|p1a: Iron Durian","|-damage|p1a: Iron Durian|53/352 brn","|move|p1a: Iron Durian|Knock Off|p2a: Tentacruel","|-damage|p2a: Tentacruel|0 fnt","|-enditem|p2a: Tentacruel|Assault Vest|[from] move: Knock Off|[of] p1a: Iron Durian","|faint|p2a: Tentacruel","|","|-damage|p1a: Iron Durian|9/352 brn|[from] brn","|","|switch|p2a: Scolipede|Scolipede, F|323/323","|-damage|p2a: Scolipede|243/323|[from] Stealth Rock","|turn|13","|","|move|p2a: Scolipede|Steamroller|p1a: Iron Durian","|-damage|p1a: Iron Durian|0 fnt","|-damage|p2a: Scolipede|203/323|[from] ability: Iron Barbs|[of] p1a: Iron Durian","|faint|p1a: Iron Durian","|","|-heal|p2a: Scolipede|223/323|[from] item: Black Sludge","|-boost|p2a: Scolipede|spe|1|[from] ability: Speed Boost","|","|switch|p1a: liligant wannabe|Bellossom, M|320/320","|turn|14","|","|move|p2a: Scolipede|Swords Dance|p2a: Scolipede","|-boost|p2a: Scolipede|atk|2","|move|p1a: liligant wannabe|Hidden Power|p2a: Scolipede","|-supereffective|p2a: Scolipede","|-damage|p2a: Scolipede|71/323","|","|-heal|p2a: Scolipede|91/323|[from] item: Black Sludge","|-boost|p2a: Scolipede|spe|1|[from] ability: Speed Boost","|turn|15","|","|move|p2a: Scolipede|Steamroller|p1a: liligant wannabe","|-supereffective|p1a: liligant wannabe","|-damage|p1a: liligant wannabe|0 fnt","|faint|p1a: liligant wannabe","|","|-heal|p2a: Scolipede|111/323|[from] item: Black Sludge","|-boost|p2a: Scolipede|spe|1|[from] ability: Speed Boost","|","|switch|p1a: Muhammad ashroom|Breloom, M|262/262","|turn|16","|","|move|p2a: Scolipede|Steamroller|p1a: Muhammad ashroom","|-damage|p1a: Muhammad ashroom|87/262","|move|p1a: Muhammad ashroom|Rock Tomb|p2a: Scolipede","|-supereffective|p2a: Scolipede","|-damage|p2a: Scolipede|0 fnt","|faint|p2a: Scolipede","|","|","|switch|p2a: Gengar|Gengar, F|261/261","|-damage|p2a: Gengar|229/261|[from] Stealth Rock","|turn|17","|","|move|p2a: Gengar|Psychic|p1a: Muhammad ashroom","|-supereffective|p1a: Muhammad ashroom","|-damage|p1a: Muhammad ashroom|0 fnt","|faint|p1a: Muhammad ashroom","|","|","|switch|p1a: Celery the onion|Celebi|341/341","|turn|18","|","|move|p2a: Gengar|Reflect Type|p1a: Celery the onion","|-start|p2a: Gengar|typechange|[from] move: Reflect Type|[of] p1a: Celery the onion","|move|p1a: Celery the onion|Earth Power|p2a: Gengar","|-immune|p2a: Gengar|[msg]","|","|turn|19","|","|move|p1a: Celery the onion|Sucker Punch|p2a: Gengar|[miss]","|-miss|p1a: Celery the onion|p2a: Gengar","|move|p2a: Gengar|Dark Pulse|p1a: Celery the onion","|-supereffective|p1a: Celery the onion","|-damage|p1a: Celery the onion|145/341","|","|turn|20","|","|switch|p2a: Drapion|Drapion, M|206/343","|-damage|p2a: Drapion|164/343|[from] Stealth Rock","|move|p1a: Celery the onion|Sucker Punch|p2a: Drapion","|-fail|p1a: Celery the onion","|","|turn|21","|","|move|p1a: Celery the onion|Earth Power|p2a: Drapion","|-supereffective|p2a: Drapion","|-damage|p2a: Drapion|0 fnt","|-damage|p1a: Celery the onion|111/341|[from] item: Life Orb","|faint|p2a: Drapion","|","|","|switch|p2a: Skuntank|Skuntank, M|409/409","|-damage|p2a: Skuntank|358/409|[from] Stealth Rock","|turn|22","|","|switch|p1a: Platasaurus-rex|Venusaur-Mega, F|222/364","|move|p2a: Skuntank|Sucker Punch|p1a: Platasaurus-rex","|-fail|p2a: Skuntank","|","|turn|23","|","|move|p2a: Skuntank|Poison Jab|p1a: Platasaurus-rex","|-damage|p1a: Platasaurus-rex|123/364","|move|p1a: Platasaurus-rex|Synthesis|p1a: Platasaurus-rex","|-heal|p1a: Platasaurus-rex|305/364","|","|turn|24","|","|move|p2a: Skuntank|Poison Jab|p1a: Platasaurus-rex","|-damage|p1a: Platasaurus-rex|206/364","|move|p1a: Platasaurus-rex|Earthquake|p2a: Skuntank","|-supereffective|p2a: Skuntank","|-damage|p2a: Skuntank|140/409","|","|turn|25","|","|move|p2a: Skuntank|Snatch|p2a: Skuntank","|-singleturn|p2a: Skuntank|Snatch","|move|p1a: Platasaurus-rex|Synthesis|p1a: Platasaurus-rex","|-activate|p2a: Skuntank|Snatch|[of] p1a: Platasaurus-rex","|move|p2a: Skuntank|Synthesis|p2a: Skuntank|[from]Snatch","|-heal|p2a: Skuntank|344/409","|","|turn|26","|","|move|p2a: Skuntank|Poison Jab|p1a: Platasaurus-rex","|-damage|p1a: Platasaurus-rex|101/364","|move|p1a: Platasaurus-rex|Earthquake|p2a: Skuntank","|-supereffective|p2a: Skuntank","|-damage|p2a: Skuntank|118/409","|","|turn|27","|","|move|p2a: Skuntank|Sucker Punch|p1a: Platasaurus-rex","|-damage|p1a: Platasaurus-rex|0 fnt","|faint|p1a: Platasaurus-rex","|","|","|switch|p1a: Vileplume's sister|Roserade, M|230/262 brn","|turn|28","|","|move|p2a: Skuntank|Sucker Punch|p1a: Vileplume's sister","|-damage|p1a: Vileplume's sister|44/262 brn","|move|p1a: Vileplume's sister|Hidden Power|p2a: Skuntank","|-supereffective|p2a: Skuntank","|-damage|p2a: Skuntank|0 fnt","|faint|p2a: Skuntank","|","|-damage|p1a: Vileplume's sister|12/262 brn|[from] brn","|","|switch|p2a: Gengar|Gengar, F|229/261","|-damage|p2a: Gengar|197/261|[from] Stealth Rock","|turn|29","|","|move|p1a: Vileplume's sister|Hidden Power|p2a: Gengar","|-immune|p2a: Gengar|[msg]","|move|p2a: Gengar|Reflect Type|p1a: Vileplume's sister","|-start|p2a: Gengar|typechange|[from] move: Reflect Type|[of] p1a: Vileplume's sister","|","|-damage|p1a: Vileplume's sister|0 fnt|[from] brn","|faint|p1a: Vileplume's sister","|","|switch|p1a: Celery the onion|Celebi|111/341","|turn|30","|","|move|p2a: Gengar|Dark Pulse|p1a: Celery the onion","|-supereffective|p1a: Celery the onion","|-damage|p1a: Celery the onion|0 fnt","|faint|p1a: Celery the onion","|","|win|Guard Wanderer"],"p1rating":{"entryid":"6383869","serverid":"eos","formatid":"monotype","userid":"rainsuichika","username":"Rain ☆ Suichika","w":"48","l":28,"t":"0","gxe":61.5,"r":"1594.2801239427","rd":"49.09020556002","sigma":"0","rptime":"1438765200","rpr":1588.913056035,"rprd":48.298054632576,"rpsigma":"0","acre":1271.3962682019,"lacre":1271.3962682019,"oldacre":"1303.7750398197"},"p2rating":{"entryid":"6731189","serverid":"eos","formatid":"monotype","userid":"guardwanderer","username":"Guard Wanderer","w":74,"l":"104","t":"0","gxe":39.6,"r":1416.6716065611,"rd":31.012894024758,"sigma":"0","rptime":1438765200,"rpr":1420.6575980755,"rprd":30.918907250075,"rpsigma":"0","acre":1104.4939272014,"lacre":1104.4939272014,"oldacre":"1052.4808828718"},"endType":"normal"}