{"seed":[17907,60727,13911,64027],"turns":39,"p1":"IV Tyrant","p2":"IV-Wiley","p1team":[{"name":"FEAR","species":"sableye","item":"sablenite","ability":"Prankster","moves":["calmmind","recover","willowisp","snarl"],"nature":"Bold","evs":{"hp":252,"atk":0,"def":196,"spa":0,"spd":60,"spe":0},"shiny":true,"ivs":{"hp":31,"atk":31,"def":31,"spa":31,"spd":31,"spe":31}},{"name":"TyranitarTube","species":"tyranitar","item":"chopleberry","ability":"Sand Stream","moves":["stoneedge","fireblast","stealthrock","thunderwave"],"nature":"Brave","evs":{"hp":252,"atk":56,"def":0,"spa":0,"spd":200,"spe":0},"shiny":true,"ivs":{"hp":31,"atk":31,"def":31,"spa":31,"spd":31,"spe":31}},{"name":"&@?$!","species":"hoopaunbound","item":"choicescarf","ability":"Magician","moves":["hyperspacefury","hyperspacehole","gunkshot","energyball"],"nature":"Hasty","evs":{"hp":0,"atk":180,"def":0,"spa":76,"spd":0,"spe":252},"ivs":{"hp":31,"atk":31,"def":31,"spa":31,"spd":31,"spe":31}},{"name":"MyNiggaCraw","species":"crawdaunt","item":"lifeorb","ability":"Adaptability","moves":["knockoff","aquajet","swordsdance","crabhammer"],"nature":"Adamant","evs":{"hp":0,"atk":252,"def":0,"spa":0,"spd":4,"spe":252},"gender":"M","shiny":true,"ivs":{"hp":31,"atk":31,"def":31,"spa":31,"spd":31,"spe":31}},{"name":"Mandi","species":"mandibuzz","item":"rockyhelmet","ability":"Overcoat","moves":["bravebird","foulplay","roost","defog"],"nature":"Impish","evs":{"hp":248,"atk":8,"def":252,"spa":0,"spd":0,"spe":0},"shiny":true,"ivs":{"hp":31,"atk":31,"def":31,"spa":31,"spd":31,"spe":31}},{"name":"Bladedge","species":"bisharp","item":"lifeorb","ability":"Defiant","moves":["swordsdance","knockoff","ironhead","suckerpunch"],"nature":"Adamant","evs":{"hp":0,"atk":252,"def":0,"spa":0,"spd":4,"spe":252},"gender":"M","shiny":true,"ivs":{"hp":31,"atk":31,"def":31,"spa":31,"spd":31,"spe":31}}],"p2team":[{"name":"Azumarill","species":"Azumarill","item":"sitrusberry","ability":"Huge Power","moves":["bellydrum","aquajet","brickbreak","playrough"],"nature":"Adamant","evs":{"hp":248,"atk":252,"def":0,"spa":0,"spd":8,"spe":0},"ivs":{"hp":31,"atk":31,"def":31,"spa":31,"spd":31,"spe":31}},{"name":"Manaphy","species":"Manaphy","item":"leftovers","ability":"Hydration","moves":["tailglow","scald","icebeam","energyball"],"nature":"Timid","evs":{"hp":0,"atk":0,"def":0,"spa":252,"spd":4,"spe":252},"ivs":{"hp":31,"atk":31,"def":31,"spa":31,"spd":31,"spe":31}},{"name":"Alomomola","species":"Alomomola","item":"leftovers","ability":"Regenerator","moves":["protect","wish","scald","toxic"],"nature":"Bold","evs":{"hp":252,"atk":0,"def":252,"spa":0,"spd":4,"spe":0},"ivs":{"hp":31,"atk":31,"def":31,"spa":31,"spd":31,"spe":31}},{"name":"Keldeo-Resolute","species":"Keldeo-Resolute","item":"choicescarf","ability":"Justified","moves":["secretsword","scald","icywind","hiddenpowerfire"],"nature":"Timid","evs":{"hp":0,"atk":0,"def":0,"spa":252,"spd":4,"spe":252},"ivs":{"hp":31,"atk":30,"def":31,"spa":30,"spd":31,"spe":30}},{"name":"Crawdaunt","species":"Crawdaunt","item":"focussash","ability":"Adaptability","moves":["swordsdance","aquajet","knockoff","crabhammer"],"nature":"Jolly","evs":{"hp":4,"atk":252,"def":0,"spa":0,"spd":0,"spe":252},"ivs":{"hp":31,"atk":31,"def":31,"spa":31,"spd":31,"spe":31}},{"name":"Gyarados","species":"Gyarados","item":"gyaradosite","ability":"Moxie","moves":["dragondance","waterfall","earthquake","icefang"],"nature":"Adamant","evs":{"hp":0,"atk":252,"def":0,"spa":0,"spd":4,"spe":252},"ivs":{"hp":31,"atk":31,"def":31,"spa":31,"spd":31,"spe":31}}],"log":["|player|p1|IV Tyrant|238","|player|p2|IV-Wiley|voidwiley.png","|gametype|singles","|gen|6","|tier|Monotype","|rated","|rule|Baton Pass Clause: Limit one Baton Passer, can't pass Spe and other stats simultaneously","|rule|Swagger Clause: Swagger is banned","|rule|Same Type Clause: Pokémon in a team must share a type","|clearpoke","|poke|p1|Sableye, M, shiny","|poke|p1|Tyranitar, F, shiny","|poke|p1|Hoopa-Unbound","|poke|p1|Crawdaunt, M, shiny","|poke|p1|Mandibuzz, F, shiny","|poke|p1|Bisharp, M, shiny","|poke|p2|Azumarill, F","|poke|p2|Manaphy","|poke|p2|Alomomola, F","|poke|p2|Keldeo-Resolute","|poke|p2|Crawdaunt, M","|poke|p2|Gyarados, M","|rule|Sleep Clause Mod: Limit one foe put to sleep","|rule|Species Clause: Limit one of each Pokémon","|rule|OHKO Clause: OHKO moves are banned","|rule|Moody Clause: Moody is banned","|rule|Evasion Moves Clause: Evasion moves are banned","|rule|Endless Battle Clause: Forcing endless battles is banned","|rule|HP Percentage Mod: HP is shown in percentages","|teampreview","|","|start","|switch|p1a: TyranitarTube|Tyranitar, F, shiny|404/404","|switch|p2a: Azumarill|Azumarill, F|403/403","|-weather|Sandstorm","|turn|1","|","|move|p1a: TyranitarTube|Thunder Wave|p2a: Azumarill","|-status|p2a: Azumarill|par","|cant|p2a: Azumarill|par","|","|-weather|Sandstorm|[upkeep]","|-damage|p2a: Azumarill|378/403 par|[from] sandstorm","|turn|2","|","|switch|p1a: Mandi|Mandibuzz, F, shiny|423/423","|move|p2a: Azumarill|Belly Drum|p2a: Azumarill","|-damage|p2a: Azumarill|177/403 par","|-setboost|p2a: Azumarill|atk|6|[from] move: Belly Drum","|-enditem|p2a: Azumarill|Sitrus Berry|[eat]","|-heal|p2a: Azumarill|277/403 par|[from] item: Sitrus Berry","|","|-weather|Sandstorm|[upkeep]","|-damage|p2a: Azumarill|252/403 par|[from] sandstorm","|turn|3","|","|move|p1a: Mandi|Foul Play|p2a: Azumarill","|-resisted|p2a: Azumarill","|-damage|p2a: Azumarill|25/403 par","|cant|p2a: Azumarill|par","|","|-weather|Sandstorm|[upkeep]","|-damage|p2a: Azumarill|0 fnt|[from] sandstorm","|faint|p2a: Azumarill","|","|switch|p2a: Manaphy|Manaphy|341/341","|turn|4","|","|switch|p1a: TyranitarTube|Tyranitar, F, shiny|404/404","|move|p2a: Manaphy|Tail Glow|p2a: Manaphy","|-boost|p2a: Manaphy|spa|3","|","|-weather|Sandstorm|[upkeep]","|-damage|p2a: Manaphy|320/341|[from] sandstorm","|-heal|p2a: Manaphy|341/341|[from] item: Leftovers","|turn|5","|","|move|p2a: Manaphy|Scald|p1a: TyranitarTube","|-supereffective|p1a: TyranitarTube","|-damage|p1a: TyranitarTube|90/404","|move|p1a: TyranitarTube|Thunder Wave|p2a: Manaphy","|-status|p2a: Manaphy|par","|","|-weather|none","|turn|6","|","|move|p1a: TyranitarTube|Stealth Rock|p2a: Manaphy","|-sidestart|p2: IV-Wiley|move: Stealth Rock","|cant|p2a: Manaphy|par","|","|turn|7","|","|move|p1a: TyranitarTube|Stone Edge|p2a: Manaphy|[miss]","|-miss|p1a: TyranitarTube|p2a: Manaphy","|cant|p2a: Manaphy|par","|","|turn|8","|","|move|p1a: TyranitarTube|Stone Edge|p2a: Manaphy","|-damage|p2a: Manaphy|164/341 par","|cant|p2a: Manaphy|par","|","|-heal|p2a: Manaphy|185/341 par|[from] item: Leftovers","|turn|9","|","|move|p1a: TyranitarTube|Stone Edge|p2a: Manaphy","|-damage|p2a: Manaphy|7/341 par","|cant|p2a: Manaphy|par","|","|-heal|p2a: Manaphy|28/341 par|[from] item: Leftovers","|turn|10","|","|move|p1a: TyranitarTube|Fire Blast|p2a: Manaphy","|-resisted|p2a: Manaphy","|-damage|p2a: Manaphy|0 fnt","|faint|p2a: Manaphy","|","|","|switch|p2a: Keldeo-Resolute|Keldeo-Resolute|323/323","|-damage|p2a: Keldeo-Resolute|303/323|[from] Stealth Rock","|turn|11","|","|move|p2a: Keldeo-Resolute|Scald|p1a: TyranitarTube","|-supereffective|p1a: TyranitarTube","|-damage|p1a: TyranitarTube|0 fnt","|faint|p1a: TyranitarTube","|","|","|switch|p1a: FEAR|Sableye, M, shiny|304/304","|turn|12","|","|move|p1a: FEAR|Calm Mind|p1a: FEAR","|-boost|p1a: FEAR|spa|1","|-boost|p1a: FEAR|spd|1","|move|p2a: Keldeo-Resolute|Scald|p1a: FEAR","|-damage|p1a: FEAR|177/304","|","|turn|13","|","|switch|p2a: Crawdaunt|Crawdaunt, M|268/268","|-damage|p2a: Crawdaunt|235/268|[from] Stealth Rock","|move|p1a: FEAR|Calm Mind|p1a: FEAR","|-boost|p1a: FEAR|spa|1","|-boost|p1a: FEAR|spd|1","|","|turn|14","|","|detailschange|p1a: FEAR|Sableye-Mega, M, shiny","|-mega|p1a: FEAR|Sableye|Sablenite","|move|p1a: FEAR|Will-O-Wisp|p2a: Crawdaunt","|-status|p2a: Crawdaunt|brn","|move|p2a: Crawdaunt|Crabhammer|p1a: FEAR","|-damage|p1a: FEAR|102/304","|","|-damage|p2a: Crawdaunt|202/268 brn|[from] brn","|turn|15","|","|move|p2a: Crawdaunt|Swords Dance|p2a: Crawdaunt","|-boost|p2a: Crawdaunt|atk|2","|move|p1a: FEAR|Recover|p1a: FEAR","|-heal|p1a: FEAR|254/304","|","|-damage|p2a: Crawdaunt|169/268 brn|[from] brn","|turn|16","|","|move|p2a: Crawdaunt|Crabhammer|p1a: FEAR","|-damage|p1a: FEAR|111/304","|move|p1a: FEAR|Recover|p1a: FEAR","|-heal|p1a: FEAR|263/304","|","|-damage|p2a: Crawdaunt|136/268 brn|[from] brn","|turn|17","|","|move|p2a: Crawdaunt|Swords Dance|p2a: Crawdaunt","|-boost|p2a: Crawdaunt|atk|2","|move|p1a: FEAR|Recover|p1a: FEAR","|-heal|p1a: FEAR|304/304","|","|-damage|p2a: Crawdaunt|103/268 brn|[from] brn","|turn|18","|","|switch|p1a: Mandi|Mandibuzz, F, shiny|423/423","|move|p2a: Crawdaunt|Crabhammer|p1a: Mandi","|-damage|p1a: Mandi|205/423","|-damage|p2a: Crawdaunt|59/268 brn|[from] item: Rocky Helmet|[of] p1a: Mandi","|","|-damage|p2a: Crawdaunt|26/268 brn|[from] brn","|turn|19","|","|move|p2a: Crawdaunt|Crabhammer|p1a: Mandi","|-damage|p1a: Mandi|0 fnt","|-damage|p2a: Crawdaunt|0 fnt|[from] item: Rocky Helmet|[of] p1a: Mandi","|faint|p2a: Crawdaunt","|faint|p1a: Mandi","|","|","|switch|p2a: Gyarados|Gyarados, M|331/331","|switch|p1a: FEAR|Sableye-Mega, M, shiny|304/304","|-damage|p2a: Gyarados|249/331|[from] Stealth Rock","|turn|20","|","|detailschange|p2a: Gyarados|Gyarados-Mega, M","|-mega|p2a: Gyarados|Gyarados|Gyaradosite","|-ability|p2a: Gyarados|Mold Breaker","|move|p2a: Gyarados|Waterfall|p1a: FEAR","|-damage|p1a: FEAR|183/304","|cant|p1a: FEAR|flinch","|","|turn|21","|","|move|p2a: Gyarados|Waterfall|p1a: FEAR","|-damage|p1a: FEAR|59/304","|move|p1a: FEAR|Will-O-Wisp|p2a: Gyarados","|-status|p2a: Gyarados|brn","|","|-damage|p2a: Gyarados|208/331 brn|[from] brn","|turn|22","|","|move|p2a: Gyarados|Waterfall|p1a: FEAR","|-damage|p1a: FEAR|1/304","|move|p1a: FEAR|Recover|p1a: FEAR","|-heal|p1a: FEAR|153/304","|","|-damage|p2a: Gyarados|167/331 brn|[from] brn","|turn|23","|","|move|p2a: Gyarados|Dragon Dance|p2a: Gyarados","|-boost|p2a: Gyarados|atk|1","|-boost|p2a: Gyarados|spe|1","|move|p1a: FEAR|Recover|p1a: FEAR","|-heal|p1a: FEAR|304/304","|","|-damage|p2a: Gyarados|126/331 brn|[from] brn","|turn|24","|","|move|p2a: Gyarados|Dragon Dance|p2a: Gyarados","|-boost|p2a: Gyarados|atk|1","|-boost|p2a: Gyarados|spe|1","|move|p1a: FEAR|Calm Mind|p1a: FEAR","|-boost|p1a: FEAR|spa|1","|-boost|p1a: FEAR|spd|1","|","|-damage|p2a: Gyarados|85/331 brn|[from] brn","|turn|25","|","|move|p2a: Gyarados|Waterfall|p1a: FEAR","|-damage|p1a: FEAR|181/304","|move|p1a: FEAR|Snarl|p2a: Gyarados","|-resisted|p2a: Gyarados","|-damage|p2a: Gyarados|50/331 brn","|-unboost|p2a: Gyarados|spa|1","|","|-damage|p2a: Gyarados|9/331 brn|[from] brn","|turn|26","|","|move|p2a: Gyarados|Waterfall|p1a: FEAR","|-damage|p1a: FEAR|73/304","|move|p1a: FEAR|Recover|p1a: FEAR","|-heal|p1a: FEAR|225/304","|","|-damage|p2a: Gyarados|0 fnt|[from] brn","|faint|p2a: Gyarados","|","|switch|p2a: Keldeo-Resolute|Keldeo-Resolute|303/323","|-damage|p2a: Keldeo-Resolute|283/323|[from] Stealth Rock","|turn|27","|","|move|p2a: Keldeo-Resolute|Scald|p1a: FEAR","|-damage|p1a: FEAR|138/304","|-status|p1a: FEAR|brn","|move|p1a: FEAR|Recover|p1a: FEAR","|-heal|p1a: FEAR|290/304 brn","|","|-damage|p1a: FEAR|252/304 brn|[from] brn","|turn|28","|","|move|p2a: Keldeo-Resolute|Scald|p1a: FEAR","|-damage|p1a: FEAR|179/304 brn","|move|p1a: FEAR|Calm Mind|p1a: FEAR","|-boost|p1a: FEAR|spa|1","|-boost|p1a: FEAR|spd|1","|","|-damage|p1a: FEAR|141/304 brn|[from] brn","|turn|29","|","|move|p2a: Keldeo-Resolute|Scald|p1a: FEAR","|-damage|p1a: FEAR|78/304 brn","|move|p1a: FEAR|Recover|p1a: FEAR","|-heal|p1a: FEAR|230/304 brn","|","|-damage|p1a: FEAR|192/304 brn|[from] brn","|turn|30","|","|move|p2a: Keldeo-Resolute|Scald|p1a: FEAR","|-damage|p1a: FEAR|129/304 brn","|move|p1a: FEAR|Recover|p1a: FEAR","|-heal|p1a: FEAR|281/304 brn","|","|-damage|p1a: FEAR|243/304 brn|[from] brn","|turn|31","|","|move|p2a: Keldeo-Resolute|Scald|p1a: FEAR","|-damage|p1a: FEAR|188/304 brn","|move|p1a: FEAR|Will-O-Wisp|p2a: Keldeo-Resolute","|-status|p2a: Keldeo-Resolute|brn","|","|-damage|p2a: Keldeo-Resolute|243/323 brn|[from] brn","|-damage|p1a: FEAR|150/304 brn|[from] brn","|turn|32","|","|move|p2a: Keldeo-Resolute|Scald|p1a: FEAR","|-damage|p1a: FEAR|95/304 brn","|move|p1a: FEAR|Recover|p1a: FEAR","|-heal|p1a: FEAR|247/304 brn","|","|-damage|p2a: Keldeo-Resolute|203/323 brn|[from] brn","|-damage|p1a: FEAR|209/304 brn|[from] brn","|turn|33","|","|move|p2a: Keldeo-Resolute|Scald|p1a: FEAR","|-damage|p1a: FEAR|146/304 brn","|move|p1a: FEAR|Snarl|p2a: Keldeo-Resolute","|-resisted|p2a: Keldeo-Resolute","|-damage|p2a: Keldeo-Resolute|137/323 brn","|-boost|p2a: Keldeo-Resolute|atk|1|[from] ability: Justified","|-unboost|p2a: Keldeo-Resolute|spa|1","|","|-damage|p2a: Keldeo-Resolute|97/323 brn|[from] brn","|-damage|p1a: FEAR|108/304 brn|[from] brn","|turn|34","|","|move|p2a: Keldeo-Resolute|Scald|p1a: FEAR","|-damage|p1a: FEAR|66/304 brn","|move|p1a: FEAR|Recover|p1a: FEAR","|-heal|p1a: FEAR|218/304 brn","|","|-damage|p2a: Keldeo-Resolute|57/323 brn|[from] brn","|-damage|p1a: FEAR|180/304 brn|[from] brn","|turn|35","|","|move|p2a: Keldeo-Resolute|Scald|p1a: FEAR","|-damage|p1a: FEAR|141/304 brn","|move|p1a: FEAR|Snarl|p2a: Keldeo-Resolute","|-resisted|p2a: Keldeo-Resolute","|-damage|p2a: Keldeo-Resolute|0 fnt","|faint|p2a: Keldeo-Resolute","|","|-damage|p1a: FEAR|103/304 brn|[from] brn","|","|switch|p2a: Alomomola|Alomomola, F|534/534","|-damage|p2a: Alomomola|468/534|[from] Stealth Rock","|turn|36","|","|move|p2a: Alomomola|Scald|p1a: FEAR","|-damage|p1a: FEAR|84/304 brn","|move|p1a: FEAR|Snarl|p2a: Alomomola","|-damage|p2a: Alomomola|258/534","|-unboost|p2a: Alomomola|spa|1","|","|-heal|p2a: Alomomola|291/534|[from] item: Leftovers","|-damage|p1a: FEAR|46/304 brn|[from] brn","|turn|37","|","|move|p2a: Alomomola|Scald|p1a: FEAR","|-damage|p1a: FEAR|31/304 brn","|move|p1a: FEAR|Recover|p1a: FEAR","|-heal|p1a: FEAR|183/304 brn","|","|-heal|p2a: Alomomola|324/534|[from] item: Leftovers","|-damage|p1a: FEAR|145/304 brn|[from] brn","|turn|38","|","|switch|p1a: &@?$!|Hoopa-Unbound|301/301","|move|p2a: Alomomola|Scald|p1a: &@?$!","|-damage|p1a: &@?$!|277/301","|-status|p1a: &@?$!|brn","|","|-heal|p2a: Alomomola|357/534|[from] item: Leftovers","|-damage|p1a: &@?$!|240/301 brn|[from] brn","|turn|39","|","|move|p1a: &@?$!|Energy Ball|p2a: Alomomola","|-supereffective|p2a: Alomomola","|-damage|p2a: Alomomola|0 fnt","|faint|p2a: Alomomola","|","|win|IV Tyrant"],"p1rating":{"entryid":"7423115","serverid":"eos","formatid":"monotype","userid":"ivtyrant","username":"IV Tyrant","w":4,"l":"1","t":"0","gxe":60.7,"r":"1500","rd":"130","sigma":"0","rptime":"1438765200","rpr":1585.2336503284,"rprd":102.47948157612,"rpsigma":"0","acre":1154.712432137,"lacre":1154.712432137,"oldacre":"1131.4525979091"},"p2rating":{"entryid":"7406762","serverid":"eos","formatid":"monotype","userid":"ivwiley","username":"IV Wiley","w":"6","l":5,"t":"0","gxe":51.4,"r":"1495.5145738225","rd":"106.46815327292","sigma":"0","rptime":"1438765200","rpr":1510.6059851593,"rprd":84.44143098547,"rpsigma":"0","acre":1083.9697716472,"lacre":1083.9697716472,"oldacre":"1107.2296058751"},"endType":"normal"}