{"seed":[56603,34858,31632,59271],"turns":21,"p1":"samuelwade223","p2":"MrNyanNyanz","p1team":[{"name":"Tentacruel","species":"Tentacruel","item":"blacksludge","ability":"Liquid Ooze","moves":["barrier","scald","toxicspikes"],"nature":"Calm","evs":{"hp":4,"atk":0,"def":252,"spa":0,"spd":252,"spe":0},"shiny":true,"ivs":{"hp":31,"atk":31,"def":31,"spa":31,"spd":31,"spe":31}},{"name":"Crawdaunt","species":"Crawdaunt","item":"focussash","ability":"Adaptability","moves":["dragondance","waterfall","crunch","xscissor"],"nature":"Jolly","evs":{"hp":0,"atk":255,"def":0,"spa":0,"spd":0,"spe":255},"gender":"M","shiny":true,"ivs":{"hp":31,"atk":31,"def":31,"spa":31,"spd":31,"spe":31}},{"name":"Cloyster","species":"Cloyster","item":"focussash","ability":"Skill Link","moves":["shellsmash","iceshard","iciclespear","rockblast"],"nature":"Adamant","evs":{"hp":4,"atk":252,"def":0,"spa":0,"spd":0,"spe":252},"gender":"M","shiny":true,"ivs":{"hp":31,"atk":31,"def":31,"spa":31,"spd":31,"spe":31}},{"name":"Rotom-Wash","species":"Rotom-Wash","item":"leftovers","ability":"Levitate","moves":["painsplit","thunderwave","thunderbolt","hydropump"],"nature":"Timid","evs":{"hp":6,"atk":0,"def":0,"spa":252,"spd":0,"spe":252},"shiny":true,"ivs":{"hp":31,"atk":31,"def":31,"spa":31,"spd":31,"spe":31}},{"name":"Starmie","species":"Starmie","item":"lifeorb","ability":"Natural Cure","moves":["rapidspin","surf","psychic","thunderwave"],"nature":"Timid","evs":{"hp":0,"atk":0,"def":0,"spa":255,"spd":0,"spe":255},"shiny":true,"ivs":{"hp":31,"atk":31,"def":31,"spa":31,"spd":31,"spe":31}},{"name":"Lanturn","species":"Lanturn","item":"leftovers","ability":"Volt Absorb","moves":["healbell","toxic","thunderbolt","surf"],"nature":"Hardy","evs":{"hp":252,"atk":0,"def":128,"spa":0,"spd":128,"spe":0},"gender":"M","shiny":true,"ivs":{"hp":31,"atk":31,"def":31,"spa":31,"spd":31,"spe":31}}],"p2team":[{"name":"Houndoom","species":"Houndoom","item":"houndoominite","ability":"Early Bird","moves":["solarbeam","darkpulse","hiddenpowerice","flamethrower"],"nature":"Timid","evs":{"hp":0,"atk":0,"def":0,"spa":252,"spd":4,"spe":252},"ivs":{"hp":31,"atk":30,"def":30,"spa":31,"spd":31,"spe":31}},{"name":"Victini","species":"Victini","item":"choicescarf","ability":"Victory Star","moves":["glaciate","energyball","boltstrike","vcreate"],"nature":"Hasty","evs":{"hp":0,"atk":252,"def":0,"spa":4,"spd":0,"spe":252},"ivs":{"hp":31,"atk":31,"def":31,"spa":31,"spd":31,"spe":31}},{"name":"Ninetales","species":"Ninetales","item":"heatrock","ability":"Drought","moves":["energyball","fireblast","toxic","psyshock"],"nature":"Timid","evs":{"hp":0,"atk":0,"def":0,"spa":252,"spd":4,"spe":252},"ivs":{"hp":31,"atk":31,"def":31,"spa":31,"spd":31,"spe":31}},{"name":"Rotom-Heat","species":"Rotom-Heat","item":"lightclay","ability":"Levitate","moves":["reflect","lightscreen","voltswitch","overheat"],"nature":"Modest","evs":{"hp":248,"atk":0,"def":0,"spa":252,"spd":8,"spe":0},"ivs":{"hp":31,"atk":31,"def":31,"spa":31,"spd":31,"spe":31}},{"name":"Moltres","species":"Moltres","item":"leftovers","ability":"Pressure","moves":["defog","airslash","solarbeam","flamethrower"],"nature":"Modest","evs":{"hp":252,"atk":0,"def":0,"spa":252,"spd":4,"spe":0},"ivs":{"hp":31,"atk":31,"def":31,"spa":31,"spd":31,"spe":31}},{"name":"Combusken","species":"Combusken","item":"choiceband","ability":"Speed Boost","moves":["skyuppercut","flareblitz","thunderpunch","rockslide"],"nature":"Adamant","evs":{"hp":0,"atk":252,"def":0,"spa":0,"spd":4,"spe":252},"ivs":{"hp":31,"atk":31,"def":31,"spa":31,"spd":31,"spe":31}}],"log":["|player|p1|samuelwade223|290","|player|p2|MrNyanNyanz|mrnyannyanz.png","|gametype|singles","|gen|6","|tier|Monotype","|rated","|rule|Baton Pass Clause: Limit one Baton Passer, can't pass Spe and other stats simultaneously","|rule|Swagger Clause: Swagger is banned","|rule|Same Type Clause: Pokémon in a team must share a type","|clearpoke","|poke|p1|Tentacruel, M, shiny","|poke|p1|Crawdaunt, M, shiny","|poke|p1|Cloyster, M, shiny","|poke|p1|Rotom-Wash, shiny","|poke|p1|Starmie, shiny","|poke|p1|Lanturn, M, shiny","|poke|p2|Houndoom, M","|poke|p2|Victini","|poke|p2|Ninetales, M","|poke|p2|Rotom-Heat","|poke|p2|Moltres","|poke|p2|Combusken, F","|rule|Sleep Clause Mod: Limit one foe put to sleep","|rule|Species Clause: Limit one of each Pokémon","|rule|OHKO Clause: OHKO moves are banned","|rule|Moody Clause: Moody is banned","|rule|Evasion Moves Clause: Evasion moves are banned","|rule|Endless Battle Clause: Forcing endless battles is banned","|rule|HP Percentage Mod: HP is shown in percentages","|teampreview","|","|start","|switch|p1a: Tentacruel|Tentacruel, M, shiny|302/302","|switch|p2a: Ninetales|Ninetales, M|287/287","|-weather|SunnyDay","|turn|1","|","|move|p2a: Ninetales|Psyshock|p1a: Tentacruel","|-supereffective|p1a: Tentacruel","|-damage|p1a: Tentacruel|160/302","|move|p1a: Tentacruel|Toxic Spikes|p2a: Ninetales","|-sidestart|p2: MrNyanNyanz|move: Toxic Spikes","|","|-weather|SunnyDay|[upkeep]","|-heal|p1a: Tentacruel|178/302|[from] item: Black Sludge","|turn|2","|","|move|p2a: Ninetales|Energy Ball|p1a: Tentacruel","|-damage|p1a: Tentacruel|128/302","|move|p1a: Tentacruel|Scald|p2a: Ninetales","|-supereffective|p2a: Ninetales","|-damage|p2a: Ninetales|207/287","|","|-weather|SunnyDay|[upkeep]","|-heal|p1a: Tentacruel|146/302|[from] item: Black Sludge","|turn|3","|","|move|p2a: Ninetales|Psyshock|p1a: Tentacruel","|-supereffective|p1a: Tentacruel","|-damage|p1a: Tentacruel|4/302","|move|p1a: Tentacruel|Toxic Spikes|p2a: Ninetales","|-sidestart|p2: MrNyanNyanz|move: Toxic Spikes","|","|-weather|SunnyDay|[upkeep]","|-heal|p1a: Tentacruel|22/302|[from] item: Black Sludge","|turn|4","|","|move|p2a: Ninetales|Energy Ball|p1a: Tentacruel","|-damage|p1a: Tentacruel|0 fnt","|faint|p1a: Tentacruel","|","|-weather|SunnyDay|[upkeep]","|","|switch|p1a: Crawdaunt|Crawdaunt, M, shiny|267/267","|turn|5","|","|switch|p2a: Rotom-Heat|Rotom-Heat|303/303","|move|p1a: Crawdaunt|Waterfall|p2a: Rotom-Heat","|-supereffective|p2a: Rotom-Heat","|-damage|p2a: Rotom-Heat|147/303","|","|-weather|SunnyDay|[upkeep]","|turn|6","|","|move|p1a: Crawdaunt|Waterfall|p2a: Rotom-Heat","|-supereffective|p2a: Rotom-Heat","|-damage|p2a: Rotom-Heat|0 fnt","|faint|p2a: Rotom-Heat","|","|-weather|SunnyDay|[upkeep]","|","|switch|p2a: Victini|Victini|341/341","|-status|p2a: Victini|tox","|turn|7","|","|move|p2a: Victini|Bolt Strike|p1a: Crawdaunt","|-supereffective|p1a: Crawdaunt","|-enditem|p1a: Crawdaunt|Focus Sash","|-damage|p1a: Crawdaunt|1/267","|move|p1a: Crawdaunt|Waterfall|p2a: Victini","|-supereffective|p2a: Victini","|-damage|p2a: Victini|145/341 tox","|","|-weather|SunnyDay|[upkeep]","|-damage|p2a: Victini|124/341 tox|[from] psn","|turn|8","|","|move|p2a: Victini|Bolt Strike|p1a: Crawdaunt","|-supereffective|p1a: Crawdaunt","|-damage|p1a: Crawdaunt|0 fnt","|faint|p1a: Crawdaunt","|","|-weather|none","|-damage|p2a: Victini|82/341 tox|[from] psn","|","|switch|p1a: Rotom-Wash|Rotom-Wash, shiny|242/242","|turn|9","|","|move|p2a: Victini|Bolt Strike|p1a: Rotom-Wash","|-damage|p1a: Rotom-Wash|124/242","|move|p1a: Rotom-Wash|Hydro Pump|p2a: Victini","|-supereffective|p2a: Victini","|-damage|p2a: Victini|0 fnt","|faint|p2a: Victini","|","|-heal|p1a: Rotom-Wash|139/242|[from] item: Leftovers","|","|switch|p2a: Ninetales|Ninetales, M|207/287","|-status|p2a: Ninetales|tox","|-weather|SunnyDay","|turn|10","|","|move|p2a: Ninetales|Energy Ball|p1a: Rotom-Wash","|-supereffective|p1a: Rotom-Wash","|-damage|p1a: Rotom-Wash|0 fnt","|faint|p1a: Rotom-Wash","|","|-weather|SunnyDay|[upkeep]","|-damage|p2a: Ninetales|190/287 tox|[from] psn","|","|switch|p1a: Lanturn|Lanturn, M, shiny|454/454","|turn|11","|","|move|p2a: Ninetales|Toxic|p1a: Lanturn","|-status|p1a: Lanturn|tox","|move|p1a: Lanturn|Surf|p2a: Ninetales","|-supereffective|p2a: Ninetales","|-damage|p2a: Ninetales|104/287 tox","|","|-weather|SunnyDay|[upkeep]","|-damage|p2a: Ninetales|70/287 tox|[from] psn","|-damage|p1a: Lanturn|426/454 tox|[from] psn","|turn|12","|","|switch|p2a: Moltres|Moltres|384/384","|-ability|p2a: Moltres|Pressure","|move|p1a: Lanturn|Heal Bell|p1a: Lanturn","|-cureteam|p1a: Lanturn|[from] move: HealBell","|","|-weather|SunnyDay|[upkeep]","|-heal|p1a: Lanturn|454/454|[from] item: Leftovers","|turn|13","|","|move|p2a: Moltres|Defog|p1a: Lanturn","|-unboost|p1a: Lanturn|evasion|1","|-sideend|p2: MrNyanNyanz|Toxic Spikes|[from] move: Defog|[of] p2a: Moltres","|move|p1a: Lanturn|Thunderbolt|p2a: Moltres","|-supereffective|p2a: Moltres","|-damage|p2a: Moltres|180/384","|","|-weather|SunnyDay|[upkeep]","|-heal|p2a: Moltres|204/384|[from] item: Leftovers","|turn|14","|","|move|p2a: Moltres|Solar Beam|p1a: Lanturn|[still]","|-prepare|p2a: Moltres|Solar Beam|p1a: Lanturn","|-anim|p2a: Moltres|Solar Beam|p1a: Lanturn","|-supereffective|p1a: Lanturn","|-damage|p1a: Lanturn|116/454","|move|p1a: Lanturn|Surf|p2a: Moltres","|-supereffective|p2a: Moltres","|-damage|p2a: Moltres|114/384","|","|-weather|SunnyDay|[upkeep]","|-heal|p2a: Moltres|138/384|[from] item: Leftovers","|-heal|p1a: Lanturn|144/454|[from] item: Leftovers","|turn|15","|","|move|p2a: Moltres|Solar Beam|p1a: Lanturn|[still]","|-prepare|p2a: Moltres|Solar Beam|p1a: Lanturn","|-anim|p2a: Moltres|Solar Beam|p1a: Lanturn","|-supereffective|p1a: Lanturn","|-damage|p1a: Lanturn|0 fnt","|faint|p1a: Lanturn","|","|-weather|SunnyDay|[upkeep]","|-heal|p2a: Moltres|162/384|[from] item: Leftovers","|","|switch|p1a: Starmie|Starmie, shiny|261/261","|turn|16","|","|move|p1a: Starmie|Surf|p2a: Moltres","|-supereffective|p2a: Moltres","|-damage|p2a: Moltres|0 fnt","|-damage|p1a: Starmie|235/261|[from] item: Life Orb","|faint|p2a: Moltres","|","|-weather|SunnyDay|[upkeep]","|","|switch|p2a: Houndoom|Houndoom, M|291/291","|turn|17","|","|detailschange|p2a: Houndoom|Houndoom-Mega, M","|-mega|p2a: Houndoom|Houndoom|Houndoominite","|move|p1a: Starmie|Thunder Wave|p2a: Houndoom","|-status|p2a: Houndoom|par","|move|p2a: Houndoom|Dark Pulse|p1a: Starmie","|-supereffective|p1a: Starmie","|-damage|p1a: Starmie|0 fnt","|faint|p1a: Starmie","|","|-weather|none","|","|switch|p1a: Cloyster|Cloyster, M, shiny|242/242","|turn|18","|","|move|p1a: Cloyster|Shell Smash|p1a: Cloyster","|-unboost|p1a: Cloyster|def|1","|-unboost|p1a: Cloyster|spd|1","|-boost|p1a: Cloyster|atk|2","|-boost|p1a: Cloyster|spa|2","|-boost|p1a: Cloyster|spe|2","|move|p2a: Houndoom|Dark Pulse|p1a: Cloyster","|-enditem|p1a: Cloyster|Focus Sash","|-damage|p1a: Cloyster|1/242","|","|turn|19","|","|switch|p2a: Ninetales|Ninetales, M|70/287 tox","|-weather|SunnyDay","|move|p1a: Cloyster|Rock Blast|p2a: Ninetales","|-supereffective|p2a: Ninetales","|-damage|p2a: Ninetales|0 fnt","|-hitcount|p2a: Ninetales|1","|faint|p2a: Ninetales","|","|-weather|SunnyDay|[upkeep]","|","|switch|p2a: Combusken|Combusken, F|261/261","|turn|20","|","|move|p1a: Cloyster|Rock Blast|p2a: Combusken","|-damage|p2a: Combusken|188/261","|-damage|p2a: Combusken|110/261","|-crit|p2a: Combusken","|-damage|p2a: Combusken|0 fnt","|-hitcount|p2a: Combusken|3","|faint|p2a: Combusken","|","|-weather|SunnyDay|[upkeep]","|","|switch|p2a: Houndoom|Houndoom-Mega, M|291/291 par","|turn|21","|","|move|p1a: Cloyster|Rock Blast|p2a: Houndoom","|-supereffective|p2a: Houndoom","|-damage|p2a: Houndoom|183/291 par","|-supereffective|p2a: Houndoom","|-damage|p2a: Houndoom|59/291 par","|-supereffective|p2a: Houndoom","|-damage|p2a: Houndoom|0 fnt","|-hitcount|p2a: Houndoom|3","|faint|p2a: Houndoom","|","|win|samuelwade223"],"p1rating":{"entryid":"7061762","serverid":"eos","formatid":"monotype","userid":"samuelwade223","username":"samuelwade223","w":15,"l":"33","t":"0","gxe":35.5,"r":1375.6405569065,"rd":51.973667538137,"sigma":"0","rptime":1438765200,"rpr":1386.253382213,"rprd":51.498153068811,"rpsigma":"0","acre":1090.962716351,"lacre":1090.962716351,"oldacre":"1052.7352897497"},"p2rating":{"entryid":"6703862","serverid":"eos","formatid":"monotype","userid":"mrnyannyanz","username":"MrNyanNyanz","w":"56","l":48,"t":"0","gxe":52.3,"r":"1523.6934120986","rd":"36.603604249754","sigma":"0","rptime":"1438765200","rpr":1517.6959533204,"rprd":35.626617061718,"rpsigma":"0","acre":1090.2353833735,"lacre":1090.2353833735,"oldacre":"1120.017072524"},"endType":"normal"}