{"seed":[6399,23527,60031,11454],"turns":20,"p1":"Topaz~Pikel","p2":"LightOfAKnowing","p1team":[{"name":"Bridezilla","species":"gardevoir","item":"gardevoirite","ability":"Trace","moves":["hypervoice","psyshock","calmmind","shadowball"],"nature":"Timid","evs":{"hp":0,"atk":0,"def":0,"spa":252,"spd":4,"spe":252},"ivs":{"hp":31,"atk":31,"def":31,"spa":31,"spd":31,"spe":31}},{"name":"BR34ST L3GZ","species":"medicham","item":"choiceband","ability":"Pure Power","moves":["highjumpkick","zenheadbutt","icepunch","bulletpunch"],"nature":"Jolly","evs":{"hp":0,"atk":252,"def":0,"spa":0,"spd":4,"spe":252},"ivs":{"hp":31,"atk":31,"def":31,"spa":31,"spd":31,"spe":31}},{"name":"BarsForEons","species":"latios","item":"lifeorb","ability":"Levitate","moves":["defog","dracometeor","psyshock","hiddenpowerfire"],"nature":"Timid","evs":{"hp":0,"atk":0,"def":0,"spa":252,"spd":4,"spe":252},"ivs":{"hp":31,"atk":30,"def":31,"spa":30,"spd":31,"spe":30}},{"name":"Zarel","species":"meloetta","item":"choicespecs","ability":"Serene Grace","moves":["shadowball","thunderbolt","hypervoice","psychic"],"nature":"Timid","evs":{"hp":0,"atk":0,"def":4,"spa":252,"spd":0,"spe":252},"ivs":{"hp":31,"atk":31,"def":31,"spa":31,"spd":31,"spe":31}},{"name":"Wish Maker","species":"jirachi","item":"leftovers","ability":"Serene Grace","moves":["stealthrock","wish","thunderwave","ironhead"],"nature":"Jolly","evs":{"hp":252,"atk":0,"def":56,"spa":0,"spd":52,"spe":148},"ivs":{"hp":31,"atk":31,"def":31,"spa":31,"spd":31,"spe":31}},{"name":"V1C70RY","species":"victini","item":"choicescarf","ability":"Victory Star","moves":["boltstrike","zenheadbutt","uturn","vcreate"],"nature":"Jolly","evs":{"hp":0,"atk":252,"def":0,"spa":0,"spd":4,"spe":252},"ivs":{"hp":31,"atk":31,"def":31,"spa":31,"spd":31,"spe":31}}],"p2team":[{"name":"Roserade","species":"Roserade","item":"choicescarf","ability":"Technician","moves":["weatherball","sludgebomb","gigadrain","sleeppowder"],"nature":"Timid","evs":{"hp":0,"atk":0,"def":0,"spa":252,"spd":4,"spe":252},"ivs":{"hp":31,"atk":30,"def":30,"spa":31,"spd":31,"spe":31}},{"name":"Ludicolo","species":"Ludicolo","item":"damprock","ability":"Swift Swim","moves":["raindance","icebeam","scald","focusblast"],"nature":"Modest","evs":{"hp":0,"atk":0,"def":0,"spa":252,"spd":4,"spe":252},"ivs":{"hp":31,"atk":31,"def":31,"spa":31,"spd":31,"spe":31}},{"name":"Ferrothorn","species":"Ferrothorn","item":"rockyhelmet","ability":"Iron Barbs","moves":["leechseed","powerwhip","ironhead","stealthrock"],"nature":"Impish","evs":{"hp":248,"atk":8,"def":252,"spa":0,"spd":0,"spe":0},"ivs":{"hp":31,"atk":31,"def":31,"spa":31,"spd":31,"spe":31}},{"name":"Sawsbuck","species":"Sawsbuck","item":"heatrock","ability":"Chlorophyll","moves":["sunnyday","hornleech","frustration","jumpkick"],"nature":"Adamant","evs":{"hp":0,"atk":252,"def":0,"spa":0,"spd":4,"spe":252},"happiness":0,"ivs":{"hp":31,"atk":31,"def":31,"spa":31,"spd":31,"spe":31}},{"name":"Venusaur","species":"Venusaur","item":"venusaurite","ability":"Chlorophyll","moves":["sleeppowder","synthesis","sludgebomb","energyball"],"nature":"Modest","evs":{"hp":0,"atk":0,"def":0,"spa":252,"spd":4,"spe":252},"ivs":{"hp":31,"atk":31,"def":31,"spa":31,"spd":31,"spe":31}},{"name":"Cradily","species":"Cradily","item":"assaultvest","ability":"Storm Drain","moves":["ancientpower","earthpower","gigadrain","recover"],"nature":"Modest","evs":{"hp":248,"atk":0,"def":0,"spa":252,"spd":8,"spe":0},"ivs":{"hp":31,"atk":31,"def":31,"spa":31,"spd":31,"spe":31}}],"log":["|player|p1|Topaz~Pikel|164","|player|p2|LightOfAKnowing|lightofaknowing.gif","|gametype|singles","|gen|6","|tier|Monotype","|rated","|rule|Baton Pass Clause: Limit one Baton Passer, can't pass Spe and other stats simultaneously","|rule|Swagger Clause: Swagger is banned","|rule|Same Type Clause: Pokémon in a team must share a type","|clearpoke","|poke|p1|Gardevoir, F","|poke|p1|Medicham, M","|poke|p1|Latios, M","|poke|p1|Meloetta","|poke|p1|Jirachi","|poke|p1|Victini","|poke|p2|Roserade, F","|poke|p2|Ludicolo, M","|poke|p2|Ferrothorn, M","|poke|p2|Sawsbuck, M","|poke|p2|Venusaur, F","|poke|p2|Cradily, M","|rule|Sleep Clause Mod: Limit one foe put to sleep","|rule|Species Clause: Limit one of each Pokémon","|rule|OHKO Clause: OHKO moves are banned","|rule|Moody Clause: Moody is banned","|rule|Evasion Moves Clause: Evasion moves are banned","|rule|Endless Battle Clause: Forcing endless battles is banned","|rule|HP Percentage Mod: HP is shown in percentages","|teampreview","|","|start","|switch|p1a: Bridezilla|Gardevoir, F|277/277","|switch|p2a: Roserade|Roserade, F|261/261","|-ability|p1a: Bridezilla|Technician|[from] ability: Trace|[of] p2a: Roserade","|turn|1","|","|switch|p1a: Wish Maker|Jirachi|404/404","|move|p2a: Roserade|Sludge Bomb|p1a: Wish Maker","|-immune|p1a: Wish Maker|[msg]","|","|turn|2","|","|switch|p2a: Ferrothorn|Ferrothorn, M|351/351","|move|p1a: Wish Maker|Stealth Rock|p2a: Ferrothorn","|-sidestart|p2: LightOfAKnowing|move: Stealth Rock","|","|turn|3","|","|switch|p1a: V1C70RY|Victini|341/341","|move|p2a: Ferrothorn|Stealth Rock|p1a: V1C70RY","|-sidestart|p1: Topaz~Pikel|move: Stealth Rock","|","|turn|4","|","|move|p1a: V1C70RY|V-create|p2a: Ferrothorn","|-supereffective|p2a: Ferrothorn","|-damage|p2a: Ferrothorn|0 fnt","|-damage|p1a: V1C70RY|299/341|[from] ability: Iron Barbs|[of] p2a: Ferrothorn","|-damage|p1a: V1C70RY|243/341|[from] item: Rocky Helmet|[of] p2a: Ferrothorn","|-unboost|p1a: V1C70RY|spe|1","|-unboost|p1a: V1C70RY|def|1","|-unboost|p1a: V1C70RY|spd|1","|faint|p2a: Ferrothorn","|","|","|switch|p2a: Cradily|Cradily, M|375/375","|-damage|p2a: Cradily|329/375|[from] Stealth Rock","|turn|5","|","|move|p1a: V1C70RY|V-create|p2a: Cradily","|-damage|p2a: Cradily|38/375","|-unboost|p1a: V1C70RY|spe|1","|-unboost|p1a: V1C70RY|def|1","|-unboost|p1a: V1C70RY|spd|1","|move|p2a: Cradily|Ancient Power|p1a: V1C70RY","|-supereffective|p1a: V1C70RY","|-damage|p1a: V1C70RY|0 fnt","|faint|p1a: V1C70RY","|","|","|switch|p1a: BR34ST L3GZ|Medicham, M|261/261","|-damage|p1a: BR34ST L3GZ|245/261|[from] Stealth Rock","|turn|6","|","|move|p1a: BR34ST L3GZ|High Jump Kick|p2a: Cradily","|-supereffective|p2a: Cradily","|-damage|p2a: Cradily|0 fnt","|faint|p2a: Cradily","|","|","|switch|p2a: Roserade|Roserade, F|261/261","|-damage|p2a: Roserade|229/261|[from] Stealth Rock","|turn|7","|","|switch|p1a: Wish Maker|Jirachi|404/404","|-damage|p1a: Wish Maker|379/404|[from] Stealth Rock","|move|p2a: Roserade|Sleep Powder|p1a: Wish Maker","|-status|p1a: Wish Maker|slp","|","|-heal|p1a: Wish Maker|404/404 slp|[from] item: Leftovers","|turn|8","|","|switch|p2a: Ludicolo|Ludicolo, M|301/301","|-damage|p2a: Ludicolo|264/301|[from] Stealth Rock","|switch|p1a: BarsForEons|Latios, M|301/301","|-damage|p1a: BarsForEons|264/301|[from] Stealth Rock","|","|turn|9","|","|move|p1a: BarsForEons|Draco Meteor|p2a: Ludicolo","|-damage|p2a: Ludicolo|0 fnt","|-unboost|p1a: BarsForEons|spa|2","|-damage|p1a: BarsForEons|234/301|[from] item: Life Orb","|faint|p2a: Ludicolo","|","|","|switch|p2a: Sawsbuck|Sawsbuck, M|301/301","|-damage|p2a: Sawsbuck|264/301|[from] Stealth Rock","|turn|10","|","|switch|p1a: Zarel|Meloetta|341/341","|-damage|p1a: Zarel|299/341|[from] Stealth Rock","|move|p2a: Sawsbuck|Sunny Day|p2a: Sawsbuck","|-weather|SunnyDay","|","|-weather|SunnyDay|[upkeep]","|turn|11","|","|move|p2a: Sawsbuck|Horn Leech|p1a: Zarel","|-damage|p1a: Zarel|137/341","|-heal|p2a: Sawsbuck|301/301|[from] drain|[of] p1a: Zarel","|move|p1a: Zarel|Psychic|p2a: Sawsbuck","|-damage|p2a: Sawsbuck|3/301","|","|-weather|SunnyDay|[upkeep]","|turn|12","|","|switch|p1a: BarsForEons|Latios, M|234/301","|-damage|p1a: BarsForEons|197/301|[from] Stealth Rock","|move|p2a: Sawsbuck|Horn Leech|p1a: BarsForEons","|-resisted|p1a: BarsForEons","|-damage|p1a: BarsForEons|127/301","|-heal|p2a: Sawsbuck|38/301|[from] drain|[of] p1a: BarsForEons","|","|-weather|SunnyDay|[upkeep]","|turn|13","|","|move|p2a: Sawsbuck|Frustration|p1a: BarsForEons","|-damage|p1a: BarsForEons|0 fnt","|faint|p1a: BarsForEons","|","|-weather|SunnyDay|[upkeep]","|","|switch|p1a: BR34ST L3GZ|Medicham, M|245/261","|-damage|p1a: BR34ST L3GZ|229/261|[from] Stealth Rock","|turn|14","|","|move|p1a: BR34ST L3GZ|Bullet Punch|p2a: Sawsbuck","|-crit|p2a: Sawsbuck","|-damage|p2a: Sawsbuck|0 fnt","|faint|p2a: Sawsbuck","|","|-weather|SunnyDay|[upkeep]","|","|switch|p2a: Venusaur|Venusaur, F|301/301","|-damage|p2a: Venusaur|264/301|[from] Stealth Rock","|turn|15","|","|move|p1a: BR34ST L3GZ|Bullet Punch|p2a: Venusaur","|-damage|p2a: Venusaur|161/301","|move|p2a: Venusaur|Energy Ball|p1a: BR34ST L3GZ","|-damage|p1a: BR34ST L3GZ|36/261","|","|-weather|SunnyDay|[upkeep]","|turn|16","|","|move|p1a: BR34ST L3GZ|Bullet Punch|p2a: Venusaur","|-damage|p2a: Venusaur|63/301","|move|p2a: Venusaur|Synthesis|p2a: Venusaur","|-heal|p2a: Venusaur|264/301","|","|-weather|SunnyDay|[upkeep]","|turn|17","|","|move|p1a: BR34ST L3GZ|Bullet Punch|p2a: Venusaur","|-damage|p2a: Venusaur|157/301","|move|p2a: Venusaur|Energy Ball|p1a: BR34ST L3GZ","|-damage|p1a: BR34ST L3GZ|0 fnt","|faint|p1a: BR34ST L3GZ","|","|-weather|none","|","|switch|p1a: Zarel|Meloetta|137/341","|-damage|p1a: Zarel|95/341|[from] Stealth Rock","|turn|18","|","|detailschange|p2a: Venusaur|Venusaur-Mega, F","|-mega|p2a: Venusaur|Venusaur|Venusaurite","|move|p1a: Zarel|Psychic|p2a: Venusaur","|-supereffective|p2a: Venusaur","|-damage|p2a: Venusaur|0 fnt","|faint|p2a: Venusaur","|","|","|switch|p2a: Roserade|Roserade, F|229/261","|-damage|p2a: Roserade|197/261|[from] Stealth Rock","|turn|19","|","|move|p2a: Roserade|Giga Drain|p1a: Zarel","|-damage|p1a: Zarel|0 fnt","|-heal|p2a: Roserade|245/261|[from] drain|[of] p1a: Zarel","|faint|p1a: Zarel","|","|","|switch|p1a: Bridezilla|Gardevoir, F|277/277","|-damage|p1a: Bridezilla|243/277|[from] Stealth Rock","|-ability|p1a: Bridezilla|Technician|[from] ability: Trace|[of] p2a: Roserade","|turn|20","|","|detailschange|p1a: Bridezilla|Gardevoir-Mega, F","|-mega|p1a: Bridezilla|Gardevoir|Gardevoirite","|move|p2a: Roserade|Giga Drain|p1a: Bridezilla","|-crit|p1a: Bridezilla","|-damage|p1a: Bridezilla|84/277","|-heal|p2a: Roserade|261/261|[from] drain|[of] p1a: Bridezilla","|move|p1a: Bridezilla|Psyshock|p2a: Roserade","|-supereffective|p2a: Roserade","|-damage|p2a: Roserade|0 fnt","|faint|p2a: Roserade","|","|win|Topaz~Pikel"],"p1rating":{"entryid":"7419563","serverid":"eos","formatid":"monotype","userid":"topazpikel","username":"Topaz~Pikel","w":10,"l":"0","t":"0","gxe":74.2,"r":"1500","rd":"130","sigma":"0","rptime":"1438765200","rpr":1704.7429363358,"rprd":86.873976269044,"rpsigma":"0","acre":1253.8698910772,"lacre":1253.8698910772,"oldacre":"1240.0348391488"},"p2rating":{"entryid":"6481865","serverid":"eos","formatid":"monotype","userid":"lightofaknowing","username":"Light-Of-A-Knowing","w":"114","l":155,"t":"0","gxe":41.1,"r":"1438.6023850998","rd":"30.127556242615","sigma":"0","rptime":"1438765200","rpr":1432.3726981259,"rprd":29.572352991854,"rpsigma":"0","acre":1061.5089460517,"lacre":1061.5089460517,"oldacre":"1073.1120182364"},"endType":"normal"}