{"seed":[22655,58053,43089,31979],"turns":22,"p1":"Sage.13","p2":"Union Wevrm","p1team":[{"name":"King Ludi","species":"ludicolo","item":"leftovers","ability":"Swift Swim","moves":["teeterdance","scald","icebeam","gigadrain"],"nature":"Modest","evs":{"hp":0,"atk":0,"def":0,"spa":252,"spd":4,"spe":252},"shiny":true,"ivs":{"hp":31,"atk":31,"def":31,"spa":31,"spd":31,"spe":31}},{"name":"Azul","species":"azumarill","item":"sitrusberry","ability":"Huge Power","moves":["aquajet","playrough","bellydrum","knockoff"],"nature":"Adamant","evs":{"hp":252,"atk":252,"def":0,"spa":0,"spd":4,"spe":0},"shiny":true,"ivs":{"hp":31,"atk":31,"def":31,"spa":31,"spd":31,"spe":31}},{"name":"Swampert","species":"Swampert","item":"swampertite","ability":"Damp","moves":["superpower","waterfall","earthquake","icepunch"],"nature":"Adamant","evs":{"hp":248,"atk":252,"def":0,"spa":0,"spd":8,"spe":0},"ivs":{"hp":31,"atk":31,"def":31,"spa":31,"spd":31,"spe":31}},{"name":"Milo","species":"milotic","item":"leftovers","ability":"Competitive","moves":["scald","icebeam","raindance","toxic"],"nature":"Bold","evs":{"hp":252,"atk":0,"def":252,"spa":4,"spd":0,"spe":0},"shiny":true,"ivs":{"hp":31,"atk":31,"def":31,"spa":31,"spd":31,"spe":31}},{"name":"Politoed","species":"Politoed","item":"widelens","ability":"Drizzle","moves":["icebeam","surf","hypnosis","perishsong"],"nature":"Modest","evs":{"hp":248,"atk":0,"def":0,"spa":252,"spd":8,"spe":0},"shiny":true,"ivs":{"hp":31,"atk":31,"def":31,"spa":31,"spd":31,"spe":31}},{"name":"Slowking","species":"Slowking","item":"assaultvest","ability":"Regenerator","moves":["futuresight","surf","flamethrower","icebeam"],"nature":"Modest","evs":{"hp":248,"atk":0,"def":0,"spa":252,"spd":8,"spe":0},"shiny":true,"ivs":{"hp":31,"atk":31,"def":31,"spa":31,"spd":31,"spe":31}}],"p2team":[{"name":"Skarmory","species":"Skarmory","item":"leftovers","ability":"Sturdy","moves":["bravebird","defog","stealthrock","roost"],"nature":"Impish","evs":{"hp":252,"atk":0,"def":232,"spa":0,"spd":0,"spe":24},"ivs":{"hp":31,"atk":31,"def":31,"spa":31,"spd":31,"spe":31}},{"name":"Metagross","species":"Metagross","item":"airballoon","ability":"Light Metal","moves":["bulletpunch","meteormash","zenheadbutt","earthquake"],"nature":"Adamant","evs":{"hp":3,"atk":252,"def":0,"spa":0,"spd":1,"spe":252},"ivs":{"hp":31,"atk":31,"def":31,"spa":31,"spd":31,"spe":31}},{"name":"Scizor","species":"Scizor","item":"scizorite","ability":"Technician","moves":["bulletpunch","bugbite","roost","swordsdance"],"nature":"Adamant","evs":{"hp":4,"atk":252,"def":0,"spa":0,"spd":0,"spe":252},"ivs":{"hp":31,"atk":31,"def":31,"spa":31,"spd":31,"spe":31}},{"name":"Lucario","species":"Lucario","item":"airballoon","ability":"Justified","moves":["vacuumwave","nastyplot","aurasphere","flashcannon"],"nature":"Timid","evs":{"hp":0,"atk":0,"def":0,"spa":252,"spd":4,"spe":252},"ivs":{"hp":31,"atk":31,"def":31,"spa":31,"spd":31,"spe":31}},{"name":"Heatran","species":"Heatran","item":"airballoon","ability":"Flash Fire","moves":["lavaplume","toxic","protect","willowisp"],"nature":"Calm","evs":{"hp":252,"atk":0,"def":0,"spa":4,"spd":252,"spe":0},"ivs":{"hp":31,"atk":31,"def":31,"spa":31,"spd":31,"spe":31}},{"name":"Jirachi","species":"Jirachi","item":"leftovers","ability":"Serene Grace","moves":["bodyslam","ironhead","zenheadbutt","thunderpunch"],"nature":"","evs":{"hp":4,"atk":252,"def":0,"spa":0,"spd":0,"spe":252},"ivs":{"hp":31,"atk":31,"def":31,"spa":31,"spd":31,"spe":31}}],"log":["|player|p1|Sage.13|154","|player|p2|Union Wevrm|unionwevrm.png","|gametype|singles","|gen|6","|tier|Monotype","|rated","|rule|Baton Pass Clause: Limit one Baton Passer, can't pass Spe and other stats simultaneously","|rule|Swagger Clause: Swagger is banned","|rule|Same Type Clause: Pokémon in a team must share a type","|clearpoke","|poke|p1|Ludicolo, F, shiny","|poke|p1|Azumarill, M, shiny","|poke|p1|Swampert, F","|poke|p1|Milotic, M, shiny","|poke|p1|Politoed, F, shiny","|poke|p1|Slowking, M, shiny","|poke|p2|Skarmory, F","|poke|p2|Metagross","|poke|p2|Scizor, M","|poke|p2|Lucario, M","|poke|p2|Heatran, F","|poke|p2|Jirachi","|rule|Sleep Clause Mod: Limit one foe put to sleep","|rule|Species Clause: Limit one of each Pokémon","|rule|OHKO Clause: OHKO moves are banned","|rule|Moody Clause: Moody is banned","|rule|Evasion Moves Clause: Evasion moves are banned","|rule|Endless Battle Clause: Forcing endless battles is banned","|rule|HP Percentage Mod: HP is shown in percentages","|teampreview","|","|start","|switch|p1a: Milo|Milotic, M, shiny|394/394","|switch|p2a: Skarmory|Skarmory, F|334/334","|turn|1","|","|move|p1a: Milo|Scald|p2a: Skarmory","|-damage|p2a: Skarmory|207/334","|move|p2a: Skarmory|Stealth Rock|p1a: Milo","|-sidestart|p1: Sage.13|move: Stealth Rock","|","|-heal|p2a: Skarmory|227/334|[from] item: Leftovers","|turn|2","|","|move|p1a: Milo|Rain Dance|p1a: Milo","|-weather|RainDance","|move|p2a: Skarmory|Roost|p2a: Skarmory","|-heal|p2a: Skarmory|334/334","|","|-weather|RainDance|[upkeep]","|turn|3","|","|move|p1a: Milo|Scald|p2a: Skarmory","|-damage|p2a: Skarmory|148/334","|move|p2a: Skarmory|Brave Bird|p1a: Milo","|-damage|p1a: Milo|297/394","|-damage|p2a: Skarmory|116/334|[from] recoil|[of] p1a: Milo","|","|-weather|RainDance|[upkeep]","|-heal|p1a: Milo|321/394|[from] item: Leftovers","|-heal|p2a: Skarmory|136/334|[from] item: Leftovers","|turn|4","|","|move|p1a: Milo|Scald|p2a: Skarmory","|-damage|p2a: Skarmory|0 fnt","|faint|p2a: Skarmory","|","|-weather|RainDance|[upkeep]","|-heal|p1a: Milo|345/394|[from] item: Leftovers","|","|switch|p2a: Lucario|Lucario, M|281/281","|-item|p2a: Lucario|Air Balloon","|turn|5","|","|move|p2a: Lucario|Aura Sphere|p1a: Milo","|-damage|p1a: Milo|233/394","|move|p1a: Milo|Scald|p2a: Lucario","|-damage|p2a: Lucario|100/281","|-enditem|p2a: Lucario|Air Balloon","|","|-weather|RainDance|[upkeep]","|-heal|p1a: Milo|257/394|[from] item: Leftovers","|turn|6","|","|move|p2a: Lucario|Aura Sphere|p1a: Milo","|-damage|p1a: Milo|143/394","|move|p1a: Milo|Scald|p2a: Lucario","|-damage|p2a: Lucario|0 fnt","|faint|p2a: Lucario","|","|-weather|none","|-heal|p1a: Milo|167/394|[from] item: Leftovers","|","|switch|p2a: Metagross|Metagross|301/301","|-item|p2a: Metagross|Air Balloon","|turn|7","|","|switch|p1a: Politoed|Politoed, F, shiny|383/383","|-damage|p1a: Politoed|336/383|[from] Stealth Rock","|-weather|RainDance","|move|p2a: Metagross|Zen Headbutt|p1a: Politoed","|-damage|p1a: Politoed|141/383","|","|-weather|RainDance|[upkeep]","|turn|8","|","|move|p2a: Metagross|Zen Headbutt|p1a: Politoed","|-damage|p1a: Politoed|0 fnt","|faint|p1a: Politoed","|","|-weather|RainDance|[upkeep]","|","|switch|p1a: Swampert|Swampert, F|403/403","|-damage|p1a: Swampert|378/403|[from] Stealth Rock","|turn|9","|","|detailschange|p1a: Swampert|Swampert-Mega, F","|-mega|p1a: Swampert|Swampert|Swampertite","|move|p2a: Metagross|Zen Headbutt|p1a: Swampert","|-damage|p1a: Swampert|224/403","|move|p1a: Swampert|Waterfall|p2a: Metagross","|-damage|p2a: Metagross|94/301","|-enditem|p2a: Metagross|Air Balloon","|","|-weather|RainDance|[upkeep]","|turn|10","|","|move|p1a: Swampert|Earthquake|p2a: Metagross","|-supereffective|p2a: Metagross","|-damage|p2a: Metagross|0 fnt","|faint|p2a: Metagross","|","|-weather|RainDance|[upkeep]","|","|switch|p2a: Jirachi|Jirachi|342/342","|turn|11","|","|move|p1a: Swampert|Earthquake|p2a: Jirachi","|-supereffective|p2a: Jirachi","|-damage|p2a: Jirachi|0 fnt","|faint|p2a: Jirachi","|","|-weather|none","|","|switch|p2a: Scizor|Scizor, M|282/282","|turn|12","|","|detailschange|p2a: Scizor|Scizor-Mega, M","|-mega|p2a: Scizor|Scizor|Scizorite","|move|p2a: Scizor|Bug Bite|p1a: Swampert","|-damage|p1a: Swampert|50/403","|move|p1a: Swampert|Waterfall|p2a: Scizor","|-damage|p2a: Scizor|155/282","|","|turn|13","|","|switch|p1a: Azul|Azumarill, M, shiny|404/404","|-damage|p1a: Azul|354/404|[from] Stealth Rock","|move|p2a: Scizor|Bullet Punch|p1a: Azul","|-damage|p1a: Azul|210/404","|","|turn|14","|","|move|p1a: Azul|Aqua Jet|p2a: Scizor","|-damage|p2a: Scizor|92/282","|move|p2a: Scizor|Swords Dance|p2a: Scizor","|-boost|p2a: Scizor|atk|2","|","|turn|15","|","|move|p2a: Scizor|Bullet Punch|p1a: Azul","|-crit|p1a: Azul","|-damage|p1a: Azul|0 fnt","|faint|p1a: Azul","|","|","|switch|p1a: Milo|Milotic, M, shiny|167/394","|-damage|p1a: Milo|118/394|[from] Stealth Rock","|turn|16","|","|move|p2a: Scizor|Bullet Punch|p1a: Milo","|-resisted|p1a: Milo","|-damage|p1a: Milo|18/394","|move|p1a: Milo|Rain Dance|p1a: Milo","|-weather|RainDance","|","|-weather|RainDance|[upkeep]","|-heal|p1a: Milo|42/394|[from] item: Leftovers","|turn|17","|","|move|p2a: Scizor|Bullet Punch|p1a: Milo","|-resisted|p1a: Milo","|-damage|p1a: Milo|0 fnt","|faint|p1a: Milo","|","|-weather|RainDance|[upkeep]","|","|switch|p1a: King Ludi|Ludicolo, F, shiny|301/301","|-damage|p1a: King Ludi|264/301|[from] Stealth Rock","|turn|18","|","|move|p2a: Scizor|Bullet Punch|p1a: King Ludi","|-resisted|p1a: King Ludi","|-damage|p1a: King Ludi|80/301","|move|p1a: King Ludi|Scald|p2a: Scizor","|-crit|p2a: Scizor","|-damage|p2a: Scizor|0 fnt","|faint|p2a: Scizor","|","|-weather|RainDance|[upkeep]","|-heal|p1a: King Ludi|98/301|[from] item: Leftovers","|","|switch|p2a: Heatran|Heatran, F|386/386","|-item|p2a: Heatran|Air Balloon","|turn|19","|","|move|p2a: Heatran|Protect|p2a: Heatran","|-singleturn|p2a: Heatran|Protect","|move|p1a: King Ludi|Scald|p2a: Heatran","|-activate|p2a: Heatran|Protect","|","|-weather|RainDance|[upkeep]","|-heal|p1a: King Ludi|116/301|[from] item: Leftovers","|turn|20","|","|move|p1a: King Ludi|Scald|p2a: Heatran","|-supereffective|p2a: Heatran","|-damage|p2a: Heatran|144/386","|-enditem|p2a: Heatran|Air Balloon","|move|p2a: Heatran|Lava Plume|p1a: King Ludi","|-damage|p1a: King Ludi|59/301","|-status|p1a: King Ludi|brn","|","|-weather|none","|-heal|p1a: King Ludi|77/301 brn|[from] item: Leftovers","|-damage|p1a: King Ludi|40/301 brn|[from] brn","|turn|21","|","|move|p2a: Heatran|Protect|p2a: Heatran","|-singleturn|p2a: Heatran|Protect","|move|p1a: King Ludi|Scald|p2a: Heatran","|-activate|p2a: Heatran|Protect","|","|-heal|p1a: King Ludi|58/301 brn|[from] item: Leftovers","|-damage|p1a: King Ludi|21/301 brn|[from] brn","|turn|22","|","|move|p2a: Heatran|Protect|p2a: Heatran","|-fail|p2a: Heatran","|move|p1a: King Ludi|Scald|p2a: Heatran","|-crit|p2a: Heatran","|-supereffective|p2a: Heatran","|-damage|p2a: Heatran|0 fnt","|faint|p2a: Heatran","|","|win|Sage.13"],"p1rating":{"entryid":"7365108","serverid":"eos","formatid":"monotype","userid":"sage13","username":"Sage.13","w":12,"l":"13","t":"0","gxe":47.5,"r":"1520.4726778603","rd":"71.770328402829","sigma":"0","rptime":"1438678800","rpr":1480.6482310036,"rprd":63.909446649266,"rpsigma":"0","acre":1069.4002112105,"lacre":1069.4002112105,"oldacre":"1032.7613877154"},"p2rating":{"entryid":"7313146","serverid":"eos","formatid":"monotype","userid":"unionwevrm","username":"Union Wevrm","w":"5","l":17,"t":"0","gxe":29.5,"r":"1324.6660812542","rd":"82.454998635901","sigma":"0","rptime":"1438678800","rpr":1332.6212911407,"rprd":69.645891707665,"rpsigma":"0","acre":1030.1653974903,"lacre":1030.1653974903,"oldacre":"1048.1502743368"},"endType":"normal"}