{"seed":[34536,47133,62362,13999],"turns":21,"p1":"Sovereign♕Cactus","p2":"Void Who","p1team":[{"name":"Sharkisha","species":"swampert","item":"leftovers","ability":"Torrent","moves":["scald","earthquake","stealthrock","roar"],"nature":"Impish","evs":{"hp":252,"atk":4,"def":252,"spa":0,"spd":0,"spe":0},"gender":"M","shiny":true,"ivs":{"hp":31,"atk":31,"def":31,"spa":31,"spd":31,"spe":31}},{"name":"Butters","species":"azumarill","item":"choiceband","ability":"Sap Sipper","moves":["aquajet","icepunch","superpower","playrough"],"nature":"Adamant","evs":{"hp":248,"atk":252,"def":0,"spa":0,"spd":8,"spe":0},"gender":"M","shiny":true,"ivs":{"hp":31,"atk":31,"def":31,"spa":31,"spd":31,"spe":31}},{"name":"Mr.WasheeWashee","species":"rotomwash","item":"leftovers","ability":"Levitate","moves":["voltswitch","willowisp","hydropump","painsplit"],"nature":"Calm","evs":{"hp":252,"atk":0,"def":0,"spa":4,"spd":252,"spe":0},"ivs":{"hp":31,"atk":31,"def":31,"spa":31,"spd":31,"spe":31}},{"name":"TheHellThisThing?","species":"manaphy","item":"rindoberry","ability":"Hydration","moves":["tailglow","icebeam","psychic","surf"],"nature":"Timid","evs":{"hp":0,"atk":0,"def":0,"spa":252,"spd":4,"spe":252},"shiny":true,"ivs":{"hp":31,"atk":31,"def":31,"spa":31,"spd":31,"spe":31}},{"name":"Cotton The D-bag","species":"politoed","item":"choicespecs","ability":"Drizzle","moves":["focusblast","icebeam","scald","psychic"],"nature":"Modest","evs":{"hp":248,"atk":0,"def":0,"spa":252,"spd":8,"spe":0},"gender":"F","shiny":true,"ivs":{"hp":31,"atk":31,"def":31,"spa":31,"spd":31,"spe":31}},{"name":"Churro","species":"ludicolo","item":"lifeorb","ability":"Swift Swim","moves":["energyball","icebeam","focusblast","surf"],"nature":"Modest","evs":{"hp":0,"atk":0,"def":0,"spa":252,"spd":4,"spe":252},"shiny":true,"ivs":{"hp":31,"atk":31,"def":31,"spa":31,"spd":31,"spe":31}}],"p2team":[{"name":"Magnezone","species":"Magnezone","item":"choicescarf","ability":"Sturdy","moves":["flashcannon","voltswitch","hiddenpowerice","triattack"],"nature":"Timid","evs":{"hp":0,"atk":0,"def":0,"spa":252,"spd":4,"spe":252},"ivs":{"hp":31,"atk":30,"def":30,"spa":31,"spd":31,"spe":31}},{"name":"Rotom-Wash","species":"Rotom-Wash","item":"choicescarf","ability":"Levitate","moves":["willowisp","hydropump","voltswitch","trick"],"nature":"Timid","evs":{"hp":4,"atk":0,"def":0,"spa":252,"spd":0,"spe":252},"ivs":{"hp":31,"atk":31,"def":31,"spa":31,"spd":31,"spe":31}},{"name":"Thundurus","species":"Thundurus","item":"lifeorb","ability":"Prankster","moves":["taunt","knockoff","superpower","voltswitch"],"nature":"Jolly","evs":{"hp":0,"atk":252,"def":0,"spa":0,"spd":4,"spe":252},"ivs":{"hp":31,"atk":31,"def":31,"spa":31,"spd":31,"spe":31}},{"name":"Manectric","species":"Manectric","item":"manectite","ability":"Static","moves":["voltswitch","hiddenpowerice","overheat","thunderbolt"],"nature":"Timid","evs":{"hp":0,"atk":0,"def":0,"spa":252,"spd":4,"spe":252},"ivs":{"hp":31,"atk":30,"def":30,"spa":31,"spd":31,"spe":31}},{"name":"Zapdos","species":"Zapdos","item":"leftovers","ability":"Pressure","moves":["defog","roost","toxic","discharge"],"nature":"Calm","evs":{"hp":252,"atk":0,"def":0,"spa":4,"spd":252,"spe":0},"ivs":{"hp":31,"atk":31,"def":31,"spa":31,"spd":31,"spe":31}},{"name":"Electivire","species":"Electivire","item":"choicescarf","ability":"Vital Spirit","moves":["wildcharge","crosschop","earthquake","icepunch"],"nature":"Jolly","evs":{"hp":0,"atk":252,"def":0,"spa":0,"spd":4,"spe":252},"ivs":{"hp":31,"atk":31,"def":31,"spa":31,"spd":31,"spe":31}}],"log":["|player|p1|Sovereign♕Cactus|251","|player|p2|Void Who|voidwho.gif","|gametype|singles","|gen|6","|tier|Monotype","|rated","|rule|Baton Pass Clause: Limit one Baton Passer, can't pass Spe and other stats simultaneously","|rule|Swagger Clause: Swagger is banned","|rule|Same Type Clause: Pokémon in a team must share a type","|clearpoke","|poke|p1|Swampert, M, shiny","|poke|p1|Azumarill, M, shiny","|poke|p1|Rotom-Wash","|poke|p1|Manaphy, shiny","|poke|p1|Politoed, F, shiny","|poke|p1|Ludicolo, F, shiny","|poke|p2|Magnezone","|poke|p2|Rotom-Wash","|poke|p2|Thundurus, M","|poke|p2|Manectric, F","|poke|p2|Zapdos","|poke|p2|Electivire, F","|rule|Sleep Clause Mod: Limit one foe put to sleep","|rule|Species Clause: Limit one of each Pokémon","|rule|OHKO Clause: OHKO moves are banned","|rule|Moody Clause: Moody is banned","|rule|Evasion Moves Clause: Evasion moves are banned","|rule|Endless Battle Clause: Forcing endless battles is banned","|rule|HP Percentage Mod: HP is shown in percentages","|teampreview","|","|start","|switch|p1a: Sharkisha|Swampert, M, shiny|404/404","|switch|p2a: Rotom-Wash|Rotom-Wash|242/242","|turn|1","|","|move|p2a: Rotom-Wash|Will-O-Wisp|p1a: Sharkisha","|-status|p1a: Sharkisha|brn","|move|p1a: Sharkisha|Stealth Rock|p2a: Rotom-Wash","|-sidestart|p2: Void Who|move: Stealth Rock","|","|-damage|p1a: Sharkisha|354/404 brn|[from] brn","|turn|2","|","|switch|p2a: Zapdos|Zapdos|384/384","|-damage|p2a: Zapdos|288/384|[from] Stealth Rock","|-ability|p2a: Zapdos|Pressure","|switch|p1a: Cotton The D-bag|Politoed, F, shiny|383/383","|-weather|RainDance","|","|-weather|RainDance|[upkeep]","|-heal|p2a: Zapdos|312/384|[from] item: Leftovers","|turn|3","|","|move|p2a: Zapdos|Discharge|p1a: Cotton The D-bag","|-supereffective|p1a: Cotton The D-bag","|-damage|p1a: Cotton The D-bag|149/383","|-status|p1a: Cotton The D-bag|par","|cant|p1a: Cotton The D-bag|par","|","|-weather|RainDance|[upkeep]","|-heal|p2a: Zapdos|336/384|[from] item: Leftovers","|turn|4","|","|switch|p1a: Sharkisha|Swampert, M, shiny|354/404 brn","|move|p2a: Zapdos|Defog|p1a: Sharkisha","|-unboost|p1a: Sharkisha|evasion|1","|-sideend|p2: Void Who|Stealth Rock|[from] move: Defog|[of] p2a: Zapdos","|","|-weather|RainDance|[upkeep]","|-heal|p2a: Zapdos|360/384|[from] item: Leftovers","|-heal|p1a: Sharkisha|379/404 brn|[from] item: Leftovers","|-damage|p1a: Sharkisha|329/404 brn|[from] brn","|turn|5","|","|switch|p2a: Rotom-Wash|Rotom-Wash|242/242","|move|p1a: Sharkisha|Scald|p2a: Rotom-Wash","|-resisted|p2a: Rotom-Wash","|-damage|p2a: Rotom-Wash|191/242","|","|-weather|RainDance|[upkeep]","|-heal|p1a: Sharkisha|354/404 brn|[from] item: Leftovers","|-damage|p1a: Sharkisha|304/404 brn|[from] brn","|turn|6","|","|move|p2a: Rotom-Wash|Trick|p1a: Sharkisha","|-activate|p2a: Rotom-Wash|move: Trick|[of] p1a: Sharkisha","|-item|p1a: Sharkisha|Choice Scarf|[from] move: Trick","|-item|p2a: Rotom-Wash|Leftovers|[from] move: Trick","|move|p1a: Sharkisha|Stealth Rock|p2a: Rotom-Wash","|-sidestart|p2: Void Who|move: Stealth Rock","|","|-weather|none","|-heal|p2a: Rotom-Wash|206/242|[from] item: Leftovers","|-damage|p1a: Sharkisha|254/404 brn|[from] brn","|turn|7","|","|switch|p1a: Cotton The D-bag|Politoed, F, shiny|149/383 par","|-weather|RainDance","|move|p2a: Rotom-Wash|Hydro Pump|p1a: Cotton The D-bag","|-resisted|p1a: Cotton The D-bag","|-damage|p1a: Cotton The D-bag|26/383 par","|","|-weather|RainDance|[upkeep]","|-heal|p2a: Rotom-Wash|221/242|[from] item: Leftovers","|turn|8","|","|move|p2a: Rotom-Wash|Volt Switch|p1a: Cotton The D-bag","|-supereffective|p1a: Cotton The D-bag","|-damage|p1a: Cotton The D-bag|0 fnt","|faint|p1a: Cotton The D-bag","|","|switch|p2a: Zapdos|Zapdos|360/384","|-damage|p2a: Zapdos|264/384|[from] Stealth Rock","|-ability|p2a: Zapdos|Pressure","|","|-weather|RainDance|[upkeep]","|-heal|p2a: Zapdos|288/384|[from] item: Leftovers","|","|switch|p1a: Churro|Ludicolo, F, shiny|301/301","|turn|9","|","|move|p1a: Churro|Ice Beam|p2a: Zapdos","|-supereffective|p2a: Zapdos","|-damage|p2a: Zapdos|103/384","|-damage|p1a: Churro|271/301|[from] item: Life Orb","|move|p2a: Zapdos|Defog|p1a: Churro","|-unboost|p1a: Churro|evasion|1","|-sideend|p2: Void Who|Stealth Rock|[from] move: Defog|[of] p2a: Zapdos","|","|-weather|RainDance|[upkeep]","|-heal|p2a: Zapdos|127/384|[from] item: Leftovers","|turn|10","|","|switch|p2a: Magnezone|Magnezone|281/281","|move|p1a: Churro|Ice Beam|p2a: Magnezone","|-resisted|p2a: Magnezone","|-damage|p2a: Magnezone|215/281","|-damage|p1a: Churro|241/301|[from] item: Life Orb","|","|-weather|RainDance|[upkeep]","|turn|11","|","|move|p1a: Churro|Surf|p2a: Magnezone","|-damage|p2a: Magnezone|0 fnt","|-damage|p1a: Churro|211/301|[from] item: Life Orb","|faint|p2a: Magnezone","|","|-weather|none","|","|switch|p2a: Manectric|Manectric, F|281/281","|turn|12","|","|detailschange|p2a: Manectric|Manectric-Mega, F","|-mega|p2a: Manectric|Manectric|Manectite","|-ability|p2a: Manectric|Intimidate","|-unboost|p1a: Churro|atk|1","|move|p2a: Manectric|Thunderbolt|p1a: Churro","|-damage|p1a: Churro|58/301","|move|p1a: Churro|Surf|p2a: Manectric","|-damage|p2a: Manectric|70/281","|-damage|p1a: Churro|28/301|[from] item: Life Orb","|","|turn|13","|","|switch|p1a: Sharkisha|Swampert, M, shiny|254/404 brn","|move|p2a: Manectric|Thunderbolt|p1a: Sharkisha","|-immune|p1a: Sharkisha|[msg]","|","|-damage|p1a: Sharkisha|204/404 brn|[from] brn","|turn|14","|","|switch|p2a: Zapdos|Zapdos|127/384","|-ability|p2a: Zapdos|Pressure","|move|p1a: Sharkisha|Scald|p2a: Zapdos","|-crit|p2a: Zapdos","|-damage|p2a: Zapdos|40/384","|","|-heal|p2a: Zapdos|64/384|[from] item: Leftovers","|-damage|p1a: Sharkisha|154/404 brn|[from] brn","|turn|15","|","|move|p2a: Zapdos|Roost|p2a: Zapdos","|-heal|p2a: Zapdos|256/384","|move|p1a: Sharkisha|Scald|p2a: Zapdos","|-damage|p2a: Zapdos|201/384","|","|-heal|p2a: Zapdos|225/384|[from] item: Leftovers","|-damage|p1a: Sharkisha|104/404 brn|[from] brn","|turn|16","|","|move|p2a: Zapdos|Roost|p2a: Zapdos","|-heal|p2a: Zapdos|384/384","|move|p1a: Sharkisha|Scald|p2a: Zapdos","|-damage|p2a: Zapdos|303/384","|","|-heal|p2a: Zapdos|327/384|[from] item: Leftovers","|-damage|p1a: Sharkisha|54/404 brn|[from] brn","|turn|17","|","|move|p2a: Zapdos|Roost|p2a: Zapdos","|-heal|p2a: Zapdos|384/384","|move|p1a: Sharkisha|Scald|p2a: Zapdos","|-crit|p2a: Zapdos","|-damage|p2a: Zapdos|246/384","|","|-heal|p2a: Zapdos|270/384|[from] item: Leftovers","|-damage|p1a: Sharkisha|4/404 brn|[from] brn","|turn|18","|","|move|p2a: Zapdos|Roost|p2a: Zapdos","|-heal|p2a: Zapdos|384/384","|move|p1a: Sharkisha|Scald|p2a: Zapdos","|-damage|p2a: Zapdos|291/384","|-status|p2a: Zapdos|brn","|","|-heal|p2a: Zapdos|315/384 brn|[from] item: Leftovers","|-damage|p2a: Zapdos|267/384 brn|[from] brn","|-damage|p1a: Sharkisha|0 fnt|[from] brn","|faint|p1a: Sharkisha","|","|switch|p1a: TheHellThisThing?|Manaphy, shiny|341/341","|turn|19","|","|move|p1a: TheHellThisThing?|Tail Glow|p1a: TheHellThisThing?","|-boost|p1a: TheHellThisThing?|spa|3","|move|p2a: Zapdos|Discharge|p1a: TheHellThisThing?","|-supereffective|p1a: TheHellThisThing?","|-damage|p1a: TheHellThisThing?|117/341","|","|-heal|p2a: Zapdos|291/384 brn|[from] item: Leftovers","|-damage|p2a: Zapdos|243/384 brn|[from] brn","|turn|20","|","|move|p1a: TheHellThisThing?|Ice Beam|p2a: Zapdos","|-supereffective|p2a: Zapdos","|-damage|p2a: Zapdos|0 fnt","|faint|p2a: Zapdos","|","|","|switch|p2a: Electivire|Electivire, F|291/291","|turn|21","|","|move|p2a: Electivire|Wild Charge|p1a: TheHellThisThing?","|-supereffective|p1a: TheHellThisThing?","|-damage|p1a: TheHellThisThing?|0 fnt","|-damage|p2a: Electivire|262/291|[from] recoil|[of] p1a: TheHellThisThing?","|faint|p1a: TheHellThisThing?","|","|","|win|Void Who"],"p1rating":{"entryid":"6867552","serverid":"eos","formatid":"monotype","userid":"sovereigncactus","username":"Sovereign♕Cactus","w":"91","l":104,"t":"0","gxe":46.2,"r":"1470.5949914224","rd":"26.614613354619","sigma":"0","rptime":"1438765200","rpr":1471.2767635601,"rprd":26.220946469095,"rpsigma":"0","acre":1096.7135058235,"lacre":1096.7135058235,"oldacre":"1118.2301637934"},"p2rating":{"entryid":"6866008","serverid":"eos","formatid":"monotype","userid":"voidwho","username":"Void Who","w":35,"l":"19","t":"0","gxe":63,"r":"1603.8097659955","rd":"53.360914210173","sigma":"0","rptime":"1438765200","rpr":1601.2767206155,"rprd":52.240718533633,"rpsigma":"0","acre":1188.4732732012,"lacre":1188.4732732012,"oldacre":"1166.9566152313"},"endType":"forfeit"}