{"seed":[34538,5579,46217,27900],"turns":27,"p1":"LTIL-Tahit","p2":"Champion Stormvy","p1team":[{"name":"Aegi","species":"aegislash","item":"weaknesspolicy","ability":"Stance Change","moves":["kingsshield","shadowball","sacredsword","shadowsneak"],"nature":"Quiet","evs":{"hp":252,"atk":4,"def":0,"spa":252,"spd":0,"spe":0},"ivs":{"hp":31,"atk":31,"def":31,"spa":31,"spd":31,"spe":0}},{"name":"G gar","species":"gengar","item":"widelens","ability":"Levitate","moves":["ominouswind","sludgebomb","focusblast","destinybond"],"nature":"Timid","evs":{"hp":0,"atk":0,"def":0,"spa":252,"spd":4,"spe":252},"ivs":{"hp":31,"atk":31,"def":31,"spa":31,"spd":31,"spe":31}},{"name":"Treve","species":"trevenant","item":"sitrusberry","ability":"Harvest","moves":["substitute","leechseed","willowisp","hornleech"],"nature":"Impish","evs":{"hp":252,"atk":0,"def":148,"spa":0,"spd":108,"spe":0},"ivs":{"hp":31,"atk":31,"def":31,"spa":31,"spd":31,"spe":31}},{"name":"Sableye","species":"Sableye","item":"sablenite","ability":"Prankster","moves":["calmmind","willowisp","recover","dazzlinggleam"],"nature":"Calm","evs":{"hp":0,"atk":0,"def":248,"spa":0,"spd":252,"spe":8},"ivs":{"hp":31,"atk":31,"def":31,"spa":31,"spd":31,"spe":31}},{"name":"G-S","species":"gourgeistsuper","item":"leftovers","ability":"Frisk","moves":["flamecharge","willowisp","leechseed","painsplit"],"nature":"Careful","evs":{"hp":252,"atk":0,"def":252,"spa":0,"spd":4,"spe":0},"ivs":{"hp":31,"atk":31,"def":31,"spa":31,"spd":31,"spe":31}},{"name":"Drifblim","species":"Drifblim","item":"sitrusberry","ability":"Unburden","moves":["hex","willowisp","toxic","clearsmog"],"nature":"Bold","evs":{"hp":252,"atk":0,"def":4,"spa":0,"spd":252,"spe":0},"ivs":{"hp":31,"atk":31,"def":31,"spa":31,"spd":31,"spe":31}}],"p2team":[{"name":"Ditto","species":"Ditto","item":"choicescarf","ability":"Imposter","moves":["transform"],"nature":"","shiny":true,"evs":{"hp":0,"atk":0,"def":0,"spa":0,"spd":0,"spe":0},"ivs":{"hp":31,"atk":31,"def":31,"spa":31,"spd":31,"spe":31}},{"name":"Lopunny","species":"Lopunny","item":"lopunnite","ability":"Limber","moves":["highjumpkick","fakeout","return","thunderpunch"],"nature":"Jolly","evs":{"hp":0,"atk":252,"def":0,"spa":0,"spd":4,"spe":252},"shiny":true,"ivs":{"hp":31,"atk":31,"def":31,"spa":31,"spd":31,"spe":31}},{"name":"Meloetta","species":"Meloetta","item":"assaultvest","ability":"Serene Grace","moves":["hypervoice","shadowball","psychic","energyball"],"nature":"Modest","evs":{"hp":0,"atk":0,"def":0,"spa":252,"spd":4,"spe":252},"ivs":{"hp":31,"atk":31,"def":31,"spa":31,"spd":31,"spe":31}},{"name":"Diggersby","species":"Diggersby","item":"lifeorb","ability":"Huge Power","moves":["earthquake","knockoff","quickattack","swordsdance"],"nature":"Adamant","evs":{"hp":0,"atk":252,"def":128,"spa":0,"spd":128,"spe":0},"ivs":{"hp":31,"atk":31,"def":31,"spa":31,"spd":31,"spe":31}},{"name":"Porygon2","species":"Porygon2","item":"eviolite","ability":"Trace","moves":["triattack","recover","icebeam","thunderwave"],"nature":"Bold","evs":{"hp":0,"atk":0,"def":188,"spa":68,"spd":252,"spe":0},"shiny":true,"ivs":{"hp":31,"atk":31,"def":31,"spa":31,"spd":31,"spe":31}},{"name":"Staraptor","species":"Staraptor","item":"choicescarf","ability":"Intimidate","moves":["bravebird","frustration","closecombat","uturn"],"nature":"Jolly","evs":{"hp":0,"atk":252,"def":0,"spa":0,"spd":0,"spe":252},"shiny":true,"happiness":0,"ivs":{"hp":31,"atk":31,"def":31,"spa":31,"spd":31,"spe":31}}],"log":["|player|p1|LTIL-Tahit|169","|player|p2|Champion Stormvy|championstormvy.png","|gametype|singles","|gen|6","|tier|Monotype","|rated","|rule|Baton Pass Clause: Limit one Baton Passer, can't pass Spe and other stats simultaneously","|rule|Swagger Clause: Swagger is banned","|rule|Same Type Clause: Pokémon in a team must share a type","|clearpoke","|poke|p1|Aegislash, M","|poke|p1|Gengar, M","|poke|p1|Trevenant, M","|poke|p1|Sableye, F","|poke|p1|Gourgeist-*, F","|poke|p1|Drifblim, M","|poke|p2|Ditto, shiny","|poke|p2|Lopunny, F, shiny","|poke|p2|Meloetta","|poke|p2|Diggersby, M","|poke|p2|Porygon2, shiny","|poke|p2|Staraptor, F, shiny","|rule|Sleep Clause Mod: Limit one foe put to sleep","|rule|Species Clause: Limit one of each Pokémon","|rule|OHKO Clause: OHKO moves are banned","|rule|Moody Clause: Moody is banned","|rule|Evasion Moves Clause: Evasion moves are banned","|rule|Endless Battle Clause: Forcing endless battles is banned","|rule|HP Percentage Mod: HP is shown in percentages","|teampreview","|","|start","|switch|p1a: G-S|Gourgeist-Super, F|374/374","|switch|p2a: Lopunny|Lopunny, F, shiny|271/271","|-item|p2a: Lopunny|Lopunnite|[from] ability: Frisk|[of] p1a: G-S|[identify]","|turn|1","|","|detailschange|p2a: Lopunny|Lopunny-Mega, F, shiny","|-mega|p2a: Lopunny|Lopunny|Lopunnite","|move|p2a: Lopunny|Fake Out|p1a: G-S","|-damage|p1a: G-S|326/374","|cant|p1a: G-S|flinch","|","|-heal|p1a: G-S|349/374|[from] item: Leftovers","|turn|2","|","|switch|p2a: Meloetta|Meloetta|341/341","|move|p1a: G-S|Will-O-Wisp|p2a: Meloetta","|-status|p2a: Meloetta|brn","|","|-heal|p1a: G-S|372/374|[from] item: Leftovers","|-damage|p2a: Meloetta|299/341 brn|[from] brn","|turn|3","|","|move|p2a: Meloetta|Shadow Ball|p1a: G-S","|-supereffective|p1a: G-S","|-damage|p1a: G-S|138/374","|-unboost|p1a: G-S|spd|1","|move|p1a: G-S|Leech Seed|p2a: Meloetta","|-start|p2a: Meloetta|move: Leech Seed","|","|-heal|p1a: G-S|161/374|[from] item: Leftovers","|-damage|p2a: Meloetta|257/341 brn|[from] Leech Seed|[of] p1a: G-S","|-heal|p1a: G-S|203/374|[silent]","|-damage|p2a: Meloetta|215/341 brn|[from] brn","|turn|4","|","|move|p2a: Meloetta|Shadow Ball|p1a: G-S","|-supereffective|p1a: G-S","|-damage|p1a: G-S|0 fnt","|faint|p1a: G-S","|","|-damage|p2a: Meloetta|173/341 brn|[from] brn","|","|switch|p1a: Aegi|Aegislash, M|324/324","|turn|5","|","|switch|p2a: Staraptor|Staraptor, F, shiny|311/311","|-ability|p2a: Staraptor|Intimidate","|-unboost|p1a: Aegi|atk|1","|-formechange|p1a: Aegi|Aegislash-Blade","|move|p1a: Aegi|Sacred Sword|p2a: Staraptor","|-damage|p2a: Staraptor|227/311","|","|turn|6","|","|switch|p2a: Diggersby|Diggersby, M|311/311","|-formechange|p1a: Aegi|Aegislash","|move|p1a: Aegi|King's Shield|p1a: Aegi","|-fail|p1a: Aegi","|","|turn|7","|","|move|p2a: Diggersby|Earthquake|p1a: Aegi","|-supereffective|p1a: Aegi","|-damage|p1a: Aegi|0 fnt","|-damage|p2a: Diggersby|280/311|[from] item: Life Orb","|faint|p1a: Aegi","|","|","|switch|p1a: Sableye|Sableye, F|241/241","|turn|8","|","|switch|p2a: Meloetta|Meloetta|173/341 brn","|detailschange|p1a: Sableye|Sableye-Mega, F","|-mega|p1a: Sableye|Sableye|Sablenite","|move|p1a: Sableye|Will-O-Wisp|p2a: Meloetta","|-fail|p2a: Meloetta|brn","|","|-damage|p2a: Meloetta|131/341 brn|[from] brn","|turn|9","|","|move|p2a: Meloetta|Shadow Ball|p1a: Sableye","|-damage|p1a: Sableye|169/241","|move|p1a: Sableye|Calm Mind|p1a: Sableye","|-boost|p1a: Sableye|spa|1","|-boost|p1a: Sableye|spd|1","|","|-damage|p2a: Meloetta|89/341 brn|[from] brn","|turn|10","|","|move|p2a: Meloetta|Shadow Ball|p1a: Sableye","|-damage|p1a: Sableye|120/241","|move|p1a: Sableye|Recover|p1a: Sableye","|-heal|p1a: Sableye|241/241","|","|-damage|p2a: Meloetta|47/341 brn|[from] brn","|turn|11","|","|move|p2a: Meloetta|Shadow Ball|p1a: Sableye","|-crit|p1a: Sableye","|-damage|p1a: Sableye|133/241","|move|p1a: Sableye|Will-O-Wisp|p2a: Meloetta","|-fail|p2a: Meloetta|brn","|","|-damage|p2a: Meloetta|5/341 brn|[from] brn","|turn|12","|","|move|p2a: Meloetta|Shadow Ball|p1a: Sableye","|-damage|p1a: Sableye|86/241","|-unboost|p1a: Sableye|spd|1","|move|p1a: Sableye|Recover|p1a: Sableye","|-heal|p1a: Sableye|207/241","|","|-damage|p2a: Meloetta|0 fnt|[from] brn","|faint|p2a: Meloetta","|","|switch|p2a: Lopunny|Lopunny-Mega, F, shiny|271/271","|turn|13","|","|move|p2a: Lopunny|High Jump Kick|p1a: Sableye","|-supereffective|p1a: Sableye","|-damage|p1a: Sableye|0 fnt","|faint|p1a: Sableye","|","|","|switch|p1a: Drifblim|Drifblim, M|504/504","|turn|14","|","|switch|p2a: Porygon2|Porygon2, shiny|311/311","|-ability|p2a: Porygon2|Unburden|[from] ability: Trace|[of] p1a: Drifblim","|move|p1a: Drifblim|Will-O-Wisp|p2a: Porygon2","|-status|p2a: Porygon2|brn","|","|-damage|p2a: Porygon2|273/311 brn|[from] brn","|turn|15","|","|move|p1a: Drifblim|Hex|p2a: Porygon2","|-immune|p2a: Porygon2|[msg]","|move|p2a: Porygon2|Thunder Wave|p1a: Drifblim","|-status|p1a: Drifblim|par","|","|-damage|p2a: Porygon2|235/311 brn|[from] brn","|turn|16","|","|move|p2a: Porygon2|Ice Beam|p1a: Drifblim","|-supereffective|p1a: Drifblim","|-damage|p1a: Drifblim|318/504 par","|move|p1a: Drifblim|Clear Smog|p2a: Porygon2","|-damage|p2a: Porygon2|215/311 brn","|-clearboost|p2a: Porygon2","|","|-damage|p2a: Porygon2|177/311 brn|[from] brn","|turn|17","|","|move|p2a: Porygon2|Ice Beam|p1a: Drifblim","|-supereffective|p1a: Drifblim","|-damage|p1a: Drifblim|126/504 par","|-enditem|p1a: Drifblim|Sitrus Berry|[eat]","|-heal|p1a: Drifblim|252/504 par|[from] item: Sitrus Berry","|cant|p1a: Drifblim|par","|","|-damage|p2a: Porygon2|139/311 brn|[from] brn","|turn|18","|","|move|p2a: Porygon2|Recover|p2a: Porygon2","|-heal|p2a: Porygon2|295/311 brn","|move|p1a: Drifblim|Clear Smog|p2a: Porygon2","|-damage|p2a: Porygon2|277/311 brn","|-clearboost|p2a: Porygon2","|","|-damage|p2a: Porygon2|239/311 brn|[from] brn","|turn|19","|","|move|p2a: Porygon2|Ice Beam|p1a: Drifblim","|-supereffective|p1a: Drifblim","|-damage|p1a: Drifblim|64/504 par","|move|p1a: Drifblim|Clear Smog|p2a: Porygon2","|-damage|p2a: Porygon2|218/311 brn","|-clearboost|p2a: Porygon2","|","|-damage|p2a: Porygon2|180/311 brn|[from] brn","|turn|20","|","|move|p2a: Porygon2|Recover|p2a: Porygon2","|-heal|p2a: Porygon2|311/311 brn","|move|p1a: Drifblim|Clear Smog|p2a: Porygon2","|-crit|p2a: Porygon2","|-damage|p2a: Porygon2|281/311 brn","|-clearboost|p2a: Porygon2","|","|-damage|p2a: Porygon2|243/311 brn|[from] brn","|turn|21","|","|move|p2a: Porygon2|Ice Beam|p1a: Drifblim","|-supereffective|p1a: Drifblim","|-damage|p1a: Drifblim|0 fnt","|faint|p1a: Drifblim","|","|-damage|p2a: Porygon2|205/311 brn|[from] brn","|","|switch|p1a: G gar|Gengar, M|261/261","|turn|22","|","|move|p1a: G gar|Focus Blast|p2a: Porygon2|[miss]","|-miss|p1a: G gar|p2a: Porygon2","|move|p2a: Porygon2|Ice Beam|p1a: G gar","|-crit|p1a: G gar","|-damage|p1a: G gar|116/261","|","|-damage|p2a: Porygon2|167/311 brn|[from] brn","|turn|23","|","|switch|p2a: Ditto|Ditto, shiny|237/237","|-transform|p2a: Ditto|p1a: G gar","|move|p1a: G gar|Focus Blast|p2a: Ditto","|-immune|p2a: Ditto|[msg]","|","|turn|24","|","|move|p2a: Ditto|Ominous Wind|p1a: G gar","|-supereffective|p1a: G gar","|-damage|p1a: G gar|0 fnt","|faint|p1a: G gar","|","|","|switch|p1a: Treve|Trevenant, M|374/374","|turn|25","|","|move|p2a: Ditto|Ominous Wind|p1a: Treve","|-crit|p1a: Treve","|-supereffective|p1a: Treve","|-damage|p1a: Treve|54/374","|-enditem|p1a: Treve|Sitrus Berry|[eat]","|-heal|p1a: Treve|147/374|[from] item: Sitrus Berry","|move|p1a: Treve|Substitute|p1a: Treve","|-start|p1a: Treve|Substitute","|-damage|p1a: Treve|54/374","|","|-item|p1a: Treve|Sitrus Berry|[from] ability: Harvest","|-enditem|p1a: Treve|Sitrus Berry|[eat]","|-heal|p1a: Treve|147/374|[from] item: Sitrus Berry","|turn|26","|","|move|p2a: Ditto|Ominous Wind|p1a: Treve","|-supereffective|p1a: Treve","|-end|p1a: Treve|Substitute","|move|p1a: Treve|Leech Seed|p2a: Ditto","|-start|p2a: Ditto|move: Leech Seed","|","|-damage|p2a: Ditto|208/237|[from] Leech Seed|[of] p1a: Treve","|-heal|p1a: Treve|176/374|[silent]","|turn|27","|","|move|p2a: Ditto|Ominous Wind|p1a: Treve","|-supereffective|p1a: Treve","|-damage|p1a: Treve|0 fnt","|faint|p1a: Treve","|","|win|Champion Stormvy"],"p1rating":{"entryid":"6925118","serverid":"eos","formatid":"monotype","userid":"ltiltahit","username":"LTIL-Tahit","w":"44","l":44,"t":"0","gxe":51.6,"r":"1523.7376713418","rd":"43.901338167174","sigma":"0","rptime":"1438765200","rpr":1511.9626587656,"rprd":42.385549234042,"rpsigma":"0","acre":1168.883248961,"lacre":1168.883248961,"oldacre":"1192.753101252"},"p2rating":{"entryid":"6626924","serverid":"eos","formatid":"monotype","userid":"championstormvy","username":"Champion Stormvy","w":12,"l":"6","t":"0","gxe":65.1,"r":"1585.2385126398","rd":"83.283266400604","sigma":"0","rptime":"1438765200","rpr":1619.7377309361,"rprd":74.05889883895,"rpsigma":"0","acre":1232.339806809,"lacre":1232.339806809,"oldacre":"1208.469954518"},"endType":"normal"}