{"seed":[60787,2104,59245,60823],"turns":30,"p1":"DJMadness","p2":"Soul Marston","p1team":[{"name":"The Legend","species":"aegislash","item":"lumberry","ability":"Stance Change","moves":["kingsshield","swordsdance","ironhead","shadowsneak"],"nature":"Adamant","evs":{"hp":252,"atk":252,"def":0,"spa":0,"spd":4,"spe":0},"gender":"M","shiny":true,"ivs":{"hp":31,"atk":31,"def":31,"spa":31,"spd":31,"spe":31}},{"name":"Jellyfish","species":"jellicent","item":"leftovers","ability":"Water Absorb","moves":["recover","willowisp","scald","toxic"],"nature":"Calm","evs":{"hp":252,"atk":0,"def":4,"spa":0,"spd":252,"spe":0},"gender":"F","shiny":true,"ivs":{"hp":31,"atk":31,"def":31,"spa":31,"spd":31,"spe":31}},{"name":"Spooky","species":"gourgeistsuper","item":"sitrusberry","ability":"Frisk","moves":["leechseed","willowisp","protect","shadowsneak"],"nature":"Bold","evs":{"hp":252,"atk":0,"def":252,"spa":0,"spd":4,"spe":0},"gender":"F","shiny":true,"ivs":{"hp":31,"atk":31,"def":31,"spa":31,"spd":31,"spe":31}},{"name":"Sup Bru","species":"sableye","item":"sablenite","ability":"Prankster","moves":["willowisp","calmmind","recover","snarl"],"nature":"Bold","evs":{"hp":252,"atk":0,"def":252,"spa":4,"spd":0,"spe":0},"gender":"M","shiny":true,"ivs":{"hp":31,"atk":31,"def":31,"spa":31,"spd":31,"spe":31}},{"name":"Smiley","species":"gengar","item":"choicespecs","ability":"Levitate","moves":["shadowball","sludgewave","psychic","energyball"],"nature":"Timid","evs":{"hp":0,"atk":0,"def":0,"spa":252,"spd":4,"spe":252},"gender":"M","shiny":true,"ivs":{"hp":31,"atk":31,"def":31,"spa":31,"spd":31,"spe":31}},{"name":"U Need Fire?","species":"chandelure","item":"choicescarf","ability":"Infiltrator","moves":["shadowball","flamethrower","energyball","hiddenpowerice"],"nature":"Modest","evs":{"hp":0,"atk":0,"def":0,"spa":252,"spd":4,"spe":252},"gender":"M","ivs":{"hp":31,"atk":30,"def":30,"spa":31,"spd":31,"spe":31},"shiny":true}],"p2team":[{"name":"Charizard","species":"Charizard","item":"charizarditex","ability":"Blaze","moves":["dragonclaw","dragondance","flareblitz","earthquake"],"nature":"Adamant","evs":{"hp":0,"atk":252,"def":0,"spa":0,"spd":4,"spe":252},"ivs":{"hp":31,"atk":31,"def":31,"spa":31,"spd":31,"spe":31}},{"name":"Heatran","species":"Heatran","item":"airballoon","ability":"Flash Fire","moves":["eruption","earthpower","flashcannon","ancientpower"],"nature":"Quiet","evs":{"hp":248,"atk":0,"def":0,"spa":252,"spd":8,"spe":0},"ivs":{"hp":31,"atk":31,"def":31,"spa":31,"spd":31,"spe":31}},{"name":"Victini","species":"Victini","item":"assaultvest","ability":"Victory Star","moves":["fusionflare","fusionbolt","dazzlinggleam","psychic"],"nature":"Mild","evs":{"hp":248,"atk":8,"def":0,"spa":252,"spd":0,"spe":0},"ivs":{"hp":31,"atk":31,"def":31,"spa":31,"spd":31,"spe":31}},{"name":"Volcarona","species":"Volcarona","item":"airballoon","ability":"Flame Body","moves":["quiverdance","bugbuzz","fierydance","psychic"],"nature":"Modest","evs":{"hp":0,"atk":0,"def":0,"spa":252,"spd":4,"spe":252},"ivs":{"hp":31,"atk":31,"def":31,"spa":31,"spd":31,"spe":31}},{"name":"Chandelure","species":"Chandelure","item":"expertbelt","ability":"Flash Fire","moves":["heatwave","calmmind","shadowball","attract"],"nature":"Modest","evs":{"hp":248,"atk":0,"def":0,"spa":252,"spd":8,"spe":0},"ivs":{"hp":31,"atk":31,"def":31,"spa":31,"spd":31,"spe":31}},{"name":"Infernape","species":"Infernape","item":"airballoon","ability":"Iron Fist","moves":["poweruppunch","thunderpunch","firepunch","poisonjab"],"nature":"Jolly","evs":{"hp":0,"atk":252,"def":0,"spa":0,"spd":4,"spe":252},"ivs":{"hp":31,"atk":31,"def":31,"spa":31,"spd":31,"spe":31}}],"log":["|player|p1|DJMadness|92","|player|p2|Soul Marston|238","|gametype|singles","|gen|6","|tier|Monotype","|rated","|rule|Baton Pass Clause: Limit one Baton Passer, can't pass Spe and other stats simultaneously","|rule|Swagger Clause: Swagger is banned","|rule|Same Type Clause: Pokémon in a team must share a type","|clearpoke","|poke|p1|Aegislash, M, shiny","|poke|p1|Jellicent, F, shiny","|poke|p1|Gourgeist-*, F, shiny","|poke|p1|Sableye, M, shiny","|poke|p1|Gengar, M, shiny","|poke|p1|Chandelure, M, shiny","|poke|p2|Charizard, M","|poke|p2|Heatran, F","|poke|p2|Victini","|poke|p2|Volcarona, M","|poke|p2|Chandelure, F","|poke|p2|Infernape, M","|rule|Sleep Clause Mod: Limit one foe put to sleep","|rule|Species Clause: Limit one of each Pokémon","|rule|OHKO Clause: OHKO moves are banned","|rule|Moody Clause: Moody is banned","|rule|Evasion Moves Clause: Evasion moves are banned","|rule|Endless Battle Clause: Forcing endless battles is banned","|rule|HP Percentage Mod: HP is shown in percentages","|teampreview","|","|start","|switch|p1a: Sup Bru|Sableye, M, shiny|304/304","|switch|p2a: Chandelure|Chandelure, F|323/323","|turn|1","|","|switch|p2a: Volcarona|Volcarona, M|311/311","|-item|p2a: Volcarona|Air Balloon","|switch|p1a: Jellyfish|Jellicent, F, shiny|404/404","|","|turn|2","|","|switch|p2a: Infernape|Infernape, M|293/293","|-item|p2a: Infernape|Air Balloon","|move|p1a: Jellyfish|Toxic|p2a: Infernape|[miss]","|-miss|p1a: Jellyfish|p2a: Infernape","|","|turn|3","|","|move|p2a: Infernape|Thunder Punch|p1a: Jellyfish","|-supereffective|p1a: Jellyfish","|-damage|p1a: Jellyfish|144/404","|move|p1a: Jellyfish|Scald|p2a: Infernape","|-supereffective|p2a: Infernape","|-damage|p2a: Infernape|87/293","|-enditem|p2a: Infernape|Air Balloon","|","|-heal|p1a: Jellyfish|169/404|[from] item: Leftovers","|turn|4","|","|move|p2a: Infernape|Thunder Punch|p1a: Jellyfish","|-supereffective|p1a: Jellyfish","|-damage|p1a: Jellyfish|0 fnt","|faint|p1a: Jellyfish","|","|","|switch|p1a: Smiley|Gengar, M, shiny|261/261","|turn|5","|","|move|p1a: Smiley|Shadow Ball|p2a: Infernape","|-damage|p2a: Infernape|0 fnt","|faint|p2a: Infernape","|","|","|switch|p2a: Volcarona|Volcarona, M|311/311","|-item|p2a: Volcarona|Air Balloon","|turn|6","|","|move|p1a: Smiley|Shadow Ball|p2a: Volcarona","|-damage|p2a: Volcarona|103/311","|-enditem|p2a: Volcarona|Air Balloon","|move|p2a: Volcarona|Quiver Dance|p2a: Volcarona","|-boost|p2a: Volcarona|spa|1","|-boost|p2a: Volcarona|spd|1","|-boost|p2a: Volcarona|spe|1","|","|turn|7","|","|move|p2a: Volcarona|Psychic|p1a: Smiley","|-supereffective|p1a: Smiley","|-damage|p1a: Smiley|0 fnt","|faint|p1a: Smiley","|","|","|switch|p1a: U Need Fire?|Chandelure, M, shiny|261/261","|turn|8","|","|move|p2a: Volcarona|Psychic|p1a: U Need Fire?","|-damage|p1a: U Need Fire?|48/261","|move|p1a: U Need Fire?|Shadow Ball|p2a: Volcarona","|-damage|p2a: Volcarona|0 fnt","|faint|p2a: Volcarona","|","|","|switch|p2a: Heatran|Heatran, F|385/385","|-item|p2a: Heatran|Air Balloon","|turn|9","|","|move|p1a: U Need Fire?|Shadow Ball|p2a: Heatran","|-damage|p2a: Heatran|226/385","|-enditem|p2a: Heatran|Air Balloon","|move|p2a: Heatran|Ancient Power|p1a: U Need Fire?","|-crit|p1a: U Need Fire?","|-supereffective|p1a: U Need Fire?","|-damage|p1a: U Need Fire?|0 fnt","|faint|p1a: U Need Fire?","|","|","|switch|p1a: Sup Bru|Sableye, M, shiny|304/304","|turn|10","|","|detailschange|p1a: Sup Bru|Sableye-Mega, M, shiny","|-mega|p1a: Sup Bru|Sableye|Sablenite","|move|p1a: Sup Bru|Calm Mind|p1a: Sup Bru","|-boost|p1a: Sup Bru|spa|1","|-boost|p1a: Sup Bru|spd|1","|move|p2a: Heatran|Flash Cannon|p1a: Sup Bru","|-crit|p1a: Sup Bru","|-damage|p1a: Sup Bru|102/304","|","|turn|11","|","|move|p2a: Heatran|Flash Cannon|p1a: Sup Bru","|-damage|p1a: Sup Bru|15/304","|move|p1a: Sup Bru|Recover|p1a: Sup Bru","|-heal|p1a: Sup Bru|167/304","|","|turn|12","|","|move|p2a: Heatran|Flash Cannon|p1a: Sup Bru","|-damage|p1a: Sup Bru|73/304","|move|p1a: Sup Bru|Recover|p1a: Sup Bru","|-heal|p1a: Sup Bru|225/304","|","|turn|13","|","|move|p2a: Heatran|Eruption|p1a: Sup Bru","|-damage|p1a: Sup Bru|123/304","|move|p1a: Sup Bru|Recover|p1a: Sup Bru","|-heal|p1a: Sup Bru|275/304","|","|turn|14","|","|switch|p2a: Chandelure|Chandelure, F|323/323","|move|p1a: Sup Bru|Calm Mind|p1a: Sup Bru","|-boost|p1a: Sup Bru|spa|1","|-boost|p1a: Sup Bru|spd|1","|","|turn|15","|","|move|p2a: Chandelure|Attract|p1a: Sup Bru","|move|p1a: Sup Bru|Attract|p2a: Chandelure|[from]Magic Bounce","|-start|p2a: Chandelure|Attract","|move|p1a: Sup Bru|Recover|p1a: Sup Bru","|-heal|p1a: Sup Bru|304/304","|","|turn|16","|","|switch|p2a: Charizard|Charizard, M|297/297","|move|p1a: Sup Bru|Calm Mind|p1a: Sup Bru","|-boost|p1a: Sup Bru|spa|1","|-boost|p1a: Sup Bru|spd|1","|","|turn|17","|","|detailschange|p2a: Charizard|Charizard-Mega-X, M","|-mega|p2a: Charizard|Charizard|Charizardite X","|move|p2a: Charizard|Dragon Dance|p2a: Charizard","|-boost|p2a: Charizard|atk|1","|-boost|p2a: Charizard|spe|1","|move|p1a: Sup Bru|Snarl|p2a: Charizard","|-damage|p2a: Charizard|126/297","|-unboost|p2a: Charizard|spa|1","|","|turn|18","|","|move|p2a: Charizard|Dragon Dance|p2a: Charizard","|-boost|p2a: Charizard|atk|1","|-boost|p2a: Charizard|spe|1","|move|p1a: Sup Bru|Snarl|p2a: Charizard","|-damage|p2a: Charizard|0 fnt","|faint|p2a: Charizard","|","|","|switch|p2a: Victini|Victini|403/403","|turn|19","|","|move|p2a: Victini|Dazzling Gleam|p1a: Sup Bru","|-supereffective|p1a: Sup Bru","|-damage|p1a: Sup Bru|238/304","|move|p1a: Sup Bru|Recover|p1a: Sup Bru","|-heal|p1a: Sup Bru|304/304","|","|turn|20","|","|move|p2a: Victini|Fusion Bolt|p1a: Sup Bru","|-damage|p1a: Sup Bru|255/304","|move|p1a: Sup Bru|Snarl|p2a: Victini","|-supereffective|p2a: Victini","|-damage|p2a: Victini|221/403","|-unboost|p2a: Victini|spa|1","|","|turn|21","|","|move|p2a: Victini|Fusion Flare|p1a: Sup Bru","|-damage|p1a: Sup Bru|215/304","|move|p1a: Sup Bru|Snarl|p2a: Victini","|-supereffective|p2a: Victini","|-damage|p2a: Victini|41/403","|-unboost|p2a: Victini|spa|1","|","|turn|22","|","|move|p2a: Victini|Fusion Bolt|p1a: Sup Bru","|-crit|p1a: Sup Bru","|-damage|p1a: Sup Bru|137/304","|move|p1a: Sup Bru|Recover|p1a: Sup Bru","|-heal|p1a: Sup Bru|289/304","|","|turn|23","|","|move|p2a: Victini|Fusion Flare|p1a: Sup Bru","|-damage|p1a: Sup Bru|261/304","|move|p1a: Sup Bru|Snarl|p2a: Victini","|-supereffective|p2a: Victini","|-damage|p2a: Victini|0 fnt","|faint|p2a: Victini","|","|","|switch|p2a: Heatran|Heatran, F|226/385","|turn|24","|","|move|p2a: Heatran|Ancient Power|p1a: Sup Bru","|-damage|p1a: Sup Bru|234/304","|move|p1a: Sup Bru|Snarl|p2a: Heatran","|-damage|p2a: Heatran|85/385","|-unboost|p2a: Heatran|spa|1","|","|turn|25","|","|move|p2a: Heatran|Ancient Power|p1a: Sup Bru","|-damage|p1a: Sup Bru|214/304","|-boost|p2a: Heatran|atk|1","|-boost|p2a: Heatran|def|1","|-boost|p2a: Heatran|spa|1","|-boost|p2a: Heatran|spd|1","|-boost|p2a: Heatran|spe|1","|move|p1a: Sup Bru|Recover|p1a: Sup Bru","|-heal|p1a: Sup Bru|304/304","|","|turn|26","|","|move|p2a: Heatran|Flash Cannon|p1a: Sup Bru","|-crit|p1a: Sup Bru","|-damage|p1a: Sup Bru|84/304","|move|p1a: Sup Bru|Snarl|p2a: Heatran","|-damage|p2a: Heatran|0 fnt","|faint|p2a: Heatran","|","|","|switch|p2a: Chandelure|Chandelure, F|323/323","|turn|27","|","|move|p2a: Chandelure|Calm Mind|p2a: Chandelure","|-boost|p2a: Chandelure|spa|1","|-boost|p2a: Chandelure|spd|1","|move|p1a: Sup Bru|Recover|p1a: Sup Bru","|-heal|p1a: Sup Bru|236/304","|","|turn|28","|","|move|p2a: Chandelure|Calm Mind|p2a: Chandelure","|-boost|p2a: Chandelure|spa|1","|-boost|p2a: Chandelure|spd|1","|move|p1a: Sup Bru|Snarl|p2a: Chandelure","|-supereffective|p2a: Chandelure","|-damage|p2a: Chandelure|173/323","|-unboost|p2a: Chandelure|spa|1","|","|turn|29","|","|move|p2a: Chandelure|Calm Mind|p2a: Chandelure","|-boost|p2a: Chandelure|spa|1","|-boost|p2a: Chandelure|spd|1","|move|p1a: Sup Bru|Snarl|p2a: Chandelure","|-supereffective|p2a: Chandelure","|-damage|p2a: Chandelure|57/323","|-unboost|p2a: Chandelure|spa|1","|","|turn|30","|","|move|p2a: Chandelure|Shadow Ball|p1a: Sup Bru","|-damage|p1a: Sup Bru|143/304","|-unboost|p1a: Sup Bru|spd|1","|move|p1a: Sup Bru|Snarl|p2a: Chandelure","|-supereffective|p2a: Chandelure","|-damage|p2a: Chandelure|0 fnt","|faint|p2a: Chandelure","|","|win|DJMadness"],"p1rating":{"entryid":"7355209","serverid":"eos","formatid":"monotype","userid":"djmadness","username":"DJMadness","w":25,"l":"22","t":"0","gxe":53,"r":"1485.9320494043","rd":"56.96993314407","sigma":"0","rptime":"1438765200","rpr":1522.7429243279,"rprd":52.530898909322,"rpsigma":"0","acre":1231.8844868337,"lacre":1231.8844868337,"oldacre":"1220.9371645014"},"p2rating":{"entryid":"7211551","serverid":"eos","formatid":"monotype","userid":"soulmarston","username":"Soul Marston","w":"1","l":6,"t":"0","gxe":32.7,"r":1377.6035276793,"rd":100.03995651847,"sigma":"0","rptime":1438765200,"rpr":1359.0495356861,"rprd":96.569052041353,"rpsigma":"0","acre":1000,"lacre":1000,"oldacre":"1000"},"endType":"normal"}