{"seed":[60415,10070,867,51323],"turns":25,"p1":"IV Jacobot","p2":"GTX♅Bzumzum","p1team":[{"name":"Big Bad Bug","species":"pinsir","item":"pinsirite","ability":"Moxie","moves":["return","quickattack","swordsdance","closecombat"],"nature":"Jolly","evs":{"hp":0,"atk":252,"def":4,"spa":0,"spd":0,"spe":252},"gender":"M","shiny":true,"ivs":{"hp":31,"atk":31,"def":31,"spa":31,"spd":31,"spe":31}},{"name":"Hell in a Shell","species":"shuckle","item":"leftovers","ability":"Sturdy","moves":["stealthrock","toxic","gyroball","stickyweb"],"nature":"Sassy","evs":{"hp":0,"atk":4,"def":252,"spa":0,"spd":252,"spe":0},"gender":"M","ivs":{"hp":31,"atk":31,"def":31,"spa":31,"spd":31,"spe":0},"shiny":true,"happiness":0},{"name":"Mr Clamps","species":"scizor","item":"focussash","ability":"Technician","moves":["swordsdance","bulletpunch","pursuit","aerialace"],"nature":"Adamant","evs":{"hp":248,"atk":252,"def":0,"spa":0,"spd":8,"spe":0},"gender":"M","ivs":{"hp":31,"atk":31,"def":31,"spa":31,"spd":31,"spe":31}},{"name":"Flying High","species":"yanmega","item":"focussash","ability":"Speed Boost","moves":["bugbuzz","ancientpower","airslash","gigadrain"],"nature":"Modest","evs":{"hp":0,"atk":0,"def":0,"spa":252,"spd":4,"spe":252},"gender":"M","shiny":true,"ivs":{"hp":31,"atk":31,"def":31,"spa":31,"spd":31,"spe":31}},{"name":"Spiderman","species":"galvantula","item":"focussash","ability":"Compound Eyes","moves":["bugbuzz","stickyweb","thunder","energyball"],"nature":"Timid","evs":{"hp":0,"atk":0,"def":0,"spa":252,"spd":4,"spe":252},"gender":"M","shiny":true,"ivs":{"hp":31,"atk":31,"def":31,"spa":31,"spd":31,"spe":31}},{"name":"Feel The Burn","species":"volcarona","item":"focussash","ability":"Flame Body","moves":["bugbuzz","fierydance","quiverdance","psychic"],"nature":"Modest","evs":{"hp":0,"atk":0,"def":0,"spa":252,"spd":4,"spe":252},"gender":"M","shiny":true,"ivs":{"hp":31,"atk":31,"def":31,"spa":31,"spd":31,"spe":31}}],"p2team":[{"name":"Elec","species":"manectric","item":"manectite","ability":"Lightning Rod","moves":["thunderbolt","hiddenpowerice","voltswitch","overheat"],"nature":"Timid","evs":{"hp":0,"atk":0,"def":0,"spa":252,"spd":4,"spe":252},"gender":"M","ivs":{"hp":31,"atk":30,"def":30,"spa":31,"spd":31,"spe":31}},{"name":"Water-Safe","species":"rotomwash","item":"chestoberry","ability":"Levitate","moves":["hydropump","hex","willowisp","rest"],"nature":"Calm","evs":{"hp":248,"atk":0,"def":0,"spa":8,"spd":252,"spe":0},"shiny":true,"ivs":{"hp":31,"atk":31,"def":31,"spa":31,"spd":31,"spe":31}},{"name":"MY ZONE!!!","species":"magnezone","item":"choicespecs","ability":"Sturdy","moves":["hiddenpowergrass","flashcannon","triattack","signalbeam"],"nature":"Modest","evs":{"hp":248,"atk":0,"def":0,"spa":252,"spd":8,"spe":0},"ivs":{"hp":31,"atk":30,"def":31,"spa":30,"spd":31,"spe":31},"shiny":true},{"name":"Thundernor","species":"eelektross","item":"leftovers","ability":"Levitate","moves":["coil","drainpunch","knockoff","uturn"],"nature":"Adamant","evs":{"hp":252,"atk":252,"def":0,"spa":0,"spd":0,"spe":4},"gender":"M","shiny":true,"ivs":{"hp":31,"atk":31,"def":31,"spa":31,"spd":31,"spe":31}},{"name":"Zapz","species":"zapdos","item":"leftovers","ability":"Pressure","moves":["heatwave","roost","extrasensory","defog"],"nature":"Modest","evs":{"hp":252,"atk":0,"def":0,"spa":252,"spd":4,"spe":0},"shiny":true,"ivs":{"hp":31,"atk":31,"def":31,"spa":31,"spd":31,"spe":31}},{"name":"Plugg-in Failure","species":"electivire","item":"choicescarf","ability":"Vital Spirit","moves":["crosschop","earthquake","icepunch","rockslide"],"nature":"Adamant","evs":{"hp":0,"atk":252,"def":0,"spa":0,"spd":4,"spe":252},"gender":"M","shiny":true,"ivs":{"hp":31,"atk":31,"def":31,"spa":31,"spd":31,"spe":31}}],"log":["|player|p1|IV Jacobot|269","|player|p2|GTX♅Bzumzum|225","|gametype|singles","|gen|6","|tier|Monotype","|rated","|rule|Baton Pass Clause: Limit one Baton Passer, can't pass Spe and other stats simultaneously","|rule|Swagger Clause: Swagger is banned","|rule|Same Type Clause: Pokémon in a team must share a type","|clearpoke","|poke|p1|Pinsir, M, shiny","|poke|p1|Shuckle, M, shiny","|poke|p1|Scizor, M","|poke|p1|Yanmega, M, shiny","|poke|p1|Galvantula, M, shiny","|poke|p1|Volcarona, M, shiny","|poke|p2|Manectric, M","|poke|p2|Rotom-Wash, shiny","|poke|p2|Magnezone, shiny","|poke|p2|Eelektross, M, shiny","|poke|p2|Zapdos, shiny","|poke|p2|Electivire, M, shiny","|rule|Sleep Clause Mod: Limit one foe put to sleep","|rule|Species Clause: Limit one of each Pokémon","|rule|OHKO Clause: OHKO moves are banned","|rule|Moody Clause: Moody is banned","|rule|Evasion Moves Clause: Evasion moves are banned","|rule|Endless Battle Clause: Forcing endless battles is banned","|rule|HP Percentage Mod: HP is shown in percentages","|teampreview","|","|start","|switch|p1a: Hell in a Shell|Shuckle, M, shiny|181/181","|switch|p2a: Water-Safe|Rotom-Wash, shiny|303/303","|turn|1","|","|move|p2a: Water-Safe|Hydro Pump|p1a: Hell in a Shell","|-supereffective|p1a: Hell in a Shell","|-damage|p1a: Hell in a Shell|83/181","|move|p1a: Hell in a Shell|Stealth Rock|p2a: Water-Safe","|-sidestart|p2: GTX♅Bzumzum|move: Stealth Rock","|","|-heal|p1a: Hell in a Shell|94/181|[from] item: Leftovers","|turn|2","|","|move|p2a: Water-Safe|Hydro Pump|p1a: Hell in a Shell|[miss]","|-miss|p2a: Water-Safe|p1a: Hell in a Shell","|move|p1a: Hell in a Shell|Gyro Ball|p2a: Water-Safe","|-resisted|p2a: Water-Safe","|-damage|p2a: Water-Safe|296/303","|","|-heal|p1a: Hell in a Shell|105/181|[from] item: Leftovers","|turn|3","|","|move|p2a: Water-Safe|Hydro Pump|p1a: Hell in a Shell","|-supereffective|p1a: Hell in a Shell","|-damage|p1a: Hell in a Shell|1/181","|move|p1a: Hell in a Shell|Toxic|p2a: Water-Safe","|-status|p2a: Water-Safe|tox","|","|-heal|p1a: Hell in a Shell|12/181|[from] item: Leftovers","|-damage|p2a: Water-Safe|278/303 tox|[from] psn","|turn|4","|","|move|p2a: Water-Safe|Hex|p1a: Hell in a Shell","|-damage|p1a: Hell in a Shell|0 fnt","|faint|p1a: Hell in a Shell","|","|-damage|p2a: Water-Safe|242/303 tox|[from] psn","|","|switch|p1a: Spiderman|Galvantula, M, shiny|281/281","|turn|5","|","|move|p1a: Spiderman|Energy Ball|p2a: Water-Safe","|-supereffective|p2a: Water-Safe","|-damage|p2a: Water-Safe|114/303 tox","|move|p2a: Water-Safe|Will-O-Wisp|p1a: Spiderman","|-status|p1a: Spiderman|brn","|","|-damage|p1a: Spiderman|246/281 brn|[from] brn","|-damage|p2a: Water-Safe|60/303 tox|[from] psn","|turn|6","|","|switch|p2a: Zapz|Zapdos, shiny|384/384","|-damage|p2a: Zapz|288/384|[from] Stealth Rock","|-ability|p2a: Zapz|Pressure","|move|p1a: Spiderman|Energy Ball|p2a: Zapz","|-crit|p2a: Zapz","|-resisted|p2a: Zapz","|-damage|p2a: Zapz|216/384","|","|-heal|p2a: Zapz|240/384|[from] item: Leftovers","|-damage|p1a: Spiderman|211/281 brn|[from] brn","|turn|7","|","|move|p1a: Spiderman|Thunder|p2a: Zapz","|-damage|p2a: Zapz|71/384","|move|p2a: Zapz|Roost|p2a: Zapz","|-heal|p2a: Zapz|263/384","|","|-heal|p2a: Zapz|287/384|[from] item: Leftovers","|-damage|p1a: Spiderman|176/281 brn|[from] brn","|turn|8","|","|move|p1a: Spiderman|Thunder|p2a: Zapz","|-damage|p2a: Zapz|124/384","|move|p2a: Zapz|Defog|p1a: Spiderman","|-unboost|p1a: Spiderman|evasion|1","|-sideend|p2: GTX♅Bzumzum|Stealth Rock|[from] move: Defog|[of] p2a: Zapz","|","|-heal|p2a: Zapz|148/384|[from] item: Leftovers","|-damage|p1a: Spiderman|141/281 brn|[from] brn","|turn|9","|","|switch|p2a: Elec|Manectric, M|281/281","|move|p1a: Spiderman|Thunder|p2a: Elec","|-boost|p2a: Elec|spa|1|[from] ability: Lightning Rod","|","|-damage|p1a: Spiderman|106/281 brn|[from] brn","|turn|10","|","|detailschange|p2a: Elec|Manectric-Mega, M","|-mega|p2a: Elec|Manectric|Manectite","|-ability|p2a: Elec|Intimidate","|-unboost|p1a: Spiderman|atk|1","|move|p1a: Spiderman|Bug Buzz|p2a: Elec","|-damage|p2a: Elec|110/281","|move|p2a: Elec|Volt Switch|p1a: Spiderman","|-resisted|p1a: Spiderman","|-damage|p1a: Spiderman|0 fnt","|faint|p1a: Spiderman","|","|switch|p2a: Zapz|Zapdos, shiny|148/384","|-ability|p2a: Zapz|Pressure","|","|-heal|p2a: Zapz|172/384|[from] item: Leftovers","|","|switch|p1a: Mr Clamps|Scizor, M|343/343","|turn|11","|","|move|p2a: Zapz|Heat Wave|p1a: Mr Clamps","|-supereffective|p1a: Mr Clamps","|-enditem|p1a: Mr Clamps|Focus Sash","|-damage|p1a: Mr Clamps|1/343","|move|p1a: Mr Clamps|Swords Dance|p1a: Mr Clamps","|-boost|p1a: Mr Clamps|atk|2","|","|-heal|p2a: Zapz|196/384|[from] item: Leftovers","|turn|12","|","|move|p1a: Mr Clamps|Bullet Punch|p2a: Zapz","|-resisted|p2a: Zapz","|-damage|p2a: Zapz|58/384","|move|p2a: Zapz|Roost|p2a: Zapz","|-heal|p2a: Zapz|250/384","|","|-heal|p2a: Zapz|274/384|[from] item: Leftovers","|turn|13","|","|move|p1a: Mr Clamps|Bullet Punch|p2a: Zapz","|-resisted|p2a: Zapz","|-damage|p2a: Zapz|139/384","|move|p2a: Zapz|Extrasensory|p1a: Mr Clamps","|-resisted|p1a: Mr Clamps","|-damage|p1a: Mr Clamps|0 fnt","|faint|p1a: Mr Clamps","|","|-heal|p2a: Zapz|163/384|[from] item: Leftovers","|","|switch|p1a: Big Bad Bug|Pinsir, M, shiny|271/271","|turn|14","|","|detailschange|p1a: Big Bad Bug|Pinsir-Mega, M, shiny","|-mega|p1a: Big Bad Bug|Pinsir|Pinsirite","|move|p1a: Big Bad Bug|Return|p2a: Zapz","|-resisted|p2a: Zapz","|-damage|p2a: Zapz|20/384","|move|p2a: Zapz|Heat Wave|p1a: Big Bad Bug","|-supereffective|p1a: Big Bad Bug","|-damage|p1a: Big Bad Bug|17/271","|","|-heal|p2a: Zapz|44/384|[from] item: Leftovers","|turn|15","|","|move|p1a: Big Bad Bug|Quick Attack|p2a: Zapz","|-resisted|p2a: Zapz","|-damage|p2a: Zapz|0 fnt","|faint|p2a: Zapz","|","|","|switch|p2a: Elec|Manectric-Mega, M|110/281","|-ability|p2a: Elec|Intimidate","|-unboost|p1a: Big Bad Bug|atk|1","|turn|16","|","|move|p1a: Big Bad Bug|Quick Attack|p2a: Elec","|-resisted|p2a: Elec","|-damage|p2a: Elec|67/281","|move|p2a: Elec|Volt Switch|p1a: Big Bad Bug","|-supereffective|p1a: Big Bad Bug","|-damage|p1a: Big Bad Bug|0 fnt","|faint|p1a: Big Bad Bug","|","|switch|p2a: Thundernor|Eelektross, M, shiny|374/374","|","|","|switch|p1a: Feel The Burn|Volcarona, M, shiny|311/311","|turn|17","|","|move|p1a: Feel The Burn|Quiver Dance|p1a: Feel The Burn","|-boost|p1a: Feel The Burn|spa|1","|-boost|p1a: Feel The Burn|spd|1","|-boost|p1a: Feel The Burn|spe|1","|move|p2a: Thundernor|Knock Off|p1a: Feel The Burn","|-damage|p1a: Feel The Burn|143/311","|-status|p2a: Thundernor|brn","|-enditem|p1a: Feel The Burn|Focus Sash|[from] move: Knock Off|[of] p2a: Thundernor","|","|-damage|p2a: Thundernor|328/374 brn|[from] brn","|turn|18","|","|move|p1a: Feel The Burn|Fiery Dance|p2a: Thundernor","|-damage|p2a: Thundernor|24/374 brn","|-boost|p1a: Feel The Burn|spa|1","|move|p2a: Thundernor|Knock Off|p1a: Feel The Burn","|-damage|p1a: Feel The Burn|85/311","|","|-heal|p2a: Thundernor|47/374 brn|[from] item: Leftovers","|-damage|p2a: Thundernor|1/374 brn|[from] brn","|turn|19","|","|move|p1a: Feel The Burn|Fiery Dance|p2a: Thundernor","|-damage|p2a: Thundernor|0 fnt","|-boost|p1a: Feel The Burn|spa|1","|faint|p2a: Thundernor","|","|","|switch|p2a: MY ZONE!!!|Magnezone, shiny|343/343","|turn|20","|","|move|p1a: Feel The Burn|Fiery Dance|p2a: MY ZONE!!!","|-supereffective|p2a: MY ZONE!!!","|-ability|p2a: MY ZONE!!!|Sturdy","|-damage|p2a: MY ZONE!!!|1/343","|move|p2a: MY ZONE!!!|Tri Attack|p1a: Feel The Burn","|-damage|p1a: Feel The Burn|0 fnt","|faint|p1a: Feel The Burn","|","|","|switch|p1a: Flying High|Yanmega, M, shiny|313/313","|turn|21","|","|move|p1a: Flying High|Ancient Power|p2a: MY ZONE!!!","|-resisted|p2a: MY ZONE!!!","|-damage|p2a: MY ZONE!!!|0 fnt","|faint|p2a: MY ZONE!!!","|","|-boost|p1a: Flying High|spe|1|[from] ability: Speed Boost","|","|switch|p2a: Plugg-in Failure|Electivire, M, shiny|291/291","|turn|22","|","|move|p2a: Plugg-in Failure|Ice Punch|p1a: Flying High","|-supereffective|p1a: Flying High","|-damage|p1a: Flying High|109/313","|move|p1a: Flying High|Bug Buzz|p2a: Plugg-in Failure","|-damage|p2a: Plugg-in Failure|99/291","|","|-boost|p1a: Flying High|spe|1|[from] ability: Speed Boost","|turn|23","|","|move|p1a: Flying High|Bug Buzz|p2a: Plugg-in Failure","|-damage|p2a: Plugg-in Failure|0 fnt","|faint|p2a: Plugg-in Failure","|","|-boost|p1a: Flying High|spe|1|[from] ability: Speed Boost","|","|switch|p2a: Water-Safe|Rotom-Wash, shiny|60/303 tox","|turn|24","|","|move|p1a: Flying High|Bug Buzz|p2a: Water-Safe","|-damage|p2a: Water-Safe|0 fnt","|faint|p2a: Water-Safe","|","|-boost|p1a: Flying High|spe|1|[from] ability: Speed Boost","|","|switch|p2a: Elec|Manectric-Mega, M|67/281","|-ability|p2a: Elec|Intimidate","|-unboost|p1a: Flying High|atk|1","|turn|25","|","|move|p1a: Flying High|Bug Buzz|p2a: Elec","|-damage|p2a: Elec|0 fnt","|faint|p2a: Elec","|","|win|IV Jacobot"],"p1rating":{"entryid":"7400607","serverid":"eos","formatid":"monotype","userid":"ivjacobot","username":"IV Jacobot","w":8,"l":"5","t":"0","gxe":53.1,"r":1516.9000878216,"rd":82.766498052238,"sigma":"0","rptime":1438765200,"rpr":1524.2151552943,"rprd":81.359632906016,"rpsigma":"0","acre":1120.5020229836,"lacre":1120.5020229836,"oldacre":"1096.1873207122"},"p2rating":{"entryid":"6857825","serverid":"eos","formatid":"monotype","userid":"gtxbzumzum","username":"GTX♅Bzumzum","w":"23","l":85,"t":"0","gxe":22.8,"r":"1266.9718456916","rd":"38.943326704569","sigma":"0","rptime":"1438765200","rpr":1268.8903888717,"rprd":38.432254241955,"rpsigma":"0","acre":1058.3034842519,"lacre":1058.3034842519,"oldacre":"1079.0924516508"},"endType":"normal"}