{"seed":[23060,45605,56354,2189],"turns":30,"p1":"Carnie Marx","p2":"Sovereign♕Blake","p1team":[{"name":"Ferrothorn","species":"Ferrothorn","item":"rockyhelmet","ability":"Iron Barbs","moves":["ironhead","thunderwave","leechseed","ingrain"],"nature":"Impish","evs":{"hp":248,"atk":8,"def":252,"spa":0,"spd":0,"spe":0},"ivs":{"hp":31,"atk":31,"def":31,"spa":31,"spd":31,"spe":31}},{"name":"Breloom","species":"Breloom","item":"focussash","ability":"Technician","moves":["bulletseed","machpunch","spore","rocktomb"],"nature":"Jolly","evs":{"hp":0,"atk":252,"def":0,"spa":0,"spd":4,"spe":252},"ivs":{"hp":31,"atk":31,"def":31,"spa":31,"spd":31,"spe":31}},{"name":"Venusaur","species":"Venusaur","item":"venusaurite","ability":"Overgrow","moves":["gigadrain","synthesis","sludgebomb","leechseed"],"nature":"Bold","evs":{"hp":248,"atk":0,"def":252,"spa":8,"spd":0,"spe":0},"ivs":{"hp":31,"atk":31,"def":31,"spa":31,"spd":31,"spe":31}},{"name":"Serperior","species":"Serperior","item":"lifeorb","ability":"Contrary","moves":["leafstorm","gigadrain","dragonpulse","hiddenpowerice"],"nature":"Timid","evs":{"hp":0,"atk":0,"def":0,"spa":252,"spd":4,"spe":252},"ivs":{"hp":31,"atk":30,"def":30,"spa":31,"spd":31,"spe":31}},{"name":"Whimsicott","species":"Whimsicott","item":"flameorb","ability":"Prankster","moves":["cottonguard","leechseed","gigadrain","switcheroo"],"nature":"Calm","evs":{"hp":248,"atk":0,"def":0,"spa":8,"spd":252,"spe":0},"ivs":{"hp":31,"atk":31,"def":31,"spa":31,"spd":31,"spe":31}},{"name":"Virizion","species":"Virizion","item":"assaultvest","ability":"Justified","moves":["gigadrain","sacredsword","stoneedge","xscissor"],"nature":"Lonely","evs":{"hp":248,"atk":252,"def":0,"spa":8,"spd":0,"spe":0},"ivs":{"hp":31,"atk":31,"def":31,"spa":31,"spd":31,"spe":31}}],"p2team":[{"name":"Latios","species":"Latios","item":"lifeorb","ability":"Levitate","moves":["dracometeor","psyshock","roost","calmmind"],"nature":"Timid","evs":{"hp":0,"atk":0,"def":0,"spa":252,"spd":4,"spe":252},"ivs":{"hp":31,"atk":30,"def":31,"spa":30,"spd":31,"spe":30}},{"name":"Dragalge","species":"Dragalge","item":"blacksludge","ability":"Adaptability","moves":["sludgewave","dracometeor","focusblast","toxicspikes"],"nature":"Modest","evs":{"hp":252,"atk":0,"def":0,"spa":252,"spd":4,"spe":0},"gender":"M","ivs":{"hp":31,"atk":31,"def":31,"spa":31,"spd":31,"spe":31}},{"name":"Kyurem-Black","species":"Kyurem-Black","item":"choicescarf","ability":"Teravolt","moves":["outrage","fusionbolt","ironhead","zenheadbutt"],"nature":"Jolly","evs":{"hp":0,"atk":252,"def":0,"spa":0,"spd":4,"spe":252},"shiny":true,"ivs":{"hp":31,"atk":31,"def":31,"spa":31,"spd":31,"spe":31}},{"name":"Haxorus","species":"Haxorus","item":"lumberry","ability":"Mold Breaker","moves":["dragondance","poisonjab","earthquake","outrage"],"nature":"Adamant","evs":{"hp":0,"atk":252,"def":0,"spa":0,"spd":4,"spe":252},"gender":"M","ivs":{"hp":31,"atk":31,"def":31,"spa":31,"spd":31,"spe":31}},{"name":"Salamence","species":"Salamence","item":"leftovers","ability":"Intimidate","moves":["defog","fireblast","hydropump","roost"],"nature":"Modest","evs":{"hp":252,"atk":0,"def":0,"spa":252,"spd":4,"spe":0},"gender":"M","ivs":{"hp":31,"atk":31,"def":31,"spa":31,"spd":31,"spe":31}},{"name":"Altaria","species":"Altaria","item":"altarianite","ability":"Natural Cure","moves":["hypervoice","flamethrower","healbell","roost"],"nature":"Bold","evs":{"hp":248,"atk":0,"def":252,"spa":8,"spd":0,"spe":0},"gender":"F","ivs":{"hp":31,"atk":31,"def":31,"spa":31,"spd":31,"spe":31}}],"log":["|player|p1|Carnie Marx|238","|player|p2|Sovereign♕Blake|169","|gametype|singles","|gen|6","|tier|Monotype","|rated","|rule|Baton Pass Clause: Limit one Baton Passer, can't pass Spe and other stats simultaneously","|rule|Swagger Clause: Swagger is banned","|rule|Same Type Clause: Pokémon in a team must share a type","|clearpoke","|poke|p1|Ferrothorn, F","|poke|p1|Breloom, F","|poke|p1|Venusaur, F","|poke|p1|Serperior, F","|poke|p1|Whimsicott, F","|poke|p1|Virizion","|poke|p2|Latios, M","|poke|p2|Dragalge, M","|poke|p2|Kyurem-Black, shiny","|poke|p2|Haxorus, M","|poke|p2|Salamence, M","|poke|p2|Altaria, F","|rule|Sleep Clause Mod: Limit one foe put to sleep","|rule|Species Clause: Limit one of each Pokémon","|rule|OHKO Clause: OHKO moves are banned","|rule|Moody Clause: Moody is banned","|rule|Evasion Moves Clause: Evasion moves are banned","|rule|Endless Battle Clause: Forcing endless battles is banned","|rule|HP Percentage Mod: HP is shown in percentages","|teampreview","|","|start","|switch|p1a: Ferrothorn|Ferrothorn, F|351/351","|switch|p2a: Dragalge|Dragalge, M|334/334","|turn|1","|","|move|p2a: Dragalge|Focus Blast|p1a: Ferrothorn|[miss]","|-miss|p2a: Dragalge|p1a: Ferrothorn","|move|p1a: Ferrothorn|Thunder Wave|p2a: Dragalge","|-status|p2a: Dragalge|par","|","|turn|2","|","|move|p1a: Ferrothorn|Leech Seed|p2a: Dragalge","|-start|p2a: Dragalge|move: Leech Seed","|move|p2a: Dragalge|Focus Blast|p1a: Ferrothorn|[miss]","|-miss|p2a: Dragalge|p1a: Ferrothorn","|","|-damage|p2a: Dragalge|293/334 par|[from] Leech Seed|[of] p1a: Ferrothorn","|turn|3","|","|move|p1a: Ferrothorn|Ingrain|p1a: Ferrothorn","|-start|p1a: Ferrothorn|move: Ingrain","|move|p2a: Dragalge|Toxic Spikes|p1a: Ferrothorn","|-sidestart|p1: Carnie Marx|move: Toxic Spikes","|","|-heal|p2a: Dragalge|313/334 par|[from] item: Black Sludge","|-damage|p2a: Dragalge|272/334 par|[from] Leech Seed|[of] p1a: Ferrothorn","|turn|4","|","|move|p1a: Ferrothorn|Iron Head|p2a: Dragalge","|-damage|p2a: Dragalge|175/334 par","|move|p2a: Dragalge|Toxic Spikes|p1a: Ferrothorn","|-sidestart|p1: Carnie Marx|move: Toxic Spikes","|","|-heal|p2a: Dragalge|195/334 par|[from] item: Black Sludge","|-damage|p2a: Dragalge|154/334 par|[from] Leech Seed|[of] p1a: Ferrothorn","|turn|5","|","|switch|p2a: Salamence|Salamence, M|394/394","|-ability|p2a: Salamence|Intimidate","|-unboost|p1a: Ferrothorn|atk|1","|move|p1a: Ferrothorn|Iron Head|p2a: Salamence","|-damage|p2a: Salamence|324/394","|","|-heal|p2a: Salamence|348/394|[from] item: Leftovers","|turn|6","|","|move|p2a: Salamence|Fire Blast|p1a: Ferrothorn","|-supereffective|p1a: Ferrothorn","|-damage|p1a: Ferrothorn|0 fnt","|faint|p1a: Ferrothorn","|","|-heal|p2a: Salamence|372/394|[from] item: Leftovers","|","|switch|p1a: Venusaur|Venusaur, F|363/363","|-sideend|p1: Carnie Marx|move: Toxic Spikes|[of] p1a: Venusaur","|turn|7","|","|detailschange|p1a: Venusaur|Venusaur-Mega, F","|-mega|p1a: Venusaur|Venusaur|Venusaurite","|move|p2a: Salamence|Fire Blast|p1a: Venusaur","|-supereffective|p1a: Venusaur","|-damage|p1a: Venusaur|261/363","|move|p1a: Venusaur|Sludge Bomb|p2a: Salamence","|-damage|p2a: Salamence|230/394","|","|-heal|p2a: Salamence|254/394|[from] item: Leftovers","|turn|8","|","|switch|p2a: Dragalge|Dragalge, M|154/334 par","|move|p1a: Venusaur|Leech Seed|p2a: Dragalge","|-start|p2a: Dragalge|move: Leech Seed","|","|-heal|p2a: Dragalge|174/334 par|[from] item: Black Sludge","|-damage|p2a: Dragalge|133/334 par|[from] Leech Seed|[of] p1a: Venusaur","|-heal|p1a: Venusaur|302/363|[silent]","|turn|9","|","|move|p1a: Venusaur|Giga Drain|p2a: Dragalge","|-resisted|p2a: Dragalge","|-damage|p2a: Dragalge|113/334 par","|-heal|p1a: Venusaur|312/363|[from] drain|[of] p2a: Dragalge","|move|p2a: Dragalge|Draco Meteor|p1a: Venusaur","|-damage|p1a: Venusaur|76/363","|-unboost|p2a: Dragalge|spa|2","|","|-heal|p2a: Dragalge|133/334 par|[from] item: Black Sludge","|-damage|p2a: Dragalge|92/334 par|[from] Leech Seed|[of] p1a: Venusaur","|-heal|p1a: Venusaur|117/363|[silent]","|turn|10","|","|switch|p2a: Salamence|Salamence, M|254/394","|-ability|p2a: Salamence|Intimidate","|-unboost|p1a: Venusaur|atk|1","|move|p1a: Venusaur|Synthesis|p1a: Venusaur","|-heal|p1a: Venusaur|298/363","|","|-heal|p2a: Salamence|278/394|[from] item: Leftovers","|turn|11","|","|move|p2a: Salamence|Fire Blast|p1a: Venusaur","|-supereffective|p1a: Venusaur","|-damage|p1a: Venusaur|194/363","|-status|p1a: Venusaur|brn","|move|p1a: Venusaur|Sludge Bomb|p2a: Salamence","|-damage|p2a: Salamence|124/394","|","|-heal|p2a: Salamence|148/394|[from] item: Leftovers","|-damage|p1a: Venusaur|149/363 brn|[from] brn","|turn|12","|","|move|p2a: Salamence|Roost|p2a: Salamence","|-heal|p2a: Salamence|345/394","|move|p1a: Venusaur|Synthesis|p1a: Venusaur","|-heal|p1a: Venusaur|330/363 brn","|","|-heal|p2a: Salamence|369/394|[from] item: Leftovers","|-damage|p1a: Venusaur|285/363 brn|[from] brn","|turn|13","|","|switch|p2a: Dragalge|Dragalge, M|92/334 par","|move|p1a: Venusaur|Leech Seed|p2a: Dragalge","|-start|p2a: Dragalge|move: Leech Seed","|","|-heal|p2a: Dragalge|112/334 par|[from] item: Black Sludge","|-damage|p2a: Dragalge|71/334 par|[from] Leech Seed|[of] p1a: Venusaur","|-heal|p1a: Venusaur|326/363 brn|[silent]","|-damage|p1a: Venusaur|281/363 brn|[from] brn","|turn|14","|","|move|p1a: Venusaur|Sludge Bomb|p2a: Dragalge","|-resisted|p2a: Dragalge","|-damage|p2a: Dragalge|17/334 par","|move|p2a: Dragalge|Draco Meteor|p1a: Venusaur|[miss]","|-miss|p2a: Dragalge|p1a: Venusaur","|","|-heal|p2a: Dragalge|37/334 par|[from] item: Black Sludge","|-damage|p2a: Dragalge|0 fnt|[from] Leech Seed|[of] p1a: Venusaur","|-heal|p1a: Venusaur|318/363 brn|[silent]","|-damage|p1a: Venusaur|273/363 brn|[from] brn","|faint|p2a: Dragalge","|","|switch|p2a: Haxorus|Haxorus, M|293/293","|-ability|p2a: Haxorus|Mold Breaker","|turn|15","|","|move|p2a: Haxorus|Dragon Dance|p2a: Haxorus","|-boost|p2a: Haxorus|atk|1","|-boost|p2a: Haxorus|spe|1","|move|p1a: Venusaur|Leech Seed|p2a: Haxorus","|-start|p2a: Haxorus|move: Leech Seed","|","|-damage|p2a: Haxorus|257/293|[from] Leech Seed|[of] p1a: Venusaur","|-heal|p1a: Venusaur|309/363 brn|[silent]","|-damage|p1a: Venusaur|264/363 brn|[from] brn","|turn|16","|","|move|p2a: Haxorus|Dragon Dance|p2a: Haxorus","|-boost|p2a: Haxorus|atk|1","|-boost|p2a: Haxorus|spe|1","|move|p1a: Venusaur|Sludge Bomb|p2a: Haxorus","|-damage|p2a: Haxorus|74/293","|","|-damage|p2a: Haxorus|38/293|[from] Leech Seed|[of] p1a: Venusaur","|-heal|p1a: Venusaur|300/363 brn|[silent]","|-damage|p1a: Venusaur|255/363 brn|[from] brn","|turn|17","|","|move|p2a: Haxorus|Earthquake|p1a: Venusaur","|-damage|p1a: Venusaur|64/363 brn","|move|p1a: Venusaur|Synthesis|p1a: Venusaur","|-heal|p1a: Venusaur|245/363 brn","|","|-damage|p2a: Haxorus|2/293|[from] Leech Seed|[of] p1a: Venusaur","|-heal|p1a: Venusaur|281/363 brn|[silent]","|-damage|p1a: Venusaur|236/363 brn|[from] brn","|turn|18","|","|move|p2a: Haxorus|Outrage|p1a: Venusaur","|-damage|p1a: Venusaur|0 fnt","|faint|p1a: Venusaur","|","|","|switch|p1a: Breloom|Breloom, F|261/261","|turn|19","|","|move|p1a: Breloom|Mach Punch|p2a: Haxorus","|-damage|p2a: Haxorus|0 fnt","|faint|p2a: Haxorus","|","|","|switch|p2a: Salamence|Salamence, M|369/394","|-ability|p2a: Salamence|Intimidate","|-unboost|p1a: Breloom|atk|1","|turn|20","|","|move|p1a: Breloom|Rock Tomb|p2a: Salamence","|-supereffective|p2a: Salamence","|-damage|p2a: Salamence|185/394","|-unboost|p2a: Salamence|spe|1","|move|p2a: Salamence|Fire Blast|p1a: Breloom","|-supereffective|p1a: Breloom","|-enditem|p1a: Breloom|Focus Sash","|-damage|p1a: Breloom|1/261","|","|-heal|p2a: Salamence|209/394|[from] item: Leftovers","|turn|21","|","|move|p1a: Breloom|Rock Tomb|p2a: Salamence","|-supereffective|p2a: Salamence","|-damage|p2a: Salamence|45/394","|-unboost|p2a: Salamence|spe|1","|move|p2a: Salamence|Fire Blast|p1a: Breloom","|-crit|p1a: Breloom","|-supereffective|p1a: Breloom","|-damage|p1a: Breloom|0 fnt","|faint|p1a: Breloom","|","|-heal|p2a: Salamence|69/394|[from] item: Leftovers","|","|switch|p1a: Virizion|Virizion|385/385","|turn|22","|","|switch|p2a: Kyurem-Black|Kyurem-Black, shiny|391/391","|-ability|p2a: Kyurem-Black|Teravolt","|move|p1a: Virizion|Stone Edge|p2a: Kyurem-Black","|-supereffective|p2a: Kyurem-Black","|-damage|p2a: Kyurem-Black|181/391","|","|turn|23","|","|move|p2a: Kyurem-Black|Zen Headbutt|p1a: Virizion|[miss]","|-miss|p2a: Kyurem-Black|p1a: Virizion","|move|p1a: Virizion|Sacred Sword|p2a: Kyurem-Black","|-supereffective|p2a: Kyurem-Black","|-damage|p2a: Kyurem-Black|0 fnt","|faint|p2a: Kyurem-Black","|","|","|switch|p2a: Salamence|Salamence, M|69/394","|-ability|p2a: Salamence|Intimidate","|-unboost|p1a: Virizion|atk|1","|turn|24","|","|switch|p2a: Latios|Latios, M|301/301","|move|p1a: Virizion|Sacred Sword|p2a: Latios","|-resisted|p2a: Latios","|-damage|p2a: Latios|244/301","|","|turn|25","|","|move|p2a: Latios|Calm Mind|p2a: Latios","|-boost|p2a: Latios|spa|1","|-boost|p2a: Latios|spd|1","|move|p1a: Virizion|X-Scissor|p2a: Latios","|-supereffective|p2a: Latios","|-damage|p2a: Latios|124/301","|","|turn|26","|","|move|p2a: Latios|Psyshock|p1a: Virizion","|-supereffective|p1a: Virizion","|-damage|p1a: Virizion|0 fnt","|-damage|p2a: Latios|94/301|[from] item: Life Orb","|faint|p1a: Virizion","|","|","|switch|p1a: Serperior|Serperior, F|291/291","|turn|27","|","|move|p1a: Serperior|Hidden Power|p2a: Latios","|-supereffective|p2a: Latios","|-damage|p2a: Latios|13/301","|-damage|p1a: Serperior|262/291|[from] item: Life Orb","|move|p2a: Latios|Draco Meteor|p1a: Serperior","|-damage|p1a: Serperior|0 fnt","|-unboost|p2a: Latios|spa|2","|-damage|p2a: Latios|0 fnt|[from] item: Life Orb","|faint|p1a: Serperior","|faint|p2a: Latios","|","|","|switch|p1a: Whimsicott|Whimsicott, F|323/323","|switch|p2a: Altaria|Altaria, F|353/353","|turn|28","|","|detailschange|p2a: Altaria|Altaria-Mega, F","|-mega|p2a: Altaria|Altaria|Altarianite","|move|p1a: Whimsicott|Cotton Guard|p1a: Whimsicott","|-boost|p1a: Whimsicott|def|3","|move|p2a: Altaria|Flamethrower|p1a: Whimsicott","|-supereffective|p1a: Whimsicott","|-damage|p1a: Whimsicott|183/323","|","|-status|p1a: Whimsicott|brn|[from] item: Flame Orb","|turn|29","|","|move|p1a: Whimsicott|Leech Seed|p2a: Altaria","|-start|p2a: Altaria|move: Leech Seed","|move|p2a: Altaria|Hyper Voice|p1a: Whimsicott","|-damage|p1a: Whimsicott|54/323 brn","|","|-damage|p2a: Altaria|309/353|[from] Leech Seed|[of] p1a: Whimsicott","|-heal|p1a: Whimsicott|98/323 brn|[silent]","|-damage|p1a: Whimsicott|58/323 brn|[from] brn","|turn|30","|","|move|p1a: Whimsicott|Giga Drain|p2a: Altaria","|-resisted|p2a: Altaria","|-damage|p2a: Altaria|275/353","|-heal|p1a: Whimsicott|75/323 brn|[from] drain|[of] p2a: Altaria","|move|p2a: Altaria|Flamethrower|p1a: Whimsicott","|-supereffective|p1a: Whimsicott","|-damage|p1a: Whimsicott|0 fnt","|faint|p1a: Whimsicott","|","|win|Sovereign♕Blake"],"p1rating":{"entryid":"5821777","serverid":"eos","formatid":"monotype","userid":"carniemarx","username":"Carnie Marx","w":"65","l":82,"t":"0","gxe":44.5,"r":"1464.6029795636","rd":"35.938530580638","sigma":"0","rptime":"1438765200","rpr":1458.0050394558,"rprd":35.139305409844,"rpsigma":"0","acre":1042.142111879,"lacre":1042.142111879,"oldacre":"1065.709867393"},"p2rating":{"entryid":"7151294","serverid":"eos","formatid":"monotype","userid":"sovereignblake","username":"Sovereign♕Blake","w":12,"l":"19","t":"0","gxe":37.7,"r":"1399.4417011756","rd":"60.986037694168","sigma":"0","rptime":"1438765200","rpr":1404.457049417,"rprd":59.405637898902,"rpsigma":"0","acre":1047.4761999804,"lacre":1047.4761999804,"oldacre":"1000"},"endType":"normal"}