{"seed":[61058,42685,56093,16250],"turns":21,"p1":"Professor♅ Gotenks","p2":"Zukushiku","p1team":[{"name":"Cryogonal","species":"Cryogonal","item":"leftovers","ability":"Levitate","moves":["freezedry","hiddenpowerfire","recover","toxic"],"nature":"Timid","evs":{"hp":252,"atk":0,"def":0,"spa":4,"spd":0,"spe":252},"ivs":{"hp":31,"atk":30,"def":31,"spa":30,"spd":31,"spe":30}},{"name":"Kyurem-Black","species":"Kyurem-Black","item":"lifeorb","ability":"Teravolt","moves":["dragonclaw","zenheadbutt","ironhead","fusionbolt"],"nature":"Adamant","evs":{"hp":248,"atk":252,"def":0,"spa":0,"spd":8,"spe":0},"shiny":true,"ivs":{"hp":31,"atk":31,"def":31,"spa":31,"spd":31,"spe":31}},{"name":"Weavile","species":"Weavile","item":"focussash","ability":"Pressure","moves":["fakeout","lowkick","knockoff","poisonjab"],"nature":"Jolly","evs":{"hp":0,"atk":252,"def":0,"spa":0,"spd":4,"spe":252},"gender":"M","shiny":true,"ivs":{"hp":31,"atk":31,"def":31,"spa":31,"spd":31,"spe":31}},{"name":"Cloyster","species":"Cloyster","item":"focussash","ability":"Skill Link","moves":["shellsmash","iciclespear","rapidspin","rockblast"],"nature":"Adamant","evs":{"hp":0,"atk":252,"def":0,"spa":0,"spd":4,"spe":252},"ivs":{"hp":31,"atk":31,"def":31,"spa":31,"spd":31,"spe":31}},{"name":"Mamoswine","species":"Mamoswine","item":"lightclay","ability":"Oblivious","moves":["stealthrock","bodyslam","lightscreen","reflect"],"nature":"Impish","evs":{"hp":100,"atk":0,"def":156,"spa":0,"spd":0,"spe":252},"gender":"M","shiny":true,"ivs":{"hp":31,"atk":31,"def":31,"spa":31,"spd":31,"spe":31}},{"name":"Regice","species":"Regice","item":"assaultvest","ability":"Clear Body","moves":["icebeam","ancientpower","chargebeam","hiddenpowerfire"],"nature":"Modest","evs":{"hp":248,"atk":0,"def":0,"spa":24,"spd":236,"spe":0},"ivs":{"hp":31,"atk":30,"def":31,"spa":30,"spd":31,"spe":30},"shiny":true}],"p2team":[{"name":"Dusclops","species":"Dusclops","item":"eviolite","ability":"Pressure","moves":["rest","sleeptalk","nightshade","willowisp"],"nature":"Calm","evs":{"hp":252,"atk":0,"def":80,"spa":0,"spd":176,"spe":0},"ivs":{"hp":31,"atk":31,"def":31,"spa":31,"spd":31,"spe":31}},{"name":"Sableye","species":"Sableye","item":"sablenite","ability":"Prankster","moves":["knockoff","willowisp","recover","foulplay"],"nature":"Careful","evs":{"hp":252,"atk":0,"def":112,"spa":0,"spd":144,"spe":0},"shiny":true,"ivs":{"hp":31,"atk":31,"def":31,"spa":31,"spd":31,"spe":31}},{"name":"Chandelure","species":"Chandelure","item":"leftovers","ability":"Flash Fire","moves":["substitute","calmmind","flamethrower","shadowball"],"nature":"Timid","evs":{"hp":160,"atk":0,"def":0,"spa":96,"spd":0,"spe":252},"shiny":true,"ivs":{"hp":31,"atk":31,"def":31,"spa":31,"spd":31,"spe":31}},{"name":"Jellicent","species":"Jellicent","item":"leftovers","ability":"Water Absorb","moves":["scald","taunt","toxic","recover"],"nature":"Calm","evs":{"hp":248,"atk":0,"def":0,"spa":0,"spd":216,"spe":44},"ivs":{"hp":31,"atk":31,"def":31,"spa":31,"spd":31,"spe":31}},{"name":"Gengar","species":"Gengar","item":"lifeorb","ability":"Levitate","moves":["substitute","focusblast","shadowball","painsplit"],"nature":"Timid","evs":{"hp":0,"atk":0,"def":0,"spa":252,"spd":4,"spe":252},"ivs":{"hp":31,"atk":31,"def":31,"spa":31,"spd":31,"spe":31}},{"name":"Golurk","species":"Golurk","item":"focussash","ability":"No Guard","moves":["dynamicpunch","earthquake","stealthrock","icepunch"],"nature":"Adamant","evs":{"hp":0,"atk":252,"def":0,"spa":0,"spd":4,"spe":252},"ivs":{"hp":31,"atk":31,"def":31,"spa":31,"spd":31,"spe":31}}],"log":["|player|p1|Professor♅ Gotenks|professorgotenks.png","|player|p2|Zukushiku|zukushiku.png","|gametype|singles","|gen|6","|tier|Monotype","|rated","|rule|Baton Pass Clause: Limit one Baton Passer, can't pass Spe and other stats simultaneously","|rule|Swagger Clause: Swagger is banned","|rule|Same Type Clause: Pokémon in a team must share a type","|clearpoke","|poke|p1|Cryogonal","|poke|p1|Kyurem-Black, shiny","|poke|p1|Weavile, M, shiny","|poke|p1|Cloyster, M","|poke|p1|Mamoswine, M, shiny","|poke|p1|Regice, shiny","|poke|p2|Dusclops, M","|poke|p2|Sableye, M, shiny","|poke|p2|Chandelure, F, shiny","|poke|p2|Jellicent, F","|poke|p2|Gengar, M","|poke|p2|Golurk","|rule|Sleep Clause Mod: Limit one foe put to sleep","|rule|Species Clause: Limit one of each Pokémon","|rule|OHKO Clause: OHKO moves are banned","|rule|Moody Clause: Moody is banned","|rule|Evasion Moves Clause: Evasion moves are banned","|rule|Endless Battle Clause: Forcing endless battles is banned","|rule|HP Percentage Mod: HP is shown in percentages","|teampreview","|","|start","|switch|p1a: Mamoswine|Mamoswine, M, shiny|386/386","|switch|p2a: Sableye|Sableye, M, shiny|304/304","|turn|1","|","|detailschange|p2a: Sableye|Sableye-Mega, M, shiny","|-mega|p2a: Sableye|Sableye|Sablenite","|move|p2a: Sableye|Will-O-Wisp|p1a: Mamoswine","|-status|p1a: Mamoswine|brn","|move|p1a: Mamoswine|Light Screen|p1a: Mamoswine","|-sidestart|p1: Professor♅ Gotenks|move: Light Screen","|","|-damage|p1a: Mamoswine|338/386 brn|[from] brn","|turn|2","|","|move|p1a: Mamoswine|Reflect|p1a: Mamoswine","|-sidestart|p1: Professor♅ Gotenks|Reflect","|move|p2a: Sableye|Knock Off|p1a: Mamoswine","|-damage|p1a: Mamoswine|290/386 brn","|-enditem|p1a: Mamoswine|Light Clay|[from] move: Knock Off|[of] p2a: Sableye","|","|-damage|p1a: Mamoswine|242/386 brn|[from] brn","|turn|3","|","|switch|p1a: Regice|Regice, shiny|363/363","|move|p2a: Sableye|Will-O-Wisp|p1a: Regice","|-status|p1a: Regice|brn","|","|-damage|p1a: Regice|318/363 brn|[from] brn","|turn|4","|","|switch|p2a: Chandelure|Chandelure, F, shiny|301/301","|move|p1a: Regice|Charge Beam|p2a: Chandelure|[miss]","|-miss|p1a: Regice|p2a: Chandelure","|","|-damage|p1a: Regice|273/363 brn|[from] brn","|turn|5","|","|switch|p2a: Golurk|Golurk|319/319","|move|p1a: Regice|Ancient Power|p2a: Golurk","|-resisted|p2a: Golurk","|-damage|p2a: Golurk|288/319","|","|-damage|p1a: Regice|228/363 brn|[from] brn","|turn|6","|","|move|p2a: Golurk|Stealth Rock|p1a: Regice","|-sidestart|p1: Professor♅ Gotenks|move: Stealth Rock","|move|p1a: Regice|Ice Beam|p2a: Golurk","|-supereffective|p2a: Golurk","|-damage|p2a: Golurk|0 fnt","|faint|p2a: Golurk","|","|-damage|p1a: Regice|183/363 brn|[from] brn","|","|switch|p2a: Chandelure|Chandelure, F, shiny|301/301","|turn|7","|","|move|p2a: Chandelure|Calm Mind|p2a: Chandelure","|-boost|p2a: Chandelure|spa|1","|-boost|p2a: Chandelure|spd|1","|move|p1a: Regice|Ancient Power|p2a: Chandelure","|-supereffective|p2a: Chandelure","|-damage|p2a: Chandelure|215/301","|","|-heal|p2a: Chandelure|233/301|[from] item: Leftovers","|-damage|p1a: Regice|138/363 brn|[from] brn","|turn|8","|","|move|p2a: Chandelure|Calm Mind|p2a: Chandelure","|-boost|p2a: Chandelure|spa|1","|-boost|p2a: Chandelure|spd|1","|move|p1a: Regice|Ancient Power|p2a: Chandelure","|-supereffective|p2a: Chandelure","|-damage|p2a: Chandelure|177/301","|","|-heal|p2a: Chandelure|195/301|[from] item: Leftovers","|-damage|p1a: Regice|93/363 brn|[from] brn","|-sideend|p1: Professor♅ Gotenks|move: Light Screen","|turn|9","|","|move|p2a: Chandelure|Substitute|p2a: Chandelure","|-start|p2a: Chandelure|Substitute","|-damage|p2a: Chandelure|120/301","|move|p1a: Regice|Ancient Power|p2a: Chandelure","|-supereffective|p2a: Chandelure","|-activate|p2a: Chandelure|Substitute|[damage]","|","|-heal|p2a: Chandelure|138/301|[from] item: Leftovers","|-damage|p1a: Regice|48/363 brn|[from] brn","|-sideend|p1: Professor♅ Gotenks|Reflect","|turn|10","|","|move|p2a: Chandelure|Shadow Ball|p1a: Regice","|-damage|p1a: Regice|0 fnt","|faint|p1a: Regice","|","|-heal|p2a: Chandelure|156/301|[from] item: Leftovers","|","|switch|p1a: Cloyster|Cloyster, M|241/241","|-damage|p1a: Cloyster|181/241|[from] Stealth Rock","|turn|11","|","|move|p2a: Chandelure|Shadow Ball|p1a: Cloyster","|-damage|p1a: Cloyster|0 fnt","|faint|p1a: Cloyster","|","|-heal|p2a: Chandelure|174/301|[from] item: Leftovers","|","|switch|p1a: Mamoswine|Mamoswine, M, shiny|242/386 brn","|-damage|p1a: Mamoswine|194/386 brn|[from] Stealth Rock","|turn|12","|","|move|p2a: Chandelure|Shadow Ball|p1a: Mamoswine","|-damage|p1a: Mamoswine|0 fnt","|faint|p1a: Mamoswine","|","|-heal|p2a: Chandelure|192/301|[from] item: Leftovers","|","|switch|p1a: Weavile|Weavile, M, shiny|281/281","|-damage|p1a: Weavile|211/281|[from] Stealth Rock","|-ability|p1a: Weavile|Pressure","|turn|13","|","|move|p1a: Weavile|Knock Off|p2a: Chandelure","|-supereffective|p2a: Chandelure","|-end|p2a: Chandelure|Substitute","|move|p2a: Chandelure|Flamethrower|p1a: Weavile","|-supereffective|p1a: Weavile","|-damage|p1a: Weavile|0 fnt","|faint|p1a: Weavile","|","|-heal|p2a: Chandelure|210/301|[from] item: Leftovers","|","|switch|p1a: Kyurem-Black|Kyurem-Black, shiny|453/453","|-damage|p1a: Kyurem-Black|340/453|[from] Stealth Rock","|-ability|p1a: Kyurem-Black|Teravolt","|turn|14","|","|move|p2a: Chandelure|Flamethrower|p1a: Kyurem-Black","|-damage|p1a: Kyurem-Black|1/453","|move|p1a: Kyurem-Black|Fusion Bolt|p2a: Chandelure","|-damage|p2a: Chandelure|0 fnt","|-damage|p1a: Kyurem-Black|0 fnt|[from] item: Life Orb","|faint|p2a: Chandelure","|faint|p1a: Kyurem-Black","|","|","|switch|p1a: Cryogonal|Cryogonal|344/344","|switch|p2a: Jellicent|Jellicent, F|403/403","|-damage|p1a: Cryogonal|258/344|[from] Stealth Rock","|turn|15","|","|move|p1a: Cryogonal|Toxic|p2a: Jellicent","|-status|p2a: Jellicent|tox","|move|p2a: Jellicent|Toxic|p1a: Cryogonal","|-status|p1a: Cryogonal|tox","|","|-heal|p1a: Cryogonal|279/344 tox|[from] item: Leftovers","|-damage|p1a: Cryogonal|258/344 tox|[from] psn","|-damage|p2a: Jellicent|378/403 tox|[from] psn","|turn|16","|","|switch|p2a: Dusclops|Dusclops, M|284/284","|-ability|p2a: Dusclops|Pressure","|move|p1a: Cryogonal|Recover|p1a: Cryogonal","|-heal|p1a: Cryogonal|344/344 tox","|","|-damage|p1a: Cryogonal|302/344 tox|[from] psn","|turn|17","|","|move|p1a: Cryogonal|Toxic|p2a: Dusclops","|-status|p2a: Dusclops|tox","|move|p2a: Dusclops|Night Shade|p1a: Cryogonal","|-damage|p1a: Cryogonal|202/344 tox","|","|-heal|p1a: Cryogonal|223/344 tox|[from] item: Leftovers","|-damage|p1a: Cryogonal|160/344 tox|[from] psn","|-damage|p2a: Dusclops|267/284 tox|[from] psn","|turn|18","|","|move|p1a: Cryogonal|Recover|p1a: Cryogonal","|-heal|p1a: Cryogonal|332/344 tox","|move|p2a: Dusclops|Night Shade|p1a: Cryogonal","|-damage|p1a: Cryogonal|232/344 tox","|","|-heal|p1a: Cryogonal|253/344 tox|[from] item: Leftovers","|-damage|p1a: Cryogonal|169/344 tox|[from] psn","|-damage|p2a: Dusclops|233/284 tox|[from] psn","|turn|19","|","|move|p1a: Cryogonal|Recover|p1a: Cryogonal","|-heal|p1a: Cryogonal|341/344 tox","|move|p2a: Dusclops|Night Shade|p1a: Cryogonal","|-damage|p1a: Cryogonal|241/344 tox","|","|-heal|p1a: Cryogonal|262/344 tox|[from] item: Leftovers","|-damage|p1a: Cryogonal|157/344 tox|[from] psn","|-damage|p2a: Dusclops|182/284 tox|[from] psn","|turn|20","|","|move|p1a: Cryogonal|Recover|p1a: Cryogonal","|-heal|p1a: Cryogonal|329/344 tox","|move|p2a: Dusclops|Night Shade|p1a: Cryogonal","|-damage|p1a: Cryogonal|229/344 tox","|","|-heal|p1a: Cryogonal|250/344 tox|[from] item: Leftovers","|-damage|p1a: Cryogonal|124/344 tox|[from] psn","|-damage|p2a: Dusclops|114/284 tox|[from] psn","|turn|21","|","|switch|p2a: Gengar|Gengar, M|261/261","|move|p1a: Cryogonal|Freeze-Dry|p2a: Gengar","|-damage|p2a: Gengar|161/261","|","|-heal|p1a: Cryogonal|145/344 tox|[from] item: Leftovers","|-damage|p1a: Cryogonal|0 fnt|[from] psn","|faint|p1a: Cryogonal","|","|win|Zukushiku"],"p1rating":{"entryid":"6600838","serverid":"eos","formatid":"monotype","userid":"professorgotenks","username":"Professor♅ Gotenks","w":"26","l":37,"t":"0","gxe":42.3,"r":"1449.5628555128","rd":"46.997188399916","sigma":"0","rptime":"1438765200","rpr":1440.9080808686,"rprd":46.301375005503,"rpsigma":"0","acre":1088.7660872462,"lacre":1088.7660872462,"oldacre":"1103.2717730573"},"p2rating":{"entryid":"7076911","serverid":"eos","formatid":"monotype","userid":"zukushiku","username":"Zukushiku","w":22,"l":"11","t":"0","gxe":63.7,"r":"1593.8224445949","rd":"66.063989950501","sigma":"0","rptime":"1438765200","rpr":1607.5856241253,"rprd":60.066583655604,"rpsigma":"0","acre":1273.2256679646,"lacre":1273.2256679646,"oldacre":"1258.7199821535"},"endType":"normal"}