{"seed":[19770,40425,35281,23352],"turns":37,"p1":"Sovereign♕Dooms","p2":"Twizz","p1team":[{"name":"Terra","species":"terrakion","item":"choicescarf","ability":"Justified","moves":["ironhead","closecombat","earthquake","rockslide"],"nature":"Jolly","evs":{"hp":4,"atk":252,"def":0,"spa":0,"spd":0,"spe":252},"shiny":true,"ivs":{"hp":31,"atk":31,"def":31,"spa":31,"spd":31,"spe":31}},{"name":"Champ","species":"medicham","item":"medichamite","ability":"Pure Power","moves":["fakeout","bulletpunch","drainpunch","icepunch"],"nature":"Jolly","evs":{"hp":4,"atk":252,"def":0,"spa":0,"spd":0,"spe":252},"gender":"M","ivs":{"hp":31,"atk":31,"def":31,"spa":31,"spd":31,"spe":31}},{"name":"Inferno","species":"infernape","item":"focussash","ability":"Blaze","moves":["stealthrock","flamethrower","vacuumwave","endeavor"],"nature":"Timid","evs":{"hp":4,"atk":0,"def":0,"spa":252,"spd":0,"spe":252},"gender":"M","ivs":{"hp":31,"atk":30,"def":30,"spa":31,"spd":31,"spe":31}},{"name":"Hera","species":"heracross","item":"choicescarf","ability":"Moxie","moves":["closecombat","earthquake","knockoff","megahorn"],"nature":"Jolly","evs":{"hp":4,"atk":252,"def":0,"spa":0,"spd":0,"spe":252},"gender":"M","ivs":{"hp":31,"atk":31,"def":31,"spa":31,"spd":31,"spe":31}},{"name":"loom","species":"breloom","item":"focussash","ability":"Technician","moves":["spore","swordsdance","machpunch","bulletseed"],"nature":"Jolly","evs":{"hp":4,"atk":252,"def":0,"spa":0,"spd":0,"spe":252},"gender":"M","ivs":{"hp":31,"atk":31,"def":31,"spa":31,"spd":31,"spe":31}},{"name":"Mien","species":"mienshao","item":"focussash","ability":"Reckless","moves":["highjumpkick","uturn","fakeout","knockoff"],"nature":"Jolly","evs":{"hp":4,"atk":252,"def":0,"spa":0,"spd":0,"spe":252},"gender":"M","ivs":{"hp":31,"atk":31,"def":31,"spa":31,"spd":31,"spe":31}}],"p2team":[{"name":"Magnezone","species":"Magnezone","item":"leftovers","ability":"Sturdy","moves":["flashcannon","thunderbolt","protect","hiddenpowerice"],"nature":"Modest","evs":{"hp":76,"atk":0,"def":180,"spa":252,"spd":0,"spe":0},"ivs":{"hp":31,"atk":30,"def":30,"spa":31,"spd":31,"spe":31}},{"name":"Zapdos","species":"Zapdos","item":"leftovers","ability":"Pressure","moves":["discharge","heatwave","toxic","roost"],"nature":"Bold","evs":{"hp":4,"atk":0,"def":252,"spa":0,"spd":252,"spe":0},"ivs":{"hp":31,"atk":31,"def":31,"spa":31,"spd":31,"spe":31}},{"name":"Ampharos","species":"Ampharos","item":"ampharosite","ability":"Static","moves":["cottonguard","rest","sleeptalk","dragonpulse"],"nature":"Bold","evs":{"hp":0,"atk":0,"def":252,"spa":136,"spd":120,"spe":0},"ivs":{"hp":31,"atk":31,"def":31,"spa":31,"spd":31,"spe":31}},{"name":"Raikou","species":"Raikou","item":"leftovers","ability":"Pressure","moves":["calmmind","substitute","thunderbolt","extrasensory"],"nature":"Timid","evs":{"hp":0,"atk":0,"def":0,"spa":252,"spd":4,"spe":252},"ivs":{"hp":31,"atk":31,"def":31,"spa":31,"spd":31,"spe":31}},{"name":"Rotom-Wash","species":"Rotom-Wash","item":"choicescarf","ability":"Levitate","moves":["voltswitch","hydropump","willowisp","trick"],"nature":"Timid","evs":{"hp":0,"atk":0,"def":0,"spa":252,"spd":4,"spe":252},"ivs":{"hp":31,"atk":31,"def":31,"spa":31,"spd":31,"spe":31}},{"name":"Condom","species":"eelektross","item":"assaultvest","ability":"Levitate","moves":["gigadrain","thunderbolt","drainpunch","knockoff"],"nature":"Quiet","evs":{"hp":3,"atk":136,"def":0,"spa":108,"spd":252,"spe":0},"ivs":{"hp":31,"atk":31,"def":31,"spa":31,"spd":31,"spe":31}}],"log":["|player|p1|Sovereign♕Dooms|20","|player|p2|Twizz|122","|gametype|singles","|gen|6","|tier|Monotype","|rated","|rule|Baton Pass Clause: Limit one Baton Passer, can't pass Spe and other stats simultaneously","|rule|Swagger Clause: Swagger is banned","|rule|Same Type Clause: Pokémon in a team must share a type","|clearpoke","|poke|p1|Terrakion, shiny","|poke|p1|Medicham, M","|poke|p1|Infernape, M","|poke|p1|Heracross, M","|poke|p1|Breloom, M","|poke|p1|Mienshao, M","|poke|p2|Magnezone","|poke|p2|Zapdos","|poke|p2|Ampharos, M","|poke|p2|Raikou","|poke|p2|Rotom-Wash","|poke|p2|Eelektross, F","|rule|Sleep Clause Mod: Limit one foe put to sleep","|rule|Species Clause: Limit one of each Pokémon","|rule|OHKO Clause: OHKO moves are banned","|rule|Moody Clause: Moody is banned","|rule|Evasion Moves Clause: Evasion moves are banned","|rule|Endless Battle Clause: Forcing endless battles is banned","|rule|HP Percentage Mod: HP is shown in percentages","|teampreview","|","|start","|switch|p1a: Mien|Mienshao, M|272/272","|switch|p2a: Rotom-Wash|Rotom-Wash|241/241","|turn|1","|","|switch|p2a: Magnezone|Magnezone|300/300","|move|p1a: Mien|Fake Out|p2a: Magnezone","|-resisted|p2a: Magnezone","|-damage|p2a: Magnezone|282/300","|","|-heal|p2a: Magnezone|300/300|[from] item: Leftovers","|turn|2","|","|move|p2a: Magnezone|Protect|p2a: Magnezone","|-singleturn|p2a: Magnezone|Protect","|move|p1a: Mien|High Jump Kick|p2a: Magnezone","|-activate|p2a: Magnezone|Protect","|-damage|p1a: Mien|136/272|[from] highjumpkick","|","|turn|3","|","|switch|p2a: Zapdos|Zapdos|322/322","|-ability|p2a: Zapdos|Pressure","|move|p1a: Mien|High Jump Kick|p2a: Zapdos","|-resisted|p2a: Zapdos","|-damage|p2a: Zapdos|205/322","|","|-heal|p2a: Zapdos|225/322|[from] item: Leftovers","|turn|4","|","|move|p1a: Mien|Knock Off|p2a: Zapdos","|-damage|p2a: Zapdos|132/322","|-enditem|p2a: Zapdos|Leftovers|[from] move: Knock Off|[of] p1a: Mien","|move|p2a: Zapdos|Roost|p2a: Zapdos","|-heal|p2a: Zapdos|293/322","|","|turn|5","|","|move|p1a: Mien|U-turn|p2a: Zapdos","|-resisted|p2a: Zapdos","|-damage|p2a: Zapdos|259/322","|","|switch|p1a: Inferno|Infernape, M|294/294","|move|p2a: Zapdos|Discharge|p1a: Inferno","|-damage|p1a: Inferno|156/294","|-status|p1a: Inferno|par","|","|turn|6","|","|switch|p2a: Rotom-Wash|Rotom-Wash|241/241","|move|p1a: Inferno|Endeavor|p2a: Rotom-Wash","|-damage|p2a: Rotom-Wash|156/241","|","|turn|7","|","|move|p1a: Inferno|Vacuum Wave|p2a: Rotom-Wash","|-damage|p2a: Rotom-Wash|95/241","|move|p2a: Rotom-Wash|Hydro Pump|p1a: Inferno","|-supereffective|p1a: Inferno","|-damage|p1a: Inferno|0 fnt","|faint|p1a: Inferno","|","|","|switch|p1a: Mien|Mienshao, M|136/272","|turn|8","|","|move|p2a: Rotom-Wash|Hydro Pump|p1a: Mien","|-damage|p1a: Mien|0 fnt","|faint|p1a: Mien","|","|","|switch|p1a: Champ|Medicham, M|262/262","|turn|9","|","|switch|p2a: Magnezone|Magnezone|300/300","|detailschange|p1a: Champ|Medicham-Mega, M","|-mega|p1a: Champ|Medicham|Medichamite","|move|p1a: Champ|Fake Out|p2a: Magnezone","|-resisted|p2a: Magnezone","|-damage|p2a: Magnezone|270/300","|","|-heal|p2a: Magnezone|288/300|[from] item: Leftovers","|turn|10","|","|move|p2a: Magnezone|Protect|p2a: Magnezone","|-singleturn|p2a: Magnezone|Protect","|move|p1a: Champ|Drain Punch|p2a: Magnezone","|-activate|p2a: Magnezone|Protect","|","|-heal|p2a: Magnezone|300/300|[from] item: Leftovers","|turn|11","|","|move|p1a: Champ|Drain Punch|p2a: Magnezone","|-supereffective|p2a: Magnezone","|-ability|p2a: Magnezone|Sturdy","|-damage|p2a: Magnezone|1/300","|move|p2a: Magnezone|Thunderbolt|p1a: Champ","|-damage|p1a: Champ|76/262","|","|-heal|p2a: Magnezone|19/300|[from] item: Leftovers","|turn|12","|","|move|p1a: Champ|Drain Punch|p2a: Magnezone","|-supereffective|p2a: Magnezone","|-damage|p2a: Magnezone|0 fnt","|-heal|p1a: Champ|86/262|[from] drain|[of] p2a: Magnezone","|faint|p2a: Magnezone","|","|","|switch|p2a: Raikou|Raikou|321/321","|-ability|p2a: Raikou|Pressure","|turn|13","|","|switch|p1a: Hera|Heracross, M|302/302","|move|p2a: Raikou|Thunderbolt|p1a: Hera","|-damage|p1a: Hera|142/302","|","|turn|14","|","|switch|p2a: Zapdos|Zapdos|259/322","|-ability|p2a: Zapdos|Pressure","|move|p1a: Hera|Earthquake|p2a: Zapdos","|-immune|p2a: Zapdos|[msg]","|","|turn|15","|","|switch|p1a: Terra|Terrakion, shiny|324/324","|move|p2a: Zapdos|Discharge|p1a: Terra","|-damage|p1a: Terra|192/324","|-status|p1a: Terra|par","|","|turn|16","|","|switch|p2a: Rotom-Wash|Rotom-Wash|95/241","|move|p1a: Terra|Rock Slide|p2a: Rotom-Wash","|-damage|p2a: Rotom-Wash|0 fnt","|faint|p2a: Rotom-Wash","|","|","|switch|p2a: Ampharos|Ampharos, M|321/321","|turn|17","|","|detailschange|p2a: Ampharos|Ampharos-Mega, M","|-mega|p2a: Ampharos|Ampharos|Ampharosite","|-ability|p2a: Ampharos|Mold Breaker","|move|p2a: Ampharos|Cotton Guard|p2a: Ampharos","|-boost|p2a: Ampharos|def|3","|cant|p1a: Terra|par","|","|turn|18","|","|move|p1a: Terra|Rock Slide|p2a: Ampharos","|-damage|p2a: Ampharos|285/321","|cant|p2a: Ampharos|flinch","|","|turn|19","|","|switch|p1a: loom|Breloom, M|262/262","|move|p2a: Ampharos|Cotton Guard|p2a: Ampharos","|-boost|p2a: Ampharos|def|3","|","|turn|20","|","|move|p1a: loom|Spore|p2a: Ampharos","|-status|p2a: Ampharos|slp","|cant|p2a: Ampharos|slp","|","|turn|21","|","|move|p1a: loom|Swords Dance|p1a: loom","|-boost|p1a: loom|atk|2","|cant|p2a: Ampharos|slp","|move|p2a: Ampharos|Sleep Talk|p2a: Ampharos","|move|p2a: Ampharos|Cotton Guard|p2a: Ampharos|[from]Sleep Talk","|-fail|p2a: Ampharos","|","|turn|22","|","|move|p1a: loom|Swords Dance|p1a: loom","|-boost|p1a: loom|atk|2","|cant|p2a: Ampharos|slp","|","|turn|23","|","|move|p1a: loom|Bullet Seed|p2a: Ampharos","|-resisted|p2a: Ampharos","|-damage|p2a: Ampharos|269/321 slp","|-resisted|p2a: Ampharos","|-damage|p2a: Ampharos|252/321 slp","|-resisted|p2a: Ampharos","|-damage|p2a: Ampharos|235/321 slp","|-hitcount|p2a: Ampharos|3","|-curestatus|p2a: Ampharos|slp","|move|p2a: Ampharos|Dragon Pulse|p1a: loom","|-damage|p1a: loom|3/262","|","|turn|24","|","|move|p1a: loom|Spore|p2a: Ampharos","|-status|p2a: Ampharos|slp","|cant|p2a: Ampharos|slp","|","|turn|25","|","|move|p1a: loom|Mach Punch|p2a: Ampharos","|-damage|p2a: Ampharos|180/321 slp","|cant|p2a: Ampharos|slp","|move|p2a: Ampharos|Sleep Talk|p2a: Ampharos","|move|p2a: Ampharos|Cotton Guard|p2a: Ampharos|[from]Sleep Talk","|-fail|p2a: Ampharos","|","|turn|26","|","|move|p1a: loom|Swords Dance|p1a: loom","|-boost|p1a: loom|atk|2","|-curestatus|p2a: Ampharos|slp","|move|p2a: Ampharos|Dragon Pulse|p1a: loom","|-damage|p1a: loom|0 fnt","|faint|p1a: loom","|","|","|switch|p1a: Champ|Medicham-Mega, M|86/262","|turn|27","|","|move|p1a: Champ|Fake Out|p2a: Ampharos","|-damage|p2a: Ampharos|166/321","|cant|p2a: Ampharos|flinch","|","|turn|28","|","|move|p1a: Champ|Ice Punch|p2a: Ampharos","|-supereffective|p2a: Ampharos","|-damage|p2a: Ampharos|114/321","|-status|p2a: Ampharos|frz","|cant|p2a: Ampharos|frz","|","|turn|29","|","|move|p1a: Champ|Ice Punch|p2a: Ampharos","|-crit|p2a: Ampharos","|-supereffective|p2a: Ampharos","|-damage|p2a: Ampharos|0 fnt","|faint|p2a: Ampharos","|","|","|switch|p2a: Raikou|Raikou|321/321","|-ability|p2a: Raikou|Pressure","|turn|30","|","|switch|p1a: Terra|Terrakion, shiny|192/324 par","|move|p2a: Raikou|Thunderbolt|p1a: Terra","|-damage|p1a: Terra|23/324 par","|","|turn|31","|","|move|p2a: Raikou|Substitute|p2a: Raikou","|-start|p2a: Raikou|Substitute","|-damage|p2a: Raikou|241/321","|move|p1a: Terra|Rock Slide|p2a: Raikou","|-crit|p2a: Raikou","|-end|p2a: Raikou|Substitute","|","|-heal|p2a: Raikou|261/321|[from] item: Leftovers","|turn|32","|","|move|p2a: Raikou|Substitute|p2a: Raikou","|-start|p2a: Raikou|Substitute","|-damage|p2a: Raikou|181/321","|cant|p1a: Terra|par","|","|-heal|p2a: Raikou|201/321|[from] item: Leftovers","|turn|33","|","|move|p2a: Raikou|Thunderbolt|p1a: Terra","|-damage|p1a: Terra|0 fnt","|faint|p1a: Terra","|","|-heal|p2a: Raikou|221/321|[from] item: Leftovers","|","|switch|p1a: Champ|Medicham-Mega, M|86/262","|turn|34","|","|move|p1a: Champ|Fake Out|p2a: Raikou","|-end|p2a: Raikou|Substitute","|move|p2a: Raikou|Thunderbolt|p1a: Champ","|-damage|p1a: Champ|0 fnt","|faint|p1a: Champ","|","|-heal|p2a: Raikou|241/321|[from] item: Leftovers","|","|switch|p1a: Hera|Heracross, M|142/302","|turn|35","|","|switch|p2a: Zapdos|Zapdos|259/322","|-ability|p2a: Zapdos|Pressure","|move|p1a: Hera|Knock Off|p2a: Zapdos","|-damage|p2a: Zapdos|194/322","|","|turn|36","|","|move|p1a: Hera|Knock Off|p2a: Zapdos","|-damage|p2a: Zapdos|130/322","|move|p2a: Zapdos|Roost|p2a: Zapdos","|-heal|p2a: Zapdos|291/322","|","|turn|37","|","|win|Twizz"],"p1rating":{"entryid":"7390241","serverid":"eos","formatid":"monotype","userid":"sovereigndooms","username":"Sovereign♕Dooms","w":"5","l":4,"t":"0","gxe":53.5,"r":"1606.9124600106","rd":"98.975518015657","sigma":"0","rptime":"1438765200","rpr":1526.8609483019,"rprd":89.790501944099,"rpsigma":"0","acre":1072.1663706803,"lacre":1072.1663706803,"oldacre":"1104.3185540065"},"p2rating":{"entryid":"6985408","serverid":"eos","formatid":"monotype","userid":"twizz","username":"Twizz","w":17,"l":"28","t":"0","gxe":37.9,"r":"1420.4518030897","rd":"57.002161116529","sigma":"0","rptime":"1438765200","rpr":1406.2068713311,"rprd":53.822289824827,"rpsigma":"0","acre":1053.1128757203,"lacre":1053.1128757203,"oldacre":"1002.0684047756"},"endType":"forfeit"}