{"seed":[29756,48964,29996,52992],"turns":25,"p1":"Guard Choppah","p2":"Guard Wanderer","p1team":[{"name":"Skarmory","species":"Skarmory","item":"rockyhelmet","ability":"Sturdy","moves":["defog","bravebird","roost","spikes"],"nature":"Impish","evs":{"hp":252,"atk":4,"def":252,"spa":0,"spd":0,"spe":0},"ivs":{"hp":31,"atk":31,"def":31,"spa":31,"spd":31,"spe":31}},{"name":"Heatran","species":"Heatran","item":"leftovers","ability":"Flash Fire","moves":["toxic","lavaplume","flashcannon","protect"],"nature":"Calm","evs":{"hp":252,"atk":0,"def":0,"spa":4,"spd":252,"spe":0},"ivs":{"hp":31,"atk":31,"def":31,"spa":31,"spd":31,"spe":31}},{"name":"Ferrothorn","species":"Ferrothorn","item":"rockyhelmet","ability":"Iron Barbs","moves":["leechseed","powerwhip","toxic","stealthrock"],"nature":"Careful","evs":{"hp":248,"atk":8,"def":0,"spa":0,"spd":252,"spe":0},"ivs":{"hp":31,"atk":31,"def":31,"spa":31,"spd":31,"spe":31}},{"name":"Scizor","species":"Scizor","item":"scizorite","ability":"Technician","moves":["roost","bulletpunch","swordsdance","aerialace"],"nature":"Impish","evs":{"hp":248,"atk":0,"def":252,"spa":0,"spd":8,"spe":0},"ivs":{"hp":31,"atk":31,"def":31,"spa":31,"spd":31,"spe":31}},{"name":"Bisharp","species":"Bisharp","item":"lifeorb","ability":"Defiant","moves":["knockoff","ironhead","suckerpunch","pursuit"],"nature":"Jolly","evs":{"hp":0,"atk":252,"def":0,"spa":0,"spd":4,"spe":252},"ivs":{"hp":31,"atk":31,"def":31,"spa":31,"spd":31,"spe":31}},{"name":"Magnezone","species":"Magnezone","item":"choicescarf","ability":"Magnet Pull","moves":["thunderbolt","voltswitch","flashcannon","hiddenpowerfire"],"nature":"Timid","evs":{"hp":0,"atk":0,"def":0,"spa":252,"spd":4,"spe":252},"ivs":{"hp":31,"atk":30,"def":31,"spa":30,"spd":31,"spe":30}}],"p2team":[{"name":"Weezing","species":"Weezing","item":"sitrusberry","ability":"Levitate","moves":["toxicspikes","willowisp","memento","thief"],"nature":"Careful","evs":{"hp":248,"atk":8,"def":0,"spa":0,"spd":252,"spe":0},"ivs":{"hp":31,"atk":31,"def":31,"spa":31,"spd":31,"spe":31}},{"name":"Tentacruel","species":"Tentacruel","item":"assaultvest","ability":"Liquid Ooze","moves":["scald","acidspray","gigadrain","hex"],"nature":"Timid","evs":{"hp":0,"atk":0,"def":4,"spa":252,"spd":0,"spe":252},"ivs":{"hp":31,"atk":31,"def":31,"spa":31,"spd":31,"spe":31}},{"name":"Skuntank","species":"Skuntank","item":"","ability":"Stench","moves":["snatch","thief","suckerpunch","poisonjab"],"nature":"Adamant","evs":{"hp":248,"atk":252,"def":0,"spa":0,"spd":8,"spe":0},"ivs":{"hp":31,"atk":31,"def":31,"spa":31,"spd":31,"spe":31}},{"name":"Crobat","species":"Crobat","item":"whiteherb","ability":"Infiltrator","moves":["curse","acrobatics","roost","hypnosis"],"nature":"Jolly","evs":{"hp":248,"atk":8,"def":0,"spa":0,"spd":0,"spe":252},"ivs":{"hp":31,"atk":31,"def":31,"spa":31,"spd":31,"spe":31}},{"name":"Gengar","species":"Gengar","item":"choicescarf","ability":"Levitate","moves":["trick","destinybond","venoshock","hex"],"nature":"Timid","evs":{"hp":0,"atk":0,"def":0,"spa":252,"spd":4,"spe":252},"ivs":{"hp":31,"atk":31,"def":31,"spa":31,"spd":31,"spe":31}},{"name":"Amoonguss","species":"Amoonguss","item":"blacksludge","ability":"Regenerator","moves":["spore","gigadrain","gastroacid","stunspore"],"nature":"Calm","evs":{"hp":248,"atk":0,"def":0,"spa":8,"spd":252,"spe":0},"shiny":true,"ivs":{"hp":31,"atk":31,"def":31,"spa":31,"spd":31,"spe":31}}],"log":["|player|p1|Guard Choppah|146","|player|p2|Guard Wanderer|235","|gametype|singles","|gen|6","|tier|Monotype","|rated","|rule|Baton Pass Clause: Limit one Baton Passer, can't pass Spe and other stats simultaneously","|rule|Swagger Clause: Swagger is banned","|rule|Same Type Clause: Pokémon in a team must share a type","|clearpoke","|poke|p1|Skarmory, F","|poke|p1|Heatran, M","|poke|p1|Ferrothorn, F","|poke|p1|Scizor, M","|poke|p1|Bisharp, M","|poke|p1|Magnezone","|poke|p2|Weezing, M","|poke|p2|Tentacruel, M","|poke|p2|Skuntank, M","|poke|p2|Crobat, M","|poke|p2|Gengar, F","|poke|p2|Amoonguss, M, shiny","|rule|Sleep Clause Mod: Limit one foe put to sleep","|rule|Species Clause: Limit one of each Pokémon","|rule|OHKO Clause: OHKO moves are banned","|rule|Moody Clause: Moody is banned","|rule|Evasion Moves Clause: Evasion moves are banned","|rule|Endless Battle Clause: Forcing endless battles is banned","|rule|HP Percentage Mod: HP is shown in percentages","|teampreview","|","|start","|switch|p1a: Heatran|Heatran, M|386/386","|switch|p2a: Tentacruel|Tentacruel, M|301/301","|turn|1","|","|switch|p1a: Ferrothorn|Ferrothorn, F|351/351","|move|p2a: Tentacruel|Scald|p1a: Ferrothorn","|-resisted|p1a: Ferrothorn","|-damage|p1a: Ferrothorn|315/351","|-status|p1a: Ferrothorn|brn","|","|-damage|p1a: Ferrothorn|272/351 brn|[from] brn","|turn|2","|","|move|p2a: Tentacruel|Hex|p1a: Ferrothorn","|-damage|p1a: Ferrothorn|203/351 brn","|move|p1a: Ferrothorn|Stealth Rock|p2a: Tentacruel","|-sidestart|p2: Guard Wanderer|move: Stealth Rock","|","|-damage|p1a: Ferrothorn|160/351 brn|[from] brn","|turn|3","|","|switch|p1a: Magnezone|Magnezone|281/281","|move|p2a: Tentacruel|Scald|p1a: Magnezone","|-damage|p1a: Magnezone|164/281","|-status|p1a: Magnezone|brn","|","|-damage|p1a: Magnezone|129/281 brn|[from] brn","|turn|4","|","|switch|p2a: Amoonguss|Amoonguss, M, shiny|431/431","|-damage|p2a: Amoonguss|378/431|[from] Stealth Rock","|move|p1a: Magnezone|Volt Switch|p2a: Amoonguss","|-resisted|p2a: Amoonguss","|-damage|p2a: Amoonguss|324/431","|","|switch|p1a: Heatran|Heatran, M|386/386","|","|-heal|p2a: Amoonguss|350/431|[from] item: Black Sludge","|turn|5","|","|move|p1a: Heatran|Lava Plume|p2a: Amoonguss","|-supereffective|p2a: Amoonguss","|-damage|p2a: Amoonguss|158/431","|move|p2a: Amoonguss|Spore|p1a: Heatran","|-status|p1a: Heatran|slp","|","|-heal|p2a: Amoonguss|184/431|[from] item: Black Sludge","|turn|6","|","|cant|p1a: Heatran|slp","|move|p2a: Amoonguss|Stun Spore|p1a: Heatran","|-fail|p1a: Heatran","|","|-heal|p2a: Amoonguss|210/431|[from] item: Black Sludge","|turn|7","|","|switch|p2a: Tentacruel|Tentacruel, M|301/301","|-damage|p2a: Tentacruel|264/301|[from] Stealth Rock","|cant|p1a: Heatran|slp","|","|turn|8","|","|move|p2a: Tentacruel|Scald|p1a: Heatran","|-supereffective|p1a: Heatran","|-damage|p1a: Heatran|236/386 slp","|cant|p1a: Heatran|slp","|","|-heal|p1a: Heatran|260/386 slp|[from] item: Leftovers","|turn|9","|","|move|p2a: Tentacruel|Scald|p1a: Heatran","|-supereffective|p1a: Heatran","|-damage|p1a: Heatran|126/386 slp","|-curestatus|p1a: Heatran|slp","|move|p1a: Heatran|Lava Plume|p2a: Tentacruel","|-resisted|p2a: Tentacruel","|-damage|p2a: Tentacruel|230/301","|","|-heal|p1a: Heatran|150/386|[from] item: Leftovers","|turn|10","|","|move|p1a: Heatran|Protect|p1a: Heatran","|-singleturn|p1a: Heatran|Protect","|move|p2a: Tentacruel|Scald|p1a: Heatran","|-activate|p1a: Heatran|Protect","|","|-heal|p1a: Heatran|174/386|[from] item: Leftovers","|turn|11","|","|switch|p1a: Ferrothorn|Ferrothorn, F|160/351 brn","|move|p2a: Tentacruel|Scald|p1a: Ferrothorn","|-resisted|p1a: Ferrothorn","|-damage|p1a: Ferrothorn|130/351 brn","|","|-damage|p1a: Ferrothorn|87/351 brn|[from] brn","|turn|12","|","|move|p2a: Tentacruel|Hex|p1a: Ferrothorn","|-damage|p1a: Ferrothorn|18/351 brn","|move|p1a: Ferrothorn|Power Whip|p2a: Tentacruel|[miss]","|-miss|p1a: Ferrothorn|p2a: Tentacruel","|","|-damage|p1a: Ferrothorn|0 fnt|[from] brn","|faint|p1a: Ferrothorn","|","|switch|p1a: Bisharp|Bisharp, M|271/271","|turn|13","|","|switch|p2a: Weezing|Weezing, M|333/333","|-damage|p2a: Weezing|292/333|[from] Stealth Rock","|move|p1a: Bisharp|Knock Off|p2a: Weezing","|-damage|p2a: Weezing|119/333","|-enditem|p2a: Weezing|Sitrus Berry|[from] move: Knock Off|[of] p1a: Bisharp","|-damage|p1a: Bisharp|244/271|[from] item: Life Orb","|","|turn|14","|","|switch|p1a: Heatran|Heatran, M|174/386","|move|p2a: Weezing|Will-O-Wisp|p1a: Heatran","|-start|p1a: Heatran|ability: Flash Fire","|","|-heal|p1a: Heatran|198/386|[from] item: Leftovers","|turn|15","|","|-end|p1a: Heatran|ability: Flash Fire|[silent]","|switch|p1a: Bisharp|Bisharp, M|244/271","|switch|p2a: Tentacruel|Tentacruel, M|230/301","|-damage|p2a: Tentacruel|193/301|[from] Stealth Rock","|","|turn|16","|","|move|p2a: Tentacruel|Scald|p1a: Bisharp","|-crit|p1a: Bisharp","|-damage|p1a: Bisharp|33/271","|move|p1a: Bisharp|Knock Off|p2a: Tentacruel","|-damage|p2a: Tentacruel|0 fnt","|-enditem|p2a: Tentacruel|Assault Vest|[from] move: Knock Off|[of] p1a: Bisharp","|-damage|p1a: Bisharp|6/271|[from] item: Life Orb","|faint|p2a: Tentacruel","|","|","|switch|p2a: Crobat|Crobat, M|373/373","|-damage|p2a: Crobat|280/373|[from] Stealth Rock","|turn|17","|","|move|p2a: Crobat|Curse|p2a: Crobat","|-unboost|p2a: Crobat|spe|1","|-boost|p2a: Crobat|atk|1","|-boost|p2a: Crobat|def|1","|-enditem|p2a: Crobat|White Herb","|-restoreboost|p2a: Crobat|[silent]","|move|p1a: Bisharp|Knock Off|p2a: Crobat","|-damage|p2a: Crobat|159/373","|-damage|p1a: Bisharp|0 fnt|[from] item: Life Orb","|faint|p1a: Bisharp","|","|","|switch|p1a: Scizor|Scizor, M|343/343","|turn|18","|","|detailschange|p1a: Scizor|Scizor-Mega, M","|-mega|p1a: Scizor|Scizor|Scizorite","|move|p2a: Crobat|Hypnosis|p1a: Scizor","|-status|p1a: Scizor|slp","|cant|p1a: Scizor|slp","|","|turn|19","|","|move|p2a: Crobat|Acrobatics|p1a: Scizor","|-damage|p1a: Scizor|247/343 slp","|-curestatus|p1a: Scizor|slp","|move|p1a: Scizor|Swords Dance|p1a: Scizor","|-boost|p1a: Scizor|atk|2","|","|turn|20","|","|move|p2a: Crobat|Hypnosis|p1a: Scizor|[miss]","|-miss|p2a: Crobat|p1a: Scizor","|move|p1a: Scizor|Swords Dance|p1a: Scizor","|-boost|p1a: Scizor|atk|2","|","|turn|21","|","|move|p1a: Scizor|Bullet Punch|p2a: Crobat","|-damage|p2a: Crobat|0 fnt","|faint|p2a: Crobat","|","|","|switch|p2a: Skuntank|Skuntank, M|409/409","|-damage|p2a: Skuntank|358/409|[from] Stealth Rock","|turn|22","|","|move|p1a: Scizor|Bullet Punch|p2a: Skuntank","|-crit|p2a: Skuntank","|-damage|p2a: Skuntank|0 fnt","|faint|p2a: Skuntank","|","|","|switch|p2a: Amoonguss|Amoonguss, M, shiny|353/431","|-damage|p2a: Amoonguss|300/431|[from] Stealth Rock","|turn|23","|","|move|p1a: Scizor|Bullet Punch|p2a: Amoonguss","|-damage|p2a: Amoonguss|0 fnt","|faint|p2a: Amoonguss","|","|","|switch|p2a: Gengar|Gengar, F|261/261","|-damage|p2a: Gengar|229/261|[from] Stealth Rock","|turn|24","|","|move|p1a: Scizor|Bullet Punch|p2a: Gengar","|-damage|p2a: Gengar|0 fnt","|faint|p2a: Gengar","|","|","|switch|p2a: Weezing|Weezing, M|119/333","|-damage|p2a: Weezing|78/333|[from] Stealth Rock","|turn|25","|","|move|p1a: Scizor|Bullet Punch|p2a: Weezing","|-damage|p2a: Weezing|0 fnt","|faint|p2a: Weezing","|","|win|Guard Choppah"],"p1rating":{"entryid":"7425426","serverid":"eos","formatid":"monotype","userid":"guardchoppah","username":"Guard Choppah","w":1,"l":"1","t":"0","gxe":49.2,"r":"1500","rd":"130","sigma":"0","rptime":"1438765200","rpr":1493.8186913674,"rprd":115.43449970789,"rpsigma":"0","acre":1049.799796863,"lacre":1049.799796863,"oldacre":"1000"},"p2rating":{"entryid":"6731189","serverid":"eos","formatid":"monotype","userid":"guardwanderer","username":"Guard Wanderer","w":"77","l":110,"t":"0","gxe":39.4,"r":"1416.6716065611","rd":"31.012894024758","sigma":"0","rptime":"1438765200","rpr":1418.784692525,"rprd":30.042830186109,"rpsigma":"0","acre":1058.2110370793,"lacre":1058.2110370793,"oldacre":"1086.8870828253"},"endType":"normal"}