{"seed":[57639,12167,45550,31342],"turns":22,"p1":"Sovereign♕Mafetan","p2":"Alliance-Mental1st","p1team":[{"name":"Abomination","species":"kyuremblack","item":"leftovers","ability":"Teravolt","moves":["roost","outrage","ironhead","zenheadbutt"],"nature":"Adamant","evs":{"hp":248,"atk":252,"def":0,"spa":0,"spd":8,"spe":0},"ivs":{"hp":31,"atk":31,"def":31,"spa":31,"spd":31,"spe":31}},{"name":"My First Shiny","species":"abomasnow","item":"abomasite","ability":"Snow Warning","moves":["leechseed","toxic","gigadrain","shadowball"],"nature":"Modest","evs":{"hp":200,"atk":0,"def":0,"spa":108,"spd":200,"spe":0},"gender":"M","shiny":true,"ivs":{"hp":31,"atk":31,"def":31,"spa":31,"spd":31,"spe":31}},{"name":"Watermelon","species":"rotomfrost","item":"leftovers","ability":"Levitate","moves":["voltswitch","willowisp","painsplit","blizzard"],"nature":"Modest","evs":{"hp":248,"atk":0,"def":0,"spa":8,"spd":252,"spe":0},"shiny":true,"ivs":{"hp":31,"atk":31,"def":31,"spa":31,"spd":31,"spe":31}},{"name":"PopGoesTheWeasel","species":"weavile","item":"leftovers","ability":"Pressure","moves":["fakeout","knockoff","icepunch","swordsdance"],"nature":"Adamant","evs":{"hp":0,"atk":252,"def":0,"spa":0,"spd":4,"spe":252},"gender":"F","shiny":true,"ivs":{"hp":31,"atk":31,"def":31,"spa":31,"spd":31,"spe":31}},{"name":"Clitoris","species":"cloyster","item":"focussash","ability":"Skill Link","moves":["shellsmash","rockblast","iciclespear","razorshell"],"nature":"Jolly","evs":{"hp":0,"atk":252,"def":0,"spa":0,"spd":0,"spe":252},"gender":"F","ivs":{"hp":31,"atk":31,"def":31,"spa":31,"spd":31,"spe":31}},{"name":"Flippers","species":"walrein","item":"leftovers","ability":"Ice Body","moves":["earthquake","toxic","protect","waterfall"],"nature":"Adamant","evs":{"hp":248,"atk":252,"def":0,"spa":0,"spd":8,"spe":0},"gender":"F","ivs":{"hp":31,"atk":31,"def":31,"spa":31,"spd":31,"spe":31}}],"p2team":[{"name":"Jirachi","species":"Jirachi","item":"choicescarf","ability":"Serene Grace","moves":["ironhead","trick","healingwish","uturn"],"nature":"Jolly","evs":{"hp":0,"atk":252,"def":0,"spa":0,"spd":4,"spe":252},"ivs":{"hp":31,"atk":31,"def":31,"spa":31,"spd":31,"spe":31}},{"name":"Victini","species":"Victini","item":"choicescarf","ability":"Victory Star","moves":["vcreate","boltstrike","zenheadbutt","blueflare"],"nature":"Adamant","evs":{"hp":0,"atk":252,"def":0,"spa":0,"spd":4,"spe":252},"ivs":{"hp":31,"atk":31,"def":31,"spa":31,"spd":31,"spe":31}},{"name":"Mew","species":"Mew","item":"leftovers","ability":"Synchronize","moves":["roost","stealthrock","defog","willowisp"],"nature":"Calm","evs":{"hp":252,"atk":0,"def":4,"spa":0,"spd":144,"spe":108},"ivs":{"hp":31,"atk":31,"def":31,"spa":31,"spd":31,"spe":31}},{"name":"Gardevoir","species":"Gardevoir","item":"gardevoirite","ability":"Trace","moves":["hypervoice","psyshock","focusblast","substitute"],"nature":"Timid","evs":{"hp":0,"atk":0,"def":0,"spa":252,"spd":4,"spe":252},"ivs":{"hp":31,"atk":31,"def":31,"spa":31,"spd":31,"spe":31}},{"name":"Meloetta","species":"Meloetta","item":"assaultvest","ability":"Serene Grace","moves":["focusblast","psyshock","energyball","shadowball"],"nature":"Modest","evs":{"hp":248,"atk":0,"def":0,"spa":252,"spd":8,"spe":0},"ivs":{"hp":31,"atk":31,"def":31,"spa":31,"spd":31,"spe":31}},{"name":"Slowbro","species":"Slowbro","item":"rockyhelmet","ability":"Regenerator","moves":["slackoff","scald","fireblast","thunderwave"],"nature":"Bold","evs":{"hp":248,"atk":0,"def":252,"spa":8,"spd":0,"spe":0},"ivs":{"hp":31,"atk":31,"def":31,"spa":31,"spd":31,"spe":31}}],"log":["|player|p1|Sovereign♕Mafetan|199","|player|p2|Alliance-Mental1st|184","|gametype|singles","|gen|6","|tier|Monotype","|rated","|rule|Baton Pass Clause: Limit one Baton Passer, can't pass Spe and other stats simultaneously","|rule|Swagger Clause: Swagger is banned","|rule|Same Type Clause: Pokémon in a team must share a type","|clearpoke","|poke|p1|Kyurem-Black","|poke|p1|Abomasnow, M, shiny","|poke|p1|Rotom-Frost, shiny","|poke|p1|Weavile, F, shiny","|poke|p1|Cloyster, F","|poke|p1|Walrein, F","|poke|p2|Jirachi","|poke|p2|Victini","|poke|p2|Mew","|poke|p2|Gardevoir, M","|poke|p2|Meloetta","|poke|p2|Slowbro, M","|rule|Sleep Clause Mod: Limit one foe put to sleep","|rule|Species Clause: Limit one of each Pokémon","|rule|OHKO Clause: OHKO moves are banned","|rule|Moody Clause: Moody is banned","|rule|Evasion Moves Clause: Evasion moves are banned","|rule|Endless Battle Clause: Forcing endless battles is banned","|rule|HP Percentage Mod: HP is shown in percentages","|teampreview","|","|start","|switch|p1a: Flippers|Walrein, F|423/423","|switch|p2a: Mew|Mew|404/404","|turn|1","|","|switch|p1a: PopGoesTheWeasel|Weavile, F, shiny|281/281","|-ability|p1a: PopGoesTheWeasel|Pressure","|move|p2a: Mew|Stealth Rock|p1a: PopGoesTheWeasel","|-sidestart|p1: Sovereign♕Mafetan|move: Stealth Rock","|","|turn|2","|","|move|p1a: PopGoesTheWeasel|Fake Out|p2a: Mew","|-damage|p2a: Mew|352/404","|cant|p2a: Mew|flinch","|","|-heal|p2a: Mew|377/404|[from] item: Leftovers","|turn|3","|","|move|p1a: PopGoesTheWeasel|Knock Off|p2a: Mew","|-supereffective|p2a: Mew","|-damage|p2a: Mew|11/404","|-enditem|p2a: Mew|Leftovers|[from] move: Knock Off|[of] p1a: PopGoesTheWeasel","|move|p2a: Mew|Will-O-Wisp|p1a: PopGoesTheWeasel","|-status|p1a: PopGoesTheWeasel|brn","|","|-damage|p1a: PopGoesTheWeasel|246/281 brn|[from] brn","|turn|4","|","|move|p1a: PopGoesTheWeasel|Knock Off|p2a: Mew","|-supereffective|p2a: Mew","|-damage|p2a: Mew|0 fnt","|faint|p2a: Mew","|","|-heal|p1a: PopGoesTheWeasel|263/281 brn|[from] item: Leftovers","|-damage|p1a: PopGoesTheWeasel|228/281 brn|[from] brn","|","|switch|p2a: Victini|Victini|341/341","|turn|5","|","|move|p2a: Victini|Blue Flare|p1a: PopGoesTheWeasel","|-supereffective|p1a: PopGoesTheWeasel","|-damage|p1a: PopGoesTheWeasel|0 fnt","|faint|p1a: PopGoesTheWeasel","|","|","|switch|p1a: My First Shiny|Abomasnow, M, shiny|371/371","|-damage|p1a: My First Shiny|279/371|[from] Stealth Rock","|-weather|Hail","|turn|6","|","|switch|p1a: Flippers|Walrein, F|423/423","|-damage|p1a: Flippers|318/423|[from] Stealth Rock","|move|p2a: Victini|Blue Flare|p1a: Flippers","|-damage|p1a: Flippers|174/423","|","|-weather|Hail|[upkeep]","|-damage|p2a: Victini|320/341|[from] hail","|-heal|p1a: Flippers|200/423|[from] ability: Ice Body","|-heal|p1a: Flippers|226/423|[from] item: Leftovers","|turn|7","|","|switch|p2a: Meloetta|Meloetta|403/403","|move|p1a: Flippers|Toxic|p2a: Meloetta","|-status|p2a: Meloetta|tox","|","|-weather|Hail|[upkeep]","|-damage|p2a: Meloetta|378/403 tox|[from] hail","|-heal|p1a: Flippers|252/423|[from] ability: Ice Body","|-heal|p1a: Flippers|278/423|[from] item: Leftovers","|-damage|p2a: Meloetta|353/403 tox|[from] psn","|turn|8","|","|move|p1a: Flippers|Protect|p1a: Flippers","|-singleturn|p1a: Flippers|Protect","|move|p2a: Meloetta|Focus Blast|p1a: Flippers","|-activate|p1a: Flippers|Protect","|","|-weather|Hail|[upkeep]","|-damage|p2a: Meloetta|328/403 tox|[from] hail","|-heal|p1a: Flippers|304/423|[from] ability: Ice Body","|-heal|p1a: Flippers|330/423|[from] item: Leftovers","|-damage|p2a: Meloetta|278/403 tox|[from] psn","|turn|9","|","|move|p2a: Meloetta|Focus Blast|p1a: Flippers|[miss]","|-miss|p2a: Meloetta|p1a: Flippers","|move|p1a: Flippers|Waterfall|p2a: Meloetta","|-damage|p2a: Meloetta|128/403 tox","|","|-weather|Hail|[upkeep]","|-damage|p2a: Meloetta|103/403 tox|[from] hail","|-heal|p1a: Flippers|356/423|[from] ability: Ice Body","|-heal|p1a: Flippers|382/423|[from] item: Leftovers","|-damage|p2a: Meloetta|28/403 tox|[from] psn","|turn|10","|","|switch|p2a: Gardevoir|Gardevoir, M|277/277","|-ability|p2a: Gardevoir|Ice Body|[from] ability: Trace|[of] p1a: Flippers","|move|p1a: Flippers|Protect|p1a: Flippers","|-fail|p1a: Flippers","|","|-weather|none","|-heal|p1a: Flippers|408/423|[from] item: Leftovers","|turn|11","|","|detailschange|p2a: Gardevoir|Gardevoir-Mega, M","|-mega|p2a: Gardevoir|Gardevoir|Gardevoirite","|move|p2a: Gardevoir|Substitute|p2a: Gardevoir","|-start|p2a: Gardevoir|Substitute","|-damage|p2a: Gardevoir|208/277","|move|p1a: Flippers|Toxic|p2a: Gardevoir","|-fail|p2a: Gardevoir","|","|-heal|p1a: Flippers|423/423|[from] item: Leftovers","|turn|12","|","|move|p2a: Gardevoir|Focus Blast|p1a: Flippers|[miss]","|-miss|p2a: Gardevoir|p1a: Flippers","|move|p1a: Flippers|Waterfall|p2a: Gardevoir","|-end|p2a: Gardevoir|Substitute","|","|turn|13","|","|move|p2a: Gardevoir|Substitute|p2a: Gardevoir","|-start|p2a: Gardevoir|Substitute","|-damage|p2a: Gardevoir|139/277","|move|p1a: Flippers|Toxic|p2a: Gardevoir|[miss]","|-miss|p1a: Flippers|p2a: Gardevoir","|","|turn|14","|","|move|p2a: Gardevoir|Hyper Voice|p1a: Flippers","|-damage|p1a: Flippers|167/423","|move|p1a: Flippers|Waterfall|p2a: Gardevoir","|-end|p2a: Gardevoir|Substitute","|","|-heal|p1a: Flippers|193/423|[from] item: Leftovers","|turn|15","|","|move|p2a: Gardevoir|Hyper Voice|p1a: Flippers","|-damage|p1a: Flippers|0 fnt","|faint|p1a: Flippers","|","|","|switch|p1a: My First Shiny|Abomasnow, M, shiny|279/371","|-damage|p1a: My First Shiny|187/371|[from] Stealth Rock","|-weather|Hail","|turn|16","|","|detailschange|p1a: My First Shiny|Abomasnow-Mega, M, shiny","|-mega|p1a: My First Shiny|Abomasnow|Abomasite","|move|p2a: Gardevoir|Hyper Voice|p1a: My First Shiny","|-damage|p1a: My First Shiny|0 fnt","|faint|p1a: My First Shiny","|","|-weather|Hail|[upkeep]","|-damage|p2a: Gardevoir|122/277|[from] hail","|","|switch|p1a: Clitoris|Cloyster, F|241/241","|-damage|p1a: Clitoris|181/241|[from] Stealth Rock","|turn|17","|","|move|p2a: Gardevoir|Hyper Voice|p1a: Clitoris","|-damage|p1a: Clitoris|0 fnt","|faint|p1a: Clitoris","|","|-weather|Hail|[upkeep]","|-damage|p2a: Gardevoir|105/277|[from] hail","|","|switch|p1a: Watermelon|Rotom-Frost, shiny|303/303","|-damage|p1a: Watermelon|228/303|[from] Stealth Rock","|turn|18","|","|switch|p2a: Jirachi|Jirachi|341/341","|move|p1a: Watermelon|Blizzard|p2a: Jirachi","|-resisted|p2a: Jirachi","|-damage|p2a: Jirachi|266/341","|","|-weather|Hail|[upkeep]","|-damage|p2a: Jirachi|245/341|[from] hail","|-heal|p1a: Watermelon|246/303|[from] item: Leftovers","|turn|19","|","|move|p2a: Jirachi|Iron Head|p1a: Watermelon","|-damage|p1a: Watermelon|138/303","|cant|p1a: Watermelon|flinch","|","|-weather|Hail|[upkeep]","|-damage|p2a: Jirachi|224/341|[from] hail","|-heal|p1a: Watermelon|156/303|[from] item: Leftovers","|turn|20","|","|move|p2a: Jirachi|Iron Head|p1a: Watermelon","|-damage|p1a: Watermelon|35/303","|cant|p1a: Watermelon|flinch","|","|-weather|none","|-heal|p1a: Watermelon|53/303|[from] item: Leftovers","|turn|21","|","|move|p2a: Jirachi|Iron Head|p1a: Watermelon","|-damage|p1a: Watermelon|0 fnt","|faint|p1a: Watermelon","|","|","|switch|p1a: Abomination|Kyurem-Black|453/453","|-damage|p1a: Abomination|340/453|[from] Stealth Rock","|-ability|p1a: Abomination|Teravolt","|turn|22","|","|win|Alliance-Mental1st"],"p1rating":{"entryid":"7289901","serverid":"eos","formatid":"monotype","userid":"sovereignmafetan","username":"Sovereign♕Mafetan","w":"5","l":8,"t":"0","gxe":42.9,"r":1460.4963623973,"rd":84.375350069512,"sigma":"0","rptime":1438765200,"rpr":1444.3432732154,"rprd":82.347974312512,"rpsigma":"0","acre":1067.4816415738,"lacre":1067.4816415738,"oldacre":"1099.3057001465"},"p2rating":{"entryid":7411242,"formatid":"monotype","userid":"alliancemental1st","username":"Alliance-Mental1st","r":1500,"rd":130,"sigma":0,"rpr":1534.5983657263,"rprd":122.48553765382,"rpsigma":0,"rptime":1438765200,"w":1,"l":0,"t":0,"gxe":54.3,"acre":1051.1314972627,"lacre":1051.1314972627,"oldacre":1000},"endType":"forfeit"}