{"seed":[52037,12764,8457,4432],"turns":19,"p1":"Guard Wulf - ⓓⓞⓖⓔ","p2":"Orchestromic","p1team":[{"name":"Altaria","species":"Altaria","item":"altarianite","ability":"Natural Cure","moves":["refresh","dragondance","roost","return"],"nature":"Adamant","evs":{"hp":0,"atk":252,"def":0,"spa":0,"spd":96,"spe":160},"ivs":{"hp":31,"atk":31,"def":31,"spa":31,"spd":31,"spe":31}},{"name":"Garchomp","species":"Garchomp","item":"rockyhelmet","ability":"Rough Skin","moves":["stealthrock","dragontail","fireblast","earthquake"],"nature":"Serious","evs":{"hp":144,"atk":16,"def":252,"spa":0,"spd":0,"spe":96},"ivs":{"hp":31,"atk":31,"def":31,"spa":31,"spd":31,"spe":31}},{"name":"Goodra","species":"Goodra","item":"assaultvest","ability":"Gooey","moves":["sludgewave","dragonpulse","thunderbolt","flamethrower"],"nature":"Calm","evs":{"hp":248,"atk":0,"def":0,"spa":8,"spd":252,"spe":0},"ivs":{"hp":31,"atk":31,"def":31,"spa":31,"spd":31,"spe":31}},{"name":"Kyurem-Black","species":"Kyurem-Black","item":"choicescarf","ability":"Teravolt","moves":["ironhead","icebeam","fusionbolt","outrage"],"nature":"Naive","evs":{"hp":0,"atk":252,"def":0,"spa":4,"spd":0,"spe":252},"ivs":{"hp":31,"atk":31,"def":31,"spa":31,"spd":31,"spe":31}},{"name":"Kingdra","species":"Kingdra","item":"scopelens","ability":"Sniper","moves":["focusenergy","agility","dracometeor","surf"],"nature":"Timid","evs":{"hp":0,"atk":0,"def":0,"spa":252,"spd":4,"spe":252},"ivs":{"hp":31,"atk":31,"def":31,"spa":31,"spd":31,"spe":31}},{"name":"Dragonite","species":"Dragonite","item":"weaknesspolicy","ability":"Multiscale","moves":["roost","earthquake","dragonclaw","dragondance"],"nature":"Jolly","evs":{"hp":0,"atk":252,"def":0,"spa":0,"spd":4,"spe":252},"ivs":{"hp":31,"atk":31,"def":31,"spa":31,"spd":31,"spe":31}}],"p2team":[{"name":"Crow Rocker","species":"murkrow","item":"eviolite","ability":"Prankster","moves":["featherdance","calmmind","darkpulse","roost"],"nature":"Calm","evs":{"hp":4,"atk":0,"def":252,"spa":0,"spd":252,"spe":0},"gender":"M","shiny":true,"ivs":{"hp":31,"atk":31,"def":31,"spa":31,"spd":31,"spe":31}},{"name":"Umbreon","species":"Umbreon","item":"leftovers","ability":"Synchronize","moves":["foulplay","curse","moonlight","healbell"],"nature":"Careful","evs":{"hp":0,"atk":0,"def":252,"spa":0,"spd":252,"spe":0},"gender":"M","shiny":true,"ivs":{"hp":31,"atk":31,"def":31,"spa":31,"spd":31,"spe":31}},{"name":"Pedo Shark","species":"sharpedo","item":"sharpedonite","ability":"Speed Boost","moves":["crunch","waterfall","poisonjab","protect"],"nature":"Adamant","evs":{"hp":0,"atk":252,"def":0,"spa":0,"spd":0,"spe":252},"gender":"M","shiny":true,"ivs":{"hp":31,"atk":31,"def":31,"spa":31,"spd":31,"spe":31}},{"name":"Sableye","species":"Sableye","item":"leftovers","ability":"Prankster","moves":["taunt","willowisp","recover","knockoff"],"nature":"Careful","evs":{"hp":0,"atk":0,"def":252,"spa":0,"spd":252,"spe":0},"ivs":{"hp":31,"atk":31,"def":31,"spa":31,"spd":31,"spe":31}},{"name":"Vulture Rocker","species":"mandibuzz","item":"leftovers","ability":"Overcoat","moves":["toxic","roost","protect","taunt"],"nature":"Careful","evs":{"hp":220,"atk":0,"def":144,"spa":0,"spd":144,"spe":0},"shiny":true,"ivs":{"hp":31,"atk":31,"def":31,"spa":31,"spd":31,"spe":31}},{"name":"Slicey Rocker","species":"bisharp","item":"assaultvest","ability":"Defiant","moves":["suckerpunch","ironhead","knockoff","psychocut"],"nature":"Adamant","evs":{"hp":0,"atk":244,"def":144,"spa":0,"spd":120,"spe":0},"gender":"M","shiny":true,"ivs":{"hp":31,"atk":31,"def":31,"spa":31,"spd":31,"spe":31}}],"log":["|player|p1|Guard Wulf - ⓓⓞⓖⓔ|143","|player|p2|Orchestromic|orchestromic.png","|gametype|singles","|gen|6","|tier|Monotype","|rated","|rule|Baton Pass Clause: Limit one Baton Passer, can't pass Spe and other stats simultaneously","|rule|Swagger Clause: Swagger is banned","|rule|Same Type Clause: Pokémon in a team must share a type","|clearpoke","|poke|p1|Altaria, F","|poke|p1|Garchomp, M","|poke|p1|Goodra, M","|poke|p1|Kyurem-Black","|poke|p1|Kingdra, F","|poke|p1|Dragonite, M","|poke|p2|Murkrow, M, shiny","|poke|p2|Umbreon, M, shiny","|poke|p2|Sharpedo, M, shiny","|poke|p2|Sableye, M","|poke|p2|Mandibuzz, F, shiny","|poke|p2|Bisharp, M, shiny","|rule|Sleep Clause Mod: Limit one foe put to sleep","|rule|Species Clause: Limit one of each Pokémon","|rule|OHKO Clause: OHKO moves are banned","|rule|Moody Clause: Moody is banned","|rule|Evasion Moves Clause: Evasion moves are banned","|rule|Endless Battle Clause: Forcing endless battles is banned","|rule|HP Percentage Mod: HP is shown in percentages","|teampreview","|","|start","|switch|p1a: Garchomp|Garchomp, M|393/393","|switch|p2a: Sableye|Sableye, M|241/241","|turn|1","|","|switch|p1a: Kingdra|Kingdra, F|291/291","|move|p2a: Sableye|Will-O-Wisp|p1a: Kingdra","|-status|p1a: Kingdra|brn","|","|-damage|p1a: Kingdra|255/291 brn|[from] brn","|turn|2","|","|move|p2a: Sableye|Taunt|p1a: Kingdra","|-start|p1a: Kingdra|move: Taunt","|cant|p1a: Kingdra|move: Taunt|Focus Energy","|","|-damage|p1a: Kingdra|219/291 brn|[from] brn","|turn|3","|","|move|p1a: Kingdra|Surf|p2a: Sableye","|-damage|p2a: Sableye|127/241","|move|p2a: Sableye|Knock Off|p1a: Kingdra","|-damage|p1a: Kingdra|119/291 brn","|-enditem|p1a: Kingdra|Scope Lens|[from] move: Knock Off|[of] p2a: Sableye","|","|-heal|p2a: Sableye|142/241|[from] item: Leftovers","|-damage|p1a: Kingdra|83/291 brn|[from] brn","|turn|4","|","|move|p2a: Sableye|Recover|p2a: Sableye","|-heal|p2a: Sableye|241/241","|move|p1a: Kingdra|Surf|p2a: Sableye","|-damage|p2a: Sableye|129/241","|","|-heal|p2a: Sableye|144/241|[from] item: Leftovers","|-damage|p1a: Kingdra|47/291 brn|[from] brn","|-end|p1a: Kingdra|move: Taunt","|turn|5","|","|move|p2a: Sableye|Recover|p2a: Sableye","|-heal|p2a: Sableye|241/241","|move|p1a: Kingdra|Draco Meteor|p2a: Sableye","|-damage|p2a: Sableye|75/241","|-unboost|p1a: Kingdra|spa|2","|","|-heal|p2a: Sableye|90/241|[from] item: Leftovers","|-damage|p1a: Kingdra|11/291 brn|[from] brn","|turn|6","|","|move|p2a: Sableye|Recover|p2a: Sableye","|-heal|p2a: Sableye|211/241","|move|p1a: Kingdra|Draco Meteor|p2a: Sableye","|-damage|p2a: Sableye|124/241","|-unboost|p1a: Kingdra|spa|2","|","|-heal|p2a: Sableye|139/241|[from] item: Leftovers","|-damage|p1a: Kingdra|0 fnt|[from] brn","|faint|p1a: Kingdra","|","|switch|p1a: Altaria|Altaria, F|291/291","|turn|7","|","|detailschange|p1a: Altaria|Altaria-Mega, F","|-mega|p1a: Altaria|Altaria|Altarianite","|move|p2a: Sableye|Taunt|p1a: Altaria","|-start|p1a: Altaria|move: Taunt","|move|p1a: Altaria|Return|p2a: Sableye","|-supereffective|p2a: Sableye","|-damage|p2a: Sableye|0 fnt","|faint|p2a: Sableye","|","|","|switch|p2a: Pedo Shark|Sharpedo, M, shiny|281/281","|turn|8","|","|switch|p1a: Garchomp|Garchomp, M|393/393","|move|p2a: Pedo Shark|Protect|p2a: Pedo Shark","|-fail|p2a: Pedo Shark","|","|-boost|p2a: Pedo Shark|spe|1|[from] ability: Speed Boost","|turn|9","|","|detailschange|p2a: Pedo Shark|Sharpedo-Mega, M, shiny","|-mega|p2a: Pedo Shark|Sharpedo|Sharpedonite","|move|p2a: Pedo Shark|Crunch|p1a: Garchomp","|-damage|p1a: Garchomp|186/393","|-damage|p2a: Pedo Shark|246/281|[from] ability: Rough Skin|[of] p1a: Garchomp","|-damage|p2a: Pedo Shark|200/281|[from] item: Rocky Helmet|[of] p1a: Garchomp","|move|p1a: Garchomp|Dragon Tail|p2a: Pedo Shark","|-damage|p2a: Pedo Shark|74/281","|drag|p2a: Slicey Rocker|Bisharp, M, shiny|271/271","|","|turn|10","|","|move|p2a: Slicey Rocker|Sucker Punch|p1a: Garchomp","|-fail|p2a: Slicey Rocker","|move|p1a: Garchomp|Stealth Rock|p2a: Slicey Rocker","|-sidestart|p2: Orchestromic|move: Stealth Rock","|","|turn|11","|","|move|p1a: Garchomp|Earthquake|p2a: Slicey Rocker","|-supereffective|p2a: Slicey Rocker","|-damage|p2a: Slicey Rocker|25/271","|move|p2a: Slicey Rocker|Iron Head|p1a: Garchomp","|-damage|p1a: Garchomp|57/393","|-damage|p2a: Slicey Rocker|0 fnt|[from] ability: Rough Skin|[of] p1a: Garchomp","|faint|p2a: Slicey Rocker","|","|","|switch|p2a: Umbreon|Umbreon, M, shiny|331/331","|-damage|p2a: Umbreon|290/331|[from] Stealth Rock","|turn|12","|","|move|p1a: Garchomp|Earthquake|p2a: Umbreon","|-damage|p2a: Umbreon|172/331","|move|p2a: Umbreon|Curse|p2a: Umbreon","|-unboost|p2a: Umbreon|spe|1","|-boost|p2a: Umbreon|atk|1","|-boost|p2a: Umbreon|def|1","|","|-heal|p2a: Umbreon|192/331|[from] item: Leftovers","|turn|13","|","|move|p2a: Umbreon|Curse|p2a: Umbreon","|-unboost|p2a: Umbreon|spe|1","|-boost|p2a: Umbreon|atk|1","|-boost|p2a: Umbreon|def|1","|move|p1a: Garchomp|Dragon Tail|p2a: Umbreon","|-damage|p2a: Umbreon|161/331","|drag|p2a: Vulture Rocker|Mandibuzz, F, shiny|416/416","|-damage|p2a: Vulture Rocker|312/416|[from] Stealth Rock","|","|-heal|p2a: Vulture Rocker|338/416|[from] item: Leftovers","|turn|14","|","|move|p1a: Garchomp|Fire Blast|p2a: Vulture Rocker","|-damage|p2a: Vulture Rocker|282/416","|move|p2a: Vulture Rocker|Toxic|p1a: Garchomp","|-status|p1a: Garchomp|tox","|","|-heal|p2a: Vulture Rocker|308/416|[from] item: Leftovers","|-damage|p1a: Garchomp|33/393 tox|[from] psn","|turn|15","|","|move|p2a: Vulture Rocker|Protect|p2a: Vulture Rocker","|-singleturn|p2a: Vulture Rocker|Protect","|move|p1a: Garchomp|Dragon Tail|p2a: Vulture Rocker","|-activate|p2a: Vulture Rocker|Protect","|","|-heal|p2a: Vulture Rocker|334/416|[from] item: Leftovers","|-damage|p1a: Garchomp|0 fnt|[from] psn","|faint|p1a: Garchomp","|","|switch|p1a: Altaria|Altaria-Mega, F|291/291","|turn|16","|","|move|p1a: Altaria|Dragon Dance|p1a: Altaria","|-boost|p1a: Altaria|atk|1","|-boost|p1a: Altaria|spe|1","|move|p2a: Vulture Rocker|Toxic|p1a: Altaria","|-status|p1a: Altaria|tox","|","|-heal|p2a: Vulture Rocker|360/416|[from] item: Leftovers","|-damage|p1a: Altaria|273/291 tox|[from] psn","|turn|17","|","|move|p1a: Altaria|Refresh|p1a: Altaria","|-curestatus|p1a: Altaria|tox","|move|p2a: Vulture Rocker|Taunt|p1a: Altaria","|-start|p1a: Altaria|move: Taunt","|","|-heal|p2a: Vulture Rocker|386/416|[from] item: Leftovers","|turn|18","|","|move|p1a: Altaria|Return|p2a: Vulture Rocker","|-supereffective|p2a: Vulture Rocker","|-damage|p2a: Vulture Rocker|0 fnt","|faint|p2a: Vulture Rocker","|","|","|switch|p2a: Crow Rocker|Murkrow, M, shiny|262/262","|-damage|p2a: Crow Rocker|197/262|[from] Stealth Rock","|turn|19","|","|move|p2a: Crow Rocker|Feather Dance|p1a: Altaria","|-unboost|p1a: Altaria|atk|2","|move|p1a: Altaria|Return|p2a: Crow Rocker","|-supereffective|p2a: Crow Rocker","|-damage|p2a: Crow Rocker|0 fnt","|faint|p2a: Crow Rocker","|","|","|win|Guard Wulf - ⓓⓞⓖⓔ"],"p1rating":{"entryid":"7326062","serverid":"eos","formatid":"monotype","userid":"guardwulf","username":"Guard Wulf","w":27,"l":"13","t":"0","gxe":63.2,"r":"1606.5288676587","rd":"57.122272976983","sigma":"0","rptime":"1438765200","rpr":1603.2365135994,"rprd":53.805523329821,"rpsigma":"0","acre":1216.0854621462,"lacre":1216.0854621462,"oldacre":"1198.7929022975"},"p2rating":{"entryid":"6980159","serverid":"eos","formatid":"monotype","userid":"orchestromic","username":"Orchestromic","w":"9","l":16,"t":"0","gxe":41.8,"r":"1473.6315163495","rd":"71.95346345486","sigma":"0","rptime":"1438765200","rpr":1436.3960461322,"rprd":67.297136462646,"rpsigma":"0","acre":1072.0224071627,"lacre":1072.0224071627,"oldacre":"1088.0779951133"},"endType":"forfeit"}