{"seed":[48662,24686,16558,57041],"turns":29,"p1":"Lyxnia","p2":"IV Wiley","p1team":[{"name":"Hoopa-Unbound","species":"Hoopa-Unbound","item":"","ability":"Magician","moves":["darkpulse","drainpunch","hyperspacefury","icepunch"],"nature":"Lonely","evs":{"hp":248,"atk":252,"def":0,"spa":8,"spd":0,"spe":0},"ivs":{"hp":31,"atk":31,"def":31,"spa":31,"spd":31,"spe":31}},{"name":"Jirachi","species":"Jirachi","item":"choicescarf","ability":"Serene Grace","moves":["dracometeor","ironhead","meteormash","zenheadbutt"],"nature":"Hasty","evs":{"hp":0,"atk":252,"def":0,"spa":4,"spd":0,"spe":252},"ivs":{"hp":31,"atk":31,"def":31,"spa":31,"spd":31,"spe":31}},{"name":"Metagross","species":"Metagross","item":"quickclaw","ability":"Clear Body","moves":["bulletpunch","flashcannon","thunderpunch","meteormash"],"nature":"Naughty","evs":{"hp":248,"atk":252,"def":0,"spa":8,"spd":0,"spe":0},"ivs":{"hp":31,"atk":31,"def":31,"spa":31,"spd":31,"spe":31}},{"name":"Deoxys-Speed","species":"Deoxys-Speed","item":"enigmaberry","ability":"Pressure","moves":["knockoff","drainpunch","icepunch","nightshade"],"nature":"Jolly","evs":{"hp":0,"atk":252,"def":0,"spa":0,"spd":4,"spe":252},"ivs":{"hp":31,"atk":31,"def":31,"spa":31,"spd":31,"spe":31}},{"name":"Victini","species":"Victini","item":"choicescarf","ability":"Victory Star","moves":["boltstrike","wildcharge","vcreate","zenheadbutt"],"nature":"Jolly","evs":{"hp":0,"atk":252,"def":0,"spa":0,"spd":4,"spe":252},"ivs":{"hp":31,"atk":31,"def":31,"spa":31,"spd":31,"spe":31}},{"name":"Medicham","species":"Medicham","item":"medichamite","ability":"Pure Power","moves":["bulletpunch","drainpunch","lowkick","psychocut"],"nature":"Adamant","evs":{"hp":248,"atk":252,"def":0,"spa":0,"spd":8,"spe":0},"ivs":{"hp":31,"atk":31,"def":31,"spa":31,"spd":31,"spe":31}}],"p2team":[{"name":"Azumarill","species":"Azumarill","item":"sitrusberry","ability":"Huge Power","moves":["bellydrum","aquajet","brickbreak","playrough"],"nature":"Adamant","evs":{"hp":248,"atk":252,"def":0,"spa":0,"spd":8,"spe":0},"ivs":{"hp":31,"atk":31,"def":31,"spa":31,"spd":31,"spe":31}},{"name":"Manaphy","species":"Manaphy","item":"leftovers","ability":"Hydration","moves":["tailglow","scald","icebeam","energyball"],"nature":"Timid","evs":{"hp":0,"atk":0,"def":0,"spa":252,"spd":4,"spe":252},"ivs":{"hp":31,"atk":31,"def":31,"spa":31,"spd":31,"spe":31}},{"name":"Alomomola","species":"Alomomola","item":"leftovers","ability":"Regenerator","moves":["wish","protect","scald","toxic"],"nature":"Bold","evs":{"hp":252,"atk":0,"def":252,"spa":0,"spd":4,"spe":0},"ivs":{"hp":31,"atk":31,"def":31,"spa":31,"spd":31,"spe":31}},{"name":"Keldeo-Resolute","species":"Keldeo-Resolute","item":"choicescarf","ability":"Justified","moves":["secretsword","scald","icywind","hiddenpowerfire"],"nature":"Timid","evs":{"hp":0,"atk":0,"def":0,"spa":252,"spd":4,"spe":252},"ivs":{"hp":31,"atk":30,"def":31,"spa":30,"spd":31,"spe":30}},{"name":"Crawdaunt","species":"Crawdaunt","item":"focussash","ability":"Adaptability","moves":["swordsdance","aquajet","knockoff","crabhammer"],"nature":"Jolly","evs":{"hp":4,"atk":252,"def":0,"spa":0,"spd":0,"spe":252},"ivs":{"hp":31,"atk":31,"def":31,"spa":31,"spd":31,"spe":31}},{"name":"Gyarados","species":"Gyarados","item":"gyaradosite","ability":"Moxie","moves":["dragondance","waterfall","earthquake","icefang"],"nature":"Adamant","evs":{"hp":0,"atk":252,"def":0,"spa":0,"spd":4,"spe":252},"ivs":{"hp":31,"atk":31,"def":31,"spa":31,"spd":31,"spe":31}}],"log":["|player|p1|Lyxnia|101","|player|p2|IV Wiley|264","|gametype|singles","|gen|6","|tier|Monotype","|rated","|rule|Baton Pass Clause: Limit one Baton Passer, can't pass Spe and other stats simultaneously","|rule|Swagger Clause: Swagger is banned","|rule|Same Type Clause: Pokémon in a team must share a type","|clearpoke","|poke|p1|Hoopa-Unbound","|poke|p1|Jirachi","|poke|p1|Metagross","|poke|p1|Deoxys-Speed","|poke|p1|Victini","|poke|p1|Medicham, M","|poke|p2|Azumarill, F","|poke|p2|Manaphy","|poke|p2|Alomomola, F","|poke|p2|Keldeo-Resolute","|poke|p2|Crawdaunt, M","|poke|p2|Gyarados, F","|rule|Sleep Clause Mod: Limit one foe put to sleep","|rule|Species Clause: Limit one of each Pokémon","|rule|OHKO Clause: OHKO moves are banned","|rule|Moody Clause: Moody is banned","|rule|Evasion Moves Clause: Evasion moves are banned","|rule|Endless Battle Clause: Forcing endless battles is banned","|rule|HP Percentage Mod: HP is shown in percentages","|teampreview","|","|start","|switch|p1a: Medicham|Medicham, M|323/323","|switch|p2a: Manaphy|Manaphy|341/341","|turn|1","|","|switch|p2a: Alomomola|Alomomola, F|534/534","|detailschange|p1a: Medicham|Medicham-Mega, M","|-mega|p1a: Medicham|Medicham|Medichamite","|move|p1a: Medicham|Psycho Cut|p2a: Alomomola","|-damage|p2a: Alomomola|342/534","|","|-heal|p2a: Alomomola|375/534|[from] item: Leftovers","|turn|2","|","|move|p1a: Medicham|Drain Punch|p2a: Alomomola","|-damage|p2a: Alomomola|167/534","|move|p2a: Alomomola|Wish|p2a: Alomomola","|","|-heal|p2a: Alomomola|200/534|[from] item: Leftovers","|turn|3","|","|move|p2a: Alomomola|Protect|p2a: Alomomola","|-singleturn|p2a: Alomomola|Protect","|move|p1a: Medicham|Bullet Punch|p2a: Alomomola","|-activate|p2a: Alomomola|Protect","|","|-heal|p2a: Alomomola|467/534|[from] move: Wish|[wisher] Alomomola","|-heal|p2a: Alomomola|500/534|[from] item: Leftovers","|turn|4","|","|move|p2a: Alomomola|Protect|p2a: Alomomola","|-fail|p2a: Alomomola","|move|p1a: Medicham|Drain Punch|p2a: Alomomola","|-damage|p2a: Alomomola|284/534","|","|-heal|p2a: Alomomola|317/534|[from] item: Leftovers","|turn|5","|","|move|p1a: Medicham|Bullet Punch|p2a: Alomomola","|-resisted|p2a: Alomomola","|-damage|p2a: Alomomola|279/534","|move|p2a: Alomomola|Wish|p2a: Alomomola","|","|-heal|p2a: Alomomola|312/534|[from] item: Leftovers","|turn|6","|","|move|p1a: Medicham|Drain Punch|p2a: Alomomola","|-damage|p2a: Alomomola|92/534","|move|p2a: Alomomola|Scald|p1a: Medicham","|-damage|p1a: Medicham|269/323","|","|-heal|p2a: Alomomola|359/534|[from] move: Wish|[wisher] Alomomola","|-heal|p2a: Alomomola|392/534|[from] item: Leftovers","|turn|7","|","|move|p1a: Medicham|Low Kick|p2a: Alomomola","|-damage|p2a: Alomomola|232/534","|move|p2a: Alomomola|Scald|p1a: Medicham","|-damage|p1a: Medicham|212/323","|","|-heal|p2a: Alomomola|265/534|[from] item: Leftovers","|turn|8","|","|switch|p1a: Deoxys-Speed|Deoxys-Speed|241/241","|-ability|p1a: Deoxys-Speed|Pressure","|move|p2a: Alomomola|Wish|p2a: Alomomola","|","|-heal|p2a: Alomomola|298/534|[from] item: Leftovers","|turn|9","|","|move|p1a: Deoxys-Speed|Ice Punch|p2a: Alomomola","|-crit|p2a: Alomomola","|-resisted|p2a: Alomomola","|-damage|p2a: Alomomola|256/534","|move|p2a: Alomomola|Toxic|p1a: Deoxys-Speed","|-status|p1a: Deoxys-Speed|tox","|","|-heal|p2a: Alomomola|523/534|[from] move: Wish|[wisher] Alomomola","|-heal|p2a: Alomomola|534/534|[from] item: Leftovers","|-damage|p1a: Deoxys-Speed|226/241 tox|[from] psn","|turn|10","|","|move|p1a: Deoxys-Speed|Knock Off|p2a: Alomomola","|-damage|p2a: Alomomola|459/534","|-enditem|p2a: Alomomola|Leftovers|[from] move: Knock Off|[of] p1a: Deoxys-Speed","|move|p2a: Alomomola|Wish|p2a: Alomomola","|","|-damage|p1a: Deoxys-Speed|196/241 tox|[from] psn","|turn|11","|","|move|p1a: Deoxys-Speed|Night Shade|p2a: Alomomola","|-damage|p2a: Alomomola|359/534","|move|p2a: Alomomola|Scald|p1a: Deoxys-Speed","|-crit|p1a: Deoxys-Speed","|-damage|p1a: Deoxys-Speed|118/241 tox","|","|-heal|p2a: Alomomola|534/534|[from] move: Wish|[wisher] Alomomola","|-damage|p1a: Deoxys-Speed|73/241 tox|[from] psn","|turn|12","|","|move|p1a: Deoxys-Speed|Drain Punch|p2a: Alomomola","|-damage|p2a: Alomomola|475/534","|-heal|p1a: Deoxys-Speed|103/241 tox|[from] drain|[of] p2a: Alomomola","|move|p2a: Alomomola|Wish|p2a: Alomomola","|","|-damage|p1a: Deoxys-Speed|43/241 tox|[from] psn","|turn|13","|","|move|p2a: Alomomola|Protect|p2a: Alomomola","|-singleturn|p2a: Alomomola|Protect","|move|p1a: Deoxys-Speed|Night Shade|p2a: Alomomola","|-activate|p2a: Alomomola|Protect","|","|-heal|p2a: Alomomola|534/534|[from] move: Wish|[wisher] Alomomola","|-damage|p1a: Deoxys-Speed|0 fnt|[from] psn","|faint|p1a: Deoxys-Speed","|","|switch|p1a: Victini|Victini|341/341","|turn|14","|","|move|p1a: Victini|Bolt Strike|p2a: Alomomola","|-supereffective|p2a: Alomomola","|-damage|p2a: Alomomola|306/534","|move|p2a: Alomomola|Toxic|p1a: Victini","|-status|p1a: Victini|tox","|","|-damage|p1a: Victini|320/341 tox|[from] psn","|turn|15","|","|move|p1a: Victini|Bolt Strike|p2a: Alomomola","|-supereffective|p2a: Alomomola","|-damage|p2a: Alomomola|102/534","|move|p2a: Alomomola|Wish|p2a: Alomomola","|","|-damage|p1a: Victini|278/341 tox|[from] psn","|turn|16","|","|move|p2a: Alomomola|Protect|p2a: Alomomola","|-singleturn|p2a: Alomomola|Protect","|move|p1a: Victini|Bolt Strike|p2a: Alomomola","|-activate|p2a: Alomomola|Protect","|","|-heal|p2a: Alomomola|369/534|[from] move: Wish|[wisher] Alomomola","|-damage|p1a: Victini|215/341 tox|[from] psn","|turn|17","|","|move|p1a: Victini|Bolt Strike|p2a: Alomomola","|-supereffective|p2a: Alomomola","|-damage|p2a: Alomomola|149/534","|move|p2a: Alomomola|Scald|p1a: Victini","|-supereffective|p1a: Victini","|-damage|p1a: Victini|119/341 tox","|","|-damage|p1a: Victini|35/341 tox|[from] psn","|turn|18","|","|move|p2a: Alomomola|Protect|p2a: Alomomola","|-singleturn|p2a: Alomomola|Protect","|move|p1a: Victini|Bolt Strike|p2a: Alomomola","|-activate|p2a: Alomomola|Protect","|","|-damage|p1a: Victini|0 fnt|[from] psn","|faint|p1a: Victini","|","|switch|p1a: Hoopa-Unbound|Hoopa-Unbound|363/363","|turn|19","|","|move|p2a: Alomomola|Protect|p2a: Alomomola","|-fail|p2a: Alomomola","|move|p1a: Hoopa-Unbound|Ice Punch|p2a: Alomomola","|-resisted|p2a: Alomomola","|-damage|p2a: Alomomola|97/534","|","|turn|20","|","|move|p1a: Hoopa-Unbound|Dark Pulse|p2a: Alomomola","|-damage|p2a: Alomomola|0 fnt","|faint|p2a: Alomomola","|","|","|switch|p2a: Crawdaunt|Crawdaunt, M|268/268","|turn|21","|","|move|p2a: Crawdaunt|Swords Dance|p2a: Crawdaunt","|-boost|p2a: Crawdaunt|atk|2","|move|p1a: Hoopa-Unbound|Ice Punch|p2a: Crawdaunt","|-resisted|p2a: Crawdaunt","|-damage|p2a: Crawdaunt|200/268","|-item|p1a: Hoopa-Unbound|Focus Sash|[from] ability: Magician|[of] p2a: Crawdaunt","|-status|p2a: Crawdaunt|frz","|","|turn|22","|","|cant|p2a: Crawdaunt|frz","|move|p1a: Hoopa-Unbound|Hyperspace Fury|p2a: Crawdaunt","|-resisted|p2a: Crawdaunt","|-damage|p2a: Crawdaunt|73/268 frz","|-unboost|p1a: Hoopa-Unbound|def|1","|","|turn|23","|","|cant|p2a: Crawdaunt|frz","|move|p1a: Hoopa-Unbound|Hyperspace Fury|p2a: Crawdaunt","|-resisted|p2a: Crawdaunt","|-damage|p2a: Crawdaunt|0 fnt","|-unboost|p1a: Hoopa-Unbound|def|1","|faint|p2a: Crawdaunt","|","|","|switch|p2a: Gyarados|Gyarados, F|331/331","|turn|24","|","|detailschange|p2a: Gyarados|Gyarados-Mega, F","|-mega|p2a: Gyarados|Gyarados|Gyaradosite","|-ability|p2a: Gyarados|Mold Breaker","|move|p2a: Gyarados|Dragon Dance|p2a: Gyarados","|-boost|p2a: Gyarados|atk|1","|-boost|p2a: Gyarados|spe|1","|move|p1a: Hoopa-Unbound|Ice Punch|p2a: Gyarados","|-resisted|p2a: Gyarados","|-damage|p2a: Gyarados|277/331","|","|turn|25","|","|move|p2a: Gyarados|Waterfall|p1a: Hoopa-Unbound","|-enditem|p1a: Hoopa-Unbound|Focus Sash","|-damage|p1a: Hoopa-Unbound|1/363","|cant|p1a: Hoopa-Unbound|flinch","|","|turn|26","|","|move|p2a: Gyarados|Waterfall|p1a: Hoopa-Unbound","|-damage|p1a: Hoopa-Unbound|0 fnt","|faint|p1a: Hoopa-Unbound","|","|","|switch|p1a: Jirachi|Jirachi|341/341","|turn|27","|","|move|p1a: Jirachi|Draco Meteor|p2a: Gyarados","|-damage|p2a: Gyarados|196/331","|-unboost|p1a: Jirachi|spa|2","|move|p2a: Gyarados|Earthquake|p1a: Jirachi","|-supereffective|p1a: Jirachi","|-damage|p1a: Jirachi|0 fnt","|faint|p1a: Jirachi","|","|","|switch|p1a: Medicham|Medicham-Mega, M|212/323","|turn|28","|","|move|p2a: Gyarados|Waterfall|p1a: Medicham","|-damage|p1a: Medicham|0 fnt","|faint|p1a: Medicham","|","|","|switch|p1a: Metagross|Metagross|363/363","|turn|29","|-activate|p1a: Metagross|item: Quick Claw","|","|move|p1a: Metagross|Thunder Punch|p2a: Gyarados","|-supereffective|p2a: Gyarados","|-damage|p2a: Gyarados|22/331","|move|p2a: Gyarados|Earthquake|p1a: Metagross","|-crit|p1a: Metagross","|-supereffective|p1a: Metagross","|-damage|p1a: Metagross|0 fnt","|faint|p1a: Metagross","|","|win|IV Wiley"],"p1rating":{"entryid":7421625,"formatid":"monotype","userid":"lyxnia","username":"Lyxnia","r":1500,"rd":130,"sigma":0,"rpr":1458.5603283991,"rprd":122.53045845444,"rpsigma":0,"rptime":1438765200,"w":0,"l":1,"t":0,"gxe":44.8,"acre":1000,"lacre":1000,"oldacre":1000},"p2rating":{"entryid":"7406762","serverid":"eos","formatid":"monotype","userid":"ivwiley","username":"IV Wiley","w":5,"l":"2","t":"0","gxe":58.5,"r":"1495.5145738225","rd":"106.46815327292","sigma":"0","rptime":"1438765200","rpr":1566.7595981932,"rprd":95.198456745599,"rpsigma":"0","acre":1127.8489244595,"lacre":1127.8489244595,"oldacre":"1110.5453200143"},"endType":"normal"}