{"seed":[17277,32120,58697,17060],"turns":40,"p1":"SWL HB","p2":"IV Wiley","p1team":[{"name":"Aegislash","species":"Aegislash","item":"leftovers","ability":"Stance Change","moves":["shadowball","kingsshield","sacredsword","shadowsneak"],"nature":"Relaxed","evs":{"hp":248,"atk":8,"def":252,"spa":0,"spd":0,"spe":0},"ivs":{"hp":31,"atk":31,"def":31,"spa":31,"spd":31,"spe":31}},{"name":"Hoopa","species":"Hoopa","item":"lightclay","ability":"Magician","moves":["drainpunch","substitute","thunderpunch","knockoff"],"nature":"Adamant","evs":{"hp":248,"atk":252,"def":0,"spa":0,"spd":8,"spe":0},"ivs":{"hp":31,"atk":31,"def":31,"spa":31,"spd":31,"spe":31}},{"name":"Gengar","species":"Gengar","item":"custapberry","ability":"Levitate","moves":["destinybond","shadowball","endure","dazzlinggleam"],"nature":"Timid","evs":{"hp":0,"atk":0,"def":0,"spa":252,"spd":4,"spe":252},"ivs":{"hp":31,"atk":31,"def":31,"spa":31,"spd":31,"spe":31}},{"name":"Chandelure","species":"Chandelure","item":"choicescarf","ability":"Flash Fire","moves":["energyball","fireblast","shadowball","hiddenpowerrock"],"nature":"Timid","evs":{"hp":0,"atk":0,"def":0,"spa":252,"spd":4,"spe":252},"ivs":{"hp":31,"atk":31,"def":30,"spa":31,"spd":30,"spe":30}},{"name":"Sableye","species":"Sableye","item":"sablenite","ability":"Prankster","moves":["dazzlinggleam","substitute","willowisp","recover"],"nature":"Calm","evs":{"hp":248,"atk":0,"def":0,"spa":8,"spd":252,"spe":0},"ivs":{"hp":31,"atk":31,"def":31,"spa":31,"spd":31,"spe":31}},{"name":"Jellicent","species":"Jellicent","item":"leftovers","ability":"Water Absorb","moves":["recover","scald","confuseray","willowisp"],"nature":"Calm","evs":{"hp":252,"atk":0,"def":0,"spa":4,"spd":252,"spe":0},"ivs":{"hp":31,"atk":31,"def":31,"spa":31,"spd":31,"spe":31}}],"p2team":[{"name":"Tuba","species":"slurpuff","item":"sitrusberry","ability":"Unburden","moves":["bellydrum","drainpunch","playrough","aromatherapy"],"nature":"Jolly","evs":{"hp":4,"atk":252,"def":0,"spa":0,"spd":0,"spe":252},"ivs":{"hp":31,"atk":31,"def":31,"spa":31,"spd":31,"spe":31}},{"name":"Clarinet","species":"azumarill","item":"sitrusberry","ability":"Huge Power","moves":["bellydrum","aquajet","brickbreak","playrough"],"nature":"Adamant","evs":{"hp":252,"atk":252,"def":0,"spa":0,"spd":4,"spe":0},"ivs":{"hp":31,"atk":31,"def":31,"spa":31,"spd":31,"spe":31}},{"name":"Flute","species":"gardevoir","item":"gardevoirite","ability":"Synchronize","moves":["psyshock","hypervoice","energyball","focusblast"],"nature":"Modest","evs":{"hp":248,"atk":0,"def":0,"spa":252,"spd":8,"spe":0},"ivs":{"hp":31,"atk":31,"def":31,"spa":31,"spd":31,"spe":31}},{"name":"Alto","species":"togekiss","item":"choicescarf","ability":"Serene Grace","moves":["airslash","flamethrower","aurasphere","dazzlinggleam"],"nature":"Timid","evs":{"hp":0,"atk":0,"def":0,"spa":252,"spd":4,"spe":252},"ivs":{"hp":31,"atk":31,"def":31,"spa":31,"spd":31,"spe":31}},{"name":"Sax","species":"klefki","item":"lightclay","ability":"Prankster","moves":["thunderwave","lightscreen","reflect","foulplay"],"nature":"Bold","evs":{"hp":248,"atk":0,"def":252,"spa":0,"spd":8,"spe":0},"ivs":{"hp":31,"atk":31,"def":31,"spa":31,"spd":31,"spe":31}},{"name":"Trumpet","species":"sylveon","item":"leftovers","ability":"Pixilate","moves":["hypervoice","wish","protect","calmmind"],"nature":"Calm","evs":{"hp":252,"atk":0,"def":0,"spa":4,"spd":252,"spe":0},"ivs":{"hp":31,"atk":31,"def":31,"spa":31,"spd":31,"spe":31}}],"log":["|player|p1|SWL HB|swlhb.gif","|player|p2|IV Wiley|264","|gametype|singles","|gen|6","|tier|Monotype","|rated","|rule|Baton Pass Clause: Limit one Baton Passer, can't pass Spe and other stats simultaneously","|rule|Swagger Clause: Swagger is banned","|rule|Same Type Clause: Pokémon in a team must share a type","|clearpoke","|poke|p1|Aegislash, F","|poke|p1|Hoopa","|poke|p1|Gengar, F","|poke|p1|Chandelure, M","|poke|p1|Sableye, M","|poke|p1|Jellicent, M","|poke|p2|Slurpuff, M","|poke|p2|Azumarill, F","|poke|p2|Gardevoir, M","|poke|p2|Togekiss, M","|poke|p2|Klefki, M","|poke|p2|Sylveon, F","|rule|Sleep Clause Mod: Limit one foe put to sleep","|rule|Species Clause: Limit one of each Pokémon","|rule|OHKO Clause: OHKO moves are banned","|rule|Moody Clause: Moody is banned","|rule|Evasion Moves Clause: Evasion moves are banned","|rule|Endless Battle Clause: Forcing endless battles is banned","|rule|HP Percentage Mod: HP is shown in percentages","|teampreview","|","|start","|switch|p1a: Chandelure|Chandelure, M|261/261","|switch|p2a: Trumpet|Sylveon, F|394/394","|turn|1","|","|move|p1a: Chandelure|Shadow Ball|p2a: Trumpet","|-damage|p2a: Trumpet|295/394","|move|p2a: Trumpet|Wish|p2a: Trumpet","|","|-heal|p2a: Trumpet|319/394|[from] item: Leftovers","|turn|2","|","|switch|p1a: Aegislash|Aegislash, F|323/323","|move|p2a: Trumpet|Calm Mind|p2a: Trumpet","|-boost|p2a: Trumpet|spa|1","|-boost|p2a: Trumpet|spd|1","|","|-heal|p2a: Trumpet|394/394|[from] move: Wish|[wisher] Trumpet","|turn|3","|","|switch|p2a: Sax|Klefki, M|317/317","|-formechange|p1a: Aegislash|Aegislash-Blade","|move|p1a: Aegislash|Shadow Sneak|p2a: Sax","|-damage|p2a: Sax|268/317","|","|turn|4","|","|switch|p1a: Chandelure|Chandelure, M|261/261","|move|p2a: Sax|Thunder Wave|p1a: Chandelure","|-status|p1a: Chandelure|par","|","|turn|5","|","|switch|p2a: Clarinet|Azumarill, F|404/404","|move|p1a: Chandelure|Shadow Ball|p2a: Clarinet","|-damage|p2a: Clarinet|206/404","|","|turn|6","|","|switch|p1a: Aegislash|Aegislash, F|323/323","|move|p2a: Clarinet|Aqua Jet|p1a: Aegislash","|-crit|p1a: Aegislash","|-damage|p1a: Aegislash|251/323","|","|-heal|p1a: Aegislash|271/323|[from] item: Leftovers","|turn|7","|","|-formechange|p1a: Aegislash|Aegislash-Blade","|move|p1a: Aegislash|Shadow Ball|p2a: Clarinet","|-damage|p2a: Clarinet|35/404","|-unboost|p2a: Clarinet|spd|1","|-enditem|p2a: Clarinet|Sitrus Berry|[eat]","|-heal|p2a: Clarinet|136/404|[from] item: Sitrus Berry","|move|p2a: Clarinet|Belly Drum|p2a: Clarinet","|-fail|p2a: Clarinet","|","|-heal|p1a: Aegislash|291/323|[from] item: Leftovers","|turn|8","|","|move|p2a: Clarinet|Aqua Jet|p1a: Aegislash","|-damage|p1a: Aegislash|200/323","|move|p1a: Aegislash|Shadow Ball|p2a: Clarinet","|-damage|p2a: Clarinet|0 fnt","|faint|p2a: Clarinet","|","|-heal|p1a: Aegislash|220/323|[from] item: Leftovers","|","|switch|p2a: Alto|Togekiss, M|311/311","|turn|9","|","|switch|p1a: Chandelure|Chandelure, M|261/261 par","|move|p2a: Alto|Air Slash|p1a: Chandelure","|-damage|p1a: Chandelure|113/261 par","|","|turn|10","|","|move|p2a: Alto|Air Slash|p1a: Chandelure","|-damage|p1a: Chandelure|0 fnt","|faint|p1a: Chandelure","|","|","|switch|p1a: Hoopa|Hoopa|363/363","|turn|11","|","|move|p2a: Alto|Air Slash|p1a: Hoopa","|-damage|p1a: Hoopa|267/363","|move|p1a: Hoopa|Thunder Punch|p2a: Alto","|-supereffective|p2a: Alto","|-damage|p2a: Alto|139/311","|","|turn|12","|","|move|p2a: Alto|Air Slash|p1a: Hoopa","|-damage|p1a: Hoopa|162/363","|move|p1a: Hoopa|Substitute|p1a: Hoopa","|-start|p1a: Hoopa|Substitute","|-damage|p1a: Hoopa|72/363","|","|turn|13","|","|move|p2a: Alto|Air Slash|p1a: Hoopa","|-end|p1a: Hoopa|Substitute","|move|p1a: Hoopa|Thunder Punch|p2a: Alto","|-supereffective|p2a: Alto","|-damage|p2a: Alto|0 fnt","|faint|p2a: Alto","|","|","|switch|p2a: Tuba|Slurpuff, M|306/306","|turn|14","|","|move|p2a: Tuba|Belly Drum|p2a: Tuba","|-damage|p2a: Tuba|153/306","|-setboost|p2a: Tuba|atk|6|[from] move: Belly Drum","|-enditem|p2a: Tuba|Sitrus Berry|[eat]","|-heal|p2a: Tuba|229/306|[from] item: Sitrus Berry","|move|p1a: Hoopa|Thunder Punch|p2a: Tuba","|-damage|p2a: Tuba|128/306","|","|turn|15","|","|move|p2a: Tuba|Play Rough|p1a: Hoopa","|-damage|p1a: Hoopa|0 fnt","|faint|p1a: Hoopa","|","|","|switch|p1a: Aegislash|Aegislash, F|220/323","|turn|16","|","|move|p2a: Tuba|Play Rough|p1a: Aegislash","|-resisted|p1a: Aegislash","|-damage|p1a: Aegislash|106/323","|-formechange|p1a: Aegislash|Aegislash-Blade","|move|p1a: Aegislash|Shadow Ball|p2a: Tuba","|-damage|p2a: Tuba|0 fnt","|faint|p2a: Tuba","|","|-heal|p1a: Aegislash|126/323|[from] item: Leftovers","|","|switch|p2a: Sax|Klefki, M|268/317","|turn|17","|","|move|p2a: Sax|Foul Play|p1a: Aegislash","|-supereffective|p1a: Aegislash","|-damage|p1a: Aegislash|0 fnt","|faint|p1a: Aegislash","|","|","|switch|p1a: Sableye|Sableye, M|303/303","|turn|18","|","|switch|p2a: Trumpet|Sylveon, F|394/394","|move|p1a: Sableye|Substitute|p1a: Sableye","|-start|p1a: Sableye|Substitute","|-damage|p1a: Sableye|228/303","|","|turn|19","|","|move|p1a: Sableye|Will-O-Wisp|p2a: Trumpet","|-status|p2a: Trumpet|brn","|move|p2a: Trumpet|Calm Mind|p2a: Trumpet","|-boost|p2a: Trumpet|spa|1","|-boost|p2a: Trumpet|spd|1","|","|-damage|p2a: Trumpet|345/394 brn|[from] brn","|turn|20","|","|switch|p1a: Jellicent|Jellicent, M|404/404","|move|p2a: Trumpet|Wish|p2a: Trumpet","|","|-heal|p2a: Trumpet|369/394 brn|[from] item: Leftovers","|-damage|p2a: Trumpet|320/394 brn|[from] brn","|turn|21","|","|move|p1a: Jellicent|Confuse Ray|p2a: Trumpet","|-start|p2a: Trumpet|confusion","|-activate|p2a: Trumpet|confusion","|-damage|p2a: Trumpet|304/394 brn|[from] confusion","|","|-heal|p2a: Trumpet|394/394 brn|[from] move: Wish|[wisher] Trumpet","|-damage|p2a: Trumpet|345/394 brn|[from] brn","|turn|22","|","|switch|p1a: Gengar|Gengar, F|261/261","|-end|p2a: Trumpet|confusion","|move|p2a: Trumpet|Wish|p2a: Trumpet","|","|-heal|p2a: Trumpet|369/394 brn|[from] item: Leftovers","|-damage|p2a: Trumpet|320/394 brn|[from] brn","|turn|23","|","|move|p2a: Trumpet|Protect|p2a: Trumpet","|-singleturn|p2a: Trumpet|Protect","|move|p1a: Gengar|Shadow Ball|p2a: Trumpet","|-activate|p2a: Trumpet|Protect","|","|-heal|p2a: Trumpet|394/394 brn|[from] move: Wish|[wisher] Trumpet","|-damage|p2a: Trumpet|345/394 brn|[from] brn","|turn|24","|","|move|p1a: Gengar|Shadow Ball|p2a: Trumpet","|-damage|p2a: Trumpet|284/394 brn","|move|p2a: Trumpet|Wish|p2a: Trumpet","|","|-heal|p2a: Trumpet|308/394 brn|[from] item: Leftovers","|-damage|p2a: Trumpet|259/394 brn|[from] brn","|turn|25","|","|move|p1a: Gengar|Shadow Ball|p2a: Trumpet","|-damage|p2a: Trumpet|202/394 brn","|move|p2a: Trumpet|Calm Mind|p2a: Trumpet","|-boost|p2a: Trumpet|spa|1","|-boost|p2a: Trumpet|spd|1","|","|-heal|p2a: Trumpet|394/394 brn|[from] move: Wish|[wisher] Trumpet","|-damage|p2a: Trumpet|345/394 brn|[from] brn","|turn|26","|","|move|p1a: Gengar|Shadow Ball|p2a: Trumpet","|-damage|p2a: Trumpet|303/394 brn","|move|p2a: Trumpet|Wish|p2a: Trumpet","|","|-heal|p2a: Trumpet|327/394 brn|[from] item: Leftovers","|-damage|p2a: Trumpet|278/394 brn|[from] brn","|turn|27","|","|move|p1a: Gengar|Shadow Ball|p2a: Trumpet","|-damage|p2a: Trumpet|235/394 brn","|move|p2a: Trumpet|Calm Mind|p2a: Trumpet","|-boost|p2a: Trumpet|spa|1","|-boost|p2a: Trumpet|spd|1","|","|-heal|p2a: Trumpet|394/394 brn|[from] move: Wish|[wisher] Trumpet","|-damage|p2a: Trumpet|345/394 brn|[from] brn","|turn|28","|","|move|p1a: Gengar|Shadow Ball|p2a: Trumpet","|-damage|p2a: Trumpet|308/394 brn","|move|p2a: Trumpet|Wish|p2a: Trumpet","|","|-heal|p2a: Trumpet|332/394 brn|[from] item: Leftovers","|-damage|p2a: Trumpet|283/394 brn|[from] brn","|turn|29","|","|move|p1a: Gengar|Shadow Ball|p2a: Trumpet","|-damage|p2a: Trumpet|250/394 brn","|move|p2a: Trumpet|Calm Mind|p2a: Trumpet","|-boost|p2a: Trumpet|spa|1","|-boost|p2a: Trumpet|spd|1","|","|-heal|p2a: Trumpet|394/394 brn|[from] move: Wish|[wisher] Trumpet","|-damage|p2a: Trumpet|345/394 brn|[from] brn","|turn|30","|","|move|p1a: Gengar|Shadow Ball|p2a: Trumpet","|-damage|p2a: Trumpet|317/394 brn","|-unboost|p2a: Trumpet|spd|1","|move|p2a: Trumpet|Hyper Voice|p1a: Gengar","|-resisted|p1a: Gengar","|-damage|p1a: Gengar|0 fnt","|faint|p1a: Gengar","|","|-heal|p2a: Trumpet|341/394 brn|[from] item: Leftovers","|-damage|p2a: Trumpet|292/394 brn|[from] brn","|","|switch|p1a: Jellicent|Jellicent, M|404/404","|turn|31","|","|move|p2a: Trumpet|Wish|p2a: Trumpet","|move|p1a: Jellicent|Confuse Ray|p2a: Trumpet","|-start|p2a: Trumpet|confusion","|","|-heal|p2a: Trumpet|316/394 brn|[from] item: Leftovers","|-damage|p2a: Trumpet|267/394 brn|[from] brn","|turn|32","|","|move|p1a: Jellicent|Scald|p2a: Trumpet","|-damage|p2a: Trumpet|245/394 brn","|-activate|p2a: Trumpet|confusion","|-damage|p2a: Trumpet|232/394 brn|[from] confusion","|","|-heal|p2a: Trumpet|394/394 brn|[from] move: Wish|[wisher] Trumpet","|-damage|p2a: Trumpet|345/394 brn|[from] brn","|turn|33","|","|move|p1a: Jellicent|Scald|p2a: Trumpet","|-damage|p2a: Trumpet|323/394 brn","|-activate|p2a: Trumpet|confusion","|-damage|p2a: Trumpet|309/394 brn|[from] confusion","|","|-heal|p2a: Trumpet|333/394 brn|[from] item: Leftovers","|-damage|p2a: Trumpet|284/394 brn|[from] brn","|turn|34","|","|move|p1a: Jellicent|Scald|p2a: Trumpet","|-damage|p2a: Trumpet|265/394 brn","|-activate|p2a: Trumpet|confusion","|-damage|p2a: Trumpet|251/394 brn|[from] confusion","|","|-heal|p2a: Trumpet|275/394 brn|[from] item: Leftovers","|-damage|p2a: Trumpet|226/394 brn|[from] brn","|turn|35","|","|-activate|p2a: Trumpet|confusion","|-damage|p2a: Trumpet|212/394 brn|[from] confusion","|move|p1a: Jellicent|Scald|p2a: Trumpet","|-damage|p2a: Trumpet|190/394 brn","|","|-heal|p2a: Trumpet|214/394 brn|[from] item: Leftovers","|-damage|p2a: Trumpet|165/394 brn|[from] brn","|turn|36","|","|-end|p2a: Trumpet|confusion","|move|p2a: Trumpet|Hyper Voice|p1a: Jellicent","|-damage|p1a: Jellicent|115/404","|move|p1a: Jellicent|Scald|p2a: Trumpet","|-damage|p2a: Trumpet|143/394 brn","|","|-heal|p1a: Jellicent|140/404|[from] item: Leftovers","|-heal|p2a: Trumpet|167/394 brn|[from] item: Leftovers","|-damage|p2a: Trumpet|118/394 brn|[from] brn","|turn|37","|","|move|p1a: Jellicent|Scald|p2a: Trumpet","|-damage|p2a: Trumpet|96/394 brn","|move|p2a: Trumpet|Wish|p2a: Trumpet","|","|-heal|p2a: Trumpet|120/394 brn|[from] item: Leftovers","|-heal|p1a: Jellicent|165/404|[from] item: Leftovers","|-damage|p2a: Trumpet|71/394 brn|[from] brn","|turn|38","|","|move|p2a: Trumpet|Protect|p2a: Trumpet","|-singleturn|p2a: Trumpet|Protect","|move|p1a: Jellicent|Scald|p2a: Trumpet","|-activate|p2a: Trumpet|Protect","|","|-heal|p2a: Trumpet|268/394 brn|[from] move: Wish|[wisher] Trumpet","|-heal|p1a: Jellicent|190/404|[from] item: Leftovers","|-heal|p2a: Trumpet|292/394 brn|[from] item: Leftovers","|-damage|p2a: Trumpet|243/394 brn|[from] brn","|turn|39","|","|move|p1a: Jellicent|Scald|p2a: Trumpet","|-damage|p2a: Trumpet|221/394 brn","|move|p2a: Trumpet|Hyper Voice|p1a: Jellicent","|-damage|p1a: Jellicent|0 fnt","|faint|p1a: Jellicent","|","|-heal|p2a: Trumpet|245/394 brn|[from] item: Leftovers","|-damage|p2a: Trumpet|196/394 brn|[from] brn","|","|switch|p1a: Sableye|Sableye, M|228/303","|turn|40","|","|move|p2a: Trumpet|Hyper Voice|p1a: Sableye","|-supereffective|p1a: Sableye","|-damage|p1a: Sableye|0 fnt","|faint|p1a: Sableye","|","|win|IV Wiley"],"p1rating":{"entryid":"6872578","serverid":"eos","formatid":"monotype","userid":"swlhb","username":"SWL HB","w":"5","l":11,"t":"0","gxe":35.3,"r":"1395.8169430984","rd":"85.904451030545","sigma":"0","rptime":"1438678800","rpr":1382.837732182,"rprd":78.616433130833,"rpsigma":"0","acre":1043.5257981827,"lacre":1043.5257981827,"oldacre":"1064.794740242"},"p2rating":{"entryid":"7406762","serverid":"eos","formatid":"monotype","userid":"ivwiley","username":"IV Wiley","w":2,"l":"1","t":"0","gxe":53.5,"r":"1500","rd":"130","sigma":"0","rptime":"1438678800","rpr":1527.9145559766,"rprd":111.01555091524,"rpsigma":"0","acre":1074.5206901971,"lacre":1074.5206901971,"oldacre":"1037.4333843994"},"endType":"normal"}