{"seed":[24050,63567,6432,43612],"turns":28,"p1":"Sovereign♕Dooms","p2":"Emg kess","p1team":[{"name":"Ludicolo","species":"Ludicolo","item":"lifeorb","ability":"Swift Swim","moves":["gigadrain","scald","focusblast","icebeam"],"nature":"Modest","evs":{"hp":0,"atk":0,"def":0,"spa":252,"spd":4,"spe":252},"gender":"M","ivs":{"hp":31,"atk":0,"def":31,"spa":31,"spd":31,"spe":31}},{"name":"Empoleon","species":"Empoleon","item":"leftovers","ability":"Torrent","moves":["stealthrock","defog","scald","roar"],"nature":"Calm","evs":{"hp":252,"atk":0,"def":0,"spa":4,"spd":252,"spe":0},"gender":"M","ivs":{"hp":31,"atk":0,"def":31,"spa":31,"spd":31,"spe":31}},{"name":"Rotom-Wash","species":"Rotom-Wash","item":"leftovers","ability":"Levitate","moves":["willowisp","painsplit","voltswitch","hydropump"],"nature":"Bold","evs":{"hp":252,"atk":0,"def":252,"spa":4,"spd":0,"spe":0},"ivs":{"hp":31,"atk":0,"def":31,"spa":31,"spd":31,"spe":31}},{"name":"Manaphy","species":"Manaphy","item":"leftovers","ability":"Hydration","moves":["tailglow","psychic","scald","icebeam"],"nature":"Timid","evs":{"hp":0,"atk":0,"def":0,"spa":252,"spd":4,"spe":252},"ivs":{"hp":31,"atk":0,"def":31,"spa":31,"spd":31,"spe":31}},{"name":"Politoed","species":"Politoed","item":"ejectbutton","ability":"Drizzle","moves":["scald","toxic","perishsong","encore"],"nature":"Calm","evs":{"hp":252,"atk":0,"def":4,"spa":0,"spd":252,"spe":0},"gender":"M","ivs":{"hp":31,"atk":0,"def":31,"spa":31,"spd":31,"spe":31}},{"name":"Shark","species":"sharpedo","item":"sharpedonite","ability":"Rough Skin","moves":["waterfall","destinybond","protect","icefang"],"nature":"Jolly","evs":{"hp":4,"atk":252,"def":0,"spa":0,"spd":0,"spe":252},"gender":"M","ivs":{"hp":31,"atk":31,"def":31,"spa":31,"spd":31,"spe":31}}],"p2team":[{"name":"Gengar","species":"Gengar","item":"choicespecs","ability":"Levitate","moves":["shadowball","focusblast","sludgewave","dazzlinggleam"],"nature":"Timid","evs":{"hp":0,"atk":0,"def":0,"spa":252,"spd":4,"spe":252},"shiny":true,"ivs":{"hp":31,"atk":31,"def":31,"spa":31,"spd":31,"spe":31}},{"name":"Jellicent","species":"Jellicent","item":"leftovers","ability":"Water Absorb","moves":["scald","toxic","recover","acidarmor"],"nature":"Calm","evs":{"hp":252,"atk":0,"def":4,"spa":0,"spd":252,"spe":0},"ivs":{"hp":31,"atk":31,"def":31,"spa":31,"spd":31,"spe":31}},{"name":"Chandelure","species":"Chandelure","item":"choicescarf","ability":"Infiltrator","moves":["fireblast","shadowball","energyball","trick"],"nature":"Timid","evs":{"hp":0,"atk":0,"def":0,"spa":252,"spd":4,"spe":252},"ivs":{"hp":31,"atk":31,"def":31,"spa":31,"spd":31,"spe":31}},{"name":"Banette","species":"Banette","item":"banettite","ability":"Insomnia","moves":["destinybond","shadowsneak","knockoff","taunt"],"nature":"Adamant","evs":{"hp":248,"atk":252,"def":0,"spa":0,"spd":8,"spe":0},"ivs":{"hp":31,"atk":31,"def":31,"spa":31,"spd":31,"spe":31}},{"name":"Aegislash","species":"Aegislash","item":"leftovers","ability":"Stance Change","moves":["substitute","toxic","kingsshield","flashcannon"],"nature":"Modest","evs":{"hp":248,"atk":0,"def":8,"spa":252,"spd":0,"spe":0},"ivs":{"hp":31,"atk":31,"def":31,"spa":31,"spd":31,"spe":0}},{"name":"Gourgeist-Super","species":"Gourgeist-Super","item":"leftovers","ability":"Frisk","moves":["willowisp","leechseed","synthesis","foulplay"],"nature":"Bold","evs":{"hp":248,"atk":0,"def":200,"spa":0,"spd":60,"spe":0},"ivs":{"hp":31,"atk":31,"def":31,"spa":31,"spd":31,"spe":31}}],"log":["|player|p1|Sovereign♕Dooms|20","|player|p2|Emg kess|94","|gametype|singles","|gen|6","|tier|Monotype","|rated","|rule|Baton Pass Clause: Limit one Baton Passer, can't pass Spe and other stats simultaneously","|rule|Swagger Clause: Swagger is banned","|rule|Same Type Clause: Pokémon in a team must share a type","|clearpoke","|poke|p1|Ludicolo, M","|poke|p1|Empoleon, M","|poke|p1|Rotom-Wash","|poke|p1|Manaphy","|poke|p1|Politoed, M","|poke|p1|Sharpedo, M","|poke|p2|Gengar, M, shiny","|poke|p2|Jellicent, F","|poke|p2|Chandelure, M","|poke|p2|Banette, M","|poke|p2|Aegislash, F","|poke|p2|Gourgeist-*, M","|rule|Sleep Clause Mod: Limit one foe put to sleep","|rule|Species Clause: Limit one of each Pokémon","|rule|OHKO Clause: OHKO moves are banned","|rule|Moody Clause: Moody is banned","|rule|Evasion Moves Clause: Evasion moves are banned","|rule|Endless Battle Clause: Forcing endless battles is banned","|rule|HP Percentage Mod: HP is shown in percentages","|teampreview","|","|start","|switch|p1a: Empoleon|Empoleon, M|372/372","|switch|p2a: Jellicent|Jellicent, F|404/404","|turn|1","|","|move|p2a: Jellicent|Scald|p1a: Empoleon","|-resisted|p1a: Empoleon","|-damage|p1a: Empoleon|345/372","|move|p1a: Empoleon|Stealth Rock|p2a: Jellicent","|-sidestart|p2: Emg kess|move: Stealth Rock","|","|-heal|p1a: Empoleon|368/372|[from] item: Leftovers","|turn|2","|","|move|p2a: Jellicent|Acid Armor|p2a: Jellicent","|-boost|p2a: Jellicent|def|2","|move|p1a: Empoleon|Roar|p2a: Jellicent","|drag|p2a: Aegislash|Aegislash, F|323/323","|-damage|p2a: Aegislash|303/323|[from] Stealth Rock","|","|-heal|p1a: Empoleon|372/372|[from] item: Leftovers","|-heal|p2a: Aegislash|323/323|[from] item: Leftovers","|turn|3","|","|switch|p2a: Gourgeist-Super|Gourgeist-Super, M|373/373","|-damage|p2a: Gourgeist-Super|327/373|[from] Stealth Rock","|-item|p1a: Empoleon|Leftovers|[from] ability: Frisk|[of] p2a: Gourgeist-Super|[identify]","|move|p1a: Empoleon|Scald|p2a: Gourgeist-Super","|-resisted|p2a: Gourgeist-Super","|-damage|p2a: Gourgeist-Super|270/373","|","|-heal|p2a: Gourgeist-Super|293/373|[from] item: Leftovers","|turn|4","|","|move|p2a: Gourgeist-Super|Leech Seed|p1a: Empoleon","|-start|p1a: Empoleon|move: Leech Seed","|move|p1a: Empoleon|Roar|p2a: Gourgeist-Super","|drag|p2a: Jellicent|Jellicent, F|404/404","|-damage|p2a: Jellicent|354/404|[from] Stealth Rock","|","|-heal|p2a: Jellicent|379/404|[from] item: Leftovers","|-damage|p1a: Empoleon|326/372|[from] Leech Seed|[of] p2a: Jellicent","|-heal|p2a: Jellicent|404/404|[silent]","|turn|5","|","|switch|p1a: Politoed|Politoed, M|384/384","|-weather|RainDance","|move|p2a: Jellicent|Scald|p1a: Politoed","|-resisted|p1a: Politoed","|-damage|p1a: Politoed|339/384","|-status|p1a: Politoed|brn","|-enditem|p1a: Politoed|Eject Button","|","|switch|p1a: Shark|Sharpedo, M|282/282","|","|-weather|RainDance|[upkeep]","|turn|6","|","|move|p1a: Shark|Protect|p1a: Shark","|-singleturn|p1a: Shark|Protect","|move|p2a: Jellicent|Acid Armor|p2a: Jellicent","|-boost|p2a: Jellicent|def|2","|","|-weather|RainDance|[upkeep]","|turn|7","|","|detailschange|p1a: Shark|Sharpedo-Mega, M","|-mega|p1a: Shark|Sharpedo|Sharpedonite","|move|p1a: Shark|Ice Fang|p2a: Jellicent","|-resisted|p2a: Jellicent","|-damage|p2a: Jellicent|363/404","|move|p2a: Jellicent|Scald|p1a: Shark","|-resisted|p1a: Shark","|-damage|p1a: Shark|197/282","|","|-weather|RainDance|[upkeep]","|-heal|p2a: Jellicent|388/404|[from] item: Leftovers","|turn|8","|","|move|p1a: Shark|Ice Fang|p2a: Jellicent","|-resisted|p2a: Jellicent","|-damage|p2a: Jellicent|347/404","|move|p2a: Jellicent|Scald|p1a: Shark","|-resisted|p1a: Shark","|-damage|p1a: Shark|111/282","|","|-weather|RainDance|[upkeep]","|-heal|p2a: Jellicent|372/404|[from] item: Leftovers","|turn|9","|","|move|p1a: Shark|Ice Fang|p2a: Jellicent","|-resisted|p2a: Jellicent","|-damage|p2a: Jellicent|332/404","|move|p2a: Jellicent|Scald|p1a: Shark","|-resisted|p1a: Shark","|-damage|p1a: Shark|18/282","|","|-weather|none","|-heal|p2a: Jellicent|357/404|[from] item: Leftovers","|turn|10","|","|move|p1a: Shark|Destiny Bond|p1a: Shark","|-singlemove|p1a: Shark|Destiny Bond","|move|p2a: Jellicent|Scald|p1a: Shark","|-resisted|p1a: Shark","|-damage|p1a: Shark|0 fnt","|faint|p1a: Shark","|-activate|p1a: Shark|Destiny Bond","|faint|p2a: Jellicent","|","|","|switch|p1a: Politoed|Politoed, M|339/384 brn","|switch|p2a: Gourgeist-Super|Gourgeist-Super, M|293/373","|-weather|RainDance","|-damage|p2a: Gourgeist-Super|247/373|[from] Stealth Rock","|turn|11","|","|move|p1a: Politoed|Toxic|p2a: Gourgeist-Super","|-status|p2a: Gourgeist-Super|tox","|move|p2a: Gourgeist-Super|Leech Seed|p1a: Politoed","|-start|p1a: Politoed|move: Leech Seed","|","|-weather|RainDance|[upkeep]","|-heal|p2a: Gourgeist-Super|270/373 tox|[from] item: Leftovers","|-damage|p1a: Politoed|291/384 brn|[from] Leech Seed|[of] p2a: Gourgeist-Super","|-heal|p2a: Gourgeist-Super|318/373 tox|[silent]","|-damage|p1a: Politoed|243/384 brn|[from] brn","|-damage|p2a: Gourgeist-Super|295/373 tox|[from] psn","|turn|12","|","|switch|p1a: Ludicolo|Ludicolo, M|301/301","|move|p2a: Gourgeist-Super|Foul Play|p1a: Ludicolo","|-damage|p1a: Ludicolo|250/301","|","|-weather|RainDance|[upkeep]","|-heal|p2a: Gourgeist-Super|318/373 tox|[from] item: Leftovers","|-damage|p2a: Gourgeist-Super|272/373 tox|[from] psn","|turn|13","|","|move|p1a: Ludicolo|Ice Beam|p2a: Gourgeist-Super","|-supereffective|p2a: Gourgeist-Super","|-damage|p2a: Gourgeist-Super|2/373 tox","|-damage|p1a: Ludicolo|220/301|[from] item: Life Orb","|move|p2a: Gourgeist-Super|Will-O-Wisp|p1a: Ludicolo","|-status|p1a: Ludicolo|brn","|","|-weather|RainDance|[upkeep]","|-heal|p2a: Gourgeist-Super|25/373 tox|[from] item: Leftovers","|-damage|p1a: Ludicolo|183/301 brn|[from] brn","|-damage|p2a: Gourgeist-Super|0 fnt|[from] psn","|faint|p2a: Gourgeist-Super","|","|switch|p2a: Aegislash|Aegislash, F|323/323","|-damage|p2a: Aegislash|303/323|[from] Stealth Rock","|turn|14","|","|move|p2a: Aegislash|King's Shield|p2a: Aegislash","|-singleturn|p2a: Aegislash|Protect","|move|p1a: Ludicolo|Scald|p2a: Aegislash","|-activate|p2a: Aegislash|Protect","|","|-weather|RainDance|[upkeep]","|-heal|p2a: Aegislash|323/323|[from] item: Leftovers","|-damage|p1a: Ludicolo|146/301 brn|[from] brn","|turn|15","|","|move|p1a: Ludicolo|Scald|p2a: Aegislash","|-damage|p2a: Aegislash|166/323","|-damage|p1a: Ludicolo|116/301 brn|[from] item: Life Orb","|move|p2a: Aegislash|Substitute|p2a: Aegislash","|-start|p2a: Aegislash|Substitute","|-damage|p2a: Aegislash|86/323","|","|-weather|none","|-heal|p2a: Aegislash|106/323|[from] item: Leftovers","|-damage|p1a: Ludicolo|79/301 brn|[from] brn","|turn|16","|","|move|p2a: Aegislash|King's Shield|p2a: Aegislash","|-singleturn|p2a: Aegislash|Protect","|move|p1a: Ludicolo|Scald|p2a: Aegislash","|-activate|p2a: Aegislash|Protect","|","|-heal|p2a: Aegislash|126/323|[from] item: Leftovers","|-damage|p1a: Ludicolo|42/301 brn|[from] brn","|turn|17","|","|move|p1a: Ludicolo|Scald|p2a: Aegislash","|-end|p2a: Aegislash|Substitute","|-damage|p1a: Ludicolo|12/301 brn|[from] item: Life Orb","|-formechange|p2a: Aegislash|Aegislash-Blade","|move|p2a: Aegislash|Flash Cannon|p1a: Ludicolo","|-resisted|p1a: Ludicolo","|-damage|p1a: Ludicolo|0 fnt","|faint|p1a: Ludicolo","|","|-heal|p2a: Aegislash|146/323|[from] item: Leftovers","|","|switch|p1a: Politoed|Politoed, M|243/384 brn","|-weather|RainDance","|turn|18","|","|-formechange|p2a: Aegislash|Aegislash","|move|p2a: Aegislash|King's Shield|p2a: Aegislash","|-singleturn|p2a: Aegislash|Protect","|move|p1a: Politoed|Scald|p2a: Aegislash","|-activate|p2a: Aegislash|Protect","|","|-weather|RainDance|[upkeep]","|-heal|p2a: Aegislash|166/323|[from] item: Leftovers","|-damage|p1a: Politoed|195/384 brn|[from] brn","|turn|19","|","|move|p1a: Politoed|Scald|p2a: Aegislash","|-damage|p2a: Aegislash|67/323","|-status|p2a: Aegislash|brn","|-formechange|p2a: Aegislash|Aegislash-Blade","|move|p2a: Aegislash|Flash Cannon|p1a: Politoed","|-resisted|p1a: Politoed","|-damage|p1a: Politoed|132/384 brn","|-unboost|p1a: Politoed|spd|1","|","|-weather|RainDance|[upkeep]","|-heal|p2a: Aegislash|87/323 brn|[from] item: Leftovers","|-damage|p1a: Politoed|84/384 brn|[from] brn","|-damage|p2a: Aegislash|47/323 brn|[from] brn","|turn|20","|","|switch|p1a: Manaphy|Manaphy|341/341","|-formechange|p2a: Aegislash|Aegislash","|move|p2a: Aegislash|King's Shield|p2a: Aegislash","|-fail|p2a: Aegislash","|","|-weather|RainDance|[upkeep]","|-heal|p2a: Aegislash|67/323 brn|[from] item: Leftovers","|-damage|p2a: Aegislash|27/323 brn|[from] brn","|turn|21","|","|move|p2a: Aegislash|King's Shield|p2a: Aegislash","|-singleturn|p2a: Aegislash|Protect","|move|p1a: Manaphy|Tail Glow|p1a: Manaphy","|-boost|p1a: Manaphy|spa|3","|","|-weather|RainDance|[upkeep]","|-heal|p2a: Aegislash|47/323 brn|[from] item: Leftovers","|-damage|p2a: Aegislash|7/323 brn|[from] brn","|turn|22","|","|move|p1a: Manaphy|Scald|p2a: Aegislash","|-damage|p2a: Aegislash|0 fnt","|faint|p2a: Aegislash","|","|-weather|none","|","|switch|p2a: Chandelure|Chandelure, M|261/261","|-damage|p2a: Chandelure|196/261|[from] Stealth Rock","|turn|23","|","|move|p2a: Chandelure|Energy Ball|p1a: Manaphy","|-supereffective|p1a: Manaphy","|-damage|p1a: Manaphy|111/341","|move|p1a: Manaphy|Scald|p2a: Chandelure","|-supereffective|p2a: Chandelure","|-damage|p2a: Chandelure|0 fnt","|faint|p2a: Chandelure","|","|-heal|p1a: Manaphy|132/341|[from] item: Leftovers","|","|switch|p2a: Gengar|Gengar, M, shiny|261/261","|-damage|p2a: Gengar|229/261|[from] Stealth Rock","|turn|24","|","|move|p2a: Gengar|Shadow Ball|p1a: Manaphy","|-crit|p1a: Manaphy","|-damage|p1a: Manaphy|0 fnt","|faint|p1a: Manaphy","|","|","|switch|p1a: Politoed|Politoed, M|84/384 brn","|-weather|RainDance","|turn|25","|","|move|p2a: Gengar|Shadow Ball|p1a: Politoed","|-damage|p1a: Politoed|0 fnt","|faint|p1a: Politoed","|","|-weather|RainDance|[upkeep]","|","|switch|p1a: Rotom-Wash|Rotom-Wash|304/304","|turn|26","|","|move|p2a: Gengar|Shadow Ball|p1a: Rotom-Wash","|-crit|p1a: Rotom-Wash","|-damage|p1a: Rotom-Wash|0 fnt","|faint|p1a: Rotom-Wash","|","|-weather|RainDance|[upkeep]","|","|switch|p1a: Empoleon|Empoleon, M|326/372","|turn|27","|","|move|p2a: Gengar|Shadow Ball|p1a: Empoleon","|-crit|p1a: Empoleon","|-damage|p1a: Empoleon|100/372","|move|p1a: Empoleon|Scald|p2a: Gengar","|-damage|p2a: Gengar|0 fnt","|faint|p2a: Gengar","|","|-weather|RainDance|[upkeep]","|-heal|p1a: Empoleon|123/372|[from] item: Leftovers","|","|switch|p2a: Banette|Banette, M|331/331","|-damage|p2a: Banette|290/331|[from] Stealth Rock","|turn|28","|","|detailschange|p2a: Banette|Banette-Mega, M","|-mega|p2a: Banette|Banette|Banettite","|move|p2a: Banette|Knock Off|p1a: Empoleon","|-damage|p1a: Empoleon|0 fnt","|-enditem|p1a: Empoleon|Leftovers|[from] move: Knock Off|[of] p2a: Banette","|faint|p1a: Empoleon","|","|win|Emg kess"],"p1rating":{"entryid":"7390241","serverid":"eos","formatid":"monotype","userid":"sovereigndooms","username":"Sovereign♕Dooms","w":"8","l":5,"t":"0","gxe":57.6,"r":"1606.9124600106","rd":"98.975518015657","sigma":"0","rptime":"1438765200","rpr":1559.1999888863,"rprd":80.983223593442,"rpsigma":"0","acre":1124.5198541861,"lacre":1124.5198541861,"oldacre":"1153.413783318"},"p2rating":{"entryid":"7322121","serverid":"eos","formatid":"monotype","userid":"emgkess","username":"Emg kess","w":8,"l":"6","t":"0","gxe":53.7,"r":"1520.1452001691","rd":"83.030277481124","sigma":"0","rptime":"1438765200","rpr":1528.4581575803,"rprd":79.243396959863,"rpsigma":"0","acre":1127.9466854863,"lacre":1127.9466854863,"oldacre":"1098.8540988315"},"endType":"normal"}