{"seed":[17366,8829,53063,17540],"turns":23,"p1":"MrNyanNyanz","p2":"Silver-Legardo","p1team":[{"name":"Houndoom","species":"Houndoom","item":"houndoominite","ability":"Early Bird","moves":["solarbeam","darkpulse","hiddenpowerice","flamethrower"],"nature":"Timid","evs":{"hp":0,"atk":0,"def":0,"spa":252,"spd":4,"spe":252},"ivs":{"hp":31,"atk":30,"def":30,"spa":31,"spd":31,"spe":31}},{"name":"Victini","species":"Victini","item":"choicescarf","ability":"Victory Star","moves":["glaciate","energyball","boltstrike","vcreate"],"nature":"Hasty","evs":{"hp":0,"atk":252,"def":0,"spa":4,"spd":0,"spe":252},"ivs":{"hp":31,"atk":31,"def":31,"spa":31,"spd":31,"spe":31}},{"name":"Ninetales","species":"Ninetales","item":"heatrock","ability":"Drought","moves":["energyball","fireblast","toxic","psyshock"],"nature":"Timid","evs":{"hp":0,"atk":0,"def":0,"spa":252,"spd":4,"spe":252},"ivs":{"hp":31,"atk":31,"def":31,"spa":31,"spd":31,"spe":31}},{"name":"Rotom-Heat","species":"Rotom-Heat","item":"lightclay","ability":"Levitate","moves":["reflect","lightscreen","voltswitch","overheat"],"nature":"Modest","evs":{"hp":248,"atk":0,"def":0,"spa":252,"spd":8,"spe":0},"ivs":{"hp":31,"atk":31,"def":31,"spa":31,"spd":31,"spe":31}},{"name":"Moltres","species":"Moltres","item":"leftovers","ability":"Pressure","moves":["defog","airslash","solarbeam","flamethrower"],"nature":"Modest","evs":{"hp":252,"atk":0,"def":0,"spa":252,"spd":4,"spe":0},"ivs":{"hp":31,"atk":31,"def":31,"spa":31,"spd":31,"spe":31}},{"name":"Combusken","species":"Combusken","item":"choiceband","ability":"Speed Boost","moves":["skyuppercut","firepunch","thunderpunch","rockslide"],"nature":"Adamant","evs":{"hp":0,"atk":252,"def":0,"spa":0,"spd":4,"spe":252},"ivs":{"hp":31,"atk":31,"def":31,"spa":31,"spd":31,"spe":31}}],"p2team":[{"name":"Sea Mine","species":"qwilfish","item":"blacksludge","ability":"Intimidate","moves":["poisonjab","painsplit","spikes","haze"],"nature":"Impish","evs":{"hp":252,"atk":4,"def":252,"spa":0,"spd":0,"spe":0},"ivs":{"hp":31,"atk":31,"def":31,"spa":31,"spd":31,"spe":31}},{"name":"Swiggity Swooty","species":"politoed","item":"leftovers","ability":"Drizzle","moves":["perishsong","scald","icebeam","toxic"],"nature":"Bold","evs":{"hp":252,"atk":0,"def":252,"spa":4,"spd":0,"spe":0},"ivs":{"hp":31,"atk":31,"def":31,"spa":31,"spd":31,"spe":31}},{"name":"tired of ur shit","species":"carracosta","item":"whiteherb","ability":"Sturdy","moves":["shellsmash","aquajet","waterfall","stoneedge"],"nature":"Adamant","evs":{"hp":4,"atk":252,"def":0,"spa":0,"spd":0,"spe":252},"shiny":true,"ivs":{"hp":31,"atk":31,"def":31,"spa":31,"spd":31,"spe":31}},{"name":"Om Nom","species":"feraligatr","item":"lifeorb","ability":"Torrent","moves":["waterfall","swordsdance","aquajet","crunch"],"nature":"Adamant","evs":{"hp":4,"atk":252,"def":0,"spa":0,"spd":0,"spe":252},"shiny":true,"ivs":{"hp":31,"atk":31,"def":31,"spa":31,"spd":31,"spe":31}},{"name":"Ghastly 2.0","species":"cloyster","item":"focussash","ability":"Skill Link","moves":["iceshard","iciclespear","rockblast","shellsmash"],"nature":"Adamant","evs":{"hp":4,"atk":252,"def":0,"spa":0,"spd":0,"spe":252},"shiny":true,"ivs":{"hp":31,"atk":31,"def":31,"spa":31,"spd":31,"spe":31}},{"name":"Majestic","species":"keldeoresolute","item":"choicescarf","ability":"Justified","moves":["secretsword","surf","hydropump","hiddenpowerground"],"nature":"Modest","evs":{"hp":0,"atk":0,"def":0,"spa":252,"spd":4,"spe":252},"ivs":{"hp":31,"atk":31,"def":31,"spa":30,"spd":30,"spe":31},"shiny":true}],"log":["|player|p1|MrNyanNyanz|mrnyannyanz.png","|player|p2|Silver-Legardo|290","|gametype|singles","|gen|6","|tier|Monotype","|rated","|rule|Baton Pass Clause: Limit one Baton Passer, can't pass Spe and other stats simultaneously","|rule|Swagger Clause: Swagger is banned","|rule|Same Type Clause: Pokémon in a team must share a type","|clearpoke","|poke|p1|Houndoom, F","|poke|p1|Victini","|poke|p1|Ninetales, F","|poke|p1|Rotom-Heat","|poke|p1|Moltres","|poke|p1|Combusken, M","|poke|p2|Qwilfish, F","|poke|p2|Politoed, M","|poke|p2|Carracosta, F, shiny","|poke|p2|Feraligatr, F, shiny","|poke|p2|Cloyster, F, shiny","|poke|p2|Keldeo-Resolute, shiny","|rule|Sleep Clause Mod: Limit one foe put to sleep","|rule|Species Clause: Limit one of each Pokémon","|rule|OHKO Clause: OHKO moves are banned","|rule|Moody Clause: Moody is banned","|rule|Evasion Moves Clause: Evasion moves are banned","|rule|Endless Battle Clause: Forcing endless battles is banned","|rule|HP Percentage Mod: HP is shown in percentages","|teampreview","|","|start","|switch|p1a: Victini|Victini|341/341","|switch|p2a: Sea Mine|Qwilfish, F|334/334","|-ability|p2a: Sea Mine|Intimidate","|-unboost|p1a: Victini|atk|1","|turn|1","|","|switch|p1a: Rotom-Heat|Rotom-Heat|303/303","|move|p2a: Sea Mine|Poison Jab|p1a: Rotom-Heat","|-damage|p1a: Rotom-Heat|222/303","|","|turn|2","|","|move|p1a: Rotom-Heat|Light Screen|p1a: Rotom-Heat","|-sidestart|p1: MrNyanNyanz|move: Light Screen","|move|p2a: Sea Mine|Spikes|p1a: Rotom-Heat","|-sidestart|p1: MrNyanNyanz|Spikes","|","|turn|3","|","|move|p1a: Rotom-Heat|Reflect|p1a: Rotom-Heat","|-sidestart|p1: MrNyanNyanz|Reflect","|move|p2a: Sea Mine|Spikes|p1a: Rotom-Heat","|-sidestart|p1: MrNyanNyanz|Spikes","|","|turn|4","|","|move|p1a: Rotom-Heat|Volt Switch|p2a: Sea Mine","|-supereffective|p2a: Sea Mine","|-damage|p2a: Sea Mine|0 fnt","|faint|p2a: Sea Mine","|","|switch|p1a: Moltres|Moltres|384/384","|-ability|p1a: Moltres|Pressure","|","|","|switch|p2a: Swiggity Swooty|Politoed, M|384/384","|-weather|RainDance","|turn|5","|","|move|p1a: Moltres|Defog|p2a: Swiggity Swooty","|-unboost|p2a: Swiggity Swooty|evasion|1","|-sideend|p1: MrNyanNyanz|Spikes|[from] move: Defog|[of] p1a: Moltres","|move|p2a: Swiggity Swooty|Scald|p1a: Moltres","|-supereffective|p1a: Moltres","|-damage|p1a: Moltres|249/384","|","|-weather|RainDance|[upkeep]","|-heal|p1a: Moltres|273/384|[from] item: Leftovers","|turn|6","|","|switch|p1a: Ninetales|Ninetales, F|287/287","|-weather|SunnyDay","|move|p2a: Swiggity Swooty|Scald|p1a: Ninetales","|-supereffective|p1a: Ninetales","|-damage|p1a: Ninetales|242/287","|","|-weather|SunnyDay|[upkeep]","|turn|7","|","|move|p1a: Ninetales|Energy Ball|p2a: Swiggity Swooty","|-supereffective|p2a: Swiggity Swooty","|-damage|p2a: Swiggity Swooty|226/384","|move|p2a: Swiggity Swooty|Toxic|p1a: Ninetales","|-status|p1a: Ninetales|tox","|","|-weather|SunnyDay|[upkeep]","|-heal|p2a: Swiggity Swooty|250/384|[from] item: Leftovers","|-damage|p1a: Ninetales|225/287 tox|[from] psn","|turn|8","|","|move|p1a: Ninetales|Toxic|p2a: Swiggity Swooty","|-status|p2a: Swiggity Swooty|tox","|move|p2a: Swiggity Swooty|Perish Song|p2a: Swiggity Swooty","|-start|p1a: Ninetales|perish3|[silent]","|-start|p2a: Swiggity Swooty|perish3|[silent]","|-fieldactivate|move: Perish Song","|","|-start|p1a: Ninetales|perish3","|-start|p2a: Swiggity Swooty|perish3","|-weather|SunnyDay|[upkeep]","|-heal|p2a: Swiggity Swooty|274/384 tox|[from] item: Leftovers","|-damage|p1a: Ninetales|191/287 tox|[from] psn","|-damage|p2a: Swiggity Swooty|250/384 tox|[from] psn","|turn|9","|","|switch|p2a: Om Nom|Feraligatr, F, shiny|312/312","|move|p1a: Ninetales|Energy Ball|p2a: Om Nom","|-supereffective|p2a: Om Nom","|-damage|p2a: Om Nom|138/312","|","|-start|p1a: Ninetales|perish2","|-weather|SunnyDay|[upkeep]","|-damage|p1a: Ninetales|140/287 tox|[from] psn","|-sideend|p1: MrNyanNyanz|move: Light Screen","|turn|10","|","|move|p1a: Ninetales|Energy Ball|p2a: Om Nom","|-supereffective|p2a: Om Nom","|-damage|p2a: Om Nom|0 fnt","|faint|p2a: Om Nom","|","|-start|p1a: Ninetales|perish1","|-weather|SunnyDay|[upkeep]","|-damage|p1a: Ninetales|72/287 tox|[from] psn","|-sideend|p1: MrNyanNyanz|Reflect","|","|switch|p2a: Swiggity Swooty|Politoed, M|250/384 tox","|-weather|RainDance","|turn|11","|","|switch|p1a: Moltres|Moltres|273/384","|-ability|p1a: Moltres|Pressure","|move|p2a: Swiggity Swooty|Perish Song|p2a: Swiggity Swooty","|-start|p1a: Moltres|perish3|[silent]","|-start|p2a: Swiggity Swooty|perish3|[silent]","|-fieldactivate|move: Perish Song","|","|-start|p1a: Moltres|perish3","|-start|p2a: Swiggity Swooty|perish3","|-weather|RainDance|[upkeep]","|-heal|p1a: Moltres|297/384|[from] item: Leftovers","|-heal|p2a: Swiggity Swooty|274/384 tox|[from] item: Leftovers","|-damage|p2a: Swiggity Swooty|250/384 tox|[from] psn","|turn|12","|","|move|p1a: Moltres|Air Slash|p2a: Swiggity Swooty","|-crit|p2a: Swiggity Swooty","|-damage|p2a: Swiggity Swooty|22/384 tox","|move|p2a: Swiggity Swooty|Toxic|p1a: Moltres","|-status|p1a: Moltres|tox","|","|-start|p1a: Moltres|perish2","|-start|p2a: Swiggity Swooty|perish2","|-weather|RainDance|[upkeep]","|-heal|p1a: Moltres|321/384 tox|[from] item: Leftovers","|-heal|p2a: Swiggity Swooty|46/384 tox|[from] item: Leftovers","|-damage|p1a: Moltres|297/384 tox|[from] psn","|-damage|p2a: Swiggity Swooty|0 fnt|[from] psn","|faint|p2a: Swiggity Swooty","|","|switch|p2a: tired of ur shit|Carracosta, F, shiny|290/290","|turn|13","|","|move|p1a: Moltres|Air Slash|p2a: tired of ur shit","|-resisted|p2a: tired of ur shit","|-damage|p2a: tired of ur shit|189/290","|move|p2a: tired of ur shit|Shell Smash|p2a: tired of ur shit","|-unboost|p2a: tired of ur shit|def|1","|-unboost|p2a: tired of ur shit|spd|1","|-boost|p2a: tired of ur shit|atk|2","|-boost|p2a: tired of ur shit|spa|2","|-boost|p2a: tired of ur shit|spe|2","|-enditem|p2a: tired of ur shit|White Herb","|-restoreboost|p2a: tired of ur shit|[silent]","|","|-start|p1a: Moltres|perish1","|-weather|RainDance|[upkeep]","|-heal|p1a: Moltres|321/384 tox|[from] item: Leftovers","|-damage|p1a: Moltres|273/384 tox|[from] psn","|turn|14","|","|switch|p1a: Ninetales|Ninetales, F|72/287 tox","|-weather|SunnyDay","|move|p2a: tired of ur shit|Stone Edge|p1a: Ninetales|[miss]","|-miss|p2a: tired of ur shit|p1a: Ninetales","|","|-weather|SunnyDay|[upkeep]","|-damage|p1a: Ninetales|55/287 tox|[from] psn","|turn|15","|","|move|p2a: tired of ur shit|Aqua Jet|p1a: Ninetales","|-supereffective|p1a: Ninetales","|-damage|p1a: Ninetales|0 fnt","|faint|p1a: Ninetales","|","|-weather|SunnyDay|[upkeep]","|","|switch|p1a: Victini|Victini|341/341","|turn|16","|","|move|p1a: Victini|Energy Ball|p2a: tired of ur shit","|-supereffective|p2a: tired of ur shit","|-damage|p2a: tired of ur shit|0 fnt","|faint|p2a: tired of ur shit","|","|-weather|SunnyDay|[upkeep]","|","|switch|p2a: Majestic|Keldeo-Resolute, shiny|323/323","|turn|17","|","|switch|p1a: Moltres|Moltres|273/384 tox","|-ability|p1a: Moltres|Pressure","|move|p2a: Majestic|Hydro Pump|p1a: Moltres","|-supereffective|p1a: Moltres","|-damage|p1a: Moltres|49/384 tox","|","|-weather|SunnyDay|[upkeep]","|-heal|p1a: Moltres|73/384 tox|[from] item: Leftovers","|-damage|p1a: Moltres|49/384 tox|[from] psn","|turn|18","|","|move|p2a: Majestic|Hydro Pump|p1a: Moltres","|-supereffective|p1a: Moltres","|-damage|p1a: Moltres|0 fnt","|faint|p1a: Moltres","|","|-weather|SunnyDay|[upkeep]","|","|switch|p1a: Victini|Victini|341/341","|turn|19","|","|move|p1a: Victini|Bolt Strike|p2a: Majestic","|-supereffective|p2a: Majestic","|-damage|p2a: Majestic|27/323","|move|p2a: Majestic|Hydro Pump|p1a: Victini|[miss]","|-miss|p2a: Majestic|p1a: Victini","|","|-weather|SunnyDay|[upkeep]","|turn|20","|","|move|p1a: Victini|Bolt Strike|p2a: Majestic","|-supereffective|p2a: Majestic","|-damage|p2a: Majestic|0 fnt","|faint|p2a: Majestic","|","|-weather|SunnyDay|[upkeep]","|","|switch|p2a: Ghastly 2.0|Cloyster, F, shiny|242/242","|turn|21","|","|move|p1a: Victini|Bolt Strike|p2a: Ghastly 2.0","|-supereffective|p2a: Ghastly 2.0","|-damage|p2a: Ghastly 2.0|98/242","|-status|p2a: Ghastly 2.0|par","|move|p2a: Ghastly 2.0|Rock Blast|p1a: Victini","|-crit|p1a: Victini","|-supereffective|p1a: Victini","|-damage|p1a: Victini|249/341","|-supereffective|p1a: Victini","|-damage|p1a: Victini|193/341","|-supereffective|p1a: Victini","|-damage|p1a: Victini|129/341","|-supereffective|p1a: Victini","|-damage|p1a: Victini|71/341","|-supereffective|p1a: Victini","|-damage|p1a: Victini|13/341","|-hitcount|p1a: Victini|5","|","|-weather|none","|turn|22","|","|move|p1a: Victini|Bolt Strike|p2a: Ghastly 2.0|[miss]","|-miss|p1a: Victini|p2a: Ghastly 2.0","|move|p2a: Ghastly 2.0|Rock Blast|p1a: Victini","|-supereffective|p1a: Victini","|-damage|p1a: Victini|0 fnt","|-hitcount|p1a: Victini|1","|faint|p1a: Victini","|","|","|switch|p1a: Rotom-Heat|Rotom-Heat|222/303","|turn|23","|","|move|p1a: Rotom-Heat|Volt Switch|p2a: Ghastly 2.0","|-supereffective|p2a: Ghastly 2.0","|-damage|p2a: Ghastly 2.0|0 fnt","|faint|p2a: Ghastly 2.0","|","|win|MrNyanNyanz"],"p1rating":{"entryid":"6703862","serverid":"eos","formatid":"monotype","userid":"mrnyannyanz","username":"MrNyanNyanz","w":56,"l":"45","t":"0","gxe":54.3,"r":"1523.6934120986","rd":"36.603604249754","sigma":"0","rptime":"1438765200","rpr":1532.8667958558,"rprd":36.097685208967,"rpsigma":"0","acre":1179.7541010498,"lacre":1179.7541010498,"oldacre":"1163.0435962833"},"p2rating":{"entryid":"6669566","serverid":"eos","formatid":"monotype","userid":"silverlegardo","username":"Silver-Legardo","w":"20","l":46,"t":"0","gxe":32.8,"r":1368.0957510243,"rd":54.245050968345,"sigma":"0","rptime":1438765200,"rpr":1363.2920872946,"rprd":53.714387481935,"rpsigma":"0","acre":1032.2892903545,"lacre":1032.2892903545,"oldacre":"1043.316539722"},"endType":"normal"}