{"seed":[35094,16191,38424,39098],"turns":25,"p1":"Emg GL Test Tech","p2":"Twizz","p1team":[{"name":"Genesect","species":"Genesect","item":"lifeorb","ability":"Download","moves":["ironhead","uturn","icebeam","thunderbolt"],"nature":"Hasty","evs":{"hp":0,"atk":156,"def":0,"spa":100,"spd":0,"spe":252},"ivs":{"hp":31,"atk":31,"def":31,"spa":31,"spd":31,"spe":31}},{"name":"Beedrill","species":"Beedrill","item":"beedrillite","ability":"Swarm","moves":["uturn","protect","poisonjab","drillrun"],"nature":"Jolly","evs":{"hp":0,"atk":252,"def":0,"spa":0,"spd":4,"spe":252},"ivs":{"hp":31,"atk":31,"def":31,"spa":31,"spd":31,"spe":31}},{"name":"Heracross","species":"Heracross","item":"choicescarf","ability":"Moxie","moves":["closecombat","earthquake","stoneedge","megahorn"],"nature":"Jolly","evs":{"hp":0,"atk":252,"def":0,"spa":0,"spd":4,"spe":252},"ivs":{"hp":31,"atk":31,"def":31,"spa":31,"spd":31,"spe":31}},{"name":"Shuckle","species":"Shuckle","item":"mentalherb","ability":"Sturdy","moves":["encore","stealthrock","stickyweb","toxic"],"nature":"Impish","evs":{"hp":252,"atk":0,"def":128,"spa":0,"spd":128,"spe":0},"ivs":{"hp":31,"atk":31,"def":31,"spa":31,"spd":31,"spe":31}},{"name":"Volcarona","species":"Volcarona","item":"leftovers","ability":"Flame Body","moves":["quiverdance","fierydance","hiddenpowerground","roost"],"nature":"Bold","evs":{"hp":248,"atk":0,"def":136,"spa":0,"spd":0,"spe":124},"ivs":{"hp":31,"atk":31,"def":31,"spa":30,"spd":30,"spe":31}},{"name":"Vivillon","species":"Vivillon","item":"focussash","ability":"Compound Eyes","moves":["powder","hurricane","sleeppowder","quiverdance"],"nature":"Modest","evs":{"hp":0,"atk":0,"def":0,"spa":252,"spd":4,"spe":252},"ivs":{"hp":31,"atk":31,"def":31,"spa":31,"spd":31,"spe":31}}],"p2team":[{"name":"Magnezone","species":"Magnezone","item":"leftovers","ability":"Sturdy","moves":["flashcannon","thunderbolt","protect","hiddenpowerice"],"nature":"Modest","evs":{"hp":76,"atk":0,"def":180,"spa":252,"spd":0,"spe":0},"ivs":{"hp":31,"atk":30,"def":30,"spa":31,"spd":31,"spe":31}},{"name":"Zapdos","species":"Zapdos","item":"leftovers","ability":"Pressure","moves":["discharge","heatwave","toxic","roost"],"nature":"Bold","evs":{"hp":4,"atk":0,"def":252,"spa":0,"spd":252,"spe":0},"ivs":{"hp":31,"atk":31,"def":31,"spa":31,"spd":31,"spe":31}},{"name":"Ampharos","species":"Ampharos","item":"ampharosite","ability":"Static","moves":["cottonguard","rest","sleeptalk","dragonpulse"],"nature":"Bold","evs":{"hp":0,"atk":0,"def":252,"spa":136,"spd":120,"spe":0},"ivs":{"hp":31,"atk":31,"def":31,"spa":31,"spd":31,"spe":31}},{"name":"Raikou","species":"Raikou","item":"leftovers","ability":"Pressure","moves":["calmmind","substitute","thunderbolt","extrasensory"],"nature":"Timid","evs":{"hp":0,"atk":0,"def":0,"spa":252,"spd":4,"spe":252},"ivs":{"hp":31,"atk":31,"def":31,"spa":31,"spd":31,"spe":31}},{"name":"Rotom-Wash","species":"Rotom-Wash","item":"choicescarf","ability":"Levitate","moves":["voltswitch","hydropump","willowisp","trick"],"nature":"Timid","evs":{"hp":0,"atk":0,"def":0,"spa":252,"spd":4,"spe":252},"ivs":{"hp":31,"atk":31,"def":31,"spa":31,"spd":31,"spe":31}},{"name":"Condom","species":"eelektross","item":"assaultvest","ability":"Levitate","moves":["gigadrain","thunderbolt","drainpunch","knockoff"],"nature":"Quiet","evs":{"hp":3,"atk":136,"def":0,"spa":108,"spd":252,"spe":0},"ivs":{"hp":31,"atk":31,"def":31,"spa":31,"spd":31,"spe":31}}],"log":["|player|p1|Emg GL Test Tech|149","|player|p2|Twizz|122","|gametype|singles","|gen|6","|tier|Monotype","|rated","|rule|Baton Pass Clause: Limit one Baton Passer, can't pass Spe and other stats simultaneously","|rule|Swagger Clause: Swagger is banned","|rule|Same Type Clause: Pokémon in a team must share a type","|clearpoke","|poke|p1|Genesect-*","|poke|p1|Beedrill, F","|poke|p1|Heracross, M","|poke|p1|Shuckle, M","|poke|p1|Volcarona, F","|poke|p1|Vivillon, M","|poke|p2|Magnezone","|poke|p2|Zapdos","|poke|p2|Ampharos, F","|poke|p2|Raikou","|poke|p2|Rotom-Wash","|poke|p2|Eelektross, M","|rule|Sleep Clause Mod: Limit one foe put to sleep","|rule|Species Clause: Limit one of each Pokémon","|rule|OHKO Clause: OHKO moves are banned","|rule|Moody Clause: Moody is banned","|rule|Evasion Moves Clause: Evasion moves are banned","|rule|Endless Battle Clause: Forcing endless battles is banned","|rule|HP Percentage Mod: HP is shown in percentages","|teampreview","|","|start","|switch|p1a: Shuckle|Shuckle, M|244/244","|switch|p2a: Rotom-Wash|Rotom-Wash|241/241","|turn|1","|","|switch|p1a: Beedrill|Beedrill, F|271/271","|move|p2a: Rotom-Wash|Volt Switch|p1a: Beedrill","|-damage|p1a: Beedrill|145/271","|","|switch|p2a: Magnezone|Magnezone|300/300","|","|turn|2","|","|detailschange|p1a: Beedrill|Beedrill-Mega, F","|-mega|p1a: Beedrill|Beedrill|Beedrillite","|move|p1a: Beedrill|Protect|p1a: Beedrill","|-singleturn|p1a: Beedrill|Protect","|move|p2a: Magnezone|Protect|p2a: Magnezone","|-fail|p2a: Magnezone","|","|turn|3","|","|move|p2a: Magnezone|Protect|p2a: Magnezone","|-singleturn|p2a: Magnezone|Protect","|move|p1a: Beedrill|U-turn|p2a: Magnezone","|-activate|p2a: Magnezone|Protect","|","|turn|4","|","|move|p1a: Beedrill|U-turn|p2a: Magnezone","|-resisted|p2a: Magnezone","|-damage|p2a: Magnezone|230/300","|","|switch|p1a: Shuckle|Shuckle, M|244/244","|move|p2a: Magnezone|Thunderbolt|p1a: Shuckle","|-damage|p1a: Shuckle|171/244","|-status|p1a: Shuckle|par","|","|-heal|p2a: Magnezone|248/300|[from] item: Leftovers","|turn|5","|","|move|p2a: Magnezone|Flash Cannon|p1a: Shuckle","|-supereffective|p1a: Shuckle","|-damage|p1a: Shuckle|21/244 par","|cant|p1a: Shuckle|par","|","|-heal|p2a: Magnezone|266/300|[from] item: Leftovers","|turn|6","|","|move|p2a: Magnezone|Flash Cannon|p1a: Shuckle","|-supereffective|p1a: Shuckle","|-damage|p1a: Shuckle|0 fnt","|faint|p1a: Shuckle","|","|-heal|p2a: Magnezone|284/300|[from] item: Leftovers","|","|switch|p1a: Vivillon|Vivillon, M|301/301","|turn|7","|","|move|p1a: Vivillon|Sleep Powder|p2a: Magnezone","|-status|p2a: Magnezone|slp","|cant|p2a: Magnezone|slp","|","|-heal|p2a: Magnezone|300/300 slp|[from] item: Leftovers","|turn|8","|","|switch|p2a: Rotom-Wash|Rotom-Wash|241/241","|move|p1a: Vivillon|Quiver Dance|p1a: Vivillon","|-boost|p1a: Vivillon|spa|1","|-boost|p1a: Vivillon|spd|1","|-boost|p1a: Vivillon|spe|1","|","|turn|9","|","|move|p2a: Rotom-Wash|Trick|p1a: Vivillon","|-activate|p2a: Rotom-Wash|move: Trick|[of] p1a: Vivillon","|-item|p1a: Vivillon|Choice Scarf|[from] move: Trick","|-item|p2a: Rotom-Wash|Focus Sash|[from] move: Trick","|move|p1a: Vivillon|Hurricane|p2a: Rotom-Wash","|-resisted|p2a: Rotom-Wash","|-damage|p2a: Rotom-Wash|132/241","|-start|p2a: Rotom-Wash|confusion","|","|turn|10","|","|switch|p2a: Condom|Eelektross, M|311/311","|move|p1a: Vivillon|Hurricane|p2a: Condom","|-resisted|p2a: Condom","|-damage|p2a: Condom|232/311","|","|turn|11","|","|move|p1a: Vivillon|Hurricane|p2a: Condom","|-resisted|p2a: Condom","|-damage|p2a: Condom|151/311","|-start|p2a: Condom|confusion","|-activate|p2a: Condom|confusion","|-damage|p2a: Condom|106/311|[from] confusion","|","|turn|12","|","|move|p1a: Vivillon|Hurricane|p2a: Condom","|-resisted|p2a: Condom","|-damage|p2a: Condom|32/311","|-activate|p2a: Condom|confusion","|-damage|p2a: Condom|0 fnt|[from] confusion","|faint|p2a: Condom","|","|","|switch|p2a: Rotom-Wash|Rotom-Wash|132/241","|turn|13","|","|move|p1a: Vivillon|Hurricane|p2a: Rotom-Wash","|-resisted|p2a: Rotom-Wash","|-damage|p2a: Rotom-Wash|22/241","|move|p2a: Rotom-Wash|Volt Switch|p1a: Vivillon","|-supereffective|p1a: Vivillon","|-damage|p1a: Vivillon|41/301","|","|switch|p2a: Magnezone|Magnezone|300/300 slp","|","|turn|14","|","|cant|p2a: Magnezone|slp","|move|p1a: Vivillon|Hurricane|p2a: Magnezone","|-resisted|p2a: Magnezone","|-damage|p2a: Magnezone|235/300 slp","|","|-heal|p2a: Magnezone|253/300 slp|[from] item: Leftovers","|turn|15","|","|cant|p2a: Magnezone|slp","|move|p1a: Vivillon|Hurricane|p2a: Magnezone","|-resisted|p2a: Magnezone","|-damage|p2a: Magnezone|190/300 slp","|","|-heal|p2a: Magnezone|208/300 slp|[from] item: Leftovers","|turn|16","|","|-curestatus|p2a: Magnezone|slp","|move|p2a: Magnezone|Protect|p2a: Magnezone","|-singleturn|p2a: Magnezone|Protect","|move|p1a: Vivillon|Hurricane|p2a: Magnezone","|-activate|p2a: Magnezone|Protect","|","|-heal|p2a: Magnezone|226/300|[from] item: Leftovers","|turn|17","|","|move|p1a: Vivillon|Hurricane|p2a: Magnezone","|-resisted|p2a: Magnezone","|-damage|p2a: Magnezone|163/300","|-start|p2a: Magnezone|confusion","|-activate|p2a: Magnezone|confusion","|move|p2a: Magnezone|Thunderbolt|p1a: Vivillon","|-supereffective|p1a: Vivillon","|-damage|p1a: Vivillon|0 fnt","|faint|p1a: Vivillon","|","|-heal|p2a: Magnezone|181/300|[from] item: Leftovers","|","|switch|p1a: Volcarona|Volcarona, F|373/373","|turn|18","|","|switch|p2a: Zapdos|Zapdos|322/322","|-ability|p2a: Zapdos|Pressure","|move|p1a: Volcarona|Quiver Dance|p1a: Volcarona","|-boost|p1a: Volcarona|spa|1","|-boost|p1a: Volcarona|spd|1","|-boost|p1a: Volcarona|spe|1","|","|turn|19","|","|move|p1a: Volcarona|Fiery Dance|p2a: Zapdos","|-damage|p2a: Zapdos|154/322","|-boost|p1a: Volcarona|spa|1","|move|p2a: Zapdos|Discharge|p1a: Volcarona","|-damage|p1a: Volcarona|303/373","|","|-heal|p1a: Volcarona|326/373|[from] item: Leftovers","|-heal|p2a: Zapdos|174/322|[from] item: Leftovers","|turn|20","|","|move|p1a: Volcarona|Fiery Dance|p2a: Zapdos","|-damage|p2a: Zapdos|0 fnt","|-boost|p1a: Volcarona|spa|1","|faint|p2a: Zapdos","|","|-heal|p1a: Volcarona|349/373|[from] item: Leftovers","|","|switch|p2a: Rotom-Wash|Rotom-Wash|22/241","|turn|21","|","|move|p1a: Volcarona|Fiery Dance|p2a: Rotom-Wash","|-resisted|p2a: Rotom-Wash","|-damage|p2a: Rotom-Wash|0 fnt","|-boost|p1a: Volcarona|spa|1","|faint|p2a: Rotom-Wash","|","|-heal|p1a: Volcarona|372/373|[from] item: Leftovers","|","|switch|p2a: Raikou|Raikou|321/321","|-ability|p2a: Raikou|Pressure","|turn|22","|","|move|p1a: Volcarona|Fiery Dance|p2a: Raikou","|-damage|p2a: Raikou|0 fnt","|-boost|p1a: Volcarona|spa|1","|faint|p2a: Raikou","|","|-heal|p1a: Volcarona|373/373|[from] item: Leftovers","|","|switch|p2a: Ampharos|Ampharos, F|321/321","|turn|23","|","|detailschange|p2a: Ampharos|Ampharos-Mega, F","|-mega|p2a: Ampharos|Ampharos|Ampharosite","|-ability|p2a: Ampharos|Mold Breaker","|move|p1a: Volcarona|Hidden Power|p2a: Ampharos","|-supereffective|p2a: Ampharos","|-damage|p2a: Ampharos|0 fnt","|faint|p2a: Ampharos","|","|","|switch|p2a: Magnezone|Magnezone|181/300","|turn|24","|","|move|p2a: Magnezone|Protect|p2a: Magnezone","|-singleturn|p2a: Magnezone|Protect","|move|p1a: Volcarona|Quiver Dance|p1a: Volcarona","|-boost|p1a: Volcarona|spa|1","|-boost|p1a: Volcarona|spd|1","|-boost|p1a: Volcarona|spe|1","|","|-heal|p2a: Magnezone|199/300|[from] item: Leftovers","|turn|25","|","|move|p1a: Volcarona|Fiery Dance|p2a: Magnezone","|-supereffective|p2a: Magnezone","|-damage|p2a: Magnezone|0 fnt","|faint|p2a: Magnezone","|","|win|Emg GL Test Tech"],"p1rating":{"entryid":"7162853","serverid":"eos","formatid":"monotype","userid":"emggltesttech","username":"Emg GL Test Tech","w":8,"l":"3","t":"0","gxe":63.6,"r":"1612.3296444451","rd":"99.805079559002","sigma":"0","rptime":"1438765200","rpr":1607.9832349556,"rprd":85.997393547839,"rpsigma":"0","acre":1166.0270532653,"lacre":1166.0270532653,"oldacre":"1149.1997930926"},"p2rating":{"entryid":"6985408","serverid":"eos","formatid":"monotype","userid":"twizz","username":"Twizz","w":"16","l":26,"t":"0","gxe":38.2,"r":"1420.4518030897","rd":"57.002161116529","sigma":"0","rptime":"1438765200","rpr":1408.2588665575,"rprd":55.528805132326,"rpsigma":"0","acre":1021.4023014865,"lacre":1021.4023014865,"oldacre":"1031.2926198942"},"endType":"normal"}