{"seed":[32038,12146,47895,20977],"turns":26,"p1":"Guard Choppah","p2":"IV greNINJA16","p1team":[{"name":"Altaria","species":"Altaria","item":"altarianite","ability":"Natural Cure","moves":["dragondance","earthquake","return","roost"],"nature":"Adamant","evs":{"hp":0,"atk":252,"def":0,"spa":0,"spd":4,"spe":252},"ivs":{"hp":31,"atk":31,"def":31,"spa":31,"spd":31,"spe":31}},{"name":"Dragonite","species":"Dragonite","item":"choiceband","ability":"Multiscale","moves":["extremespeed","earthquake","outrage","firepunch"],"nature":"Adamant","evs":{"hp":0,"atk":252,"def":0,"spa":0,"spd":4,"spe":252},"ivs":{"hp":31,"atk":31,"def":31,"spa":31,"spd":31,"spe":31}},{"name":"Garchomp","species":"Garchomp","item":"rockyhelmet","ability":"Rough Skin","moves":["earthquake","outrage","fireblast","stealthrock"],"nature":"Lax","evs":{"hp":252,"atk":4,"def":252,"spa":0,"spd":0,"spe":0},"ivs":{"hp":31,"atk":31,"def":31,"spa":31,"spd":31,"spe":31}},{"name":"Kyurem-Black","species":"Kyurem-Black","item":"leftovers","ability":"Teravolt","moves":["outrage","fusionbolt","substitute","ironhead"],"nature":"Adamant","evs":{"hp":252,"atk":252,"def":0,"spa":0,"spd":4,"spe":0},"ivs":{"hp":31,"atk":31,"def":31,"spa":31,"spd":31,"spe":31}},{"name":"Latios","species":"Latios","item":"lifeorb","ability":"Levitate","moves":["dracometeor","energyball","psyshock","recover"],"nature":"Timid","evs":{"hp":0,"atk":0,"def":0,"spa":252,"spd":4,"spe":252},"ivs":{"hp":31,"atk":31,"def":31,"spa":31,"spd":31,"spe":31}},{"name":"Dragalge","species":"Dragalge","item":"blacksludge","ability":"Adaptability","moves":["sludgewave","toxicspikes","dragonpulse","shadowball"],"nature":"Modest","evs":{"hp":252,"atk":0,"def":0,"spa":252,"spd":4,"spe":0},"ivs":{"hp":31,"atk":31,"def":31,"spa":31,"spd":31,"spe":31}}],"p2team":[{"name":"Altaria","species":"Altaria","item":"altarianite","ability":"Cloud Nine","moves":["healbell","hypervoice","roost","fireblast"],"nature":"Modest","evs":{"hp":100,"atk":0,"def":0,"spa":252,"spd":0,"spe":156},"ivs":{"hp":31,"atk":31,"def":31,"spa":31,"spd":31,"spe":31}},{"name":"Togekiss","species":"Togekiss","item":"leftovers","ability":"Serene Grace","moves":["thunderwave","nastyplot","airslash","dazzlinggleam"],"nature":"Modest","evs":{"hp":252,"atk":0,"def":0,"spa":252,"spd":4,"spe":0},"ivs":{"hp":31,"atk":31,"def":31,"spa":31,"spd":31,"spe":31}},{"name":"Gliscor","species":"Gliscor","item":"toxicorb","ability":"Poison Heal","moves":["fling","earthquake","acrobatics","protect"],"nature":"Adamant","evs":{"hp":108,"atk":252,"def":0,"spa":0,"spd":0,"spe":148},"ivs":{"hp":31,"atk":31,"def":31,"spa":31,"spd":31,"spe":31}},{"name":"Landorus","species":"Landorus","item":"lifeorb","ability":"Sheer Force","moves":["sludgewave","earthpower","calmmind","focusblast"],"nature":"Timid","evs":{"hp":0,"atk":0,"def":0,"spa":252,"spd":4,"spe":252},"ivs":{"hp":31,"atk":31,"def":31,"spa":31,"spd":31,"spe":31}},{"name":"Noivern","species":"Noivern","item":"choicespecs","ability":"Infiltrator","moves":["boomburst","flamethrower","hurricane","dracometeor"],"nature":"Timid","evs":{"hp":0,"atk":0,"def":0,"spa":252,"spd":4,"spe":252},"ivs":{"hp":31,"atk":31,"def":31,"spa":31,"spd":31,"spe":31}},{"name":"Delibird","species":"Delibird","item":"choicescarf","ability":"Hustle","moves":["rapidspin","icepunch","brickbreak","aerialace"],"nature":"Adamant","evs":{"hp":0,"atk":252,"def":0,"spa":0,"spd":4,"spe":252},"ivs":{"hp":31,"atk":31,"def":31,"spa":31,"spd":31,"spe":31}}],"log":["|player|p1|Guard Choppah|146","|player|p2|IV greNINJA16|trainegreninja16.png","|gametype|singles","|gen|6","|tier|Monotype","|rated","|rule|Baton Pass Clause: Limit one Baton Passer, can't pass Spe and other stats simultaneously","|rule|Swagger Clause: Swagger is banned","|rule|Same Type Clause: Pokémon in a team must share a type","|clearpoke","|poke|p1|Altaria, M","|poke|p1|Dragonite, M","|poke|p1|Garchomp, F","|poke|p1|Kyurem-Black","|poke|p1|Latios, M","|poke|p1|Dragalge, M","|poke|p2|Altaria, M","|poke|p2|Togekiss, F","|poke|p2|Gliscor, F","|poke|p2|Landorus, M","|poke|p2|Noivern, M","|poke|p2|Delibird, M","|rule|Sleep Clause Mod: Limit one foe put to sleep","|rule|Species Clause: Limit one of each Pokémon","|rule|OHKO Clause: OHKO moves are banned","|rule|Moody Clause: Moody is banned","|rule|Evasion Moves Clause: Evasion moves are banned","|rule|Endless Battle Clause: Forcing endless battles is banned","|rule|HP Percentage Mod: HP is shown in percentages","|teampreview","|","|start","|switch|p1a: Dragalge|Dragalge, M|334/334","|switch|p2a: Delibird|Delibird, M|231/231","|turn|1","|","|move|p2a: Delibird|Ice Punch|p1a: Dragalge","|-supereffective|p1a: Dragalge","|-damage|p1a: Dragalge|76/334","|move|p1a: Dragalge|Sludge Wave|p2a: Delibird","|-damage|p2a: Delibird|0 fnt","|faint|p2a: Delibird","|","|-heal|p1a: Dragalge|96/334|[from] item: Black Sludge","|","|switch|p2a: Gliscor|Gliscor, F|318/318","|turn|2","|","|move|p2a: Gliscor|Protect|p2a: Gliscor","|-singleturn|p2a: Gliscor|Protect","|move|p1a: Dragalge|Dragon Pulse|p2a: Gliscor","|-activate|p2a: Gliscor|Protect","|","|-heal|p1a: Dragalge|116/334|[from] item: Black Sludge","|-status|p2a: Gliscor|tox|[from] item: Toxic Orb","|turn|3","|","|switch|p1a: Altaria|Altaria, M|291/291","|move|p2a: Gliscor|Acrobatics|p1a: Altaria","|-damage|p1a: Altaria|201/291","|","|turn|4","|","|move|p2a: Gliscor|Fling|p1a: Altaria","|-enditem|p2a: Gliscor|Toxic Orb|[from] move: Fling","|-damage|p1a: Altaria|165/291","|-status|p1a: Altaria|tox","|move|p1a: Altaria|Dragon Dance|p1a: Altaria","|-boost|p1a: Altaria|atk|1","|-boost|p1a: Altaria|spe|1","|","|-damage|p1a: Altaria|147/291 tox|[from] psn","|turn|5","|","|move|p1a: Altaria|Roost|p1a: Altaria","|-heal|p1a: Altaria|291/291 tox","|move|p2a: Gliscor|Acrobatics|p1a: Altaria","|-damage|p1a: Altaria|111/291 tox","|","|-damage|p1a: Altaria|75/291 tox|[from] psn","|turn|6","|","|switch|p1a: Garchomp|Garchomp, F|420/420","|move|p2a: Gliscor|Protect|p2a: Gliscor","|-fail|p2a: Gliscor","|","|turn|7","|","|move|p2a: Gliscor|Earthquake|p1a: Garchomp","|-damage|p1a: Garchomp|297/420","|move|p1a: Garchomp|Stealth Rock|p2a: Gliscor","|-sidestart|p2: IV greNINJA16|move: Stealth Rock","|","|turn|8","|","|switch|p1a: Altaria|Altaria, M|75/291","|move|p2a: Gliscor|Acrobatics|p1a: Altaria","|-damage|p1a: Altaria|0 fnt","|faint|p1a: Altaria","|","|","|switch|p1a: Kyurem-Black|Kyurem-Black|454/454","|-ability|p1a: Kyurem-Black|Teravolt","|turn|9","|","|move|p2a: Gliscor|Protect|p2a: Gliscor","|-singleturn|p2a: Gliscor|Protect","|move|p1a: Kyurem-Black|Substitute|p1a: Kyurem-Black","|-start|p1a: Kyurem-Black|Substitute","|-damage|p1a: Kyurem-Black|341/454","|","|-heal|p1a: Kyurem-Black|369/454|[from] item: Leftovers","|turn|10","|","|move|p2a: Gliscor|Acrobatics|p1a: Kyurem-Black","|-crit|p1a: Kyurem-Black","|-end|p1a: Kyurem-Black|Substitute","|move|p1a: Kyurem-Black|Outrage|p2a: Gliscor","|-damage|p2a: Gliscor|98/318 tox","|","|-heal|p1a: Kyurem-Black|397/454|[from] item: Leftovers","|-heal|p2a: Gliscor|137/318 tox|[from] ability: Poison Heal","|turn|11","|","|move|p2a: Gliscor|Acrobatics|p1a: Kyurem-Black","|-damage|p1a: Kyurem-Black|217/454","|move|p1a: Kyurem-Black|Outrage|p2a: Gliscor|[from]lockedmove","|-crit|p2a: Gliscor","|-damage|p2a: Gliscor|0 fnt","|faint|p2a: Gliscor","|","|-heal|p1a: Kyurem-Black|245/454|[from] item: Leftovers","|","|switch|p2a: Noivern|Noivern, M|311/311","|-damage|p2a: Noivern|234/311|[from] Stealth Rock","|turn|12","|","|move|p2a: Noivern|Draco Meteor|p1a: Kyurem-Black","|-crit|p1a: Kyurem-Black","|-supereffective|p1a: Kyurem-Black","|-damage|p1a: Kyurem-Black|0 fnt","|-unboost|p2a: Noivern|spa|2","|faint|p1a: Kyurem-Black","|","|","|switch|p1a: Dragalge|Dragalge, M|116/334","|turn|13","|","|move|p2a: Noivern|Draco Meteor|p1a: Dragalge","|-supereffective|p1a: Dragalge","|-damage|p1a: Dragalge|0 fnt","|-unboost|p2a: Noivern|spa|2","|faint|p1a: Dragalge","|","|","|switch|p1a: Latios|Latios, M|301/301","|turn|14","|","|move|p2a: Noivern|Draco Meteor|p1a: Latios","|-supereffective|p1a: Latios","|-damage|p1a: Latios|133/301","|-unboost|p2a: Noivern|spa|2","|move|p1a: Latios|Psyshock|p2a: Noivern","|-damage|p2a: Noivern|20/311","|-damage|p1a: Latios|103/301|[from] item: Life Orb","|","|turn|15","|","|switch|p1a: Garchomp|Garchomp, F|297/420","|move|p2a: Noivern|Draco Meteor|p1a: Garchomp","|-supereffective|p1a: Garchomp","|-damage|p1a: Garchomp|99/420","|","|turn|16","|","|move|p2a: Noivern|Draco Meteor|p1a: Garchomp","|-supereffective|p1a: Garchomp","|-damage|p1a: Garchomp|0 fnt","|faint|p1a: Garchomp","|","|","|switch|p1a: Dragonite|Dragonite, M|323/323","|turn|17","|","|move|p1a: Dragonite|Extreme Speed|p2a: Noivern","|-damage|p2a: Noivern|0 fnt","|faint|p2a: Noivern","|","|","|switch|p2a: Landorus|Landorus, M|319/319","|-damage|p2a: Landorus|280/319|[from] Stealth Rock","|turn|18","|","|move|p1a: Dragonite|Extreme Speed|p2a: Landorus","|-damage|p2a: Landorus|99/319","|move|p2a: Landorus|Calm Mind|p2a: Landorus","|-boost|p2a: Landorus|spa|1","|-boost|p2a: Landorus|spd|1","|","|turn|19","|","|move|p1a: Dragonite|Extreme Speed|p2a: Landorus","|-damage|p2a: Landorus|0 fnt","|faint|p2a: Landorus","|","|","|switch|p2a: Togekiss|Togekiss, F|374/374","|-damage|p2a: Togekiss|281/374|[from] Stealth Rock","|turn|20","|","|move|p1a: Dragonite|Extreme Speed|p2a: Togekiss","|-damage|p2a: Togekiss|120/374","|move|p2a: Togekiss|Dazzling Gleam|p1a: Dragonite","|-supereffective|p1a: Dragonite","|-damage|p1a: Dragonite|182/323","|","|-heal|p2a: Togekiss|143/374|[from] item: Leftovers","|turn|21","|","|move|p1a: Dragonite|Extreme Speed|p2a: Togekiss","|-damage|p2a: Togekiss|0 fnt","|faint|p2a: Togekiss","|","|","|switch|p2a: Altaria|Altaria, M|316/316","|-damage|p2a: Altaria|237/316|[from] Stealth Rock","|-ability|p2a: Altaria|Cloud Nine","|turn|22","|","|detailschange|p2a: Altaria|Altaria-Mega, M","|-mega|p2a: Altaria|Altaria|Altarianite","|move|p1a: Dragonite|Extreme Speed|p2a: Altaria","|-damage|p2a: Altaria|89/316","|move|p2a: Altaria|Roost|p2a: Altaria","|-heal|p2a: Altaria|247/316","|","|turn|23","|","|move|p1a: Dragonite|Extreme Speed|p2a: Altaria","|-damage|p2a: Altaria|92/316","|move|p2a: Altaria|Roost|p2a: Altaria","|-heal|p2a: Altaria|250/316","|","|turn|24","|","|switch|p1a: Latios|Latios, M|103/301","|move|p2a: Altaria|Roost|p2a: Altaria","|-heal|p2a: Altaria|316/316","|","|turn|25","|","|move|p1a: Latios|Psyshock|p2a: Altaria","|-damage|p2a: Altaria|148/316","|-damage|p1a: Latios|73/301|[from] item: Life Orb","|move|p2a: Altaria|Hyper Voice|p1a: Latios","|-supereffective|p1a: Latios","|-damage|p1a: Latios|0 fnt","|faint|p1a: Latios","|","|","|switch|p1a: Dragonite|Dragonite, M|182/323","|turn|26","|","|move|p1a: Dragonite|Extreme Speed|p2a: Altaria","|-damage|p2a: Altaria|0 fnt","|faint|p2a: Altaria","|","|win|Guard Choppah"],"p1rating":{"entryid":"7425426","serverid":"eos","formatid":"monotype","userid":"guardchoppah","username":"Guard Choppah","w":3,"l":"1","t":"0","gxe":59.3,"r":"1500","rd":"130","sigma":"0","rptime":"1438765200","rpr":1573.8908998205,"rprd":106.62928064054,"rpsigma":"0","acre":1120.2634512709,"lacre":1120.2634512709,"oldacre":"1102.4273392089"},"p2rating":{"entryid":7427352,"formatid":"monotype","userid":"ivgreninja16","username":"IV greNINJA16","r":1500,"rd":130,"sigma":0,"rpr":1459.8393856612,"rprd":122.8583080769,"rpsigma":0,"rptime":1438765200,"w":0,"l":1,"t":0,"gxe":45,"acre":1000,"lacre":1000,"oldacre":1000},"endType":"normal"}