{"seed":[16712,64098,8021,47109],"turns":31,"p1":"Sage.13","p2":"Knight♕Horsea","p1team":[{"name":"King Ludi","species":"ludicolo","item":"leftovers","ability":"Swift Swim","moves":["teeterdance","scald","icebeam","gigadrain"],"nature":"Modest","evs":{"hp":0,"atk":0,"def":0,"spa":252,"spd":4,"spe":252},"shiny":true,"ivs":{"hp":31,"atk":31,"def":31,"spa":31,"spd":31,"spe":31}},{"name":"Azul","species":"azumarill","item":"sitrusberry","ability":"Huge Power","moves":["aquajet","playrough","bellydrum","knockoff"],"nature":"Adamant","evs":{"hp":252,"atk":252,"def":0,"spa":0,"spd":4,"spe":0},"ivs":{"hp":31,"atk":31,"def":31,"spa":31,"spd":31,"spe":31}},{"name":"Swampert","species":"Swampert","item":"swampertite","ability":"Damp","moves":["superpower","waterfall","earthquake","icepunch"],"nature":"Adamant","evs":{"hp":248,"atk":252,"def":0,"spa":0,"spd":8,"spe":0},"ivs":{"hp":31,"atk":31,"def":31,"spa":31,"spd":31,"spe":31}},{"name":"Milo","species":"milotic","item":"leftovers","ability":"Competitive","moves":["scald","icebeam","raindance","toxic"],"nature":"Bold","evs":{"hp":252,"atk":0,"def":252,"spa":4,"spd":0,"spe":0},"shiny":true,"ivs":{"hp":31,"atk":31,"def":31,"spa":31,"spd":31,"spe":31}},{"name":"Politoed","species":"Politoed","item":"widelens","ability":"Drizzle","moves":["icebeam","surf","hypnosis","perishsong"],"nature":"Modest","evs":{"hp":248,"atk":0,"def":0,"spa":252,"spd":8,"spe":0},"shiny":true,"ivs":{"hp":31,"atk":31,"def":31,"spa":31,"spd":31,"spe":31}},{"name":"Slowbro","species":"Slowbro","item":"assaultvest","ability":"Regenerator","moves":["scald","flamethrower","futuresight","focusblast"],"nature":"Modest","evs":{"hp":248,"atk":0,"def":0,"spa":252,"spd":8,"spe":0},"shiny":true,"ivs":{"hp":31,"atk":31,"def":31,"spa":31,"spd":31,"spe":31}}],"p2team":[{"name":"Charizard","species":"Charizard","item":"charizarditex","ability":"Blaze","moves":["bellydrum","dragonclaw","firepunch","furycutter"],"nature":"Jolly","evs":{"hp":4,"atk":252,"def":0,"spa":0,"spd":0,"spe":252},"ivs":{"hp":31,"atk":31,"def":31,"spa":31,"spd":31,"spe":31}},{"name":"Ninetales","species":"Ninetales","item":"heatrock","ability":"Drought","moves":["nastyplot","fireblast","solarbeam","willowisp"],"nature":"Bold","evs":{"hp":168,"atk":0,"def":136,"spa":0,"spd":204,"spe":0},"ivs":{"hp":31,"atk":31,"def":31,"spa":31,"spd":31,"spe":31}},{"name":"Chandelure","species":"Chandelure","item":"choicescarf","ability":"Infiltrator","moves":["fireblast","shadowball","energyball","trick"],"nature":"Timid","evs":{"hp":0,"atk":0,"def":0,"spa":252,"spd":4,"spe":252},"ivs":{"hp":31,"atk":31,"def":31,"spa":31,"spd":31,"spe":31}},{"name":"Darmanitan","species":"Darmanitan","item":"choicescarf","ability":"Sheer Force","moves":["flareblitz","rockslide","uturn","earthquake"],"nature":"Jolly","evs":{"hp":0,"atk":252,"def":0,"spa":0,"spd":4,"spe":252},"ivs":{"hp":31,"atk":31,"def":31,"spa":31,"spd":31,"spe":31}},{"name":"Heatran","species":"Heatran","item":"leftovers","ability":"Flash Fire","moves":["lavaplume","toxic","taunt","stealthrock"],"nature":"Calm","evs":{"hp":248,"atk":0,"def":0,"spa":0,"spd":192,"spe":68},"ivs":{"hp":31,"atk":31,"def":31,"spa":31,"spd":31,"spe":31}},{"name":"Victini","species":"Victini","item":"choicescarf","ability":"Victory Star","moves":["vcreate","boltstrike","zenheadbutt","uturn"],"nature":"Jolly","evs":{"hp":0,"atk":252,"def":4,"spa":0,"spd":0,"spe":252},"ivs":{"hp":31,"atk":31,"def":31,"spa":31,"spd":31,"spe":31}}],"log":["|player|p1|Sage.13|154","|player|p2|Knight♕Horsea|40","|gametype|singles","|gen|6","|tier|Monotype","|rated","|rule|Baton Pass Clause: Limit one Baton Passer, can't pass Spe and other stats simultaneously","|rule|Swagger Clause: Swagger is banned","|rule|Same Type Clause: Pokémon in a team must share a type","|clearpoke","|poke|p1|Ludicolo, M, shiny","|poke|p1|Azumarill, M","|poke|p1|Swampert, F","|poke|p1|Milotic, F, shiny","|poke|p1|Politoed, F, shiny","|poke|p1|Slowbro, F, shiny","|poke|p2|Charizard, M","|poke|p2|Ninetales, M","|poke|p2|Chandelure, M","|poke|p2|Darmanitan, F","|poke|p2|Heatran, F","|poke|p2|Victini","|rule|Sleep Clause Mod: Limit one foe put to sleep","|rule|Species Clause: Limit one of each Pokémon","|rule|OHKO Clause: OHKO moves are banned","|rule|Moody Clause: Moody is banned","|rule|Evasion Moves Clause: Evasion moves are banned","|rule|Endless Battle Clause: Forcing endless battles is banned","|rule|HP Percentage Mod: HP is shown in percentages","|teampreview","|","|start","|switch|p1a: Milo|Milotic, F, shiny|394/394","|switch|p2a: Charizard|Charizard, M|298/298","|turn|1","|","|detailschange|p2a: Charizard|Charizard-Mega-X, M","|-mega|p2a: Charizard|Charizard|Charizardite X","|move|p2a: Charizard|Belly Drum|p2a: Charizard","|-damage|p2a: Charizard|149/298","|-setboost|p2a: Charizard|atk|6|[from] move: Belly Drum","|move|p1a: Milo|Toxic|p2a: Charizard","|-status|p2a: Charizard|tox","|","|-damage|p2a: Charizard|131/298 tox|[from] psn","|turn|2","|","|switch|p1a: Azul|Azumarill, M|404/404","|move|p2a: Charizard|Dragon Claw|p1a: Azul","|-immune|p1a: Azul|[msg]","|","|-damage|p2a: Charizard|95/298 tox|[from] psn","|turn|3","|","|move|p1a: Azul|Aqua Jet|p2a: Charizard","|-damage|p2a: Charizard|22/298 tox","|move|p2a: Charizard|Fury Cutter|p1a: Azul","|-crit|p1a: Azul","|-resisted|p1a: Azul","|-damage|p1a: Azul|197/404","|-enditem|p1a: Azul|Sitrus Berry|[eat]","|-heal|p1a: Azul|298/404|[from] item: Sitrus Berry","|","|-damage|p2a: Charizard|0 fnt|[from] psn","|faint|p2a: Charizard","|","|switch|p2a: Victini|Victini|341/341","|turn|4","|","|switch|p1a: Politoed|Politoed, F, shiny|383/383","|-weather|RainDance","|move|p2a: Victini|Bolt Strike|p1a: Politoed","|-supereffective|p1a: Politoed","|-damage|p1a: Politoed|65/383","|","|-weather|RainDance|[upkeep]","|turn|5","|","|switch|p1a: King Ludi|Ludicolo, M, shiny|301/301","|move|p2a: Victini|Bolt Strike|p1a: King Ludi","|-damage|p1a: King Ludi|126/301","|-status|p1a: King Ludi|par","|","|-weather|RainDance|[upkeep]","|-heal|p1a: King Ludi|144/301 par|[from] item: Leftovers","|turn|6","|","|switch|p2a: Ninetales|Ninetales, M|329/329","|-weather|SunnyDay","|switch|p1a: Swampert|Swampert, F|403/403","|","|-weather|SunnyDay|[upkeep]","|turn|7","|","|switch|p1a: Politoed|Politoed, F, shiny|65/383","|-weather|RainDance","|move|p2a: Ninetales|Solar Beam|p1a: Politoed|[still]","|-prepare|p2a: Ninetales|Solar Beam|p1a: Politoed","|","|-weather|RainDance|[upkeep]","|turn|8","|","|switch|p1a: Slowbro|Slowbro, F, shiny|393/393","|move|p2a: Ninetales|Solar Beam|p1a: Slowbro|[from]lockedmove","|-supereffective|p1a: Slowbro","|-damage|p1a: Slowbro|325/393","|","|-weather|RainDance|[upkeep]","|turn|9","|","|switch|p2a: Heatran|Heatran, F|385/385","|move|p1a: Slowbro|Scald|p2a: Heatran","|-supereffective|p2a: Heatran","|-damage|p2a: Heatran|101/385","|","|-weather|RainDance|[upkeep]","|-heal|p2a: Heatran|125/385|[from] item: Leftovers","|turn|10","|","|move|p2a: Heatran|Toxic|p1a: Slowbro","|-status|p1a: Slowbro|tox","|move|p1a: Slowbro|Focus Blast|p2a: Heatran","|-supereffective|p2a: Heatran","|-damage|p2a: Heatran|0 fnt","|faint|p2a: Heatran","|","|-weather|RainDance|[upkeep]","|-damage|p1a: Slowbro|301/393 tox|[from] psn","|","|switch|p2a: Ninetales|Ninetales, M|329/329","|-weather|SunnyDay","|turn|11","|","|switch|p2a: Chandelure|Chandelure, M|261/261","|switch|p1a: Politoed|Politoed, F, shiny|65/383","|-weather|RainDance","|","|-weather|RainDance|[upkeep]","|turn|12","|","|switch|p1a: Milo|Milotic, F, shiny|394/394","|move|p2a: Chandelure|Energy Ball|p1a: Milo","|-supereffective|p1a: Milo","|-damage|p1a: Milo|218/394","|","|-weather|RainDance|[upkeep]","|-heal|p1a: Milo|242/394|[from] item: Leftovers","|turn|13","|","|switch|p2a: Victini|Victini|341/341","|move|p1a: Milo|Scald|p2a: Victini","|-supereffective|p2a: Victini","|-damage|p2a: Victini|59/341","|","|-weather|RainDance|[upkeep]","|-heal|p1a: Milo|266/394|[from] item: Leftovers","|turn|14","|","|switch|p1a: Swampert|Swampert, F|403/403","|move|p2a: Victini|Bolt Strike|p1a: Swampert","|-immune|p1a: Swampert|[msg]","|","|-weather|RainDance|[upkeep]","|turn|15","|","|switch|p2a: Ninetales|Ninetales, M|329/329","|-weather|SunnyDay","|detailschange|p1a: Swampert|Swampert-Mega, F","|-mega|p1a: Swampert|Swampert|Swampertite","|move|p1a: Swampert|Waterfall|p2a: Ninetales","|-supereffective|p2a: Ninetales","|-damage|p2a: Ninetales|165/329","|","|-weather|SunnyDay|[upkeep]","|turn|16","|","|switch|p1a: Politoed|Politoed, F, shiny|65/383","|-weather|RainDance","|move|p2a: Ninetales|Solar Beam|p1a: Politoed|[still]","|-prepare|p2a: Ninetales|Solar Beam|p1a: Politoed","|","|-weather|RainDance|[upkeep]","|turn|17","|","|switch|p1a: Slowbro|Slowbro, F, shiny|393/393 tox","|move|p2a: Ninetales|Solar Beam|p1a: Slowbro|[from]lockedmove","|-supereffective|p1a: Slowbro","|-damage|p1a: Slowbro|327/393 tox","|","|-weather|RainDance|[upkeep]","|-damage|p1a: Slowbro|303/393 tox|[from] psn","|turn|18","|","|switch|p2a: Victini|Victini|59/341","|move|p1a: Slowbro|Scald|p2a: Victini","|-supereffective|p2a: Victini","|-damage|p2a: Victini|0 fnt","|faint|p2a: Victini","|","|-weather|RainDance|[upkeep]","|-damage|p1a: Slowbro|255/393 tox|[from] psn","|","|switch|p2a: Ninetales|Ninetales, M|165/329","|-weather|SunnyDay","|turn|19","|","|switch|p2a: Darmanitan|Darmanitan, F|351/351","|switch|p1a: Politoed|Politoed, F, shiny|65/383","|-weather|RainDance","|","|-weather|RainDance|[upkeep]","|turn|20","|","|switch|p1a: Swampert|Swampert-Mega, F|403/403","|move|p2a: Darmanitan|U-turn|p1a: Swampert","|-damage|p1a: Swampert|327/403","|","|switch|p2a: Ninetales|Ninetales, M|165/329","|-weather|SunnyDay","|","|-weather|SunnyDay|[upkeep]","|turn|21","|","|switch|p2a: Darmanitan|Darmanitan, F|351/351","|switch|p1a: Politoed|Politoed, F, shiny|65/383","|-weather|RainDance","|","|-weather|RainDance|[upkeep]","|turn|22","|","|switch|p1a: Azul|Azumarill, M|298/404","|move|p2a: Darmanitan|U-turn|p1a: Azul","|-resisted|p1a: Azul","|-damage|p1a: Azul|243/404","|","|switch|p2a: Chandelure|Chandelure, M|261/261","|","|-weather|RainDance|[upkeep]","|turn|23","|","|move|p1a: Azul|Aqua Jet|p2a: Chandelure","|-supereffective|p2a: Chandelure","|-damage|p2a: Chandelure|0 fnt","|faint|p2a: Chandelure","|","|-weather|RainDance|[upkeep]","|","|switch|p2a: Ninetales|Ninetales, M|165/329","|-weather|SunnyDay","|turn|24","|","|move|p1a: Azul|Aqua Jet|p2a: Ninetales","|-supereffective|p2a: Ninetales","|-damage|p2a: Ninetales|85/329","|move|p2a: Ninetales|Will-O-Wisp|p1a: Azul|[miss]","|-miss|p2a: Ninetales|p1a: Azul","|","|-weather|SunnyDay|[upkeep]","|turn|25","|","|move|p1a: Azul|Aqua Jet|p2a: Ninetales","|-supereffective|p2a: Ninetales","|-damage|p2a: Ninetales|1/329","|move|p2a: Ninetales|Will-O-Wisp|p1a: Azul","|-status|p1a: Azul|brn","|","|-weather|SunnyDay|[upkeep]","|-damage|p1a: Azul|193/404 brn|[from] brn","|turn|26","|","|switch|p2a: Darmanitan|Darmanitan, F|351/351","|move|p1a: Azul|Aqua Jet|p2a: Darmanitan","|-supereffective|p2a: Darmanitan","|-damage|p2a: Darmanitan|284/351","|","|-weather|SunnyDay|[upkeep]","|-damage|p1a: Azul|143/404 brn|[from] brn","|turn|27","|","|move|p2a: Darmanitan|Earthquake|p1a: Azul","|-damage|p1a: Azul|0 fnt","|faint|p1a: Azul","|","|-weather|SunnyDay|[upkeep]","|","|switch|p1a: Swampert|Swampert-Mega, F|327/403","|turn|28","|","|move|p2a: Darmanitan|Earthquake|p1a: Swampert","|-damage|p1a: Swampert|208/403","|move|p1a: Swampert|Earthquake|p2a: Darmanitan","|-supereffective|p2a: Darmanitan","|-damage|p2a: Darmanitan|0 fnt","|faint|p2a: Darmanitan","|","|-weather|SunnyDay|[upkeep]","|","|switch|p2a: Ninetales|Ninetales, M|1/329","|turn|29","|","|switch|p1a: Politoed|Politoed, F, shiny|65/383","|-weather|RainDance","|move|p2a: Ninetales|Solar Beam|p1a: Politoed|[still]","|-prepare|p2a: Ninetales|Solar Beam|p1a: Politoed","|","|-weather|RainDance|[upkeep]","|turn|30","|","|move|p2a: Ninetales|Solar Beam|p1a: Politoed|[from]lockedmove","|-supereffective|p1a: Politoed","|-damage|p1a: Politoed|0 fnt","|faint|p1a: Politoed","|","|-weather|RainDance|[upkeep]","|","|switch|p1a: Swampert|Swampert-Mega, F|208/403","|turn|31","|","|move|p1a: Swampert|Waterfall|p2a: Ninetales","|-supereffective|p2a: Ninetales","|-damage|p2a: Ninetales|0 fnt","|faint|p2a: Ninetales","|","|win|Sage.13"],"p1rating":{"entryid":"7365108","serverid":"eos","formatid":"monotype","userid":"sage13","username":"Sage.13","w":15,"l":"13","t":"0","gxe":51.5,"r":"1480.6482310036","rd":"63.909446649266","sigma":"0","rptime":"1438765200","rpr":1511.144705141,"rprd":61.236130247261,"rpsigma":"0","acre":1138.3418242374,"lacre":1138.3418242374,"oldacre":"1121.7613511005"},"p2rating":{"entryid":7419851,"formatid":"monotype","userid":"knighthorsea","username":"Knight♕Horsea","r":1500,"rd":130,"sigma":0,"rpr":1455.6720363372,"rprd":122.07400337085,"rpsigma":0,"rptime":1438765200,"w":0,"l":1,"t":0,"gxe":44.5,"acre":1000,"lacre":1000,"oldacre":1000},"endType":"normal"}