{"seed":[24207,45219,15648,14944],"turns":30,"p1":"Inferno Mamoswine","p2":"LTIL-Tahit","p1team":[{"name":"Torkoal","species":"Torkoal","item":"leftovers","ability":"White Smoke","moves":["stealthrock","rapidspin","clearsmog","toxic"],"nature":"Bold","evs":{"hp":252,"atk":0,"def":252,"spa":4,"spd":0,"spe":0},"ivs":{"hp":31,"atk":31,"def":31,"spa":31,"spd":31,"spe":31}},{"name":"Rotom-Heat","species":"Rotom-Heat","item":"lightclay","ability":"Levitate","moves":["reflect","lightscreen","sunnyday","voltswitch"],"nature":"Calm","evs":{"hp":252,"atk":0,"def":4,"spa":0,"spd":252,"spe":0},"shiny":true,"ivs":{"hp":31,"atk":31,"def":31,"spa":31,"spd":31,"spe":31}},{"name":"Charizard","species":"Charizard","item":"charizarditex","ability":"Blaze","moves":["dragondance","dragonclaw","earthquake","flareblitz"],"nature":"Adamant","evs":{"hp":0,"atk":252,"def":0,"spa":0,"spd":4,"spe":252},"shiny":true,"ivs":{"hp":31,"atk":31,"def":31,"spa":31,"spd":31,"spe":31}},{"name":"Delphox","species":"Delphox","item":"choicescarf","ability":"Blaze","moves":["dazzlinggleam","fireblast","psychic","hiddenpowergrass"],"nature":"Timid","evs":{"hp":0,"atk":0,"def":0,"spa":252,"spd":4,"spe":252},"ivs":{"hp":31,"atk":30,"def":31,"spa":30,"spd":31,"spe":31}},{"name":"Volcarona","species":"Volcarona","item":"focussash","ability":"Flame Body","moves":["quiverdance","hiddenpowerice","bugbuzz","fierydance"],"nature":"Modest","evs":{"hp":0,"atk":0,"def":0,"spa":252,"spd":4,"spe":252},"ivs":{"hp":31,"atk":30,"def":30,"spa":31,"spd":31,"spe":31},"shiny":true},{"name":"Infernape","species":"Infernape","item":"lifeorb","ability":"Iron Fist","moves":["machpunch","closecombat","flareblitz","earthquake"],"nature":"Jolly","evs":{"hp":0,"atk":252,"def":0,"spa":0,"spd":4,"spe":252},"ivs":{"hp":31,"atk":31,"def":31,"spa":31,"spd":31,"spe":31}}],"p2team":[{"name":"Aegi","species":"aegislash","item":"weaknesspolicy","ability":"Stance Change","moves":["kingsshield","shadowball","sacredsword","shadowsneak"],"nature":"Quiet","evs":{"hp":252,"atk":0,"def":0,"spa":252,"spd":4,"spe":0},"ivs":{"hp":31,"atk":31,"def":31,"spa":31,"spd":31,"spe":0}},{"name":"Hoopa","species":"Hoopa","item":"lifeorb","ability":"Magician","moves":["trickroom","psychic","shadowball","focusblast"],"nature":"Quiet","evs":{"hp":252,"atk":0,"def":4,"spa":252,"spd":0,"spe":0},"ivs":{"hp":31,"atk":31,"def":31,"spa":31,"spd":31,"spe":31}},{"name":"Treve","species":"trevenant","item":"sitrusberry","ability":"Harvest","moves":["substitute","leechseed","willowisp","rockslide"],"nature":"Impish","evs":{"hp":252,"atk":0,"def":148,"spa":0,"spd":108,"spe":0},"ivs":{"hp":31,"atk":31,"def":31,"spa":31,"spd":31,"spe":31}},{"name":"Sableye","species":"Sableye","item":"sablenite","ability":"Prankster","moves":["calmmind","willowisp","recover","dazzlinggleam"],"nature":"Calm","evs":{"hp":0,"atk":0,"def":248,"spa":0,"spd":252,"spe":8},"ivs":{"hp":31,"atk":31,"def":31,"spa":31,"spd":31,"spe":31}},{"name":"G-S","species":"gourgeistsuper","item":"leftovers","ability":"Frisk","moves":["flamecharge","willowisp","leechseed","painsplit"],"nature":"Careful","evs":{"hp":252,"atk":0,"def":252,"spa":0,"spd":4,"spe":0},"ivs":{"hp":31,"atk":31,"def":31,"spa":31,"spd":31,"spe":31}},{"name":"Drifblim","species":"Drifblim","item":"sitrusberry","ability":"Unburden","moves":["hex","willowisp","toxic","clearsmog"],"nature":"Bold","evs":{"hp":252,"atk":0,"def":4,"spa":0,"spd":252,"spe":0},"ivs":{"hp":31,"atk":31,"def":31,"spa":31,"spd":31,"spe":31}}],"log":["|player|p1|Inferno Mamoswine|101","|player|p2|LTIL-Tahit|169","|gametype|singles","|gen|6","|tier|Monotype","|rated","|rule|Baton Pass Clause: Limit one Baton Passer, can't pass Spe and other stats simultaneously","|rule|Swagger Clause: Swagger is banned","|rule|Same Type Clause: Pokémon in a team must share a type","|clearpoke","|poke|p1|Torkoal, F","|poke|p1|Rotom-Heat, shiny","|poke|p1|Charizard, M, shiny","|poke|p1|Delphox, M","|poke|p1|Volcarona, F, shiny","|poke|p1|Infernape, M","|poke|p2|Aegislash, F","|poke|p2|Hoopa","|poke|p2|Trevenant, F","|poke|p2|Sableye, F","|poke|p2|Gourgeist-*, F","|poke|p2|Drifblim, M","|rule|Sleep Clause Mod: Limit one foe put to sleep","|rule|Species Clause: Limit one of each Pokémon","|rule|OHKO Clause: OHKO moves are banned","|rule|Moody Clause: Moody is banned","|rule|Evasion Moves Clause: Evasion moves are banned","|rule|Endless Battle Clause: Forcing endless battles is banned","|rule|HP Percentage Mod: HP is shown in percentages","|teampreview","|","|start","|switch|p1a: Torkoal|Torkoal, F|344/344","|switch|p2a: G-S|Gourgeist-Super, F|374/374","|-item|p1a: Torkoal|Leftovers|[from] ability: Frisk|[of] p2a: G-S|[identify]","|turn|1","|","|move|p2a: G-S|Leech Seed|p1a: Torkoal","|-start|p1a: Torkoal|move: Leech Seed","|move|p1a: Torkoal|Stealth Rock|p2a: G-S","|-sidestart|p2: LTIL-Tahit|move: Stealth Rock","|","|-damage|p1a: Torkoal|301/344|[from] Leech Seed|[of] p2a: G-S","|turn|2","|","|move|p2a: G-S|Flame Charge|p1a: Torkoal","|-resisted|p1a: Torkoal","|-damage|p1a: Torkoal|290/344","|-boost|p2a: G-S|spe|1","|move|p1a: Torkoal|Toxic|p2a: G-S","|-status|p2a: G-S|tox","|","|-heal|p1a: Torkoal|311/344|[from] item: Leftovers","|-damage|p1a: Torkoal|268/344|[from] Leech Seed|[of] p2a: G-S","|-damage|p2a: G-S|351/374 tox|[from] psn","|turn|3","|","|move|p2a: G-S|Flame Charge|p1a: Torkoal","|-resisted|p1a: Torkoal","|-damage|p1a: Torkoal|258/344","|-boost|p2a: G-S|spe|1","|move|p1a: Torkoal|Clear Smog|p2a: G-S","|-damage|p2a: G-S|314/374 tox","|-clearboost|p2a: G-S","|","|-heal|p2a: G-S|337/374 tox|[from] item: Leftovers","|-heal|p1a: Torkoal|279/344|[from] item: Leftovers","|-damage|p1a: Torkoal|236/344|[from] Leech Seed|[of] p2a: G-S","|-heal|p2a: G-S|374/374 tox|[silent]","|-damage|p2a: G-S|328/374 tox|[from] psn","|turn|4","|","|move|p2a: G-S|Flame Charge|p1a: Torkoal","|-resisted|p1a: Torkoal","|-damage|p1a: Torkoal|225/344","|-boost|p2a: G-S|spe|1","|move|p1a: Torkoal|Rapid Spin|p2a: G-S","|-immune|p2a: G-S|[msg]","|","|-heal|p2a: G-S|351/374 tox|[from] item: Leftovers","|-heal|p1a: Torkoal|246/344|[from] item: Leftovers","|-damage|p1a: Torkoal|203/344|[from] Leech Seed|[of] p2a: G-S","|-heal|p2a: G-S|374/374 tox|[silent]","|-damage|p2a: G-S|305/374 tox|[from] psn","|turn|5","|","|switch|p1a: Delphox|Delphox, M|291/291","|move|p2a: G-S|Flame Charge|p1a: Delphox","|-resisted|p1a: Delphox","|-damage|p1a: Delphox|264/291","|-boost|p2a: G-S|spe|1","|","|-heal|p2a: G-S|328/374 tox|[from] item: Leftovers","|-damage|p2a: G-S|236/374 tox|[from] psn","|turn|6","|","|move|p1a: Delphox|Dazzling Gleam|p2a: G-S","|-damage|p2a: G-S|136/374 tox","|move|p2a: G-S|Leech Seed|p1a: Delphox","|-start|p1a: Delphox|move: Leech Seed","|","|-heal|p2a: G-S|159/374 tox|[from] item: Leftovers","|-damage|p1a: Delphox|228/291|[from] Leech Seed|[of] p2a: G-S","|-heal|p2a: G-S|195/374 tox|[silent]","|-damage|p2a: G-S|80/374 tox|[from] psn","|turn|7","|","|switch|p1a: Infernape|Infernape, M|293/293","|move|p2a: G-S|Pain Split|p1a: Infernape","|-sethp|p1a: Infernape|186/293|p2a: G-S|186/374 tox|[from] move: Pain Split","|","|-heal|p2a: G-S|209/374 tox|[from] item: Leftovers","|-damage|p2a: G-S|71/374 tox|[from] psn","|turn|8","|","|move|p1a: Infernape|Earthquake|p2a: G-S","|-resisted|p2a: G-S","|-damage|p2a: G-S|29/374 tox","|-damage|p1a: Infernape|157/293|[from] item: Life Orb","|move|p2a: G-S|Leech Seed|p1a: Infernape","|-start|p1a: Infernape|move: Leech Seed","|","|-heal|p2a: G-S|52/374 tox|[from] item: Leftovers","|-damage|p1a: Infernape|121/293|[from] Leech Seed|[of] p2a: G-S","|-heal|p2a: G-S|88/374 tox|[silent]","|-damage|p2a: G-S|0 fnt|[from] psn","|faint|p2a: G-S","|","|switch|p2a: Aegi|Aegislash, F|324/324","|-damage|p2a: Aegi|304/324|[from] Stealth Rock","|turn|9","|","|move|p2a: Aegi|King's Shield|p2a: Aegi","|-singleturn|p2a: Aegi|Protect","|move|p1a: Infernape|Flare Blitz|p2a: Aegi","|-activate|p2a: Aegi|Protect","|-unboost|p1a: Infernape|atk|2","|","|-damage|p1a: Infernape|85/293|[from] Leech Seed|[of] p2a: Aegi","|-heal|p2a: Aegi|324/324|[silent]","|turn|10","|","|move|p1a: Infernape|Flare Blitz|p2a: Aegi","|-supereffective|p2a: Aegi","|-damage|p2a: Aegi|145/324","|-enditem|p2a: Aegi|Weakness Policy","|-boost|p2a: Aegi|atk|2|[from] item: Weakness Policy","|-boost|p2a: Aegi|spa|2|[from] item: Weakness Policy","|-damage|p1a: Infernape|26/293|[from] recoil|[of] p2a: Aegi","|-damage|p1a: Infernape|0 fnt|[from] item: Life Orb","|faint|p1a: Infernape","|-formechange|p2a: Aegi|Aegislash-Blade","|move|p2a: Aegi|Shadow Ball|p1: Infernape|[notarget]","|-notarget","|","|","|switch|p1a: Delphox|Delphox, M|228/291","|turn|11","|","|move|p2a: Aegi|Shadow Sneak|p1a: Delphox","|-supereffective|p1a: Delphox","|-damage|p1a: Delphox|0 fnt","|faint|p1a: Delphox","|","|","|switch|p1a: Volcarona|Volcarona, F, shiny|311/311","|turn|12","|","|move|p2a: Aegi|Shadow Sneak|p1a: Volcarona","|-damage|p1a: Volcarona|134/311","|-status|p2a: Aegi|brn","|move|p1a: Volcarona|Fiery Dance|p2a: Aegi","|-supereffective|p2a: Aegi","|-damage|p2a: Aegi|0 fnt","|faint|p2a: Aegi","|","|","|switch|p2a: Drifblim|Drifblim, M|504/504","|-damage|p2a: Drifblim|378/504|[from] Stealth Rock","|turn|13","|","|move|p1a: Volcarona|Hidden Power|p2a: Drifblim","|-supereffective|p2a: Drifblim","|-damage|p2a: Drifblim|200/504","|-enditem|p2a: Drifblim|Sitrus Berry|[eat]","|-heal|p2a: Drifblim|326/504|[from] item: Sitrus Berry","|move|p2a: Drifblim|Toxic|p1a: Volcarona","|-status|p1a: Volcarona|tox","|","|-damage|p1a: Volcarona|115/311 tox|[from] psn","|turn|14","|","|move|p2a: Drifblim|Hex|p1a: Volcarona","|-damage|p1a: Volcarona|0 fnt","|faint|p1a: Volcarona","|","|","|switch|p1a: Rotom-Heat|Rotom-Heat, shiny|304/304","|turn|15","|","|move|p2a: Drifblim|Toxic|p1a: Rotom-Heat","|-status|p1a: Rotom-Heat|tox","|move|p1a: Rotom-Heat|Light Screen|p1a: Rotom-Heat","|-sidestart|p1: Inferno Mamoswine|move: Light Screen","|","|-damage|p1a: Rotom-Heat|285/304 tox|[from] psn","|turn|16","|","|move|p2a: Drifblim|Hex|p1a: Rotom-Heat","|-damage|p1a: Rotom-Heat|237/304 tox","|move|p1a: Rotom-Heat|Volt Switch|p2a: Drifblim","|-supereffective|p2a: Drifblim","|-damage|p2a: Drifblim|138/504","|","|switch|p1a: Charizard|Charizard, M, shiny|297/297","|","|turn|17","|","|detailschange|p1a: Charizard|Charizard-Mega-X, M, shiny","|-mega|p1a: Charizard|Charizard|Charizardite X","|move|p2a: Drifblim|Toxic|p1a: Charizard","|-status|p1a: Charizard|tox","|move|p1a: Charizard|Dragon Dance|p1a: Charizard","|-boost|p1a: Charizard|atk|1","|-boost|p1a: Charizard|spe|1","|","|-damage|p1a: Charizard|279/297 tox|[from] psn","|turn|18","|","|move|p1a: Charizard|Dragon Claw|p2a: Drifblim","|-damage|p2a: Drifblim|0 fnt","|faint|p2a: Drifblim","|","|-damage|p1a: Charizard|243/297 tox|[from] psn","|","|switch|p2a: Sableye|Sableye, F|241/241","|-damage|p2a: Sableye|211/241|[from] Stealth Rock","|turn|19","|","|detailschange|p2a: Sableye|Sableye-Mega, F","|-mega|p2a: Sableye|Sableye|Sablenite","|move|p1a: Charizard|Dragon Claw|p2a: Sableye","|-damage|p2a: Sableye|9/241","|move|p2a: Sableye|Dazzling Gleam|p1a: Charizard","|-damage|p1a: Charizard|211/297 tox","|","|-damage|p1a: Charizard|157/297 tox|[from] psn","|turn|20","|","|move|p1a: Charizard|Dragon Claw|p2a: Sableye","|-damage|p2a: Sableye|0 fnt","|faint|p2a: Sableye","|","|-damage|p1a: Charizard|85/297 tox|[from] psn","|","|switch|p2a: Hoopa|Hoopa|364/364","|-damage|p2a: Hoopa|319/364|[from] Stealth Rock","|turn|21","|","|move|p1a: Charizard|Dragon Claw|p2a: Hoopa","|-damage|p2a: Hoopa|0 fnt","|faint|p2a: Hoopa","|","|-damage|p1a: Charizard|0 fnt|[from] psn","|faint|p1a: Charizard","|","|switch|p2a: Treve|Trevenant, F|374/374","|switch|p1a: Torkoal|Torkoal, F|203/344","|-damage|p2a: Treve|328/374|[from] Stealth Rock","|turn|22","|","|move|p2a: Treve|Substitute|p2a: Treve","|-start|p2a: Treve|Substitute","|-damage|p2a: Treve|235/374","|move|p1a: Torkoal|Toxic|p2a: Treve","|-fail|p2a: Treve","|","|-heal|p1a: Torkoal|224/344|[from] item: Leftovers","|-sideend|p1: Inferno Mamoswine|move: Light Screen","|turn|23","|","|move|p2a: Treve|Leech Seed|p1a: Torkoal","|-start|p1a: Torkoal|move: Leech Seed","|move|p1a: Torkoal|Clear Smog|p2a: Treve","|-activate|p2a: Treve|Substitute|[damage]","|","|-heal|p1a: Torkoal|245/344|[from] item: Leftovers","|-damage|p1a: Torkoal|202/344|[from] Leech Seed|[of] p2a: Treve","|-heal|p2a: Treve|278/374|[silent]","|turn|24","|","|switch|p1a: Rotom-Heat|Rotom-Heat, shiny|237/304 tox","|move|p2a: Treve|Rock Slide|p1a: Rotom-Heat","|-supereffective|p1a: Rotom-Heat","|-damage|p1a: Rotom-Heat|109/304 tox","|","|-damage|p1a: Rotom-Heat|90/304 tox|[from] psn","|turn|25","|","|move|p1a: Rotom-Heat|Reflect|p1a: Rotom-Heat","|-sidestart|p1: Inferno Mamoswine|Reflect","|move|p2a: Treve|Rock Slide|p1a: Rotom-Heat","|-supereffective|p1a: Rotom-Heat","|-damage|p1a: Rotom-Heat|30/304 tox","|","|-damage|p1a: Rotom-Heat|0 fnt|[from] psn","|faint|p1a: Rotom-Heat","|","|switch|p1a: Torkoal|Torkoal, F|202/344","|turn|26","|","|move|p2a: Treve|Leech Seed|p1a: Torkoal","|-start|p1a: Torkoal|move: Leech Seed","|move|p1a: Torkoal|Clear Smog|p2a: Treve","|-activate|p2a: Treve|Substitute|[damage]","|","|-heal|p1a: Torkoal|223/344|[from] item: Leftovers","|-damage|p1a: Torkoal|180/344|[from] Leech Seed|[of] p2a: Treve","|-heal|p2a: Treve|321/374|[silent]","|turn|27","|","|move|p2a: Treve|Rock Slide|p1a: Torkoal","|-supereffective|p1a: Torkoal","|-damage|p1a: Torkoal|146/344","|cant|p1a: Torkoal|flinch","|","|-heal|p1a: Torkoal|167/344|[from] item: Leftovers","|-damage|p1a: Torkoal|124/344|[from] Leech Seed|[of] p2a: Treve","|-heal|p2a: Treve|364/374|[silent]","|turn|28","|","|move|p2a: Treve|Rock Slide|p1a: Torkoal","|-supereffective|p1a: Torkoal","|-damage|p1a: Torkoal|90/344","|move|p1a: Torkoal|Clear Smog|p2a: Treve","|-end|p2a: Treve|Substitute","|","|-heal|p1a: Torkoal|111/344|[from] item: Leftovers","|-damage|p1a: Torkoal|68/344|[from] Leech Seed|[of] p2a: Treve","|-heal|p2a: Treve|374/374|[silent]","|turn|29","|","|move|p2a: Treve|Substitute|p2a: Treve","|-start|p2a: Treve|Substitute","|-damage|p2a: Treve|281/374","|move|p1a: Torkoal|Toxic|p2a: Treve","|-fail|p2a: Treve","|","|-heal|p1a: Torkoal|89/344|[from] item: Leftovers","|-damage|p1a: Torkoal|46/344|[from] Leech Seed|[of] p2a: Treve","|-heal|p2a: Treve|324/374|[silent]","|turn|30","|","|win|LTIL-Tahit"],"p1rating":{"entryid":"7297985","serverid":"eos","formatid":"monotype","userid":"infernomamoswine","username":"Inferno Mamoswine","w":"7","l":19,"t":"0","gxe":32.6,"r":1368.6387395683,"rd":67.121196018089,"sigma":"0","rptime":1438765200,"rpr":1361.3516246404,"rprd":66.12705414528,"rpsigma":"0","acre":1001.0745632249,"lacre":1001.0745632249,"oldacre":"1006.1514224017"},"p2rating":{"entryid":"6925118","serverid":"eos","formatid":"monotype","userid":"ltiltahit","username":"LTIL-Tahit","w":48,"l":"45","t":"0","gxe":53.5,"r":"1523.7376713418","rd":"43.901338167174","sigma":"0","rptime":"1438765200","rpr":1526.7293792224,"rprd":41.079108971164,"rpsigma":"0","acre":1225.3317202389,"lacre":1225.3317202389,"oldacre":"1213.7117614216"},"endType":"forfeit"}