{"seed":[56127,46232,53945,22899],"turns":33,"p1":"Silver-MNP","p2":"GTX♅Bzumzum","p1team":[{"name":"Night","species":"umbreon","item":"leftovers","ability":"Synchronize","moves":["foulplay","toxic","confuseray","moonlight"],"nature":"Calm","evs":{"hp":252,"atk":0,"def":4,"spa":0,"spd":252,"spe":0},"gender":"M","shiny":true,"ivs":{"hp":31,"atk":31,"def":31,"spa":31,"spd":31,"spe":31}},{"name":"Rose","species":"hydreigon","item":"focussash","ability":"Levitate","moves":["darkpulse","fireblast","dracometeor","thunderfang"],"nature":"Hasty","evs":{"hp":0,"atk":4,"def":0,"spa":252,"spd":0,"spe":252},"gender":"F","ivs":{"hp":31,"atk":31,"def":31,"spa":31,"spd":31,"spe":31}},{"name":"Seth","species":"weavile","item":"expertbelt","ability":"Pressure","moves":["nightslash","iceshard","icepunch","darkpulse"],"nature":"Hasty","evs":{"hp":0,"atk":4,"def":0,"spa":4,"spd":0,"spe":252},"gender":"M","ivs":{"hp":31,"atk":31,"def":31,"spa":31,"spd":31,"spe":31}},{"name":"Demon","species":"houndoom","item":"houndoominite","ability":"Unnerve","moves":["flamethrower","fireblast","darkpulse","crunch"],"nature":"Hasty","evs":{"hp":0,"atk":4,"def":0,"spa":252,"spd":0,"spe":252},"gender":"M","ivs":{"hp":31,"atk":31,"def":31,"spa":31,"spd":31,"spe":31}},{"name":"Sonya","species":"tyranitar","item":"smoothrock","ability":"Sand Stream","moves":["stealthrock","crunch","icebeam","stoneedge"],"nature":"Naughty","evs":{"hp":248,"atk":252,"def":0,"spa":8,"spd":0,"spe":0},"gender":"F","shiny":true,"ivs":{"hp":31,"atk":31,"def":31,"spa":31,"spd":31,"spe":31}},{"name":"Wednesday","species":"honchkrow","item":"quickclaw","ability":"Super Luck","moves":["suckerpunch","roost","bravebird","superpower"],"nature":"Adamant","evs":{"hp":248,"atk":252,"def":0,"spa":0,"spd":8,"spe":0},"gender":"F","shiny":true,"ivs":{"hp":31,"atk":31,"def":31,"spa":31,"spd":31,"spe":31}}],"p2team":[{"name":"Elec","species":"manectric","item":"manectite","ability":"Lightning Rod","moves":["thunderbolt","hiddenpowerice","voltswitch","overheat"],"nature":"Timid","evs":{"hp":0,"atk":0,"def":0,"spa":252,"spd":4,"spe":252},"gender":"M","ivs":{"hp":31,"atk":30,"def":30,"spa":31,"spd":31,"spe":31}},{"name":"Water-Safe","species":"rotomwash","item":"chestoberry","ability":"Levitate","moves":["hydropump","hex","willowisp","rest"],"nature":"Calm","evs":{"hp":248,"atk":0,"def":0,"spa":8,"spd":252,"spe":0},"shiny":true,"ivs":{"hp":31,"atk":31,"def":31,"spa":31,"spd":31,"spe":31}},{"name":"MY ZONE!!!","species":"magnezone","item":"choicespecs","ability":"Sturdy","moves":["hiddenpowergrass","flashcannon","triattack","signalbeam"],"nature":"Modest","evs":{"hp":248,"atk":0,"def":0,"spa":252,"spd":8,"spe":0},"ivs":{"hp":31,"atk":30,"def":31,"spa":30,"spd":31,"spe":31},"shiny":true},{"name":"Thundernor","species":"eelektross","item":"leftovers","ability":"Levitate","moves":["coil","drainpunch","knockoff","uturn"],"nature":"Adamant","evs":{"hp":252,"atk":252,"def":0,"spa":0,"spd":0,"spe":4},"gender":"M","shiny":true,"ivs":{"hp":31,"atk":31,"def":31,"spa":31,"spd":31,"spe":31}},{"name":"Zapz","species":"zapdos","item":"leftovers","ability":"Pressure","moves":["heatwave","roost","extrasensory","defog"],"nature":"Modest","evs":{"hp":252,"atk":0,"def":0,"spa":252,"spd":4,"spe":0},"shiny":true,"ivs":{"hp":31,"atk":31,"def":31,"spa":31,"spd":31,"spe":31}},{"name":"Plugg-in Failure","species":"electivire","item":"choicescarf","ability":"Vital Spirit","moves":["crosschop","earthquake","return","rockslide"],"nature":"Adamant","evs":{"hp":0,"atk":252,"def":0,"spa":0,"spd":4,"spe":252},"gender":"M","shiny":true,"ivs":{"hp":31,"atk":31,"def":31,"spa":31,"spd":31,"spe":31}}],"log":["|player|p1|Silver-MNP|289","|player|p2|GTX♅Bzumzum|225","|gametype|singles","|gen|6","|tier|Monotype","|rated","|rule|Baton Pass Clause: Limit one Baton Passer, can't pass Spe and other stats simultaneously","|rule|Swagger Clause: Swagger is banned","|rule|Same Type Clause: Pokémon in a team must share a type","|clearpoke","|poke|p1|Umbreon, M, shiny","|poke|p1|Hydreigon, F","|poke|p1|Weavile, M","|poke|p1|Houndoom, M","|poke|p1|Tyranitar, F, shiny","|poke|p1|Honchkrow, F, shiny","|poke|p2|Manectric, M","|poke|p2|Rotom-Wash, shiny","|poke|p2|Magnezone, shiny","|poke|p2|Eelektross, M, shiny","|poke|p2|Zapdos, shiny","|poke|p2|Electivire, M, shiny","|rule|Sleep Clause Mod: Limit one foe put to sleep","|rule|Species Clause: Limit one of each Pokémon","|rule|OHKO Clause: OHKO moves are banned","|rule|Moody Clause: Moody is banned","|rule|Evasion Moves Clause: Evasion moves are banned","|rule|Endless Battle Clause: Forcing endless battles is banned","|rule|HP Percentage Mod: HP is shown in percentages","|teampreview","|","|start","|switch|p1a: Sonya|Tyranitar, F, shiny|403/403","|switch|p2a: Plugg-in Failure|Electivire, M, shiny|291/291","|-weather|Sandstorm","|turn|1","|","|move|p2a: Plugg-in Failure|Return|p1a: Sonya","|-resisted|p1a: Sonya","|-damage|p1a: Sonya|339/403","|move|p1a: Sonya|Stone Edge|p2a: Plugg-in Failure|[miss]","|-miss|p1a: Sonya|p2a: Plugg-in Failure","|","|-weather|Sandstorm|[upkeep]","|-damage|p2a: Plugg-in Failure|273/291|[from] sandstorm","|turn|2","|","|switch|p2a: Water-Safe|Rotom-Wash, shiny|303/303","|move|p1a: Sonya|Stealth Rock|p2a: Water-Safe","|-sidestart|p2: GTX♅Bzumzum|move: Stealth Rock","|","|-weather|Sandstorm|[upkeep]","|-damage|p2a: Water-Safe|285/303|[from] sandstorm","|turn|3","|","|switch|p1a: Rose|Hydreigon, F|325/325","|move|p2a: Water-Safe|Will-O-Wisp|p1a: Rose|[miss]","|-miss|p2a: Water-Safe|p1a: Rose","|","|-weather|Sandstorm|[upkeep]","|-damage|p1a: Rose|305/325|[from] sandstorm","|-damage|p2a: Water-Safe|267/303|[from] sandstorm","|turn|4","|","|move|p1a: Rose|Thunder Fang|p2a: Water-Safe","|-damage|p2a: Water-Safe|220/303","|move|p2a: Water-Safe|Hydro Pump|p1a: Rose","|-resisted|p1a: Rose","|-damage|p1a: Rose|234/325","|","|-weather|Sandstorm|[upkeep]","|-damage|p1a: Rose|214/325|[from] sandstorm","|-damage|p2a: Water-Safe|202/303|[from] sandstorm","|turn|5","|","|move|p1a: Rose|Dark Pulse|p2a: Water-Safe","|-damage|p2a: Water-Safe|112/303","|move|p2a: Water-Safe|Will-O-Wisp|p1a: Rose","|-status|p1a: Rose|brn","|","|-weather|Sandstorm|[upkeep]","|-damage|p1a: Rose|194/325 brn|[from] sandstorm","|-damage|p2a: Water-Safe|94/303|[from] sandstorm","|-damage|p1a: Rose|154/325 brn|[from] brn","|turn|6","|","|move|p1a: Rose|Fire Blast|p2a: Water-Safe","|-resisted|p2a: Water-Safe","|-damage|p2a: Water-Safe|49/303","|move|p2a: Water-Safe|Hex|p1a: Rose","|-resisted|p1a: Rose","|-damage|p1a: Rose|94/325 brn","|","|-weather|Sandstorm|[upkeep]","|-damage|p1a: Rose|74/325 brn|[from] sandstorm","|-damage|p2a: Water-Safe|31/303|[from] sandstorm","|-damage|p1a: Rose|34/325 brn|[from] brn","|turn|7","|","|move|p1a: Rose|Fire Blast|p2a: Water-Safe","|-resisted|p2a: Water-Safe","|-damage|p2a: Water-Safe|0 fnt","|faint|p2a: Water-Safe","|","|-weather|Sandstorm|[upkeep]","|-damage|p1a: Rose|14/325 brn|[from] sandstorm","|-damage|p1a: Rose|0 fnt|[from] brn","|faint|p1a: Rose","|","|switch|p2a: Zapz|Zapdos, shiny|384/384","|switch|p1a: Sonya|Tyranitar, F, shiny|339/403","|-damage|p2a: Zapz|288/384|[from] Stealth Rock","|-ability|p2a: Zapz|Pressure","|turn|8","|","|move|p2a: Zapz|Heat Wave|p1a: Sonya","|-resisted|p1a: Sonya","|-damage|p1a: Sonya|295/403","|move|p1a: Sonya|Stone Edge|p2a: Zapz|[miss]","|-miss|p1a: Sonya|p2a: Zapz","|","|-weather|none","|-heal|p2a: Zapz|312/384|[from] item: Leftovers","|turn|9","|","|move|p2a: Zapz|Defog|p1a: Sonya","|-unboost|p1a: Sonya|evasion|1","|-sideend|p2: GTX♅Bzumzum|Stealth Rock|[from] move: Defog|[of] p2a: Zapz","|move|p1a: Sonya|Crunch|p2a: Zapz","|-damage|p2a: Zapz|129/384","|","|-heal|p2a: Zapz|153/384|[from] item: Leftovers","|turn|10","|","|move|p2a: Zapz|Roost|p2a: Zapz","|-heal|p2a: Zapz|345/384","|move|p1a: Sonya|Ice Beam|p2a: Zapz","|-damage|p2a: Zapz|273/384","|","|-heal|p2a: Zapz|297/384|[from] item: Leftovers","|turn|11","|","|move|p2a: Zapz|Heat Wave|p1a: Sonya","|-resisted|p1a: Sonya","|-damage|p1a: Sonya|225/403","|move|p1a: Sonya|Crunch|p2a: Zapz","|-damage|p2a: Zapz|116/384","|-unboost|p2a: Zapz|def|1","|","|-heal|p2a: Zapz|140/384|[from] item: Leftovers","|turn|12","|","|switch|p2a: Plugg-in Failure|Electivire, M, shiny|273/291","|move|p1a: Sonya|Crunch|p2a: Plugg-in Failure","|-damage|p2a: Plugg-in Failure|59/291","|","|turn|13","|","|move|p2a: Plugg-in Failure|Cross Chop|p1a: Sonya","|-crit|p1a: Sonya","|-supereffective|p1a: Sonya","|-damage|p1a: Sonya|0 fnt","|faint|p1a: Sonya","|","|","|switch|p1a: Seth|Weavile, M|281/281","|-ability|p1a: Seth|Pressure","|turn|14","|","|move|p2a: Plugg-in Failure|Cross Chop|p1a: Seth","|-supereffective|p1a: Seth","|-damage|p1a: Seth|0 fnt","|faint|p1a: Seth","|","|","|switch|p1a: Demon|Houndoom, M|291/291","|-ability|p1a: Demon|Unnerve|p2: GTX♅Bzumzum","|turn|15","|","|detailschange|p1a: Demon|Houndoom-Mega, M","|-mega|p1a: Demon|Houndoom|Houndoominite","|move|p2a: Plugg-in Failure|Cross Chop|p1a: Demon","|-supereffective|p1a: Demon","|-damage|p1a: Demon|0 fnt","|faint|p1a: Demon","|","|","|switch|p1a: Wednesday|Honchkrow, F, shiny|403/403","|turn|16","|","|switch|p2a: Zapz|Zapdos, shiny|140/384","|-ability|p2a: Zapz|Pressure","|move|p1a: Wednesday|Sucker Punch|p2a: Zapz","|-fail|p1a: Wednesday","|","|-heal|p2a: Zapz|164/384|[from] item: Leftovers","|turn|17","|-activate|p1a: Wednesday|item: Quick Claw","|","|move|p1a: Wednesday|Superpower|p2a: Zapz","|-resisted|p2a: Zapz","|-damage|p2a: Zapz|83/384","|-unboost|p1a: Wednesday|atk|1","|-unboost|p1a: Wednesday|def|1","|move|p2a: Zapz|Roost|p2a: Zapz","|-heal|p2a: Zapz|275/384","|","|-heal|p2a: Zapz|299/384|[from] item: Leftovers","|turn|18","|","|move|p2a: Zapz|Defog|p1a: Wednesday","|-unboost|p1a: Wednesday|evasion|1","|move|p1a: Wednesday|Superpower|p2a: Zapz","|-resisted|p2a: Zapz","|-damage|p2a: Zapz|243/384","|-unboost|p1a: Wednesday|atk|1","|-unboost|p1a: Wednesday|def|1","|","|-heal|p2a: Zapz|267/384|[from] item: Leftovers","|turn|19","|","|move|p2a: Zapz|Roost|p2a: Zapz","|-heal|p2a: Zapz|384/384","|move|p1a: Wednesday|Superpower|p2a: Zapz","|-damage|p2a: Zapz|291/384","|-unboost|p1a: Wednesday|atk|1","|-unboost|p1a: Wednesday|def|1","|","|-heal|p2a: Zapz|315/384|[from] item: Leftovers","|turn|20","|","|move|p2a: Zapz|Heat Wave|p1a: Wednesday","|-damage|p1a: Wednesday|215/403","|move|p1a: Wednesday|Brave Bird|p2a: Zapz","|-resisted|p2a: Zapz","|-damage|p2a: Zapz|267/384","|-damage|p1a: Wednesday|199/403|[from] recoil|[of] p2a: Zapz","|","|-heal|p2a: Zapz|291/384|[from] item: Leftovers","|turn|21","|-activate|p1a: Wednesday|item: Quick Claw","|","|move|p1a: Wednesday|Brave Bird|p2a: Zapz","|-resisted|p2a: Zapz","|-damage|p2a: Zapz|235/384","|-damage|p1a: Wednesday|181/403|[from] recoil|[of] p2a: Zapz","|move|p2a: Zapz|Defog|p1a: Wednesday","|-unboost|p1a: Wednesday|evasion|1","|","|-heal|p2a: Zapz|259/384|[from] item: Leftovers","|turn|22","|-activate|p1a: Wednesday|item: Quick Claw","|","|move|p1a: Wednesday|Brave Bird|p2a: Zapz","|-resisted|p2a: Zapz","|-damage|p2a: Zapz|210/384","|-damage|p1a: Wednesday|165/403|[from] recoil|[of] p2a: Zapz","|move|p2a: Zapz|Roost|p2a: Zapz","|-heal|p2a: Zapz|384/384","|","|turn|23","|","|move|p1a: Wednesday|Sucker Punch|p2a: Zapz","|-damage|p2a: Zapz|317/384","|move|p2a: Zapz|Heat Wave|p1a: Wednesday","|-damage|p1a: Wednesday|0 fnt","|faint|p1a: Wednesday","|","|-heal|p2a: Zapz|341/384|[from] item: Leftovers","|","|switch|p1a: Night|Umbreon, M, shiny|394/394","|turn|24","|","|move|p2a: Zapz|Heat Wave|p1a: Night","|-damage|p1a: Night|317/394","|move|p1a: Night|Confuse Ray|p2a: Zapz","|-start|p2a: Zapz|confusion","|","|-heal|p2a: Zapz|365/384|[from] item: Leftovers","|-heal|p1a: Night|341/394|[from] item: Leftovers","|turn|25","|","|-activate|p2a: Zapz|confusion","|move|p2a: Zapz|Heat Wave|p1a: Night","|-damage|p1a: Night|262/394","|move|p1a: Night|Toxic|p2a: Zapz","|-status|p2a: Zapz|tox","|","|-heal|p2a: Zapz|384/384 tox|[from] item: Leftovers","|-heal|p1a: Night|286/394|[from] item: Leftovers","|-damage|p2a: Zapz|360/384 tox|[from] psn","|turn|26","|","|-activate|p2a: Zapz|confusion","|-damage|p2a: Zapz|332/384 tox|[from] confusion","|move|p1a: Night|Foul Play|p2a: Zapz","|-damage|p2a: Zapz|229/384 tox","|","|-heal|p2a: Zapz|253/384 tox|[from] item: Leftovers","|-heal|p1a: Night|310/394|[from] item: Leftovers","|-damage|p2a: Zapz|205/384 tox|[from] psn","|turn|27","|","|-activate|p2a: Zapz|confusion","|move|p2a: Zapz|Heat Wave|p1a: Night","|-damage|p1a: Night|231/394","|move|p1a: Night|Foul Play|p2a: Zapz","|-damage|p2a: Zapz|100/384 tox","|","|-heal|p2a: Zapz|124/384 tox|[from] item: Leftovers","|-heal|p1a: Night|255/394|[from] item: Leftovers","|-damage|p2a: Zapz|52/384 tox|[from] psn","|turn|28","|","|-end|p2a: Zapz|confusion","|move|p2a: Zapz|Heat Wave|p1a: Night","|-damage|p1a: Night|177/394","|move|p1a: Night|Foul Play|p2a: Zapz","|-damage|p2a: Zapz|0 fnt","|faint|p2a: Zapz","|","|-heal|p1a: Night|201/394|[from] item: Leftovers","|","|switch|p2a: Thundernor|Eelektross, M, shiny|374/374","|turn|29","|","|move|p1a: Night|Toxic|p2a: Thundernor","|-status|p2a: Thundernor|tox","|move|p2a: Thundernor|Knock Off|p1a: Night","|-resisted|p1a: Night","|-damage|p1a: Night|150/394","|-enditem|p1a: Night|Leftovers|[from] move: Knock Off|[of] p2a: Thundernor","|","|-damage|p2a: Thundernor|351/374 tox|[from] psn","|turn|30","|","|move|p1a: Night|Moonlight|p1a: Night","|-heal|p1a: Night|347/394","|move|p2a: Thundernor|Drain Punch|p1a: Night","|-supereffective|p1a: Night","|-damage|p1a: Night|175/394","|-heal|p2a: Thundernor|374/374 tox|[from] drain|[of] p1a: Night","|","|-damage|p2a: Thundernor|328/374 tox|[from] psn","|turn|31","|","|move|p1a: Night|Moonlight|p1a: Night","|-heal|p1a: Night|372/394","|move|p2a: Thundernor|U-turn|p1a: Night","|-supereffective|p1a: Night","|-damage|p1a: Night|226/394","|","|switch|p2a: Plugg-in Failure|Electivire, M, shiny|59/291","|","|turn|32","|","|move|p2a: Plugg-in Failure|Return|p1a: Night","|-damage|p1a: Night|98/394","|move|p1a: Night|Foul Play|p2a: Plugg-in Failure","|-damage|p2a: Plugg-in Failure|0 fnt","|faint|p2a: Plugg-in Failure","|","|","|switch|p2a: MY ZONE!!!|Magnezone, shiny|343/343","|turn|33","|","|move|p1a: Night|Confuse Ray|p2a: MY ZONE!!!","|-start|p2a: MY ZONE!!!|confusion","|-activate|p2a: MY ZONE!!!|confusion","|move|p2a: MY ZONE!!!|Signal Beam|p1a: Night","|-supereffective|p1a: Night","|-damage|p1a: Night|0 fnt","|faint|p1a: Night","|","|win|GTX♅Bzumzum"],"p1rating":{"entryid":"7303911","serverid":"eos","formatid":"monotype","userid":"silvermnp","username":"Silver-MNP","w":"1","l":2,"t":"0","gxe":41.5,"r":"1463.1693371005","rd":"123.06474665529","sigma":"0","rptime":"1438765200","rpr":1431.9986483937,"rprd":112.49586059892,"rpsigma":"0","acre":1030.0602861337,"lacre":1030.0602861337,"oldacre":"1047.2090958569"},"p2rating":{"entryid":"6857825","serverid":"eos","formatid":"monotype","userid":"gtxbzumzum","username":"GTX♅Bzumzum","w":23,"l":"84","t":"0","gxe":22.9,"r":"1266.9718456916","rd":"38.943326704569","sigma":"0","rptime":"1438765200","rpr":1270.6813916888,"rprd":38.572918598594,"rpsigma":"0","acre":1079.0924516508,"lacre":1079.0924516508,"oldacre":"1045.8372479133"},"endType":"normal"}