{"seed":[44595,16862,47024,31757],"turns":25,"p1":"Emg Twizz","p2":"IV HairyChild","p1team":[{"name":"Raikou","species":"Raikou","item":"leftovers","ability":"Pressure","moves":["extrasensory","reflect","lightscreen","voltswitch"],"nature":"Timid","evs":{"hp":116,"atk":0,"def":0,"spa":136,"spd":4,"spe":252},"ivs":{"hp":31,"atk":31,"def":31,"spa":31,"spd":31,"spe":31}},{"name":"Rotom-Wash","species":"Rotom-Wash","item":"lightclay","ability":"Levitate","moves":["lightscreen","reflect","painsplit","hydropump"],"nature":"Calm","evs":{"hp":252,"atk":0,"def":0,"spa":4,"spd":252,"spe":0},"ivs":{"hp":31,"atk":31,"def":31,"spa":31,"spd":31,"spe":31}},{"name":"Zapdos","species":"Zapdos","item":"leftovers","ability":"Pressure","moves":["toxic","defog","roost","uturn"],"nature":"Careful","evs":{"hp":0,"atk":4,"def":252,"spa":0,"spd":252,"spe":0},"ivs":{"hp":31,"atk":31,"def":31,"spa":31,"spd":31,"spe":31}},{"name":"Thundurus-Therian","species":"Thundurus-Therian","item":"leftovers","ability":"Volt Absorb","moves":["agility","thunderbolt","psychic","hiddenpowerice"],"nature":"Modest","evs":{"hp":0,"atk":0,"def":0,"spa":252,"spd":4,"spe":252},"ivs":{"hp":31,"atk":30,"def":30,"spa":31,"spd":31,"spe":31}},{"name":"Galvantula","species":"Galvantula","item":"focussash","ability":"Compound Eyes","moves":["stickyweb","thunderbolt","energyball","bugbuzz"],"nature":"Timid","evs":{"hp":0,"atk":0,"def":0,"spa":252,"spd":4,"spe":252},"ivs":{"hp":31,"atk":31,"def":31,"spa":31,"spd":31,"spe":31}},{"name":"Ampharos","species":"Ampharos","item":"ampharosite","ability":"Static","moves":["cottonguard","rest","sleeptalk","dragonpulse"],"nature":"Calm","evs":{"hp":4,"atk":0,"def":0,"spa":252,"spd":252,"spe":0},"ivs":{"hp":31,"atk":31,"def":31,"spa":31,"spd":31,"spe":31}}],"p2team":[{"name":"Cancer bulk","species":"chansey","item":"eviolite","ability":"Natural Cure","moves":["toxic","stealthrock","wish","seismictoss"],"nature":"Bold","evs":{"hp":128,"atk":0,"def":252,"spa":0,"spd":128,"spe":0},"ivs":{"hp":31,"atk":31,"def":31,"spa":31,"spd":31,"spe":31}},{"name":"Pepto-Bismol","species":"lopunny","item":"lopunnite","ability":"Limber","moves":["highjumpkick","substitute","poweruppunch","return"],"nature":"Jolly","evs":{"hp":0,"atk":252,"def":0,"spa":0,"spd":4,"spe":252},"shiny":true,"ivs":{"hp":31,"atk":31,"def":31,"spa":31,"spd":31,"spe":31}},{"name":"Hurricane","species":"staraptor","item":"leftovers","ability":"Intimidate","moves":["bravebird","featherdance","roost","defog"],"nature":"Impish","evs":{"hp":252,"atk":0,"def":176,"spa":0,"spd":80,"spe":0},"ivs":{"hp":31,"atk":31,"def":31,"spa":31,"spd":31,"spe":31}},{"name":"Meloetta","species":"Meloetta","item":"choicespecs","ability":"Serene Grace","moves":["psychic","focusblast","thunderbolt","shadowball"],"nature":"Modest","evs":{"hp":8,"atk":0,"def":0,"spa":252,"spd":8,"spe":240},"ivs":{"hp":31,"atk":31,"def":31,"spa":31,"spd":31,"spe":31}},{"name":"Ditto","species":"Ditto","item":"choicescarf","ability":"Imposter","moves":["transform"],"nature":"Bold","evs":{"hp":248,"atk":0,"def":252,"spa":0,"spd":8,"spe":0},"ivs":{"hp":31,"atk":31,"def":31,"spa":31,"spd":31,"spe":31}},{"name":"Chocolate Milk","species":"diggersby","item":"lifeorb","ability":"Huge Power","moves":["return","earthquake","quickattack","swordsdance"],"nature":"Jolly","evs":{"hp":0,"atk":252,"def":4,"spa":0,"spd":0,"spe":252},"shiny":true,"ivs":{"hp":31,"atk":31,"def":31,"spa":31,"spd":31,"spe":31}}],"log":["|player|p1|Emg Twizz|122","|player|p2|IV HairyChild|293","|gametype|singles","|gen|6","|tier|Monotype","|rated","|rule|Baton Pass Clause: Limit one Baton Passer, can't pass Spe and other stats simultaneously","|rule|Swagger Clause: Swagger is banned","|rule|Same Type Clause: Pokémon in a team must share a type","|clearpoke","|poke|p1|Raikou","|poke|p1|Rotom-Wash","|poke|p1|Zapdos","|poke|p1|Thundurus-Therian, M","|poke|p1|Galvantula, F","|poke|p1|Ampharos, F","|poke|p2|Chansey, F","|poke|p2|Lopunny, M, shiny","|poke|p2|Staraptor, M","|poke|p2|Meloetta","|poke|p2|Ditto","|poke|p2|Diggersby, F, shiny","|rule|Sleep Clause Mod: Limit one foe put to sleep","|rule|Species Clause: Limit one of each Pokémon","|rule|OHKO Clause: OHKO moves are banned","|rule|Moody Clause: Moody is banned","|rule|Evasion Moves Clause: Evasion moves are banned","|rule|Endless Battle Clause: Forcing endless battles is banned","|rule|HP Percentage Mod: HP is shown in percentages","|teampreview","|","|start","|switch|p1a: Galvantula|Galvantula, F|281/281","|switch|p2a: Pepto-Bismol|Lopunny, M, shiny|271/271","|turn|1","|","|switch|p1a: Rotom-Wash|Rotom-Wash|304/304","|detailschange|p2a: Pepto-Bismol|Lopunny-Mega, M, shiny","|-mega|p2a: Pepto-Bismol|Lopunny|Lopunnite","|move|p2a: Pepto-Bismol|Substitute|p2a: Pepto-Bismol","|-start|p2a: Pepto-Bismol|Substitute","|-damage|p2a: Pepto-Bismol|204/271","|","|turn|2","|","|move|p2a: Pepto-Bismol|Power-Up Punch|p1a: Rotom-Wash","|-damage|p1a: Rotom-Wash|237/304","|-boost|p2a: Pepto-Bismol|atk|1","|move|p1a: Rotom-Wash|Reflect|p1a: Rotom-Wash","|-sidestart|p1: Emg Twizz|Reflect","|","|turn|3","|","|switch|p1a: Ampharos|Ampharos, F|322/322","|move|p2a: Pepto-Bismol|Power-Up Punch|p1a: Ampharos","|-damage|p1a: Ampharos|259/322","|-boost|p2a: Pepto-Bismol|atk|1","|","|turn|4","|","|detailschange|p1a: Ampharos|Ampharos-Mega, F","|-mega|p1a: Ampharos|Ampharos|Ampharosite","|-ability|p1a: Ampharos|Mold Breaker","|move|p2a: Pepto-Bismol|High Jump Kick|p1a: Ampharos|[miss]","|-miss|p2a: Pepto-Bismol|p1a: Ampharos","|-damage|p2a: Pepto-Bismol|69/271|[from] highjumpkick","|move|p1a: Ampharos|Cotton Guard|p1a: Ampharos","|-boost|p1a: Ampharos|def|3","|","|turn|5","|","|move|p2a: Pepto-Bismol|Power-Up Punch|p1a: Ampharos","|-damage|p1a: Ampharos|233/322","|-boost|p2a: Pepto-Bismol|atk|1","|move|p1a: Ampharos|Cotton Guard|p1a: Ampharos","|-boost|p1a: Ampharos|def|3","|","|turn|6","|","|move|p2a: Pepto-Bismol|Power-Up Punch|p1a: Ampharos","|-damage|p1a: Ampharos|211/322","|-boost|p2a: Pepto-Bismol|atk|1","|move|p1a: Ampharos|Dragon Pulse|p2a: Pepto-Bismol","|-crit|p2a: Pepto-Bismol","|-end|p2a: Pepto-Bismol|Substitute","|","|turn|7","|","|move|p2a: Pepto-Bismol|High Jump Kick|p1a: Ampharos|[miss]","|-miss|p2a: Pepto-Bismol|p1a: Ampharos","|-damage|p2a: Pepto-Bismol|0 fnt|[from] highjumpkick","|faint|p2a: Pepto-Bismol","|move|p1a: Ampharos|Dragon Pulse|p2: Pepto-Bismol|[notarget]","|-notarget","|","|","|switch|p2a: Ditto|Ditto|299/299","|-transform|p2a: Ditto|p1a: Ampharos","|-ability|p2a: Ditto|Mold Breaker","|turn|8","|","|switch|p1a: Thundurus-Therian|Thundurus-Therian, M|299/299","|move|p2a: Ditto|Dragon Pulse|p1a: Thundurus-Therian","|-damage|p1a: Thundurus-Therian|91/299","|","|-heal|p1a: Thundurus-Therian|109/299|[from] item: Leftovers","|turn|9","|","|move|p1a: Thundurus-Therian|Hidden Power|p2a: Ditto","|-supereffective|p2a: Ditto","|-damage|p2a: Ditto|187/299","|move|p2a: Ditto|Dragon Pulse|p1a: Thundurus-Therian","|-damage|p1a: Thundurus-Therian|0 fnt","|faint|p1a: Thundurus-Therian","|","|-sideend|p1: Emg Twizz|Reflect","|","|switch|p1a: Rotom-Wash|Rotom-Wash|237/304","|turn|10","|","|move|p1a: Rotom-Wash|Light Screen|p1a: Rotom-Wash","|-sidestart|p1: Emg Twizz|move: Light Screen","|move|p2a: Ditto|Dragon Pulse|p1a: Rotom-Wash","|-crit|p1a: Rotom-Wash","|-damage|p1a: Rotom-Wash|53/304","|","|turn|11","|","|move|p1a: Rotom-Wash|Pain Split|p2a: Ditto","|-sethp|p2a: Ditto|120/299|p1a: Rotom-Wash|120/304|[from] move: Pain Split","|move|p2a: Ditto|Dragon Pulse|p1a: Rotom-Wash","|-damage|p1a: Rotom-Wash|56/304","|","|turn|12","|","|move|p1a: Rotom-Wash|Hydro Pump|p2a: Ditto","|-resisted|p2a: Ditto","|-damage|p2a: Ditto|72/299","|move|p2a: Ditto|Dragon Pulse|p1a: Rotom-Wash","|-damage|p1a: Rotom-Wash|0 fnt","|faint|p1a: Rotom-Wash","|","|","|switch|p1a: Raikou|Raikou|350/350","|-ability|p1a: Raikou|Pressure","|turn|13","|","|switch|p2a: Cancer bulk|Chansey, F|673/673","|move|p1a: Raikou|Extrasensory|p2a: Cancer bulk","|-damage|p2a: Cancer bulk|626/673","|","|turn|14","|","|switch|p1a: Zapdos|Zapdos|321/321","|-ability|p1a: Zapdos|Pressure","|move|p2a: Cancer bulk|Toxic|p1a: Zapdos","|-status|p1a: Zapdos|tox","|","|-damage|p1a: Zapdos|301/321 tox|[from] psn","|turn|15","|","|move|p1a: Zapdos|Toxic|p2a: Cancer bulk|[miss]","|-miss|p1a: Zapdos|p2a: Cancer bulk","|move|p2a: Cancer bulk|Toxic|p1a: Zapdos","|-fail|p1a: Zapdos|tox","|","|-heal|p1a: Zapdos|321/321 tox|[from] item: Leftovers","|-damage|p1a: Zapdos|281/321 tox|[from] psn","|turn|16","|","|move|p1a: Zapdos|Toxic|p2a: Cancer bulk","|-status|p2a: Cancer bulk|tox","|move|p2a: Cancer bulk|Stealth Rock|p1a: Zapdos","|-sidestart|p1: Emg Twizz|move: Stealth Rock","|","|-heal|p1a: Zapdos|301/321 tox|[from] item: Leftovers","|-damage|p1a: Zapdos|241/321 tox|[from] psn","|-damage|p2a: Cancer bulk|584/673 tox|[from] psn","|turn|17","|","|move|p1a: Zapdos|U-turn|p2a: Cancer bulk","|-damage|p2a: Cancer bulk|517/673 tox","|","|switch|p1a: Ampharos|Ampharos-Mega, F|211/322","|-damage|p1a: Ampharos|171/322|[from] Stealth Rock","|-ability|p1a: Ampharos|Mold Breaker","|move|p2a: Cancer bulk|Seismic Toss|p1a: Ampharos","|-damage|p1a: Ampharos|71/322","|","|-damage|p2a: Cancer bulk|433/673 tox|[from] psn","|-sideend|p1: Emg Twizz|move: Light Screen","|turn|18","|","|move|p2a: Cancer bulk|Wish|p2a: Cancer bulk","|move|p1a: Ampharos|Rest|p1a: Ampharos","|-status|p1a: Ampharos|slp","|-heal|p1a: Ampharos|322/322 slp|[silent]","|-status|p1a: Ampharos|slp|[from] move: Rest","|","|-damage|p2a: Cancer bulk|307/673 tox|[from] psn","|turn|19","|","|switch|p2a: Ditto|Ditto|72/299","|-transform|p2a: Ditto|p1a: Ampharos","|-ability|p2a: Ditto|Mold Breaker","|cant|p1a: Ampharos|slp","|move|p1a: Ampharos|Sleep Talk|p1a: Ampharos","|move|p1a: Ampharos|Dragon Pulse|p2a: Ditto|[from]Sleep Talk","|-supereffective|p2a: Ditto","|-damage|p2a: Ditto|0 fnt","|faint|p2a: Ditto","|","|","|switch|p2a: Cancer bulk|Chansey, F|307/673","|turn|20","|","|move|p2a: Cancer bulk|Wish|p2a: Cancer bulk","|cant|p1a: Ampharos|slp","|move|p1a: Ampharos|Sleep Talk|p1a: Ampharos","|move|p1a: Ampharos|Rest|p1a: Ampharos|[from]Sleep Talk","|-fail|p1a: Ampharos","|","|turn|21","|","|move|p2a: Cancer bulk|Seismic Toss|p1a: Ampharos","|-damage|p1a: Ampharos|222/322 slp","|-curestatus|p1a: Ampharos|slp","|move|p1a: Ampharos|Dragon Pulse|p2a: Cancer bulk","|-crit|p2a: Cancer bulk","|-damage|p2a: Cancer bulk|162/673","|","|-heal|p2a: Cancer bulk|498/673|[from] move: Wish|[wisher] Cancer bulk","|turn|22","|","|switch|p1a: Galvantula|Galvantula, F|281/281","|-damage|p1a: Galvantula|211/281|[from] Stealth Rock","|move|p2a: Cancer bulk|Wish|p2a: Cancer bulk","|","|turn|23","|","|move|p1a: Galvantula|Thunderbolt|p2a: Cancer bulk","|-damage|p2a: Cancer bulk|422/673","|move|p2a: Cancer bulk|Toxic|p1a: Galvantula","|-status|p1a: Galvantula|tox","|","|-heal|p2a: Cancer bulk|673/673|[from] move: Wish|[wisher] Cancer bulk","|-damage|p1a: Galvantula|194/281 tox|[from] psn","|turn|24","|","|switch|p1a: Ampharos|Ampharos-Mega, F|222/322","|-damage|p1a: Ampharos|182/322|[from] Stealth Rock","|-ability|p1a: Ampharos|Mold Breaker","|move|p2a: Cancer bulk|Seismic Toss|p1a: Ampharos","|-damage|p1a: Ampharos|82/322","|","|turn|25","|","|win|IV HairyChild"],"p1rating":{"entryid":"7063522","serverid":"eos","formatid":"monotype","userid":"emgtwizz","username":"Emg Twizz","w":"8","l":9,"t":"0","gxe":49.1,"r":"1503.0391610748","rd":"81.862346636899","sigma":"0","rptime":"1438765200","rpr":1493.1934314533,"rprd":76.30644469725,"rpsigma":"0","acre":1105.5166718704,"lacre":1105.5166718704,"oldacre":"1134.1936511711"},"p2rating":{"entryid":"7396689","serverid":"eos","formatid":"monotype","userid":"ivhairychild","username":"IV HairyChild","w":3,"l":"1","t":"0","gxe":56.6,"r":"1466.9624083041","rd":"122.93106832237","sigma":"0","rptime":"1438765200","rpr":1552.4319454662,"rprd":105.87728256542,"rpsigma":"0","acre":1114.3700275544,"lacre":1114.3700275544,"oldacre":"1082.7197814328"},"endType":"forfeit"}