{"seed":[18543,24820,31910,24558],"turns":41,"p1":"KGBeast","p2":"Guard Wanderer","p1team":[{"name":"Skarmory","species":"Skarmory","item":"rockyhelmet","ability":"Sturdy","moves":["spikes","bravebird","whirlwind","roost"],"nature":"Relaxed","evs":{"hp":252,"atk":4,"def":252,"spa":0,"spd":0,"spe":0},"ivs":{"hp":31,"atk":31,"def":31,"spa":31,"spd":31,"spe":0}},{"name":"Heatran","species":"Heatran","item":"leftovers","ability":"Flash Fire","moves":["stealthrock","earthpower","toxic","lavaplume"],"nature":"Calm","evs":{"hp":252,"atk":0,"def":0,"spa":0,"spd":252,"spe":4},"ivs":{"hp":31,"atk":0,"def":31,"spa":31,"spd":31,"spe":31}},{"name":"Bisharp","species":"Bisharp","item":"lumberry","ability":"Defiant","moves":["swordsdance","suckerpunch","ironhead","knockoff"],"nature":"Adamant","evs":{"hp":0,"atk":252,"def":4,"spa":0,"spd":0,"spe":252},"ivs":{"hp":31,"atk":31,"def":31,"spa":31,"spd":31,"spe":31}},{"name":"Magnezone","species":"Magnezone","item":"choicescarf","ability":"Magnet Pull","moves":["voltswitch","thunderbolt","flashcannon","hiddenpowerice"],"nature":"Timid","evs":{"hp":0,"atk":0,"def":4,"spa":252,"spd":0,"spe":252},"ivs":{"hp":31,"atk":30,"def":30,"spa":31,"spd":31,"spe":31}},{"name":"Excadrill","species":"Excadrill","item":"choicescarf","ability":"Mold Breaker","moves":["ironhead","earthquake","rockslide","rapidspin"],"nature":"Jolly","evs":{"hp":0,"atk":252,"def":4,"spa":0,"spd":0,"spe":252},"ivs":{"hp":31,"atk":31,"def":31,"spa":31,"spd":31,"spe":31}},{"name":"Bronzong","species":"Bronzong","item":"leftovers","ability":"Levitate","moves":["rockslide","lightscreen","toxic","gyroball"],"nature":"Careful","evs":{"hp":252,"atk":4,"def":0,"spa":0,"spd":252,"spe":0},"ivs":{"hp":31,"atk":31,"def":31,"spa":31,"spd":31,"spe":31}}],"p2team":[{"name":"Weezing","species":"Weezing","item":"sitrusberry","ability":"Levitate","moves":["toxicspikes","willowisp","memento","thief"],"nature":"Careful","evs":{"hp":248,"atk":8,"def":0,"spa":0,"spd":252,"spe":0},"ivs":{"hp":31,"atk":31,"def":31,"spa":31,"spd":31,"spe":31}},{"name":"Tentacruel","species":"Tentacruel","item":"assaultvest","ability":"Liquid Ooze","moves":["scald","acidspray","gigadrain","hex"],"nature":"Timid","evs":{"hp":0,"atk":0,"def":4,"spa":252,"spd":0,"spe":252},"ivs":{"hp":31,"atk":31,"def":31,"spa":31,"spd":31,"spe":31}},{"name":"Skuntank","species":"Skuntank","item":"","ability":"Stench","moves":["snatch","thief","suckerpunch","poisonjab"],"nature":"Adamant","evs":{"hp":248,"atk":252,"def":0,"spa":0,"spd":8,"spe":0},"ivs":{"hp":31,"atk":31,"def":31,"spa":31,"spd":31,"spe":31}},{"name":"Crobat","species":"Crobat","item":"whiteherb","ability":"Infiltrator","moves":["curse","acrobatics","roost","hypnosis"],"nature":"Jolly","evs":{"hp":248,"atk":8,"def":0,"spa":0,"spd":0,"spe":252},"ivs":{"hp":31,"atk":31,"def":31,"spa":31,"spd":31,"spe":31}},{"name":"Gengar","species":"Gengar","item":"choicescarf","ability":"Levitate","moves":["trick","destinybond","venoshock","hex"],"nature":"Timid","evs":{"hp":0,"atk":0,"def":0,"spa":252,"spd":4,"spe":252},"ivs":{"hp":31,"atk":31,"def":31,"spa":31,"spd":31,"spe":31}},{"name":"Amoonguss","species":"Amoonguss","item":"blacksludge","ability":"Regenerator","moves":["spore","gigadrain","gastroacid","stunspore"],"nature":"Calm","evs":{"hp":248,"atk":0,"def":0,"spa":8,"spd":252,"spe":0},"shiny":true,"ivs":{"hp":31,"atk":31,"def":31,"spa":31,"spd":31,"spe":31}}],"log":["|player|p1|KGBeast|kgbeast.png","|player|p2|Guard Wanderer|235","|gametype|singles","|gen|6","|tier|Monotype","|rated","|rule|Baton Pass Clause: Limit one Baton Passer, can't pass Spe and other stats simultaneously","|rule|Swagger Clause: Swagger is banned","|rule|Same Type Clause: Pokémon in a team must share a type","|clearpoke","|poke|p1|Skarmory, M","|poke|p1|Heatran, M","|poke|p1|Bisharp, M","|poke|p1|Magnezone","|poke|p1|Excadrill, F","|poke|p1|Bronzong","|poke|p2|Weezing, M","|poke|p2|Tentacruel, M","|poke|p2|Skuntank, F","|poke|p2|Crobat, M","|poke|p2|Gengar, F","|poke|p2|Amoonguss, F, shiny","|rule|Sleep Clause Mod: Limit one foe put to sleep","|rule|Species Clause: Limit one of each Pokémon","|rule|OHKO Clause: OHKO moves are banned","|rule|Moody Clause: Moody is banned","|rule|Evasion Moves Clause: Evasion moves are banned","|rule|Endless Battle Clause: Forcing endless battles is banned","|rule|HP Percentage Mod: HP is shown in percentages","|teampreview","|","|start","|switch|p1a: Bisharp|Bisharp, M|271/271","|switch|p2a: Amoonguss|Amoonguss, F, shiny|431/431","|turn|1","|","|move|p1a: Bisharp|Swords Dance|p1a: Bisharp","|-boost|p1a: Bisharp|atk|2","|move|p2a: Amoonguss|Spore|p1a: Bisharp","|-status|p1a: Bisharp|slp","|-enditem|p1a: Bisharp|Lum Berry|[eat]","|-curestatus|p1a: Bisharp|slp","|","|turn|2","|","|move|p1a: Bisharp|Knock Off|p2a: Amoonguss","|-damage|p2a: Amoonguss|0 fnt","|-enditem|p2a: Amoonguss|Black Sludge|[from] move: Knock Off|[of] p1a: Bisharp","|faint|p2a: Amoonguss","|","|","|switch|p2a: Gengar|Gengar, F|261/261","|turn|3","|","|move|p1a: Bisharp|Sucker Punch|p2a: Gengar","|-fail|p1a: Bisharp","|move|p2a: Gengar|Destiny Bond|p2a: Gengar","|-singlemove|p2a: Gengar|Destiny Bond","|","|turn|4","|","|switch|p1a: Heatran|Heatran, M|386/386","|move|p2a: Gengar|Destiny Bond|p2a: Gengar","|-singlemove|p2a: Gengar|Destiny Bond","|","|turn|5","|","|switch|p2a: Tentacruel|Tentacruel, M|301/301","|move|p1a: Heatran|Stealth Rock|p2a: Tentacruel","|-sidestart|p2: Guard Wanderer|move: Stealth Rock","|","|turn|6","|","|switch|p1a: Bisharp|Bisharp, M|271/271","|move|p2a: Tentacruel|Scald|p1a: Bisharp","|-damage|p1a: Bisharp|133/271","|","|turn|7","|","|switch|p2a: Skuntank|Skuntank, F|409/409","|-damage|p2a: Skuntank|358/409|[from] Stealth Rock","|switch|p1a: Bronzong|Bronzong|338/338","|","|turn|8","|","|move|p2a: Skuntank|Thief|p1a: Bronzong","|-supereffective|p1a: Bronzong","|-damage|p1a: Bronzong|182/338","|-item|p2a: Skuntank|Leftovers|[from] move: Thief|[of] p1a: Bronzong","|move|p1a: Bronzong|Gyro Ball|p2a: Skuntank","|-damage|p2a: Skuntank|279/409","|","|-heal|p2a: Skuntank|304/409|[from] item: Leftovers","|turn|9","|","|switch|p1a: Skarmory|Skarmory, M|334/334","|move|p2a: Skuntank|Sucker Punch|p1a: Skarmory","|-fail|p2a: Skuntank","|","|-heal|p2a: Skuntank|329/409|[from] item: Leftovers","|turn|10","|","|move|p2a: Skuntank|Thief|p1a: Skarmory","|-damage|p1a: Skarmory|285/334","|-damage|p2a: Skuntank|261/409|[from] item: Rocky Helmet|[of] p1a: Skarmory","|move|p1a: Skarmory|Whirlwind|p2a: Skuntank","|drag|p2a: Tentacruel|Tentacruel, M|301/301","|-damage|p2a: Tentacruel|264/301|[from] Stealth Rock","|","|turn|11","|","|switch|p2a: Weezing|Weezing, M|333/333","|-damage|p2a: Weezing|292/333|[from] Stealth Rock","|switch|p1a: Bronzong|Bronzong|182/338","|","|turn|12","|","|switch|p2a: Crobat|Crobat, M|373/373","|-damage|p2a: Crobat|280/373|[from] Stealth Rock","|switch|p1a: Heatran|Heatran, M|386/386","|","|turn|13","|","|switch|p1a: Bronzong|Bronzong|182/338","|move|p2a: Crobat|Hypnosis|p1a: Bronzong|[miss]","|-miss|p2a: Crobat|p1a: Bronzong","|","|turn|14","|","|move|p2a: Crobat|Hypnosis|p1a: Bronzong|[miss]","|-miss|p2a: Crobat|p1a: Bronzong","|move|p1a: Bronzong|Light Screen|p1a: Bronzong","|-sidestart|p1: KGBeast|move: Light Screen","|","|turn|15","|","|move|p2a: Crobat|Hypnosis|p1a: Bronzong","|-status|p1a: Bronzong|slp","|cant|p1a: Bronzong|slp","|","|turn|16","|","|switch|p2a: Skuntank|Skuntank, F|261/409","|-damage|p2a: Skuntank|210/409|[from] Stealth Rock","|cant|p1a: Bronzong|slp","|","|-heal|p2a: Skuntank|235/409|[from] item: Leftovers","|turn|17","|","|switch|p1a: Skarmory|Skarmory, M|285/334","|move|p2a: Skuntank|Thief|p1a: Skarmory","|-damage|p1a: Skarmory|231/334","|-damage|p2a: Skuntank|167/409|[from] item: Rocky Helmet|[of] p1a: Skarmory","|","|-heal|p2a: Skuntank|192/409|[from] item: Leftovers","|turn|18","|","|move|p2a: Skuntank|Thief|p1a: Skarmory","|-damage|p1a: Skarmory|182/334","|-damage|p2a: Skuntank|124/409|[from] item: Rocky Helmet|[of] p1a: Skarmory","|cant|p1a: Skarmory|flinch","|","|-heal|p2a: Skuntank|149/409|[from] item: Leftovers","|-sideend|p1: KGBeast|move: Light Screen","|turn|19","|","|move|p2a: Skuntank|Snatch|p2a: Skuntank","|-singleturn|p2a: Skuntank|Snatch","|move|p1a: Skarmory|Roost|p1a: Skarmory","|-activate|p2a: Skuntank|Snatch|[of] p1a: Skarmory","|move|p2a: Skuntank|Roost|p2a: Skuntank|[from]Snatch","|-heal|p2a: Skuntank|354/409","|","|-heal|p2a: Skuntank|379/409|[from] item: Leftovers","|turn|20","|","|switch|p2a: Gengar|Gengar, F|261/261","|-damage|p2a: Gengar|229/261|[from] Stealth Rock","|move|p1a: Skarmory|Roost|p1a: Skarmory","|-heal|p1a: Skarmory|334/334","|","|turn|21","|","|switch|p1a: Heatran|Heatran, M|386/386","|move|p2a: Gengar|Trick|p1a: Heatran","|-activate|p2a: Gengar|move: Trick|[of] p1a: Heatran","|-item|p1a: Heatran|Choice Scarf|[from] move: Trick","|-item|p2a: Gengar|Leftovers|[from] move: Trick","|","|-heal|p2a: Gengar|245/261|[from] item: Leftovers","|turn|22","|","|switch|p2a: Tentacruel|Tentacruel, M|264/301","|-damage|p2a: Tentacruel|227/301|[from] Stealth Rock","|move|p1a: Heatran|Earth Power|p2a: Tentacruel","|-supereffective|p2a: Tentacruel","|-damage|p2a: Tentacruel|127/301","|","|turn|23","|","|switch|p2a: Weezing|Weezing, M|292/333","|-damage|p2a: Weezing|251/333|[from] Stealth Rock","|move|p1a: Heatran|Earth Power|p2a: Weezing","|-immune|p2a: Weezing|[msg]","|","|turn|24","|","|switch|p1a: Bronzong|Bronzong|182/338 slp","|move|p2a: Weezing|Will-O-Wisp|p1a: Bronzong|[miss]","|-miss|p2a: Weezing|p1a: Bronzong","|","|turn|25","|","|switch|p2a: Skuntank|Skuntank, F|379/409","|-damage|p2a: Skuntank|328/409|[from] Stealth Rock","|switch|p1a: Heatran|Heatran, M|386/386","|","|-heal|p2a: Skuntank|353/409|[from] item: Leftovers","|turn|26","|","|switch|p1a: Skarmory|Skarmory, M|334/334","|move|p2a: Skuntank|Sucker Punch|p1a: Skarmory","|-fail|p2a: Skuntank","|","|-heal|p2a: Skuntank|378/409|[from] item: Leftovers","|turn|27","|","|switch|p2a: Crobat|Crobat, M|280/373","|-damage|p2a: Crobat|187/373|[from] Stealth Rock","|move|p1a: Skarmory|Brave Bird|p2a: Crobat","|-damage|p2a: Crobat|36/373","|-damage|p1a: Skarmory|284/334|[from] recoil|[of] p2a: Crobat","|","|turn|28","|","|move|p2a: Crobat|Roost|p2a: Crobat","|-heal|p2a: Crobat|223/373","|move|p1a: Skarmory|Brave Bird|p2a: Crobat","|-damage|p2a: Crobat|85/373","|-damage|p1a: Skarmory|238/334|[from] recoil|[of] p2a: Crobat","|","|turn|29","|","|switch|p1a: Magnezone|Magnezone|281/281","|move|p2a: Crobat|Roost|p2a: Crobat","|-heal|p2a: Crobat|272/373","|","|turn|30","|","|move|p2a: Crobat|Roost|p2a: Crobat","|-heal|p2a: Crobat|373/373","|move|p1a: Magnezone|Volt Switch|p2a: Crobat","|-damage|p2a: Crobat|220/373","|","|switch|p1a: Bisharp|Bisharp, M|133/271","|","|turn|31","|","|move|p2a: Crobat|Curse|p2a: Crobat","|-unboost|p2a: Crobat|spe|1","|-boost|p2a: Crobat|atk|1","|-boost|p2a: Crobat|def|1","|-enditem|p2a: Crobat|White Herb","|-restoreboost|p2a: Crobat|[silent]","|move|p1a: Bisharp|Knock Off|p2a: Crobat","|-damage|p2a: Crobat|120/373","|","|turn|32","|","|move|p2a: Crobat|Roost|p2a: Crobat","|-heal|p2a: Crobat|307/373","|move|p1a: Bisharp|Swords Dance|p1a: Bisharp","|-boost|p1a: Bisharp|atk|2","|","|turn|33","|","|move|p2a: Crobat|Acrobatics|p1a: Bisharp","|-resisted|p1a: Bisharp","|-damage|p1a: Bisharp|44/271","|move|p1a: Bisharp|Iron Head|p2a: Crobat","|-damage|p2a: Crobat|69/373","|","|turn|34","|","|move|p2a: Crobat|Roost|p2a: Crobat","|-heal|p2a: Crobat|256/373","|move|p1a: Bisharp|Iron Head|p2a: Crobat","|-crit|p2a: Crobat","|-damage|p2a: Crobat|0 fnt","|faint|p2a: Crobat","|","|","|switch|p2a: Skuntank|Skuntank, F|378/409","|-damage|p2a: Skuntank|327/409|[from] Stealth Rock","|turn|35","|","|switch|p1a: Skarmory|Skarmory, M|238/334","|move|p2a: Skuntank|Sucker Punch|p1a: Skarmory","|-fail|p2a: Skuntank","|","|-heal|p2a: Skuntank|352/409|[from] item: Leftovers","|turn|36","|","|move|p2a: Skuntank|Thief|p1a: Skarmory","|-damage|p1a: Skarmory|181/334","|-damage|p2a: Skuntank|284/409|[from] item: Rocky Helmet|[of] p1a: Skarmory","|move|p1a: Skarmory|Brave Bird|p2a: Skuntank","|-damage|p2a: Skuntank|124/409","|-damage|p1a: Skarmory|128/334|[from] recoil|[of] p2a: Skuntank","|","|-heal|p2a: Skuntank|149/409|[from] item: Leftovers","|turn|37","|","|move|p2a: Skuntank|Thief|p1a: Skarmory","|-damage|p1a: Skarmory|73/334","|-damage|p2a: Skuntank|81/409|[from] item: Rocky Helmet|[of] p1a: Skarmory","|move|p1a: Skarmory|Brave Bird|p2a: Skuntank","|-damage|p2a: Skuntank|0 fnt","|-damage|p1a: Skarmory|46/334|[from] recoil|[of] p2a: Skuntank","|faint|p2a: Skuntank","|","|","|switch|p2a: Gengar|Gengar, F|245/261","|-damage|p2a: Gengar|213/261|[from] Stealth Rock","|turn|38","|","|move|p2a: Gengar|Hex|p1a: Skarmory","|-damage|p1a: Skarmory|0 fnt","|faint|p1a: Skarmory","|","|-heal|p2a: Gengar|229/261|[from] item: Leftovers","|","|switch|p1a: Excadrill|Excadrill, F|361/361","|-ability|p1a: Excadrill|Mold Breaker","|turn|39","|","|move|p1a: Excadrill|Earthquake|p2a: Gengar","|-supereffective|p2a: Gengar","|-damage|p2a: Gengar|0 fnt","|faint|p2a: Gengar","|","|","|switch|p2a: Weezing|Weezing, M|251/333","|-damage|p2a: Weezing|210/333|[from] Stealth Rock","|turn|40","|","|move|p1a: Excadrill|Earthquake|p2a: Weezing","|-supereffective|p2a: Weezing","|-damage|p2a: Weezing|0 fnt","|faint|p2a: Weezing","|","|","|switch|p2a: Tentacruel|Tentacruel, M|127/301","|-damage|p2a: Tentacruel|90/301|[from] Stealth Rock","|turn|41","|","|move|p1a: Excadrill|Earthquake|p2a: Tentacruel","|-supereffective|p2a: Tentacruel","|-damage|p2a: Tentacruel|0 fnt","|faint|p2a: Tentacruel","|","|win|KGBeast"],"p1rating":{"entryid":"6349485","serverid":"eos","formatid":"monotype","userid":"kgbeast","username":"KGBeast","w":49,"l":"24","t":"0","gxe":64.6,"r":"1612.2302392602","rd":"48.02099657328","sigma":"0","rptime":"1438765200","rpr":1614.3860465663,"rprd":45.834068072776,"rpsigma":"0","acre":1252.9454983015,"lacre":1252.9454983015,"oldacre":"1242.372351024"},"p2rating":{"entryid":"6731189","serverid":"eos","formatid":"monotype","userid":"guardwanderer","username":"Guard Wanderer","w":"77","l":115,"t":"0","gxe":38.3,"r":"1416.6716065611","rd":"31.012894024758","sigma":"0","rptime":"1438765200","rpr":1410.3805139649,"rprd":29.576809420216,"rpsigma":"0","acre":1008.6364866946,"lacre":1008.6364866946,"oldacre":"1013.7372194737"},"endType":"normal"}