{"seed":[53086,52749,59326,47729],"turns":18,"p1":"Alliance - Contort","p2":"Emg GL Test Tech","p1team":[{"name":"Deez Nuts","species":"heracross","item":"heracronite","ability":"Moxie","moves":["bulletseed","rockblast","pinmissile","closecombat"],"nature":"Adamant","evs":{"hp":0,"atk":252,"def":0,"spa":0,"spd":4,"spe":252},"ivs":{"hp":31,"atk":31,"def":31,"spa":31,"spd":31,"spe":31}},{"name":"Gotta go fast","species":"scolipede","item":"lifeorb","ability":"Speed Boost","moves":["rockslide","megahorn","earthquake","protect"],"nature":"Jolly","evs":{"hp":0,"atk":252,"def":0,"spa":0,"spd":4,"spe":252},"ivs":{"hp":31,"atk":31,"def":31,"spa":31,"spd":31,"spe":31}},{"name":"FieryNight","species":"volcarona","item":"lumberry","ability":"Flame Body","moves":["fierydance","quiverdance","bugbuzz","roost"],"nature":"Bold","evs":{"hp":248,"atk":0,"def":208,"spa":0,"spd":0,"spe":52},"ivs":{"hp":31,"atk":31,"def":31,"spa":31,"spd":31,"spe":31}},{"name":"Ban plox","species":"genesect","item":"choicescarf","ability":"Download","moves":["uturn","ironhead","icebeam","flamethrower"],"nature":"Hasty","evs":{"hp":0,"atk":4,"def":0,"spa":252,"spd":0,"spe":252},"ivs":{"hp":31,"atk":31,"def":31,"spa":31,"spd":31,"spe":31}},{"name":"Referee","species":"forretress","item":"redcard","ability":"Sturdy","moves":["gyroball","rapidspin","voltswitch","stealthrock"],"nature":"Relaxed","evs":{"hp":248,"atk":8,"def":252,"spa":0,"spd":0,"spe":0},"ivs":{"hp":31,"atk":31,"def":31,"spa":31,"spd":31,"spe":0}},{"name":"Le Spider","species":"galvantula","item":"focussash","ability":"Compound Eyes","moves":["thunder","stickyweb","gigadrain","bugbuzz"],"nature":"Timid","evs":{"hp":0,"atk":0,"def":0,"spa":252,"spd":4,"spe":252},"ivs":{"hp":31,"atk":31,"def":31,"spa":31,"spd":31,"spe":31}}],"p2team":[{"name":"Hoopa-Unbound","species":"Hoopa-Unbound","item":"lifeorb","ability":"Magician","moves":["gunkshot","focusblast","psychic","hyperspacefury"],"nature":"Hasty","evs":{"hp":0,"atk":88,"def":0,"spa":168,"spd":0,"spe":252},"ivs":{"hp":31,"atk":31,"def":31,"spa":31,"spd":31,"spe":31}},{"name":"Gardevoir","species":"Gardevoir","item":"gardevoirite","ability":"Trace","moves":["hypervoice","taunt","focusblast","willowisp"],"nature":"Timid","evs":{"hp":4,"atk":0,"def":0,"spa":252,"spd":0,"spe":252},"ivs":{"hp":31,"atk":31,"def":31,"spa":31,"spd":31,"spe":31}},{"name":"Latios","species":"Latios","item":"choicescarf","ability":"Levitate","moves":["dracometeor","trick","psychic","surf"],"nature":"Timid","evs":{"hp":0,"atk":0,"def":0,"spa":252,"spd":4,"spe":252},"ivs":{"hp":31,"atk":31,"def":31,"spa":31,"spd":31,"spe":31}},{"name":"Jirachi","species":"Jirachi","item":"leftovers","ability":"Serene Grace","moves":["thunderwave","ironhead","healingwish","substitute"],"nature":"Careful","evs":{"hp":248,"atk":0,"def":0,"spa":0,"spd":228,"spe":32},"ivs":{"hp":31,"atk":31,"def":31,"spa":31,"spd":31,"spe":31}},{"name":"Deoxys-Defense","species":"Deoxys-Defense","item":"leftovers","ability":"Pressure","moves":["nightshade","recover","cosmicpower","toxic"],"nature":"Careful","evs":{"hp":252,"atk":0,"def":128,"spa":0,"spd":128,"spe":0},"ivs":{"hp":31,"atk":31,"def":31,"spa":31,"spd":31,"spe":31}},{"name":"Slowbro","species":"Slowbro","item":"leftovers","ability":"Regenerator","moves":["scald","slackoff","fireblast","yawn"],"nature":"Bold","evs":{"hp":252,"atk":0,"def":200,"spa":0,"spd":56,"spe":0},"ivs":{"hp":31,"atk":31,"def":31,"spa":31,"spd":31,"spe":31}}],"log":["|player|p1|Alliance - Contort|alliancecontort.png","|player|p2|Emg GL Test Tech|149","|gametype|singles","|gen|6","|tier|Monotype","|rated","|rule|Baton Pass Clause: Limit one Baton Passer, can't pass Spe and other stats simultaneously","|rule|Swagger Clause: Swagger is banned","|rule|Same Type Clause: Pokémon in a team must share a type","|clearpoke","|poke|p1|Heracross, M","|poke|p1|Scolipede, F","|poke|p1|Volcarona, M","|poke|p1|Genesect-*","|poke|p1|Forretress, F","|poke|p1|Galvantula, M","|poke|p2|Hoopa-Unbound","|poke|p2|Gardevoir, F","|poke|p2|Latios, M","|poke|p2|Jirachi","|poke|p2|Deoxys-Defense","|poke|p2|Slowbro, M","|rule|Sleep Clause Mod: Limit one foe put to sleep","|rule|Species Clause: Limit one of each Pokémon","|rule|OHKO Clause: OHKO moves are banned","|rule|Moody Clause: Moody is banned","|rule|Evasion Moves Clause: Evasion moves are banned","|rule|Endless Battle Clause: Forcing endless battles is banned","|rule|HP Percentage Mod: HP is shown in percentages","|teampreview","|","|start","|switch|p1a: Ban plox|Genesect|283/283","|switch|p2a: Gardevoir|Gardevoir, F|278/278","|-boost|p1a: Ban plox|atk|1|[from] ability: Download","|-ability|p2a: Gardevoir|Download|[from] ability: Trace|[of] p1a: Ban plox","|-boost|p2a: Gardevoir|atk|1|[from] ability: Download","|turn|1","|","|switch|p2a: Slowbro|Slowbro, M|394/394","|move|p1a: Ban plox|U-turn|p2a: Slowbro","|-supereffective|p2a: Slowbro","|-damage|p2a: Slowbro|190/394","|","|switch|p1a: Deez Nuts|Heracross, M|301/301","|","|-heal|p2a: Slowbro|214/394|[from] item: Leftovers","|turn|2","|","|detailschange|p1a: Deez Nuts|Heracross-Mega, M","|-mega|p1a: Deez Nuts|Heracross|Heracronite","|move|p1a: Deez Nuts|Pin Missile|p2a: Slowbro","|-supereffective|p2a: Slowbro","|-damage|p2a: Slowbro|122/394","|-supereffective|p2a: Slowbro","|-damage|p2a: Slowbro|26/394","|-supereffective|p2a: Slowbro","|-damage|p2a: Slowbro|0 fnt","|-hitcount|p2a: Slowbro|3","|faint|p2a: Slowbro","|","|","|switch|p2a: Gardevoir|Gardevoir, F|278/278","|-ability|p2a: Gardevoir|Skill Link|[from] ability: Trace|[of] p1a: Deez Nuts","|turn|3","|","|switch|p1a: Ban plox|Genesect|283/283","|-boost|p1a: Ban plox|atk|1|[from] ability: Download","|detailschange|p2a: Gardevoir|Gardevoir-Mega, F","|-mega|p2a: Gardevoir|Gardevoir|Gardevoirite","|move|p2a: Gardevoir|Will-O-Wisp|p1a: Ban plox","|-status|p1a: Ban plox|brn","|","|-damage|p1a: Ban plox|248/283 brn|[from] brn","|turn|4","|","|switch|p2a: Latios|Latios, M|301/301","|move|p1a: Ban plox|Iron Head|p2a: Latios","|-crit|p2a: Latios","|-damage|p2a: Latios|156/301","|","|-damage|p1a: Ban plox|213/283 brn|[from] brn","|turn|5","|","|move|p2a: Latios|Psychic|p1a: Ban plox","|-resisted|p1a: Ban plox","|-damage|p1a: Ban plox|128/283 brn","|move|p1a: Ban plox|Iron Head|p2a: Latios","|-damage|p2a: Latios|64/301","|","|-damage|p1a: Ban plox|93/283 brn|[from] brn","|turn|6","|","|switch|p2a: Deoxys-Defense|Deoxys-Defense|304/304","|-ability|p2a: Deoxys-Defense|Pressure","|move|p1a: Ban plox|Iron Head|p2a: Deoxys-Defense","|-damage|p2a: Deoxys-Defense|258/304","|","|-heal|p2a: Deoxys-Defense|277/304|[from] item: Leftovers","|-damage|p1a: Ban plox|58/283 brn|[from] brn","|turn|7","|","|move|p1a: Ban plox|Iron Head|p2a: Deoxys-Defense","|-damage|p2a: Deoxys-Defense|226/304","|move|p2a: Deoxys-Defense|Cosmic Power|p2a: Deoxys-Defense","|-boost|p2a: Deoxys-Defense|def|1","|-boost|p2a: Deoxys-Defense|spd|1","|","|-heal|p2a: Deoxys-Defense|245/304|[from] item: Leftovers","|-damage|p1a: Ban plox|23/283 brn|[from] brn","|turn|8","|","|move|p1a: Ban plox|Iron Head|p2a: Deoxys-Defense","|-damage|p2a: Deoxys-Defense|211/304","|cant|p2a: Deoxys-Defense|flinch","|","|-heal|p2a: Deoxys-Defense|230/304|[from] item: Leftovers","|-damage|p1a: Ban plox|0 fnt|[from] brn","|faint|p1a: Ban plox","|","|switch|p1a: Deez Nuts|Heracross-Mega, M|301/301","|turn|9","|","|switch|p2a: Latios|Latios, M|64/301","|move|p1a: Deez Nuts|Pin Missile|p2a: Latios","|-supereffective|p2a: Latios","|-damage|p2a: Latios|0 fnt","|-hitcount|p2a: Latios|1","|faint|p2a: Latios","|","|","|switch|p2a: Hoopa-Unbound|Hoopa-Unbound|301/301","|turn|10","|","|switch|p1a: FieryNight|Volcarona, M|373/373","|move|p2a: Hoopa-Unbound|Psychic|p1a: FieryNight","|-damage|p1a: FieryNight|159/373","|-unboost|p1a: FieryNight|spd|1","|-damage|p2a: Hoopa-Unbound|271/301|[from] item: Life Orb","|","|turn|11","|","|move|p2a: Hoopa-Unbound|Psychic|p1a: FieryNight","|-damage|p1a: FieryNight|0 fnt","|-damage|p2a: Hoopa-Unbound|241/301|[from] item: Life Orb","|faint|p1a: FieryNight","|","|","|switch|p1a: Gotta go fast|Scolipede, F|261/261","|turn|12","|","|move|p1a: Gotta go fast|Megahorn|p2a: Hoopa-Unbound","|-supereffective|p2a: Hoopa-Unbound","|-damage|p2a: Hoopa-Unbound|0 fnt","|-damage|p1a: Gotta go fast|235/261|[from] item: Life Orb","|faint|p2a: Hoopa-Unbound","|","|-boost|p1a: Gotta go fast|spe|1|[from] ability: Speed Boost","|","|switch|p2a: Jirachi|Jirachi|403/403","|turn|13","|","|move|p1a: Gotta go fast|Protect|p1a: Gotta go fast","|-singleturn|p1a: Gotta go fast|Protect","|move|p2a: Jirachi|Thunder Wave|p1a: Gotta go fast","|-activate|p1a: Gotta go fast|Protect","|","|-boost|p1a: Gotta go fast|spe|1|[from] ability: Speed Boost","|turn|14","|","|move|p1a: Gotta go fast|Earthquake|p2a: Jirachi","|-supereffective|p2a: Jirachi","|-damage|p2a: Jirachi|164/403","|-damage|p1a: Gotta go fast|209/261|[from] item: Life Orb","|move|p2a: Jirachi|Substitute|p2a: Jirachi","|-start|p2a: Jirachi|Substitute","|-damage|p2a: Jirachi|64/403","|","|-heal|p2a: Jirachi|89/403|[from] item: Leftovers","|-boost|p1a: Gotta go fast|spe|1|[from] ability: Speed Boost","|turn|15","|","|move|p1a: Gotta go fast|Earthquake|p2a: Jirachi","|-supereffective|p2a: Jirachi","|-end|p2a: Jirachi|Substitute","|-damage|p1a: Gotta go fast|183/261|[from] item: Life Orb","|move|p2a: Jirachi|Thunder Wave|p1a: Gotta go fast","|-status|p1a: Gotta go fast|par","|","|-heal|p2a: Jirachi|114/403|[from] item: Leftovers","|-boost|p1a: Gotta go fast|spe|1|[from] ability: Speed Boost","|turn|16","|","|move|p1a: Gotta go fast|Earthquake|p2a: Jirachi","|-supereffective|p2a: Jirachi","|-damage|p2a: Jirachi|0 fnt","|-damage|p1a: Gotta go fast|157/261 par|[from] item: Life Orb","|faint|p2a: Jirachi","|","|-boost|p1a: Gotta go fast|spe|1|[from] ability: Speed Boost","|","|switch|p2a: Deoxys-Defense|Deoxys-Defense|230/304","|-ability|p2a: Deoxys-Defense|Pressure","|turn|17","|","|move|p1a: Gotta go fast|Megahorn|p2a: Deoxys-Defense","|-supereffective|p2a: Deoxys-Defense","|-damage|p2a: Deoxys-Defense|0 fnt","|-damage|p1a: Gotta go fast|131/261 par|[from] item: Life Orb","|faint|p2a: Deoxys-Defense","|","|-boost|p1a: Gotta go fast|spe|1|[from] ability: Speed Boost","|","|switch|p2a: Gardevoir|Gardevoir-Mega, F|278/278","|turn|18","|","|move|p1a: Gotta go fast|Megahorn|p2a: Gardevoir","|-damage|p2a: Gardevoir|0 fnt","|-damage|p1a: Gotta go fast|105/261 par|[from] item: Life Orb","|faint|p2a: Gardevoir","|","|win|Alliance - Contort"],"p1rating":{"entryid":"5814858","serverid":"eos","formatid":"monotype","userid":"alliancecontort","username":"Alliance - Contort","w":27,"l":"10","t":"0","gxe":68.7,"r":"1628.5523777155","rd":"68.371937895517","sigma":"0","rptime":"1438765200","rpr":1650.689192137,"rprd":66.072880573141,"rpsigma":"0","acre":1292.6499515739,"lacre":1292.6499515739,"oldacre":"1276.1186847003"},"p2rating":{"entryid":"7162853","serverid":"eos","formatid":"monotype","userid":"emggltesttech","username":"Emg GL Test Tech","w":"6","l":2,"t":"0","gxe":62.6,"r":"1612.3296444451","rd":"99.805079559002","sigma":"0","rptime":"1438765200","rpr":1600.1027789389,"rprd":93.823724703435,"rpsigma":"0","acre":1137.0541632056,"lacre":1137.0541632056,"oldacre":"1153.5854300792"},"endType":"normal"}