{"seed":[16791,55494,8015,608],"turns":23,"p1":"Zukushiku","p2":"Carnie Marx","p1team":[{"name":"Dusclops","species":"Dusclops","item":"eviolite","ability":"Pressure","moves":["rest","sleeptalk","nightshade","willowisp"],"nature":"Calm","evs":{"hp":252,"atk":0,"def":80,"spa":0,"spd":176,"spe":0},"ivs":{"hp":31,"atk":31,"def":31,"spa":31,"spd":31,"spe":31}},{"name":"Sableye","species":"Sableye","item":"sablenite","ability":"Prankster","moves":["knockoff","willowisp","recover","foulplay"],"nature":"Careful","evs":{"hp":252,"atk":0,"def":112,"spa":0,"spd":144,"spe":0},"shiny":true,"ivs":{"hp":31,"atk":31,"def":31,"spa":31,"spd":31,"spe":31}},{"name":"Chandelure","species":"Chandelure","item":"leftovers","ability":"Flash Fire","moves":["substitute","calmmind","flamethrower","shadowball"],"nature":"Timid","evs":{"hp":160,"atk":0,"def":0,"spa":96,"spd":0,"spe":252},"shiny":true,"ivs":{"hp":31,"atk":31,"def":31,"spa":31,"spd":31,"spe":31}},{"name":"Jellicent","species":"Jellicent","item":"leftovers","ability":"Water Absorb","moves":["scald","taunt","toxic","recover"],"nature":"Calm","evs":{"hp":248,"atk":0,"def":0,"spa":0,"spd":216,"spe":44},"ivs":{"hp":31,"atk":31,"def":31,"spa":31,"spd":31,"spe":31}},{"name":"Gengar","species":"Gengar","item":"lifeorb","ability":"Levitate","moves":["substitute","focusblast","shadowball","painsplit"],"nature":"Timid","evs":{"hp":0,"atk":0,"def":0,"spa":252,"spd":4,"spe":252},"ivs":{"hp":31,"atk":31,"def":31,"spa":31,"spd":31,"spe":31}},{"name":"Golurk","species":"Golurk","item":"focussash","ability":"No Guard","moves":["dynamicpunch","earthquake","stealthrock","icepunch"],"nature":"Adamant","evs":{"hp":0,"atk":252,"def":0,"spa":0,"spd":4,"spe":252},"ivs":{"hp":31,"atk":31,"def":31,"spa":31,"spd":31,"spe":31}}],"p2team":[{"name":"Ferrothorn","species":"Ferrothorn","item":"rockyhelmet","ability":"Iron Barbs","moves":["ironhead","thunderwave","leechseed","ingrain"],"nature":"Impish","evs":{"hp":248,"atk":8,"def":252,"spa":0,"spd":0,"spe":0},"ivs":{"hp":31,"atk":31,"def":31,"spa":31,"spd":31,"spe":31}},{"name":"Breloom","species":"Breloom","item":"focussash","ability":"Technician","moves":["bulletseed","machpunch","spore","rocktomb"],"nature":"Jolly","evs":{"hp":0,"atk":252,"def":0,"spa":0,"spd":4,"spe":252},"ivs":{"hp":31,"atk":31,"def":31,"spa":31,"spd":31,"spe":31}},{"name":"Venusaur","species":"Venusaur","item":"venusaurite","ability":"Overgrow","moves":["gigadrain","synthesis","sludgebomb","leechseed"],"nature":"Bold","evs":{"hp":248,"atk":0,"def":252,"spa":8,"spd":0,"spe":0},"ivs":{"hp":31,"atk":31,"def":31,"spa":31,"spd":31,"spe":31}},{"name":"Serperior","species":"Serperior","item":"lifeorb","ability":"Contrary","moves":["leafstorm","gigadrain","dragonpulse","hiddenpowerice"],"nature":"Timid","evs":{"hp":0,"atk":0,"def":0,"spa":252,"spd":4,"spe":252},"ivs":{"hp":31,"atk":30,"def":30,"spa":31,"spd":31,"spe":31}},{"name":"Whimsicott","species":"Whimsicott","item":"flameorb","ability":"Prankster","moves":["cottonguard","leechseed","gigadrain","switcheroo"],"nature":"Calm","evs":{"hp":248,"atk":0,"def":0,"spa":8,"spd":252,"spe":0},"ivs":{"hp":31,"atk":31,"def":31,"spa":31,"spd":31,"spe":31}},{"name":"Virizion","species":"Virizion","item":"assaultvest","ability":"Justified","moves":["gigadrain","sacredsword","stoneedge","xscissor"],"nature":"Lonely","evs":{"hp":248,"atk":252,"def":0,"spa":8,"spd":0,"spe":0},"ivs":{"hp":31,"atk":31,"def":31,"spa":31,"spd":31,"spe":31}}],"log":["|player|p1|Zukushiku|zukushiku.png","|player|p2|Carnie Marx|238","|gametype|singles","|gen|6","|tier|Monotype","|rated","|rule|Baton Pass Clause: Limit one Baton Passer, can't pass Spe and other stats simultaneously","|rule|Swagger Clause: Swagger is banned","|rule|Same Type Clause: Pokémon in a team must share a type","|clearpoke","|poke|p1|Dusclops, F","|poke|p1|Sableye, F, shiny","|poke|p1|Chandelure, F, shiny","|poke|p1|Jellicent, F","|poke|p1|Gengar, F","|poke|p1|Golurk","|poke|p2|Ferrothorn, M","|poke|p2|Breloom, F","|poke|p2|Venusaur, F","|poke|p2|Serperior, F","|poke|p2|Whimsicott, M","|poke|p2|Virizion","|rule|Sleep Clause Mod: Limit one foe put to sleep","|rule|Species Clause: Limit one of each Pokémon","|rule|OHKO Clause: OHKO moves are banned","|rule|Moody Clause: Moody is banned","|rule|Evasion Moves Clause: Evasion moves are banned","|rule|Endless Battle Clause: Forcing endless battles is banned","|rule|HP Percentage Mod: HP is shown in percentages","|teampreview","|","|start","|switch|p1a: Sableye|Sableye, F, shiny|304/304","|switch|p2a: Serperior|Serperior, F|291/291","|turn|1","|","|switch|p1a: Chandelure|Chandelure, F, shiny|301/301","|move|p2a: Serperior|Giga Drain|p1a: Chandelure","|-resisted|p1a: Chandelure","|-damage|p1a: Chandelure|239/301","|-damage|p2a: Serperior|262/291|[from] item: Life Orb","|","|-heal|p1a: Chandelure|257/301|[from] item: Leftovers","|turn|2","|","|move|p2a: Serperior|Dragon Pulse|p1a: Chandelure","|-damage|p1a: Chandelure|163/301","|-damage|p2a: Serperior|233/291|[from] item: Life Orb","|move|p1a: Chandelure|Flamethrower|p2a: Serperior","|-supereffective|p2a: Serperior","|-damage|p2a: Serperior|0 fnt","|faint|p2a: Serperior","|","|-heal|p1a: Chandelure|181/301|[from] item: Leftovers","|","|switch|p2a: Virizion|Virizion|385/385","|turn|3","|","|switch|p1a: Sableye|Sableye, F, shiny|304/304","|move|p2a: Virizion|Stone Edge|p1a: Sableye","|-damage|p1a: Sableye|184/304","|","|turn|4","|","|switch|p2a: Venusaur|Venusaur, F|363/363","|detailschange|p1a: Sableye|Sableye-Mega, F, shiny","|-mega|p1a: Sableye|Sableye|Sablenite","|move|p1a: Sableye|Recover|p1a: Sableye","|-heal|p1a: Sableye|304/304","|","|turn|5","|","|switch|p1a: Gengar|Gengar, F|261/261","|detailschange|p2a: Venusaur|Venusaur-Mega, F","|-mega|p2a: Venusaur|Venusaur|Venusaurite","|move|p2a: Venusaur|Giga Drain|p1a: Gengar","|-resisted|p1a: Gengar","|-damage|p1a: Gengar|189/261","|","|turn|6","|","|move|p1a: Gengar|Substitute|p1a: Gengar","|-start|p1a: Gengar|Substitute","|-damage|p1a: Gengar|124/261","|move|p2a: Venusaur|Giga Drain|p1a: Gengar","|-resisted|p1a: Gengar","|-activate|p1a: Gengar|Substitute|[damage]","|","|turn|7","|","|move|p1a: Gengar|Shadow Ball|p2a: Venusaur","|-damage|p2a: Venusaur|207/363","|-damage|p1a: Gengar|98/261|[from] item: Life Orb","|move|p2a: Venusaur|Giga Drain|p1a: Gengar","|-resisted|p1a: Gengar","|-end|p1a: Gengar|Substitute","|-heal|p2a: Venusaur|208/363|[from] drain|[of] p1a: Gengar","|","|turn|8","|","|move|p1a: Gengar|Substitute|p1a: Gengar","|-start|p1a: Gengar|Substitute","|-damage|p1a: Gengar|33/261","|move|p2a: Venusaur|Giga Drain|p1a: Gengar","|-resisted|p1a: Gengar","|-activate|p1a: Gengar|Substitute|[damage]","|-heal|p2a: Venusaur|239/363|[from] drain|[of] p1a: Gengar","|","|turn|9","|","|move|p1a: Gengar|Pain Split|p2a: Venusaur","|-sethp|p2a: Venusaur|136/363|p1a: Gengar|136/261|[from] move: Pain Split","|move|p2a: Venusaur|Giga Drain|p1a: Gengar","|-resisted|p1a: Gengar","|-end|p1a: Gengar|Substitute","|-heal|p2a: Venusaur|138/363|[from] drain|[of] p1a: Gengar","|","|turn|10","|","|move|p1a: Gengar|Shadow Ball|p2a: Venusaur","|-damage|p2a: Venusaur|0 fnt","|-damage|p1a: Gengar|110/261|[from] item: Life Orb","|faint|p2a: Venusaur","|","|","|switch|p2a: Whimsicott|Whimsicott, M|323/323","|turn|11","|","|move|p2a: Whimsicott|Switcheroo|p1a: Gengar","|-activate|p2a: Whimsicott|move: Trick|[of] p1a: Gengar","|-item|p1a: Gengar|Flame Orb|[from] Trick","|-item|p2a: Whimsicott|Life Orb|[from] Trick","|move|p1a: Gengar|Shadow Ball|p2a: Whimsicott","|-damage|p2a: Whimsicott|190/323","|","|-status|p1a: Gengar|brn|[from] item: Flame Orb","|turn|12","|","|switch|p1a: Dusclops|Dusclops, F|284/284","|-ability|p1a: Dusclops|Pressure","|move|p2a: Whimsicott|Leech Seed|p1a: Dusclops","|-start|p1a: Dusclops|move: Leech Seed","|","|-damage|p1a: Dusclops|249/284|[from] Leech Seed|[of] p2a: Whimsicott","|-heal|p2a: Whimsicott|225/323|[silent]","|turn|13","|","|switch|p2a: Ferrothorn|Ferrothorn, M|351/351","|switch|p1a: Gengar|Gengar, F|110/261 brn","|","|-damage|p1a: Gengar|78/261 brn|[from] brn","|turn|14","|","|switch|p1a: Sableye|Sableye-Mega, F, shiny|304/304","|move|p2a: Ferrothorn|Iron Head|p1a: Sableye","|-damage|p1a: Sableye|231/304","|","|turn|15","|","|move|p2a: Ferrothorn|Ingrain|p2a: Ferrothorn","|-start|p2a: Ferrothorn|move: Ingrain","|move|p1a: Sableye|Will-O-Wisp|p2a: Ferrothorn|[miss]","|-miss|p1a: Sableye|p2a: Ferrothorn","|","|turn|16","|","|move|p2a: Ferrothorn|Iron Head|p1a: Sableye","|-damage|p1a: Sableye|162/304","|move|p1a: Sableye|Recover|p1a: Sableye","|-heal|p1a: Sableye|304/304","|","|turn|17","|","|move|p1a: Sableye|Will-O-Wisp|p2a: Ferrothorn","|-status|p2a: Ferrothorn|brn","|move|p2a: Ferrothorn|Iron Head|p1a: Sableye","|-damage|p1a: Sableye|270/304","|","|-damage|p2a: Ferrothorn|308/351 brn|[from] brn","|turn|18","|","|switch|p1a: Golurk|Golurk|319/319","|move|p2a: Ferrothorn|Iron Head|p1a: Golurk","|-damage|p1a: Golurk|268/319","|","|-heal|p2a: Ferrothorn|329/351 brn|[from] Ingrain","|-damage|p2a: Ferrothorn|286/351 brn|[from] brn","|turn|19","|","|move|p1a: Golurk|Stealth Rock|p2a: Ferrothorn","|-sidestart|p2: Carnie Marx|move: Stealth Rock","|move|p2a: Ferrothorn|Leech Seed|p1a: Golurk","|-start|p1a: Golurk|move: Leech Seed","|","|-heal|p2a: Ferrothorn|307/351 brn|[from] Ingrain","|-damage|p1a: Golurk|229/319|[from] Leech Seed|[of] p2a: Ferrothorn","|-heal|p2a: Ferrothorn|346/351 brn|[silent]","|-damage|p2a: Ferrothorn|303/351 brn|[from] brn","|turn|20","|","|switch|p1a: Sableye|Sableye-Mega, F, shiny|270/304","|move|p2a: Ferrothorn|Iron Head|p1a: Sableye","|-damage|p1a: Sableye|235/304","|","|-heal|p2a: Ferrothorn|324/351 brn|[from] Ingrain","|-damage|p2a: Ferrothorn|281/351 brn|[from] brn","|turn|21","|","|switch|p1a: Chandelure|Chandelure, F, shiny|181/301","|move|p2a: Ferrothorn|Iron Head|p1a: Chandelure","|-resisted|p1a: Chandelure","|-damage|p1a: Chandelure|156/301","|","|-heal|p1a: Chandelure|174/301|[from] item: Leftovers","|-heal|p2a: Ferrothorn|302/351 brn|[from] Ingrain","|-damage|p2a: Ferrothorn|259/351 brn|[from] brn","|turn|22","|","|move|p1a: Chandelure|Substitute|p1a: Chandelure","|-start|p1a: Chandelure|Substitute","|-damage|p1a: Chandelure|99/301","|move|p2a: Ferrothorn|Thunder Wave|p1a: Chandelure","|-fail|p1a: Chandelure","|","|-heal|p1a: Chandelure|117/301|[from] item: Leftovers","|-heal|p2a: Ferrothorn|280/351 brn|[from] Ingrain","|-damage|p2a: Ferrothorn|237/351 brn|[from] brn","|turn|23","|","|win|Zukushiku"],"p1rating":{"entryid":"7076911","serverid":"eos","formatid":"monotype","userid":"zukushiku","username":"Zukushiku","w":19,"l":"10","t":"0","gxe":62.7,"r":"1593.8224445949","rd":"66.063989950501","sigma":"0","rptime":"1438765200","rpr":1599.3361452505,"rprd":63.148917658191,"rpsigma":"0","acre":1259.9919763563,"lacre":1259.9919763563,"oldacre":"1247.9112122625"},"p2rating":{"entryid":"5821777","serverid":"eos","formatid":"monotype","userid":"carniemarx","username":"Carnie Marx","w":"64","l":80,"t":"0","gxe":44.7,"r":"1464.6029795636","rd":"35.938530580638","sigma":"0","rptime":"1438765200","rpr":1460.1295643386,"rprd":35.6318305149,"rpsigma":"0","acre":1040.8062228043,"lacre":1040.8062228043,"oldacre":"1049.2051427742"},"endType":"forfeit"}