{"seed":[41996,39418,56183,21509],"turns":25,"p1":"WildAlt","p2":"GTX♅Bzumzum","p1team":[{"name":"Crawdaunt","species":"Crawdaunt","item":"lumberry","ability":"Adaptability","moves":["dragondance","aquajet","crabhammer","knockoff"],"nature":"Adamant","evs":{"hp":0,"atk":252,"def":0,"spa":0,"spd":4,"spe":252},"ivs":{"hp":31,"atk":31,"def":31,"spa":31,"spd":31,"spe":31}},{"name":"Bisharp","species":"Bisharp","item":"lifeorb","ability":"Defiant","moves":["ironhead","knockoff","suckerpunch","swordsdance"],"nature":"Adamant","evs":{"hp":0,"atk":252,"def":0,"spa":0,"spd":4,"spe":252},"ivs":{"hp":31,"atk":31,"def":31,"spa":31,"spd":31,"spe":31}},{"name":"Mandibuzz","species":"Mandibuzz","item":"leftovers","ability":"Overcoat","moves":["foulplay","defog","roost","whirlwind"],"nature":"Bold","evs":{"hp":248,"atk":0,"def":252,"spa":0,"spd":8,"spe":0},"ivs":{"hp":31,"atk":0,"def":31,"spa":31,"spd":31,"spe":31}},{"name":"Umbreon","species":"Umbreon","item":"leftovers","ability":"Synchronize","moves":["foulplay","healbell","wish","protect"],"nature":"Calm","evs":{"hp":248,"atk":0,"def":8,"spa":0,"spd":252,"spe":0},"ivs":{"hp":31,"atk":0,"def":31,"spa":31,"spd":31,"spe":31}},{"name":"Sableye","species":"Sableye","item":"sablenite","ability":"Prankster","moves":["calmmind","recover","willowisp","darkpulse"],"nature":"Bold","evs":{"hp":248,"atk":0,"def":252,"spa":8,"spd":0,"spe":0},"ivs":{"hp":31,"atk":0,"def":31,"spa":31,"spd":31,"spe":31}},{"name":"Tyranitar","species":"Tyranitar","item":"assaultvest","ability":"Sand Stream","moves":["flamethrower","crunch","earthquake","rockslide"],"nature":"Sassy","evs":{"hp":248,"atk":0,"def":0,"spa":8,"spd":252,"spe":0},"ivs":{"hp":31,"atk":31,"def":31,"spa":31,"spd":31,"spe":31}}],"p2team":[{"name":"Elec","species":"manectric","item":"manectite","ability":"Lightning Rod","moves":["thunderbolt","hiddenpowerice","voltswitch","overheat"],"nature":"Timid","evs":{"hp":0,"atk":0,"def":0,"spa":252,"spd":4,"spe":252},"gender":"M","ivs":{"hp":31,"atk":30,"def":30,"spa":31,"spd":31,"spe":31}},{"name":"Water-Safe","species":"rotomwash","item":"chestoberry","ability":"Levitate","moves":["hydropump","hex","willowisp","rest"],"nature":"Calm","evs":{"hp":248,"atk":0,"def":0,"spa":8,"spd":252,"spe":0},"shiny":true,"ivs":{"hp":31,"atk":31,"def":31,"spa":31,"spd":31,"spe":31}},{"name":"MY ZONE!!!","species":"magnezone","item":"choicespecs","ability":"Sturdy","moves":["hiddenpowergrass","flashcannon","triattack","signalbeam"],"nature":"Modest","evs":{"hp":248,"atk":0,"def":0,"spa":252,"spd":8,"spe":0},"ivs":{"hp":31,"atk":30,"def":31,"spa":30,"spd":31,"spe":31},"shiny":true},{"name":"Thundernor","species":"eelektross","item":"leftovers","ability":"Levitate","moves":["coil","drainpunch","knockoff","uturn"],"nature":"Adamant","evs":{"hp":252,"atk":252,"def":0,"spa":0,"spd":0,"spe":4},"gender":"M","shiny":true,"ivs":{"hp":31,"atk":31,"def":31,"spa":31,"spd":31,"spe":31}},{"name":"Zapz","species":"zapdos","item":"leftovers","ability":"Pressure","moves":["heatwave","roost","extrasensory","defog"],"nature":"Modest","evs":{"hp":252,"atk":0,"def":0,"spa":252,"spd":4,"spe":0},"shiny":true,"ivs":{"hp":31,"atk":31,"def":31,"spa":31,"spd":31,"spe":31}},{"name":"Plugg-in Failure","species":"electivire","item":"choicescarf","ability":"Vital Spirit","moves":["crosschop","earthquake","firepunch","rockslide"],"nature":"Adamant","evs":{"hp":0,"atk":252,"def":0,"spa":0,"spd":4,"spe":252},"gender":"M","shiny":true,"ivs":{"hp":31,"atk":31,"def":31,"spa":31,"spd":31,"spe":31}}],"log":["|player|p1|WildAlt|34","|player|p2|GTX♅Bzumzum|225","|gametype|singles","|gen|6","|tier|Monotype","|rated","|rule|Baton Pass Clause: Limit one Baton Passer, can't pass Spe and other stats simultaneously","|rule|Swagger Clause: Swagger is banned","|rule|Same Type Clause: Pokémon in a team must share a type","|clearpoke","|poke|p1|Crawdaunt, M","|poke|p1|Bisharp, F","|poke|p1|Mandibuzz, F","|poke|p1|Umbreon, M","|poke|p1|Sableye, M","|poke|p1|Tyranitar, F","|poke|p2|Manectric, M","|poke|p2|Rotom-Wash, shiny","|poke|p2|Magnezone, shiny","|poke|p2|Eelektross, M, shiny","|poke|p2|Zapdos, shiny","|poke|p2|Electivire, M, shiny","|rule|Sleep Clause Mod: Limit one foe put to sleep","|rule|Species Clause: Limit one of each Pokémon","|rule|OHKO Clause: OHKO moves are banned","|rule|Moody Clause: Moody is banned","|rule|Evasion Moves Clause: Evasion moves are banned","|rule|Endless Battle Clause: Forcing endless battles is banned","|rule|HP Percentage Mod: HP is shown in percentages","|teampreview","|","|start","|switch|p1a: Sableye|Sableye, M|303/303","|switch|p2a: Thundernor|Eelektross, M, shiny|374/374","|turn|1","|","|detailschange|p1a: Sableye|Sableye-Mega, M","|-mega|p1a: Sableye|Sableye|Sablenite","|move|p1a: Sableye|Will-O-Wisp|p2a: Thundernor","|-status|p2a: Thundernor|brn","|move|p2a: Thundernor|Coil|p2a: Thundernor","|-boost|p2a: Thundernor|atk|1","|-boost|p2a: Thundernor|def|1","|-boost|p2a: Thundernor|accuracy|1","|","|-damage|p2a: Thundernor|328/374 brn|[from] brn","|turn|2","|","|move|p2a: Thundernor|Coil|p2a: Thundernor","|-boost|p2a: Thundernor|atk|1","|-boost|p2a: Thundernor|def|1","|-boost|p2a: Thundernor|accuracy|1","|move|p1a: Sableye|Calm Mind|p1a: Sableye","|-boost|p1a: Sableye|spa|1","|-boost|p1a: Sableye|spd|1","|","|-heal|p2a: Thundernor|351/374 brn|[from] item: Leftovers","|-damage|p2a: Thundernor|305/374 brn|[from] brn","|turn|3","|","|move|p2a: Thundernor|U-turn|p1a: Sableye","|-crit|p1a: Sableye","|-damage|p1a: Sableye|225/303","|","|switch|p2a: MY ZONE!!!|Magnezone, shiny|343/343","|move|p1a: Sableye|Calm Mind|p1a: Sableye","|-boost|p1a: Sableye|spa|1","|-boost|p1a: Sableye|spd|1","|","|turn|4","|","|move|p2a: MY ZONE!!!|Signal Beam|p1a: Sableye","|-damage|p1a: Sableye|160/303","|move|p1a: Sableye|Recover|p1a: Sableye","|-heal|p1a: Sableye|303/303","|","|turn|5","|","|move|p2a: MY ZONE!!!|Signal Beam|p1a: Sableye","|-damage|p1a: Sableye|235/303","|move|p1a: Sableye|Calm Mind|p1a: Sableye","|-boost|p1a: Sableye|spa|1","|-boost|p1a: Sableye|spd|1","|","|turn|6","|","|move|p2a: MY ZONE!!!|Signal Beam|p1a: Sableye","|-damage|p1a: Sableye|185/303","|move|p1a: Sableye|Calm Mind|p1a: Sableye","|-boost|p1a: Sableye|spa|1","|-boost|p1a: Sableye|spd|1","|","|turn|7","|","|move|p2a: MY ZONE!!!|Signal Beam|p1a: Sableye","|-damage|p1a: Sableye|138/303","|-start|p1a: Sableye|confusion","|-activate|p1a: Sableye|confusion","|-damage|p1a: Sableye|126/303|[from] confusion","|","|turn|8","|","|move|p2a: MY ZONE!!!|Signal Beam|p1a: Sableye","|-damage|p1a: Sableye|86/303","|-activate|p1a: Sableye|confusion","|move|p1a: Sableye|Recover|p1a: Sableye","|-heal|p1a: Sableye|238/303","|","|turn|9","|","|switch|p2a: Thundernor|Eelektross, M, shiny|305/374 brn","|-activate|p1a: Sableye|confusion","|-damage|p1a: Sableye|225/303|[from] confusion","|","|-heal|p2a: Thundernor|328/374 brn|[from] item: Leftovers","|-damage|p2a: Thundernor|282/374 brn|[from] brn","|turn|10","|","|move|p2a: Thundernor|Coil|p2a: Thundernor","|-boost|p2a: Thundernor|atk|1","|-boost|p2a: Thundernor|def|1","|-boost|p2a: Thundernor|accuracy|1","|-activate|p1a: Sableye|confusion","|-damage|p1a: Sableye|211/303|[from] confusion","|","|-heal|p2a: Thundernor|305/374 brn|[from] item: Leftovers","|-damage|p2a: Thundernor|259/374 brn|[from] brn","|turn|11","|","|move|p2a: Thundernor|Knock Off|p1a: Sableye","|-damage|p1a: Sableye|175/303","|-end|p1a: Sableye|confusion","|move|p1a: Sableye|Calm Mind|p1a: Sableye","|-boost|p1a: Sableye|spa|1","|-boost|p1a: Sableye|spd|1","|","|-heal|p2a: Thundernor|282/374 brn|[from] item: Leftovers","|-damage|p2a: Thundernor|236/374 brn|[from] brn","|turn|12","|","|move|p2a: Thundernor|Coil|p2a: Thundernor","|-boost|p2a: Thundernor|atk|1","|-boost|p2a: Thundernor|def|1","|-boost|p2a: Thundernor|accuracy|1","|move|p1a: Sableye|Recover|p1a: Sableye","|-heal|p1a: Sableye|303/303","|","|-heal|p2a: Thundernor|259/374 brn|[from] item: Leftovers","|-damage|p2a: Thundernor|213/374 brn|[from] brn","|turn|13","|","|move|p2a: Thundernor|Coil|p2a: Thundernor","|-boost|p2a: Thundernor|atk|1","|-boost|p2a: Thundernor|def|1","|-boost|p2a: Thundernor|accuracy|1","|move|p1a: Sableye|Dark Pulse|p2a: Thundernor","|-damage|p2a: Thundernor|0 fnt","|faint|p2a: Thundernor","|","|","|switch|p2a: MY ZONE!!!|Magnezone, shiny|343/343","|turn|14","|","|move|p2a: MY ZONE!!!|Signal Beam|p1a: Sableye","|-damage|p1a: Sableye|265/303","|move|p1a: Sableye|Calm Mind|p1a: Sableye","|-boost|p1a: Sableye|spa|1","|-boost|p1a: Sableye|spd|1","|","|turn|15","|","|move|p2a: MY ZONE!!!|Signal Beam|p1a: Sableye","|-damage|p1a: Sableye|230/303","|-start|p1a: Sableye|confusion","|-activate|p1a: Sableye|confusion","|move|p1a: Sableye|Dark Pulse|p2a: MY ZONE!!!","|-ability|p2a: MY ZONE!!!|Sturdy","|-damage|p2a: MY ZONE!!!|1/343","|","|turn|16","|","|move|p2a: MY ZONE!!!|Signal Beam|p1a: Sableye","|-damage|p1a: Sableye|194/303","|-activate|p1a: Sableye|confusion","|-damage|p1a: Sableye|180/303|[from] confusion","|","|turn|17","|","|move|p2a: MY ZONE!!!|Signal Beam|p1a: Sableye","|-damage|p1a: Sableye|146/303","|-activate|p1a: Sableye|confusion","|-damage|p1a: Sableye|132/303|[from] confusion","|","|turn|18","|","|move|p2a: MY ZONE!!!|Signal Beam|p1a: Sableye","|-damage|p1a: Sableye|100/303","|-end|p1a: Sableye|confusion","|move|p1a: Sableye|Recover|p1a: Sableye","|-heal|p1a: Sableye|252/303","|","|turn|19","|","|move|p2a: MY ZONE!!!|Signal Beam|p1a: Sableye","|-damage|p1a: Sableye|221/303","|move|p1a: Sableye|Dark Pulse|p2a: MY ZONE!!!","|-crit|p2a: MY ZONE!!!","|-damage|p2a: MY ZONE!!!|0 fnt","|faint|p2a: MY ZONE!!!","|","|","|switch|p2a: Plugg-in Failure|Electivire, M, shiny|291/291","|turn|20","|","|move|p2a: Plugg-in Failure|Fire Punch|p1a: Sableye","|-crit|p1a: Sableye","|-damage|p1a: Sableye|138/303","|move|p1a: Sableye|Dark Pulse|p2a: Plugg-in Failure","|-damage|p2a: Plugg-in Failure|0 fnt","|faint|p2a: Plugg-in Failure","|","|","|switch|p2a: Zapz|Zapdos, shiny|384/384","|-ability|p2a: Zapz|Pressure","|turn|21","|","|move|p2a: Zapz|Heat Wave|p1a: Sableye","|-damage|p1a: Sableye|111/303","|move|p1a: Sableye|Recover|p1a: Sableye","|-heal|p1a: Sableye|263/303","|","|turn|22","|","|move|p2a: Zapz|Heat Wave|p1a: Sableye","|-damage|p1a: Sableye|234/303","|move|p1a: Sableye|Dark Pulse|p2a: Zapz","|-crit|p2a: Zapz","|-damage|p2a: Zapz|0 fnt","|faint|p2a: Zapz","|","|","|switch|p2a: Elec|Manectric, M|281/281","|turn|23","|","|detailschange|p2a: Elec|Manectric-Mega, M","|-mega|p2a: Elec|Manectric|Manectite","|-ability|p2a: Elec|Intimidate","|-unboost|p1a: Sableye|atk|1","|move|p2a: Elec|Thunderbolt|p1a: Sableye","|-damage|p1a: Sableye|200/303","|move|p1a: Sableye|Dark Pulse|p2a: Elec","|-damage|p2a: Elec|0 fnt","|faint|p2a: Elec","|","|","|switch|p2a: Water-Safe|Rotom-Wash, shiny|303/303","|turn|24","|","|move|p2a: Water-Safe|Hex|p1a: Sableye","|-damage|p1a: Sableye|188/303","|move|p1a: Sableye|Dark Pulse|p2a: Water-Safe","|-damage|p2a: Water-Safe|95/303","|","|turn|25","|","|move|p2a: Water-Safe|Hydro Pump|p1a: Sableye","|-damage|p1a: Sableye|160/303","|move|p1a: Sableye|Dark Pulse|p2a: Water-Safe","|-damage|p2a: Water-Safe|0 fnt","|faint|p2a: Water-Safe","|","|win|WildAlt"],"p1rating":{"entryid":"5790887","serverid":"eos","formatid":"monotype","userid":"wildalt","username":"WildAlt","w":26,"l":"21","t":"0","gxe":57,"r":"1558.6797809544","rd":"60.984825672453","sigma":"0","rptime":"1438765200","rpr":1553.9382041523,"rprd":59.673732907795,"rpsigma":"0","acre":1164.9108815766,"lacre":1164.9108815766,"oldacre":"1145.0440760472"},"p2rating":{"entryid":"6857825","serverid":"eos","formatid":"monotype","userid":"gtxbzumzum","username":"GTX♅Bzumzum","w":"22","l":83,"t":"0","gxe":22.5,"r":1266.9718456916,"rd":38.943326704569,"sigma":"0","rptime":1438765200,"rpr":1265.5983569858,"rprd":38.816352681273,"rpsigma":"0","acre":1056.0673148413,"lacre":1056.0673148413,"oldacre":"1072.6772225318"},"endType":"normal"}