{"seed":[12788,44166,38579,61165],"turns":27,"p1":"Champion Stormvy","p2":"Sovereign♕Dooms","p1team":[{"name":"Ditto","species":"Ditto","item":"choicescarf","ability":"Imposter","moves":["transform"],"nature":"","shiny":true,"evs":{"hp":0,"atk":0,"def":0,"spa":0,"spd":0,"spe":0},"ivs":{"hp":31,"atk":31,"def":31,"spa":31,"spd":31,"spe":31}},{"name":"Lopunny","species":"Lopunny","item":"lopunnite","ability":"Limber","moves":["highjumpkick","fakeout","return","thunderpunch"],"nature":"Jolly","evs":{"hp":0,"atk":252,"def":0,"spa":0,"spd":4,"spe":252},"shiny":true,"ivs":{"hp":31,"atk":31,"def":31,"spa":31,"spd":31,"spe":31}},{"name":"Meloetta","species":"Meloetta","item":"assaultvest","ability":"Serene Grace","moves":["hypervoice","shadowball","psychic","energyball"],"nature":"Modest","evs":{"hp":0,"atk":0,"def":0,"spa":252,"spd":4,"spe":252},"ivs":{"hp":31,"atk":31,"def":31,"spa":31,"spd":31,"spe":31}},{"name":"Diggersby","species":"Diggersby","item":"lifeorb","ability":"Huge Power","moves":["earthquake","knockoff","quickattack","swordsdance"],"nature":"Adamant","evs":{"hp":0,"atk":252,"def":128,"spa":0,"spd":128,"spe":0},"ivs":{"hp":31,"atk":31,"def":31,"spa":31,"spd":31,"spe":31}},{"name":"Porygon2","species":"Porygon2","item":"eviolite","ability":"Trace","moves":["triattack","recover","icebeam","thunderwave"],"nature":"Bold","evs":{"hp":0,"atk":0,"def":188,"spa":68,"spd":252,"spe":0},"shiny":true,"ivs":{"hp":31,"atk":31,"def":31,"spa":31,"spd":31,"spe":31}},{"name":"Staraptor","species":"Staraptor","item":"choicescarf","ability":"Intimidate","moves":["bravebird","frustration","closecombat","uturn"],"nature":"Jolly","evs":{"hp":0,"atk":252,"def":0,"spa":0,"spd":0,"spe":252},"shiny":true,"happiness":0,"ivs":{"hp":31,"atk":31,"def":31,"spa":31,"spd":31,"spe":31}}],"p2team":[{"name":"Black","species":"kyuremblack","item":"choicescarf","ability":"Teravolt","moves":["rockslide","outrage","ironhead","fusionbolt"],"nature":"Naive","evs":{"hp":4,"atk":252,"def":0,"spa":0,"spd":0,"spe":252},"shiny":true,"ivs":{"hp":31,"atk":31,"def":31,"spa":31,"spd":31,"spe":31}},{"name":"Chomp","species":"garchomp","item":"rockyhelmet","ability":"Rough Skin","moves":["stealthrock","dragontail","rest","earthquake"],"nature":"Impish","evs":{"hp":252,"atk":0,"def":252,"spa":0,"spd":4,"spe":0},"gender":"M","shiny":true,"ivs":{"hp":31,"atk":31,"def":31,"spa":31,"spd":31,"spe":31}},{"name":"Lato","species":"latios","item":"choicescarf","ability":"Levitate","moves":["psyshock","icebeam","energyball","hiddenpowerfire"],"nature":"Modest","evs":{"hp":4,"atk":0,"def":0,"spa":252,"spd":0,"spe":252},"ivs":{"hp":31,"atk":30,"def":31,"spa":30,"spd":31,"spe":30},"shiny":true},{"name":"Drago","species":"dragonite","item":"choiceband","ability":"Multiscale","moves":["outrage","earthquake","extremespeed","firepunch"],"nature":"Adamant","evs":{"hp":80,"atk":252,"def":0,"spa":0,"spd":0,"spe":176},"gender":"M","shiny":true,"ivs":{"hp":31,"atk":31,"def":31,"spa":31,"spd":31,"spe":31}},{"name":"Dragal","species":"dragalge","item":"assaultvest","ability":"Adaptability","moves":["dragonpulse","scald","sludgebomb","hiddenpowerice"],"nature":"Modest","evs":{"hp":112,"atk":0,"def":0,"spa":244,"spd":152,"spe":0},"gender":"M","ivs":{"hp":31,"atk":30,"def":30,"spa":31,"spd":31,"spe":31}},{"name":"Goo","species":"goodra","item":"leftovers","ability":"Gooey","moves":["icebeam","thunderbolt","sludgewave","flamethrower"],"nature":"Modest","evs":{"hp":220,"atk":0,"def":0,"spa":252,"spd":36,"spe":0},"gender":"M","ivs":{"hp":31,"atk":31,"def":31,"spa":31,"spd":31,"spe":31}}],"log":["|player|p1|Champion Stormvy|championstormvy.png","|player|p2|Sovereign♕Dooms|20","|gametype|singles","|gen|6","|tier|Monotype","|rated","|rule|Baton Pass Clause: Limit one Baton Passer, can't pass Spe and other stats simultaneously","|rule|Swagger Clause: Swagger is banned","|rule|Same Type Clause: Pokémon in a team must share a type","|clearpoke","|poke|p1|Ditto, shiny","|poke|p1|Lopunny, M, shiny","|poke|p1|Meloetta","|poke|p1|Diggersby, M","|poke|p1|Porygon2, shiny","|poke|p1|Staraptor, F, shiny","|poke|p2|Kyurem-Black, shiny","|poke|p2|Garchomp, M, shiny","|poke|p2|Latios, M, shiny","|poke|p2|Dragonite, M, shiny","|poke|p2|Dragalge, M","|poke|p2|Goodra, M","|rule|Sleep Clause Mod: Limit one foe put to sleep","|rule|Species Clause: Limit one of each Pokémon","|rule|OHKO Clause: OHKO moves are banned","|rule|Moody Clause: Moody is banned","|rule|Evasion Moves Clause: Evasion moves are banned","|rule|Endless Battle Clause: Forcing endless battles is banned","|rule|HP Percentage Mod: HP is shown in percentages","|teampreview","|","|start","|switch|p1a: Lopunny|Lopunny, M, shiny|271/271","|switch|p2a: Chomp|Garchomp, M, shiny|420/420","|turn|1","|","|detailschange|p1a: Lopunny|Lopunny-Mega, M, shiny","|-mega|p1a: Lopunny|Lopunny|Lopunnite","|move|p1a: Lopunny|Fake Out|p2a: Chomp","|-damage|p2a: Chomp|366/420","|-damage|p1a: Lopunny|238/271|[from] ability: Rough Skin|[of] p2a: Chomp","|-damage|p1a: Lopunny|193/271|[from] item: Rocky Helmet|[of] p2a: Chomp","|cant|p2a: Chomp|flinch","|","|turn|2","|","|switch|p1a: Ditto|Ditto, shiny|237/237","|-transform|p1a: Ditto|p2a: Chomp","|move|p2a: Chomp|Stealth Rock|p1a: Ditto","|-sidestart|p1: Champion Stormvy|move: Stealth Rock","|","|turn|3","|","|move|p1a: Ditto|Stealth Rock|p2a: Chomp","|-sidestart|p2: Sovereign♕Dooms|move: Stealth Rock","|move|p2a: Chomp|Dragon Tail|p1a: Ditto","|-supereffective|p1a: Ditto","|-damage|p1a: Ditto|103/237","|-damage|p2a: Chomp|314/420|[from] ability: Rough Skin|[of] p1a: Ditto","|drag|p1a: Lopunny|Lopunny-Mega, M, shiny|193/271","|-damage|p1a: Lopunny|177/271|[from] Stealth Rock","|","|turn|4","|","|switch|p1a: Staraptor|Staraptor, F, shiny|311/311","|-damage|p1a: Staraptor|234/311|[from] Stealth Rock","|-ability|p1a: Staraptor|Intimidate","|-unboost|p2a: Chomp|atk|1","|move|p2a: Chomp|Dragon Tail|p1a: Staraptor","|-damage|p1a: Staraptor|153/311","|drag|p1a: Lopunny|Lopunny-Mega, M, shiny|177/271","|-damage|p1a: Lopunny|161/271|[from] Stealth Rock","|","|turn|5","|","|move|p1a: Lopunny|High Jump Kick|p2a: Chomp","|-damage|p2a: Chomp|131/420","|-damage|p1a: Lopunny|128/271|[from] ability: Rough Skin|[of] p2a: Chomp","|-damage|p1a: Lopunny|83/271|[from] item: Rocky Helmet|[of] p2a: Chomp","|move|p2a: Chomp|Dragon Tail|p1a: Lopunny","|-damage|p1a: Lopunny|17/271","|drag|p1a: Porygon2|Porygon2, shiny|311/311","|-damage|p1a: Porygon2|273/311|[from] Stealth Rock","|-ability|p1a: Porygon2|Rough Skin|[from] ability: Trace|[of] p2a: Chomp","|","|turn|6","|","|move|p1a: Porygon2|Ice Beam|p2a: Chomp","|-supereffective|p2a: Chomp","|-damage|p2a: Chomp|0 fnt","|faint|p2a: Chomp","|","|","|switch|p2a: Black|Kyurem-Black, shiny|392/392","|-damage|p2a: Black|294/392|[from] Stealth Rock","|-ability|p2a: Black|Teravolt","|turn|7","|","|move|p2a: Black|Outrage|p1a: Porygon2","|-damage|p1a: Porygon2|137/311","|-damage|p2a: Black|245/392|[from] ability: Rough Skin|[of] p1a: Porygon2","|move|p1a: Porygon2|Thunder Wave|p2a: Black","|-status|p2a: Black|par","|","|turn|8","|","|move|p1a: Porygon2|Recover|p1a: Porygon2","|-heal|p1a: Porygon2|293/311","|move|p2a: Black|Outrage|p1a: Porygon2|[from]lockedmove","|-damage|p1a: Porygon2|148/311","|-damage|p2a: Black|196/392 par|[from] ability: Rough Skin|[of] p1a: Porygon2","|-start|p2a: Black|confusion|[fatigue]","|","|turn|9","|","|move|p1a: Porygon2|Recover|p1a: Porygon2","|-heal|p1a: Porygon2|304/311","|-activate|p2a: Black|confusion","|cant|p2a: Black|par","|","|turn|10","|","|move|p1a: Porygon2|Ice Beam|p2a: Black","|-damage|p2a: Black|102/392 par","|-activate|p2a: Black|confusion","|-damage|p2a: Black|39/392 par|[from] confusion","|","|turn|11","|","|move|p1a: Porygon2|Ice Beam|p2a: Black","|-damage|p2a: Black|0 fnt","|faint|p2a: Black","|","|","|switch|p2a: Dragal|Dragalge, M|299/299","|-damage|p2a: Dragal|262/299|[from] Stealth Rock","|turn|12","|","|switch|p1a: Ditto|Ditto, shiny|103/237","|-damage|p1a: Ditto|74/237|[from] Stealth Rock","|-transform|p1a: Ditto|p2a: Dragal","|move|p2a: Dragal|Sludge Bomb|p1a: Ditto","|-crit|p1a: Ditto","|-resisted|p1a: Ditto","|-damage|p1a: Ditto|0 fnt","|faint|p1a: Ditto","|","|","|switch|p1a: Diggersby|Diggersby, M|311/311","|-damage|p1a: Diggersby|292/311|[from] Stealth Rock","|turn|13","|","|move|p1a: Diggersby|Knock Off|p2a: Dragal","|-damage|p2a: Dragal|40/299","|-enditem|p2a: Dragal|Assault Vest|[from] move: Knock Off|[of] p1a: Diggersby","|-damage|p1a: Diggersby|261/311|[from] item: Life Orb","|move|p2a: Dragal|Scald|p1a: Diggersby","|-supereffective|p1a: Diggersby","|-damage|p1a: Diggersby|83/311","|","|turn|14","|","|move|p1a: Diggersby|Knock Off|p2a: Dragal","|-damage|p2a: Dragal|0 fnt","|-damage|p1a: Diggersby|52/311|[from] item: Life Orb","|faint|p2a: Dragal","|","|","|switch|p2a: Drago|Dragonite, M, shiny|343/343","|-damage|p2a: Drago|258/343|[from] Stealth Rock","|turn|15","|","|move|p2a: Drago|Extreme Speed|p1a: Diggersby","|-damage|p1a: Diggersby|0 fnt","|faint|p1a: Diggersby","|","|","|switch|p1a: Porygon2|Porygon2, shiny|304/311","|-damage|p1a: Porygon2|266/311|[from] Stealth Rock","|-ability|p1a: Porygon2|Multiscale|[from] ability: Trace|[of] p2a: Drago","|turn|16","|","|move|p2a: Drago|Extreme Speed|p1a: Porygon2","|-damage|p1a: Porygon2|177/311","|move|p1a: Porygon2|Thunder Wave|p2a: Drago","|-status|p2a: Drago|par","|","|turn|17","|","|move|p2a: Drago|Extreme Speed|p1a: Porygon2","|-damage|p1a: Porygon2|86/311","|move|p1a: Porygon2|Recover|p1a: Porygon2","|-heal|p1a: Porygon2|242/311","|","|turn|18","|","|move|p2a: Drago|Extreme Speed|p1a: Porygon2","|-damage|p1a: Porygon2|159/311","|move|p1a: Porygon2|Recover|p1a: Porygon2","|-heal|p1a: Porygon2|311/311","|","|turn|19","|","|cant|p2a: Drago|par","|move|p1a: Porygon2|Ice Beam|p2a: Drago","|-supereffective|p2a: Drago","|-damage|p2a: Drago|0 fnt","|faint|p2a: Drago","|","|","|switch|p2a: Goo|Goodra, M|376/376","|-damage|p2a: Goo|329/376|[from] Stealth Rock","|turn|20","|","|switch|p1a: Lopunny|Lopunny-Mega, M, shiny|17/271","|-damage|p1a: Lopunny|1/271|[from] Stealth Rock","|move|p2a: Goo|Sludge Wave|p1a: Lopunny","|-damage|p1a: Lopunny|0 fnt","|faint|p1a: Lopunny","|","|-heal|p2a: Goo|352/376|[from] item: Leftovers","|","|switch|p1a: Meloetta|Meloetta|341/341","|-damage|p1a: Meloetta|299/341|[from] Stealth Rock","|turn|21","|","|move|p1a: Meloetta|Psychic|p2a: Goo","|-damage|p2a: Goo|241/376","|move|p2a: Goo|Flamethrower|p1a: Meloetta","|-damage|p1a: Meloetta|239/341","|","|-heal|p2a: Goo|264/376|[from] item: Leftovers","|turn|22","|","|move|p1a: Meloetta|Psychic|p2a: Goo","|-damage|p2a: Goo|149/376","|move|p2a: Goo|Thunderbolt|p1a: Meloetta","|-crit|p1a: Meloetta","|-damage|p1a: Meloetta|150/341","|","|-heal|p2a: Goo|172/376|[from] item: Leftovers","|turn|23","|","|move|p1a: Meloetta|Psychic|p2a: Goo","|-damage|p2a: Goo|45/376","|move|p2a: Goo|Ice Beam|p1a: Meloetta","|-damage|p1a: Meloetta|96/341","|","|-heal|p2a: Goo|68/376|[from] item: Leftovers","|turn|24","|","|move|p1a: Meloetta|Hyper Voice|p2a: Goo","|-damage|p2a: Goo|0 fnt","|faint|p2a: Goo","|","|","|switch|p2a: Lato|Latios, M, shiny|302/302","|-damage|p2a: Lato|265/302|[from] Stealth Rock","|turn|25","|","|move|p2a: Lato|Psyshock|p1a: Meloetta","|-resisted|p1a: Meloetta","|-damage|p1a: Meloetta|3/341","|move|p1a: Meloetta|Hyper Voice|p2a: Lato","|-damage|p2a: Lato|99/302","|","|turn|26","|","|move|p2a: Lato|Psyshock|p1a: Meloetta","|-resisted|p1a: Meloetta","|-damage|p1a: Meloetta|0 fnt","|faint|p1a: Meloetta","|","|","|switch|p1a: Porygon2|Porygon2, shiny|311/311","|-damage|p1a: Porygon2|273/311|[from] Stealth Rock","|-ability|p1a: Porygon2|Levitate|[from] ability: Trace|[of] p2a: Lato","|turn|27","|","|move|p2a: Lato|Psyshock|p1a: Porygon2","|-crit|p1a: Porygon2","|-damage|p1a: Porygon2|138/311","|move|p1a: Porygon2|Ice Beam|p2a: Lato","|-supereffective|p2a: Lato","|-damage|p2a: Lato|0 fnt","|faint|p2a: Lato","|","|win|Champion Stormvy"],"p1rating":{"entryid":"6626924","serverid":"eos","formatid":"monotype","userid":"championstormvy","username":"Champion Stormvy","w":16,"l":"8","t":"0","gxe":66.7,"r":"1585.2385126398","rd":"83.283266400604","sigma":"0","rptime":"1438765200","rpr":1633.0776901846,"rprd":66.224286514603,"rpsigma":"0","acre":1246.7668352493,"lacre":1246.7668352493,"oldacre":"1227.7642505492"},"p2rating":{"entryid":"7390241","serverid":"eos","formatid":"monotype","userid":"sovereigndooms","username":"Sovereign♕Dooms","w":"5","l":2,"t":"0","gxe":60.1,"r":"1606.9124600106","rd":"98.975518015657","sigma":"0","rptime":"1438765200","rpr":1580.0417930056,"rprd":95.434778123246,"rpsigma":"0","acre":1123.7565438562,"lacre":1123.7565438562,"oldacre":"1142.7591285563"},"endType":"normal"}