{"seed":[51677,56768,32264,14044],"turns":28,"p1":"Emg GL Test Tech","p2":"Emg kess","p1team":[{"name":"Hoopa-Unbound","species":"Hoopa-Unbound","item":"lifeorb","ability":"Magician","moves":["gunkshot","focusblast","psychic","hyperspacefury"],"nature":"Hasty","evs":{"hp":0,"atk":88,"def":0,"spa":168,"spd":0,"spe":252},"ivs":{"hp":31,"atk":31,"def":31,"spa":31,"spd":31,"spe":31}},{"name":"Gardevoir","species":"Gardevoir","item":"gardevoirite","ability":"Trace","moves":["hypervoice","taunt","focusblast","willowisp"],"nature":"Timid","evs":{"hp":4,"atk":0,"def":0,"spa":252,"spd":0,"spe":252},"ivs":{"hp":31,"atk":31,"def":31,"spa":31,"spd":31,"spe":31}},{"name":"Latios","species":"Latios","item":"choicescarf","ability":"Levitate","moves":["dracometeor","trick","psychic","surf"],"nature":"Timid","evs":{"hp":0,"atk":0,"def":0,"spa":252,"spd":4,"spe":252},"ivs":{"hp":31,"atk":31,"def":31,"spa":31,"spd":31,"spe":31}},{"name":"Jirachi","species":"Jirachi","item":"leftovers","ability":"Serene Grace","moves":["thunderwave","ironhead","healingwish","substitute"],"nature":"Careful","evs":{"hp":248,"atk":0,"def":0,"spa":0,"spd":228,"spe":32},"ivs":{"hp":31,"atk":31,"def":31,"spa":31,"spd":31,"spe":31}},{"name":"Deoxys-Defense","species":"Deoxys-Defense","item":"leftovers","ability":"Pressure","moves":["nightshade","recover","cosmicpower","toxic"],"nature":"Careful","evs":{"hp":252,"atk":0,"def":128,"spa":0,"spd":128,"spe":0},"ivs":{"hp":31,"atk":31,"def":31,"spa":31,"spd":31,"spe":31}},{"name":"Slowbro","species":"Slowbro","item":"leftovers","ability":"Regenerator","moves":["scald","slackoff","fireblast","yawn"],"nature":"Bold","evs":{"hp":252,"atk":0,"def":200,"spa":0,"spd":56,"spe":0},"ivs":{"hp":31,"atk":31,"def":31,"spa":31,"spd":31,"spe":31}}],"p2team":[{"name":"Gengar","species":"Gengar","item":"choicespecs","ability":"Levitate","moves":["shadowball","focusblast","sludgewave","dazzlinggleam"],"nature":"Timid","evs":{"hp":0,"atk":0,"def":0,"spa":252,"spd":4,"spe":252},"shiny":true,"ivs":{"hp":31,"atk":31,"def":31,"spa":31,"spd":31,"spe":31}},{"name":"Jellicent","species":"Jellicent","item":"leftovers","ability":"Water Absorb","moves":["scald","toxic","recover","acidarmor"],"nature":"Calm","evs":{"hp":252,"atk":0,"def":4,"spa":0,"spd":252,"spe":0},"ivs":{"hp":31,"atk":31,"def":31,"spa":31,"spd":31,"spe":31}},{"name":"Chandelure","species":"Chandelure","item":"choicescarf","ability":"Infiltrator","moves":["fireblast","shadowball","energyball","trick"],"nature":"Timid","evs":{"hp":0,"atk":0,"def":0,"spa":252,"spd":4,"spe":252},"ivs":{"hp":31,"atk":31,"def":31,"spa":31,"spd":31,"spe":31}},{"name":"Banette","species":"Banette","item":"banettite","ability":"Insomnia","moves":["destinybond","shadowsneak","knockoff","taunt"],"nature":"Adamant","evs":{"hp":248,"atk":252,"def":0,"spa":0,"spd":8,"spe":0},"ivs":{"hp":31,"atk":31,"def":31,"spa":31,"spd":31,"spe":31}},{"name":"Aegislash","species":"Aegislash","item":"leftovers","ability":"Stance Change","moves":["substitute","toxic","kingsshield","flashcannon"],"nature":"Modest","evs":{"hp":248,"atk":0,"def":8,"spa":252,"spd":0,"spe":0},"ivs":{"hp":31,"atk":31,"def":31,"spa":31,"spd":31,"spe":0}},{"name":"Gourgeist-Super","species":"Gourgeist-Super","item":"leftovers","ability":"Frisk","moves":["willowisp","leechseed","synthesis","foulplay"],"nature":"Bold","evs":{"hp":248,"atk":0,"def":200,"spa":0,"spd":60,"spe":0},"ivs":{"hp":31,"atk":31,"def":31,"spa":31,"spd":31,"spe":31}}],"log":["|player|p1|Emg GL Test Tech|149","|player|p2|Emg kess|94","|gametype|singles","|gen|6","|tier|Monotype","|rated","|rule|Baton Pass Clause: Limit one Baton Passer, can't pass Spe and other stats simultaneously","|rule|Swagger Clause: Swagger is banned","|rule|Same Type Clause: Pokémon in a team must share a type","|clearpoke","|poke|p1|Hoopa-Unbound","|poke|p1|Gardevoir, F","|poke|p1|Latios, M","|poke|p1|Jirachi","|poke|p1|Deoxys-Defense","|poke|p1|Slowbro, F","|poke|p2|Gengar, M, shiny","|poke|p2|Jellicent, F","|poke|p2|Chandelure, M","|poke|p2|Banette, M","|poke|p2|Aegislash, M","|poke|p2|Gourgeist-*, F","|rule|Sleep Clause Mod: Limit one foe put to sleep","|rule|Species Clause: Limit one of each Pokémon","|rule|OHKO Clause: OHKO moves are banned","|rule|Moody Clause: Moody is banned","|rule|Evasion Moves Clause: Evasion moves are banned","|rule|Endless Battle Clause: Forcing endless battles is banned","|rule|HP Percentage Mod: HP is shown in percentages","|teampreview","|","|start","|switch|p1a: Hoopa-Unbound|Hoopa-Unbound|301/301","|switch|p2a: Banette|Banette, M|331/331","|turn|1","|","|switch|p1a: Gardevoir|Gardevoir, F|278/278","|-ability|p1a: Gardevoir|Insomnia|[from] ability: Trace|[of] p2a: Banette","|switch|p2a: Gourgeist-Super|Gourgeist-Super, F|373/373","|-item|p1a: Gardevoir|Gardevoirite|[from] ability: Frisk|[of] p2a: Gourgeist-Super|[identify]","|","|turn|2","|","|detailschange|p1a: Gardevoir|Gardevoir-Mega, F","|-mega|p1a: Gardevoir|Gardevoir|Gardevoirite","|move|p1a: Gardevoir|Hyper Voice|p2a: Gourgeist-Super","|-damage|p2a: Gourgeist-Super|102/373","|move|p2a: Gourgeist-Super|Will-O-Wisp|p1a: Gardevoir","|-status|p1a: Gardevoir|brn","|","|-heal|p2a: Gourgeist-Super|125/373|[from] item: Leftovers","|-damage|p1a: Gardevoir|244/278 brn|[from] brn","|turn|3","|","|switch|p2a: Aegislash|Aegislash, M|323/323","|move|p1a: Gardevoir|Hyper Voice|p2a: Aegislash","|-resisted|p2a: Aegislash","|-damage|p2a: Aegislash|236/323","|","|-heal|p2a: Aegislash|256/323|[from] item: Leftovers","|-damage|p1a: Gardevoir|210/278 brn|[from] brn","|turn|4","|","|move|p1a: Gardevoir|Will-O-Wisp|p2a: Aegislash","|-status|p2a: Aegislash|brn","|move|p2a: Aegislash|Substitute|p2a: Aegislash","|-start|p2a: Aegislash|Substitute","|-damage|p2a: Aegislash|176/323 brn","|","|-heal|p2a: Aegislash|196/323 brn|[from] item: Leftovers","|-damage|p1a: Gardevoir|176/278 brn|[from] brn","|-damage|p2a: Aegislash|156/323 brn|[from] brn","|turn|5","|","|switch|p1a: Slowbro|Slowbro, F|394/394","|-formechange|p2a: Aegislash|Aegislash-Blade","|move|p2a: Aegislash|Flash Cannon|p1a: Slowbro","|-resisted|p1a: Slowbro","|-damage|p1a: Slowbro|289/394","|","|-heal|p2a: Aegislash|176/323 brn|[from] item: Leftovers","|-heal|p1a: Slowbro|313/394|[from] item: Leftovers","|-damage|p2a: Aegislash|136/323 brn|[from] brn","|turn|6","|","|move|p2a: Aegislash|Toxic|p1a: Slowbro","|-status|p1a: Slowbro|tox","|move|p1a: Slowbro|Scald|p2a: Aegislash","|-end|p2a: Aegislash|Substitute","|","|-heal|p2a: Aegislash|156/323 brn|[from] item: Leftovers","|-heal|p1a: Slowbro|337/394 tox|[from] item: Leftovers","|-damage|p2a: Aegislash|116/323 brn|[from] brn","|-damage|p1a: Slowbro|313/394 tox|[from] psn","|turn|7","|","|switch|p1a: Jirachi|Jirachi|403/403","|-formechange|p2a: Aegislash|Aegislash","|move|p2a: Aegislash|King's Shield|p2a: Aegislash","|-fail|p2a: Aegislash","|","|-heal|p2a: Aegislash|136/323 brn|[from] item: Leftovers","|-damage|p2a: Aegislash|96/323 brn|[from] brn","|turn|8","|","|switch|p2a: Gourgeist-Super|Gourgeist-Super, F|125/373","|-item|p1a: Jirachi|Leftovers|[from] ability: Frisk|[of] p2a: Gourgeist-Super|[identify]","|move|p1a: Jirachi|Substitute|p1a: Jirachi","|-start|p1a: Jirachi|Substitute","|-damage|p1a: Jirachi|303/403","|","|-heal|p1a: Jirachi|328/403|[from] item: Leftovers","|-heal|p2a: Gourgeist-Super|148/373|[from] item: Leftovers","|turn|9","|","|move|p1a: Jirachi|Iron Head|p2a: Gourgeist-Super","|-damage|p2a: Gourgeist-Super|84/373","|cant|p2a: Gourgeist-Super|flinch","|","|-heal|p1a: Jirachi|353/403|[from] item: Leftovers","|-heal|p2a: Gourgeist-Super|107/373|[from] item: Leftovers","|turn|10","|","|move|p1a: Jirachi|Iron Head|p2a: Gourgeist-Super","|-damage|p2a: Gourgeist-Super|41/373","|cant|p2a: Gourgeist-Super|flinch","|","|-heal|p1a: Jirachi|378/403|[from] item: Leftovers","|-heal|p2a: Gourgeist-Super|64/373|[from] item: Leftovers","|turn|11","|","|move|p1a: Jirachi|Iron Head|p2a: Gourgeist-Super","|-crit|p2a: Gourgeist-Super","|-damage|p2a: Gourgeist-Super|0 fnt","|faint|p2a: Gourgeist-Super","|","|-heal|p1a: Jirachi|403/403|[from] item: Leftovers","|","|switch|p2a: Chandelure|Chandelure, M|261/261","|turn|12","|","|move|p2a: Chandelure|Shadow Ball|p1a: Jirachi","|-supereffective|p1a: Jirachi","|-damage|p1a: Jirachi|155/403","|-unboost|p1a: Jirachi|spd|1","|move|p1a: Jirachi|Thunder Wave|p2a: Chandelure","|-status|p2a: Chandelure|par","|","|-heal|p1a: Jirachi|180/403|[from] item: Leftovers","|turn|13","|","|move|p1a: Jirachi|Iron Head|p2a: Chandelure","|-resisted|p2a: Chandelure","|-damage|p2a: Chandelure|210/261 par","|cant|p2a: Chandelure|par","|","|-heal|p1a: Jirachi|205/403|[from] item: Leftovers","|turn|14","|","|move|p1a: Jirachi|Iron Head|p2a: Chandelure","|-resisted|p2a: Chandelure","|-damage|p2a: Chandelure|155/261 par","|cant|p2a: Chandelure|flinch","|","|-heal|p1a: Jirachi|230/403|[from] item: Leftovers","|turn|15","|","|move|p1a: Jirachi|Iron Head|p2a: Chandelure","|-resisted|p2a: Chandelure","|-damage|p2a: Chandelure|104/261 par","|cant|p2a: Chandelure|par","|","|-heal|p1a: Jirachi|255/403|[from] item: Leftovers","|turn|16","|","|move|p1a: Jirachi|Iron Head|p2a: Chandelure","|-resisted|p2a: Chandelure","|-damage|p2a: Chandelure|55/261 par","|cant|p2a: Chandelure|flinch","|","|-heal|p1a: Jirachi|280/403|[from] item: Leftovers","|turn|17","|","|move|p1a: Jirachi|Iron Head|p2a: Chandelure","|-resisted|p2a: Chandelure","|-damage|p2a: Chandelure|7/261 par","|cant|p2a: Chandelure|flinch","|","|-heal|p1a: Jirachi|305/403|[from] item: Leftovers","|turn|18","|","|move|p1a: Jirachi|Iron Head|p2a: Chandelure","|-resisted|p2a: Chandelure","|-damage|p2a: Chandelure|0 fnt","|faint|p2a: Chandelure","|","|-heal|p1a: Jirachi|330/403|[from] item: Leftovers","|","|switch|p2a: Banette|Banette, M|331/331","|turn|19","|","|detailschange|p2a: Banette|Banette-Mega, M","|-mega|p2a: Banette|Banette|Banettite","|move|p1a: Jirachi|Thunder Wave|p2a: Banette","|-status|p2a: Banette|par","|move|p2a: Banette|Knock Off|p1a: Jirachi","|-supereffective|p1a: Jirachi","|-end|p1a: Jirachi|Substitute","|","|-heal|p1a: Jirachi|355/403|[from] item: Leftovers","|turn|20","|","|switch|p1a: Gardevoir|Gardevoir-Mega, F|176/278 brn","|move|p2a: Banette|Shadow Sneak|p1a: Gardevoir","|-supereffective|p1a: Gardevoir","|-damage|p1a: Gardevoir|0 fnt","|faint|p1a: Gardevoir","|","|","|switch|p1a: Hoopa-Unbound|Hoopa-Unbound|301/301","|turn|21","|","|move|p2a: Banette|Destiny Bond|p2a: Banette","|-singlemove|p2a: Banette|Destiny Bond","|move|p1a: Hoopa-Unbound|Psychic|p2a: Banette","|-damage|p2a: Banette|57/331 par","|-damage|p1a: Hoopa-Unbound|271/301|[from] item: Life Orb","|","|turn|22","|","|switch|p1a: Slowbro|Slowbro, F|394/394 tox","|move|p2a: Banette|Destiny Bond|p2a: Banette","|-singlemove|p2a: Banette|Destiny Bond","|","|-damage|p1a: Slowbro|370/394 tox|[from] psn","|turn|23","|","|move|p2a: Banette|Shadow Sneak|p1a: Slowbro","|-supereffective|p1a: Slowbro","|-damage|p1a: Slowbro|248/394 tox","|move|p1a: Slowbro|Scald|p2a: Banette","|-damage|p2a: Banette|0 fnt","|faint|p2a: Banette","|","|-heal|p1a: Slowbro|272/394 tox|[from] item: Leftovers","|-damage|p1a: Slowbro|224/394 tox|[from] psn","|","|switch|p2a: Gengar|Gengar, M, shiny|261/261","|turn|24","|","|move|p2a: Gengar|Shadow Ball|p1a: Slowbro","|-supereffective|p1a: Slowbro","|-damage|p1a: Slowbro|0 fnt","|faint|p1a: Slowbro","|","|","|switch|p1a: Hoopa-Unbound|Hoopa-Unbound|271/301","|turn|25","|","|move|p2a: Gengar|Shadow Ball|p1a: Hoopa-Unbound","|-damage|p1a: Hoopa-Unbound|99/301","|move|p1a: Hoopa-Unbound|Psychic|p2a: Gengar","|-supereffective|p2a: Gengar","|-damage|p2a: Gengar|0 fnt","|-damage|p1a: Hoopa-Unbound|69/301|[from] item: Life Orb","|faint|p2a: Gengar","|","|","|switch|p2a: Jellicent|Jellicent, F|404/404","|turn|26","|","|move|p1a: Hoopa-Unbound|Hyperspace Fury|p2a: Jellicent","|-supereffective|p2a: Jellicent","|-damage|p2a: Jellicent|0 fnt","|-unboost|p1a: Hoopa-Unbound|def|1","|-damage|p1a: Hoopa-Unbound|39/301|[from] item: Life Orb","|faint|p2a: Jellicent","|","|","|switch|p2a: Aegislash|Aegislash, M|96/323 brn","|turn|27","|","|switch|p1a: Deoxys-Defense|Deoxys-Defense|304/304","|-ability|p1a: Deoxys-Defense|Pressure","|-formechange|p2a: Aegislash|Aegislash-Blade","|move|p2a: Aegislash|Flash Cannon|p1a: Deoxys-Defense","|-damage|p1a: Deoxys-Defense|205/304","|","|-heal|p1a: Deoxys-Defense|224/304|[from] item: Leftovers","|-heal|p2a: Aegislash|116/323 brn|[from] item: Leftovers","|-damage|p2a: Aegislash|76/323 brn|[from] brn","|turn|28","|","|move|p1a: Deoxys-Defense|Night Shade|p2a: Aegislash","|-damage|p2a: Aegislash|0 fnt","|faint|p2a: Aegislash","|","|win|Emg GL Test Tech"],"p1rating":{"entryid":"7162853","serverid":"eos","formatid":"monotype","userid":"emggltesttech","username":"Emg GL Test Tech","w":10,"l":"3","t":"0","gxe":66.7,"r":"1612.3296444451","rd":"99.805079559002","sigma":"0","rptime":"1438765200","rpr":1634.1329469917,"rprd":81.792225033508,"rpsigma":"0","acre":1206.7882455877,"lacre":1206.7882455877,"oldacre":"1186.5872953206"},"p2rating":{"entryid":"7322121","serverid":"eos","formatid":"monotype","userid":"emgkess","username":"Emg kess","w":"7","l":6,"t":"0","gxe":50.9,"r":"1520.1452001691","rd":"83.030277481124","sigma":"0","rptime":"1438765200","rpr":1506.575241125,"rprd":81.078693855016,"rpsigma":"0","acre":1098.8540988315,"lacre":1098.8540988315,"oldacre":"1119.0550490986"},"endType":"normal"}