{"seed":[28997,8606,44659,2034],"turns":20,"p1":"MASTA_X용의☆사용자","p2":"DSV","p1team":[{"name":"ガブリアス","species":"garchomp","item":"rockyhelmet","ability":"Rough Skin","moves":["stealthrock","earthquake","dragontail","endure"],"nature":"Impish","evs":{"hp":252,"atk":0,"def":232,"spa":0,"spd":24,"spe":0},"ivs":{"hp":31,"atk":31,"def":31,"spa":31,"spd":31,"spe":31}},{"name":"オンバーン","species":"noivern","item":"choicescarf","ability":"Infiltrator","moves":["flamethrower","hurricane","dracometeor","switcheroo"],"nature":"Timid","evs":{"hp":0,"atk":0,"def":4,"spa":252,"spd":0,"spe":252},"ivs":{"hp":31,"atk":31,"def":31,"spa":31,"spd":31,"spe":31}},{"name":"チルタリス","species":"altaria","item":"altarianite","ability":"Natural Cure","moves":["dragondance","frustration","earthquake","roost"],"nature":"Adamant","evs":{"hp":188,"atk":68,"def":0,"spa":0,"spd":0,"spe":252},"happiness":0,"ivs":{"hp":31,"atk":31,"def":31,"spa":31,"spd":31,"spe":31}},{"name":"ラティオス","species":"latios","item":"choicescarf","ability":"Levitate","moves":["hiddenpowerfire","dragonpulse","psyshock","icebeam"],"nature":"Timid","evs":{"hp":0,"atk":0,"def":4,"spa":252,"spd":0,"spe":252},"ivs":{"hp":31,"atk":30,"def":31,"spa":30,"spd":31,"spe":30}},{"name":"キュレム","species":"kyuremblack","item":"lifeorb","ability":"Teravolt","moves":["icebeam","outrage","fusionbolt","ironhead"],"nature":"Naive","evs":{"hp":0,"atk":100,"def":0,"spa":180,"spd":0,"spe":228},"shiny":true,"ivs":{"hp":31,"atk":31,"def":31,"spa":31,"spd":31,"spe":31}},{"name":"ボーマンダ","species":"salamence","item":"choicescarf","ability":"Moxie","moves":["outrage","aerialace","steelwing","earthquake"],"nature":"Jolly","evs":{"hp":0,"atk":252,"def":4,"spa":0,"spd":0,"spe":252},"ivs":{"hp":31,"atk":31,"def":31,"spa":31,"spd":31,"spe":31}}],"p2team":[{"name":"Hippowdon","species":"Hippowdon","item":"leftovers","ability":"Sand Stream","moves":["stealthrock","earthquake","slackoff","whirlwind"],"nature":"Impish","evs":{"hp":252,"atk":4,"def":252,"spa":0,"spd":0,"spe":0},"ivs":{"hp":31,"atk":31,"def":31,"spa":31,"spd":31,"spe":31}},{"name":"Garchomp","species":"Garchomp","item":"garchompite","ability":"Rough Skin","moves":["dragonclaw","earthquake","fireblast","swordsdance"],"nature":"Naughty","evs":{"hp":0,"atk":252,"def":0,"spa":16,"spd":0,"spe":240},"ivs":{"hp":31,"atk":31,"def":31,"spa":31,"spd":31,"spe":31}},{"name":"Gastrodon","species":"Gastrodon","item":"leftovers","ability":"Storm Drain","moves":["scald","recover","toxic","earthquake"],"nature":"Careful","evs":{"hp":252,"atk":4,"def":0,"spa":0,"spd":252,"spe":0},"ivs":{"hp":31,"atk":31,"def":31,"spa":31,"spd":31,"spe":31}},{"name":"Excadrill","species":"Excadrill","item":"lifeorb","ability":"Sand Rush","moves":["ironhead","earthquake","rockslide","rapidspin"],"nature":"Adamant","evs":{"hp":0,"atk":252,"def":0,"spa":0,"spd":4,"spe":252},"ivs":{"hp":31,"atk":31,"def":31,"spa":31,"spd":31,"spe":31}},{"name":"Mamoswine","species":"Mamoswine","item":"lifeorb","ability":"Thick Fat","moves":["freezedry","iciclecrash","iceshard","earthquake"],"nature":"Lonely","evs":{"hp":0,"atk":224,"def":0,"spa":32,"spd":0,"spe":252},"ivs":{"hp":31,"atk":31,"def":31,"spa":31,"spd":31,"spe":31}},{"name":"Landorus","species":"Landorus","item":"lifeorb","ability":"Sheer Force","moves":["gravity","earthpower","sludgewave","psychic"],"nature":"Timid","evs":{"hp":0,"atk":0,"def":0,"spa":252,"spd":4,"spe":252},"ivs":{"hp":31,"atk":31,"def":31,"spa":31,"spd":31,"spe":31}}],"log":["|player|p1|MASTA_X용의☆사용자|alliancewutang.png","|player|p2|DSV|159","|gametype|singles","|gen|6","|tier|Monotype","|rated","|rule|Baton Pass Clause: Limit one Baton Passer, can't pass Spe and other stats simultaneously","|rule|Swagger Clause: Swagger is banned","|rule|Same Type Clause: Pokémon in a team must share a type","|clearpoke","|poke|p1|Garchomp, M","|poke|p1|Noivern, F","|poke|p1|Altaria, F","|poke|p1|Latios, M","|poke|p1|Kyurem-Black, shiny","|poke|p1|Salamence, F","|poke|p2|Hippowdon, M","|poke|p2|Garchomp, M","|poke|p2|Gastrodon, F","|poke|p2|Excadrill, F","|poke|p2|Mamoswine, F","|poke|p2|Landorus, M","|rule|Sleep Clause Mod: Limit one foe put to sleep","|rule|Species Clause: Limit one of each Pokémon","|rule|OHKO Clause: OHKO moves are banned","|rule|Moody Clause: Moody is banned","|rule|Evasion Moves Clause: Evasion moves are banned","|rule|Endless Battle Clause: Forcing endless battles is banned","|rule|HP Percentage Mod: HP is shown in percentages","|teampreview","|","|start","|switch|p1a: キュレム|Kyurem-Black, shiny|391/391","|switch|p2a: Hippowdon|Hippowdon, M|420/420","|-ability|p1a: キュレム|Teravolt","|-weather|Sandstorm","|turn|1","|","|switch|p2a: Gastrodon|Gastrodon, F|426/426","|move|p1a: キュレム|Ice Beam|p2a: Gastrodon","|-damage|p2a: Gastrodon|284/426","|-damage|p1a: キュレム|352/391|[from] item: Life Orb","|","|-weather|Sandstorm|[upkeep]","|-damage|p1a: キュレム|328/391|[from] sandstorm","|-heal|p2a: Gastrodon|310/426|[from] item: Leftovers","|turn|2","|","|switch|p1a: ガブリアス|Garchomp, M|420/420","|move|p2a: Gastrodon|Toxic|p1a: ガブリアス|[miss]","|-miss|p2a: Gastrodon|p1a: ガブリアス","|","|-weather|Sandstorm|[upkeep]","|-heal|p2a: Gastrodon|336/426|[from] item: Leftovers","|turn|3","|","|switch|p2a: Hippowdon|Hippowdon, M|420/420","|move|p1a: ガブリアス|Stealth Rock|p2a: Hippowdon","|-sidestart|p2: DSV|move: Stealth Rock","|","|-weather|Sandstorm|[upkeep]","|turn|4","|","|switch|p1a: キュレム|Kyurem-Black, shiny|328/391","|-ability|p1a: キュレム|Teravolt","|move|p2a: Hippowdon|Stealth Rock|p1a: キュレム","|-sidestart|p1: MASTA_X용의☆사용자|move: Stealth Rock","|","|-weather|Sandstorm|[upkeep]","|-damage|p1a: キュレム|304/391|[from] sandstorm","|turn|5","|","|switch|p2a: Gastrodon|Gastrodon, F|336/426","|-damage|p2a: Gastrodon|310/426|[from] Stealth Rock","|move|p1a: キュレム|Ice Beam|p2a: Gastrodon","|-damage|p2a: Gastrodon|168/426","|-status|p2a: Gastrodon|frz","|-damage|p1a: キュレム|265/391|[from] item: Life Orb","|","|-weather|none","|-heal|p2a: Gastrodon|194/426 frz|[from] item: Leftovers","|turn|6","|","|switch|p2a: Hippowdon|Hippowdon, M|420/420","|-damage|p2a: Hippowdon|394/420|[from] Stealth Rock","|-weather|Sandstorm","|move|p1a: キュレム|Ice Beam|p2a: Hippowdon","|-supereffective|p2a: Hippowdon","|-damage|p2a: Hippowdon|0 fnt","|-damage|p1a: キュレム|226/391|[from] item: Life Orb","|faint|p2a: Hippowdon","|","|-weather|Sandstorm|[upkeep]","|-damage|p1a: キュレム|202/391|[from] sandstorm","|","|switch|p2a: Excadrill|Excadrill, F|361/361","|-damage|p2a: Excadrill|350/361|[from] Stealth Rock","|turn|7","|","|switch|p1a: ガブリアス|Garchomp, M|420/420","|-damage|p1a: ガブリアス|394/420|[from] Stealth Rock","|move|p2a: Excadrill|Iron Head|p1a: ガブリアス","|-damage|p1a: ガブリアス|233/420","|-damage|p2a: Excadrill|305/361|[from] ability: Rough Skin|[of] p1a: ガブリアス","|-damage|p2a: Excadrill|245/361|[from] item: Rocky Helmet|[of] p1a: ガブリアス","|-damage|p2a: Excadrill|209/361|[from] item: Life Orb","|","|-weather|Sandstorm|[upkeep]","|turn|8","|","|move|p2a: Excadrill|Earthquake|p1a: ガブリアス","|-damage|p1a: ガブリアス|17/420","|-damage|p2a: Excadrill|173/361|[from] item: Life Orb","|move|p1a: ガブリアス|Dragon Tail|p2a: Excadrill","|-resisted|p2a: Excadrill","|-damage|p2a: Excadrill|108/361","|drag|p2a: Garchomp|Garchomp, M|357/357","|-damage|p2a: Garchomp|335/357|[from] Stealth Rock","|","|-weather|Sandstorm|[upkeep]","|turn|9","|","|detailschange|p2a: Garchomp|Garchomp-Mega, M","|-mega|p2a: Garchomp|Garchomp|Garchompite","|move|p2a: Garchomp|Dragon Claw|p1a: ガブリアス","|-supereffective|p1a: ガブリアス","|-damage|p1a: ガブリアス|0 fnt","|-damage|p2a: Garchomp|291/357|[from] ability: Rough Skin|[of] p1a: ガブリアス","|-damage|p2a: Garchomp|232/357|[from] item: Rocky Helmet|[of] p1a: ガブリアス","|faint|p1a: ガブリアス","|","|-weather|Sandstorm|[upkeep]","|","|switch|p1a: ラティオス|Latios, M|301/301","|-damage|p1a: ラティオス|264/301|[from] Stealth Rock","|turn|10","|","|switch|p2a: Gastrodon|Gastrodon, F|194/426 frz","|-damage|p2a: Gastrodon|168/426 frz|[from] Stealth Rock","|move|p1a: ラティオス|Ice Beam|p2a: Gastrodon","|-damage|p2a: Gastrodon|73/426 frz","|","|-weather|none","|-heal|p2a: Gastrodon|99/426 frz|[from] item: Leftovers","|turn|11","|","|move|p1a: ラティオス|Ice Beam|p2a: Gastrodon","|-damage|p2a: Gastrodon|8/426 frz","|-curestatus|p2a: Gastrodon|frz","|move|p2a: Gastrodon|Recover|p2a: Gastrodon","|-heal|p2a: Gastrodon|221/426","|","|-heal|p2a: Gastrodon|247/426|[from] item: Leftovers","|turn|12","|","|switch|p1a: キュレム|Kyurem-Black, shiny|202/391","|-damage|p1a: キュレム|105/391|[from] Stealth Rock","|-ability|p1a: キュレム|Teravolt","|move|p2a: Gastrodon|Toxic|p1a: キュレム","|-status|p1a: キュレム|tox","|","|-heal|p2a: Gastrodon|273/426|[from] item: Leftovers","|-damage|p1a: キュレム|81/391 tox|[from] psn","|turn|13","|","|switch|p2a: Excadrill|Excadrill, F|108/361","|-damage|p2a: Excadrill|97/361|[from] Stealth Rock","|move|p1a: キュレム|Outrage|p2a: Excadrill","|-resisted|p2a: Excadrill","|-damage|p2a: Excadrill|0 fnt","|-damage|p1a: キュレム|42/391 tox|[from] item: Life Orb","|faint|p2a: Excadrill","|","|-damage|p1a: キュレム|0 fnt|[from] psn","|faint|p1a: キュレム","|","|switch|p1a: ラティオス|Latios, M|264/301","|switch|p2a: Mamoswine|Mamoswine, F|361/361","|-damage|p1a: ラティオス|227/301|[from] Stealth Rock","|-damage|p2a: Mamoswine|316/361|[from] Stealth Rock","|turn|14","|","|switch|p2a: Garchomp|Garchomp-Mega, M|232/357","|-damage|p2a: Garchomp|210/357|[from] Stealth Rock","|move|p1a: ラティオス|Dragon Pulse|p2a: Garchomp","|-supereffective|p2a: Garchomp","|-damage|p2a: Garchomp|0 fnt","|faint|p2a: Garchomp","|","|","|switch|p2a: Landorus|Landorus, M|319/319","|-damage|p2a: Landorus|280/319|[from] Stealth Rock","|turn|15","|","|move|p1a: ラティオス|Dragon Pulse|p2a: Landorus","|-damage|p2a: Landorus|108/319","|move|p2a: Landorus|Sludge Wave|p1a: ラティオス","|-damage|p1a: ラティオス|68/301","|","|turn|16","|","|move|p1a: ラティオス|Dragon Pulse|p2a: Landorus","|-damage|p2a: Landorus|0 fnt","|faint|p2a: Landorus","|","|","|switch|p2a: Mamoswine|Mamoswine, F|316/361","|-damage|p2a: Mamoswine|271/361|[from] Stealth Rock","|turn|17","|","|move|p2a: Mamoswine|Ice Shard|p1a: ラティオス","|-crit|p1a: ラティオス","|-supereffective|p1a: ラティオス","|-damage|p1a: ラティオス|0 fnt","|-damage|p2a: Mamoswine|235/361|[from] item: Life Orb","|faint|p1a: ラティオス","|","|","|switch|p1a: チルタリス|Altaria, F|338/338","|-damage|p1a: チルタリス|254/338|[from] Stealth Rock","|turn|18","|","|detailschange|p1a: チルタリス|Altaria-Mega, F","|-mega|p1a: チルタリス|Altaria|Altarianite","|move|p2a: Mamoswine|Icicle Crash|p1a: チルタリス","|-supereffective|p1a: チルタリス","|-damage|p1a: チルタリス|0 fnt","|-damage|p2a: Mamoswine|199/361|[from] item: Life Orb","|faint|p1a: チルタリス","|","|","|switch|p1a: ボーマンダ|Salamence, F|331/331","|-damage|p1a: ボーマンダ|249/331|[from] Stealth Rock","|turn|19","|","|move|p2a: Mamoswine|Ice Shard|p1a: ボーマンダ","|-supereffective|p1a: ボーマンダ","|-damage|p1a: ボーマンダ|0 fnt","|-damage|p2a: Mamoswine|163/361|[from] item: Life Orb","|faint|p1a: ボーマンダ","|","|","|switch|p1a: オンバーン|Noivern, F|311/311","|-damage|p1a: オンバーン|234/311|[from] Stealth Rock","|turn|20","|","|move|p2a: Mamoswine|Ice Shard|p1a: オンバーン","|-supereffective|p1a: オンバーン","|-damage|p1a: オンバーン|0 fnt","|-damage|p2a: Mamoswine|127/361|[from] item: Life Orb","|faint|p1a: オンバーン","|","|win|DSV"],"p1rating":{"entryid":"7303561","serverid":"eos","formatid":"monotype","userid":"mastax","username":"MASTAX☆용의 사용자","w":"39","l":12,"t":"0","gxe":73.5,"r":"1704.3158945696","rd":"59.492840111287","sigma":"0","rptime":"1438765200","rpr":1694.3279861949,"rprd":51.60447900572,"rpsigma":"0","acre":1303.8856093916,"lacre":1303.8856093916,"oldacre":"1324.5312537168"},"p2rating":{"entryid":"6124841","serverid":"eos","formatid":"monotype","userid":"dsv","username":"DSV","w":31,"l":"14","t":"0","gxe":69.9,"r":"1633.4601020132","rd":"64.683638939651","sigma":"0","rptime":"1438765200","rpr":1660.6061710473,"rprd":59.642600185102,"rpsigma":"0","acre":1333.9570086786,"lacre":1333.9570086786,"oldacre":"1313.3113643534"},"endType":"normal"}