{"seed":[49447,13261,45448,2809],"turns":45,"p1":"MrNyanNyanz","p2":"Zayano","p1team":[{"name":"Houndoom","species":"Houndoom","item":"houndoominite","ability":"Early Bird","moves":["solarbeam","darkpulse","hiddenpowerice","flamethrower"],"nature":"Timid","evs":{"hp":0,"atk":0,"def":0,"spa":252,"spd":4,"spe":252},"ivs":{"hp":31,"atk":30,"def":30,"spa":31,"spd":31,"spe":31}},{"name":"Victini","species":"Victini","item":"choicescarf","ability":"Victory Star","moves":["glaciate","energyball","boltstrike","vcreate"],"nature":"Hasty","evs":{"hp":0,"atk":252,"def":0,"spa":4,"spd":0,"spe":252},"ivs":{"hp":31,"atk":31,"def":31,"spa":31,"spd":31,"spe":31}},{"name":"Ninetales","species":"Ninetales","item":"heatrock","ability":"Drought","moves":["energyball","fireblast","toxic","psyshock"],"nature":"Timid","evs":{"hp":0,"atk":0,"def":0,"spa":252,"spd":4,"spe":252},"ivs":{"hp":31,"atk":31,"def":31,"spa":31,"spd":31,"spe":31}},{"name":"Rotom-Heat","species":"Rotom-Heat","item":"lightclay","ability":"Levitate","moves":["reflect","lightscreen","voltswitch","overheat"],"nature":"Modest","evs":{"hp":248,"atk":0,"def":0,"spa":252,"spd":8,"spe":0},"ivs":{"hp":31,"atk":31,"def":31,"spa":31,"spd":31,"spe":31}},{"name":"Moltres","species":"Moltres","item":"leftovers","ability":"Pressure","moves":["defog","airslash","solarbeam","flamethrower"],"nature":"Modest","evs":{"hp":252,"atk":0,"def":0,"spa":252,"spd":4,"spe":0},"ivs":{"hp":31,"atk":31,"def":31,"spa":31,"spd":31,"spe":31}},{"name":"Combusken","species":"Combusken","item":"choiceband","ability":"Speed Boost","moves":["skyuppercut","flareblitz","thunderpunch","rockslide"],"nature":"Adamant","evs":{"hp":0,"atk":252,"def":0,"spa":0,"spd":4,"spe":252},"ivs":{"hp":31,"atk":31,"def":31,"spa":31,"spd":31,"spe":31}}],"p2team":[{"name":"Eggsalad","species":"chansey","item":"eviolite","ability":"Natural Cure","moves":["healbell","softboiled","wish","seismictoss"],"nature":"Bold","evs":{"hp":248,"atk":0,"def":252,"spa":0,"spd":8,"spe":0},"ivs":{"hp":31,"atk":0,"def":31,"spa":31,"spd":31,"spe":31}},{"name":"Donald","species":"porygon2","item":"eviolite","ability":"Trace","moves":["foulplay","icebeam","recover","toxic"],"nature":"Bold","evs":{"hp":248,"atk":0,"def":252,"spa":8,"spd":0,"spe":0},"ivs":{"hp":31,"atk":0,"def":31,"spa":31,"spd":31,"spe":31}},{"name":"Fists of Fury","species":"diggersby","item":"choiceband","ability":"Huge Power","moves":["earthquake","frustration","knockoff","quickattack"],"nature":"Adamant","evs":{"hp":248,"atk":252,"def":0,"spa":0,"spd":0,"spe":8},"gender":"M","shiny":true,"happiness":0,"ivs":{"hp":31,"atk":31,"def":31,"spa":31,"spd":31,"spe":31}},{"name":"Stallraptor","species":"staraptor","item":"leftovers","ability":"Intimidate","moves":["bravebird","defog","featherdance","roost"],"nature":"Impish","evs":{"hp":248,"atk":8,"def":252,"spa":0,"spd":0,"spe":0},"gender":"M","shiny":true,"ivs":{"hp":31,"atk":31,"def":31,"spa":31,"spd":31,"spe":31}},{"name":"Goku","species":"pidgeot","item":"pidgeotite","ability":"Keen Eye","moves":["heatwave","hurricane","uturn","roost"],"nature":"Timid","evs":{"hp":0,"atk":0,"def":4,"spa":252,"spd":0,"spe":252},"ivs":{"hp":31,"atk":31,"def":31,"spa":31,"spd":31,"spe":31}},{"name":"I'm U","species":"ditto","item":"choicescarf","ability":"Imposter","moves":["transform"],"nature":"Naive","evs":{"hp":248,"atk":4,"def":0,"spa":0,"spd":0,"spe":252},"shiny":true,"ivs":{"hp":31,"atk":31,"def":31,"spa":31,"spd":31,"spe":31}}],"log":["|player|p1|MrNyanNyanz|mrnyannyanz.png","|player|p2|Zayano|99","|gametype|singles","|gen|6","|tier|Monotype","|rated","|rule|Baton Pass Clause: Limit one Baton Passer, can't pass Spe and other stats simultaneously","|rule|Swagger Clause: Swagger is banned","|rule|Same Type Clause: Pokémon in a team must share a type","|clearpoke","|poke|p1|Houndoom, M","|poke|p1|Victini","|poke|p1|Ninetales, F","|poke|p1|Rotom-Heat","|poke|p1|Moltres","|poke|p1|Combusken, F","|poke|p2|Chansey, F","|poke|p2|Porygon2","|poke|p2|Diggersby, M, shiny","|poke|p2|Staraptor, M, shiny","|poke|p2|Pidgeot, F","|poke|p2|Ditto, shiny","|rule|Sleep Clause Mod: Limit one foe put to sleep","|rule|Species Clause: Limit one of each Pokémon","|rule|OHKO Clause: OHKO moves are banned","|rule|Moody Clause: Moody is banned","|rule|Evasion Moves Clause: Evasion moves are banned","|rule|Endless Battle Clause: Forcing endless battles is banned","|rule|HP Percentage Mod: HP is shown in percentages","|teampreview","|","|start","|switch|p1a: Rotom-Heat|Rotom-Heat|303/303","|switch|p2a: Goku|Pidgeot, F|307/307","|turn|1","|","|switch|p2a: Fists of Fury|Diggersby, M, shiny|373/373","|move|p1a: Rotom-Heat|Light Screen|p1a: Rotom-Heat","|-sidestart|p1: MrNyanNyanz|move: Light Screen","|","|turn|2","|","|move|p1a: Rotom-Heat|Reflect|p1a: Rotom-Heat","|-sidestart|p1: MrNyanNyanz|Reflect","|move|p2a: Fists of Fury|Knock Off|p1a: Rotom-Heat","|-damage|p1a: Rotom-Heat|191/303","|-enditem|p1a: Rotom-Heat|Light Clay|[from] move: Knock Off|[of] p2a: Fists of Fury","|","|turn|3","|","|switch|p2a: Eggsalad|Chansey, F|703/703","|move|p1a: Rotom-Heat|Overheat|p2a: Eggsalad","|-crit|p2a: Eggsalad","|-damage|p2a: Eggsalad|484/703","|-unboost|p1a: Rotom-Heat|spa|2","|","|turn|4","|","|move|p1a: Rotom-Heat|Volt Switch|p2a: Eggsalad","|-damage|p2a: Eggsalad|448/703","|","|switch|p1a: Combusken|Combusken, F|261/261","|move|p2a: Eggsalad|Soft-Boiled|p2a: Eggsalad","|-heal|p2a: Eggsalad|703/703","|","|turn|5","|","|move|p1a: Combusken|Sky Uppercut|p2a: Eggsalad","|-supereffective|p2a: Eggsalad","|-damage|p2a: Eggsalad|217/703","|move|p2a: Eggsalad|Seismic Toss|p1a: Combusken","|-damage|p1a: Combusken|161/261","|","|-boost|p1a: Combusken|spe|1|[from] ability: Speed Boost","|turn|6","|","|switch|p2a: Stallraptor|Staraptor, M, shiny|373/373","|-ability|p2a: Stallraptor|Intimidate","|-unboost|p1a: Combusken|atk|1","|move|p1a: Combusken|Sky Uppercut|p2a: Stallraptor","|-damage|p2a: Stallraptor|256/373","|","|-heal|p2a: Stallraptor|279/373|[from] item: Leftovers","|-boost|p1a: Combusken|spe|1|[from] ability: Speed Boost","|turn|7","|","|switch|p1a: Rotom-Heat|Rotom-Heat|191/303","|move|p2a: Stallraptor|Defog|p1a: Rotom-Heat","|-unboost|p1a: Rotom-Heat|evasion|1","|-sideend|p1: MrNyanNyanz|Reflect","|-sideend|p1: MrNyanNyanz|move: Light Screen","|","|-heal|p2a: Stallraptor|302/373|[from] item: Leftovers","|turn|8","|","|switch|p2a: Eggsalad|Chansey, F|217/703","|move|p1a: Rotom-Heat|Overheat|p2a: Eggsalad","|-damage|p2a: Eggsalad|76/703","|-unboost|p1a: Rotom-Heat|spa|2","|","|turn|9","|","|move|p1a: Rotom-Heat|Light Screen|p1a: Rotom-Heat","|-sidestart|p1: MrNyanNyanz|move: Light Screen","|move|p2a: Eggsalad|Soft-Boiled|p2a: Eggsalad","|-heal|p2a: Eggsalad|428/703","|","|turn|10","|","|move|p1a: Rotom-Heat|Reflect|p1a: Rotom-Heat","|-sidestart|p1: MrNyanNyanz|Reflect","|move|p2a: Eggsalad|Soft-Boiled|p2a: Eggsalad","|-heal|p2a: Eggsalad|703/703","|","|turn|11","|","|move|p1a: Rotom-Heat|Volt Switch|p2a: Eggsalad","|-damage|p2a: Eggsalad|666/703","|","|switch|p1a: Combusken|Combusken, F|161/261","|move|p2a: Eggsalad|Wish|p2a: Eggsalad","|","|turn|12","|","|switch|p2a: Stallraptor|Staraptor, M, shiny|302/373","|-ability|p2a: Stallraptor|Intimidate","|-unboost|p1a: Combusken|atk|1","|move|p1a: Combusken|Sky Uppercut|p2a: Stallraptor","|-damage|p2a: Stallraptor|182/373","|","|-heal|p2a: Stallraptor|373/373|[from] move: Wish|[wisher] Eggsalad","|-boost|p1a: Combusken|spe|1|[from] ability: Speed Boost","|turn|13","|","|switch|p1a: Rotom-Heat|Rotom-Heat|191/303","|move|p2a: Stallraptor|Defog|p1a: Rotom-Heat","|-unboost|p1a: Rotom-Heat|evasion|1","|-sideend|p1: MrNyanNyanz|Reflect","|-sideend|p1: MrNyanNyanz|move: Light Screen","|","|turn|14","|","|switch|p2a: Donald|Porygon2|373/373","|-ability|p2a: Donald|Levitate|[from] ability: Trace|[of] p1a: Rotom-Heat","|move|p1a: Rotom-Heat|Volt Switch|p2a: Donald","|-damage|p2a: Donald|292/373","|","|switch|p1a: Ninetales|Ninetales, F|287/287","|-weather|SunnyDay","|","|-weather|SunnyDay|[upkeep]","|turn|15","|","|move|p1a: Ninetales|Toxic|p2a: Donald|[miss]","|-miss|p1a: Ninetales|p2a: Donald","|move|p2a: Donald|Toxic|p1a: Ninetales","|-status|p1a: Ninetales|tox","|","|-weather|SunnyDay|[upkeep]","|-damage|p1a: Ninetales|270/287 tox|[from] psn","|turn|16","|","|switch|p2a: Eggsalad|Chansey, F|666/703","|move|p1a: Ninetales|Toxic|p2a: Eggsalad","|-status|p2a: Eggsalad|tox","|","|-weather|SunnyDay|[upkeep]","|-damage|p1a: Ninetales|236/287 tox|[from] psn","|-damage|p2a: Eggsalad|623/703 tox|[from] psn","|turn|17","|","|switch|p1a: Combusken|Combusken, F|161/261","|move|p2a: Eggsalad|Wish|p2a: Eggsalad","|","|-weather|SunnyDay|[upkeep]","|-damage|p2a: Eggsalad|537/703 tox|[from] psn","|turn|18","|","|switch|p2a: Stallraptor|Staraptor, M, shiny|373/373","|-ability|p2a: Stallraptor|Intimidate","|-unboost|p1a: Combusken|atk|1","|move|p1a: Combusken|Thunder Punch|p2a: Stallraptor","|-supereffective|p2a: Stallraptor","|-damage|p2a: Stallraptor|241/373","|","|-weather|SunnyDay|[upkeep]","|-heal|p2a: Stallraptor|373/373|[from] move: Wish|[wisher] Eggsalad","|-boost|p1a: Combusken|spe|1|[from] ability: Speed Boost","|turn|19","|","|move|p1a: Combusken|Thunder Punch|p2a: Stallraptor","|-supereffective|p2a: Stallraptor","|-damage|p2a: Stallraptor|235/373","|move|p2a: Stallraptor|Brave Bird|p1a: Combusken","|-supereffective|p1a: Combusken","|-damage|p1a: Combusken|0 fnt","|-damage|p2a: Stallraptor|182/373|[from] recoil|[of] p1a: Combusken","|faint|p1a: Combusken","|","|-weather|SunnyDay|[upkeep]","|-heal|p2a: Stallraptor|205/373|[from] item: Leftovers","|","|switch|p1a: Victini|Victini|341/341","|turn|20","|","|switch|p2a: Donald|Porygon2|292/373","|-ability|p2a: Donald|Victory Star|[from] ability: Trace|[of] p1a: Victini","|move|p1a: Victini|V-create|p2a: Donald","|-damage|p2a: Donald|99/373","|-unboost|p1a: Victini|spe|1","|-unboost|p1a: Victini|def|1","|-unboost|p1a: Victini|spd|1","|","|-weather|SunnyDay|[upkeep]","|turn|21","|","|move|p1a: Victini|V-create|p2a: Donald","|-damage|p2a: Donald|0 fnt","|-unboost|p1a: Victini|spe|1","|-unboost|p1a: Victini|def|1","|-unboost|p1a: Victini|spd|1","|faint|p2a: Donald","|","|-weather|none","|","|switch|p2a: Fists of Fury|Diggersby, M, shiny|373/373","|turn|22","|","|switch|p1a: Rotom-Heat|Rotom-Heat|191/303","|move|p2a: Fists of Fury|Knock Off|p1a: Rotom-Heat","|-damage|p1a: Rotom-Heat|51/303","|","|turn|23","|","|switch|p2a: Eggsalad|Chansey, F|537/703","|move|p1a: Rotom-Heat|Reflect|p1a: Rotom-Heat","|-sidestart|p1: MrNyanNyanz|Reflect","|","|turn|24","|","|move|p1a: Rotom-Heat|Light Screen|p1a: Rotom-Heat","|-sidestart|p1: MrNyanNyanz|move: Light Screen","|move|p2a: Eggsalad|Soft-Boiled|p2a: Eggsalad","|-heal|p2a: Eggsalad|703/703","|","|turn|25","|","|move|p1a: Rotom-Heat|Volt Switch|p2a: Eggsalad","|-damage|p2a: Eggsalad|628/703","|","|switch|p1a: Victini|Victini|341/341","|move|p2a: Eggsalad|Wish|p2a: Eggsalad","|","|turn|26","|","|switch|p2a: Stallraptor|Staraptor, M, shiny|205/373","|-ability|p2a: Stallraptor|Intimidate","|-unboost|p1a: Victini|atk|1","|move|p1a: Victini|V-create|p2a: Stallraptor","|-damage|p2a: Stallraptor|37/373","|-unboost|p1a: Victini|spe|1","|-unboost|p1a: Victini|def|1","|-unboost|p1a: Victini|spd|1","|","|-heal|p2a: Stallraptor|373/373|[from] move: Wish|[wisher] Eggsalad","|turn|27","|","|switch|p1a: Ninetales|Ninetales, F|236/287 tox","|-weather|SunnyDay","|move|p2a: Stallraptor|Feather Dance|p1a: Ninetales","|-unboost|p1a: Ninetales|atk|2","|","|-weather|SunnyDay|[upkeep]","|-damage|p1a: Ninetales|219/287 tox|[from] psn","|-sideend|p1: MrNyanNyanz|Reflect","|turn|28","|","|switch|p1a: Victini|Victini|341/341","|switch|p2a: Eggsalad|Chansey, F|628/703","|","|-weather|SunnyDay|[upkeep]","|-sideend|p1: MrNyanNyanz|move: Light Screen","|turn|29","|","|switch|p2a: Stallraptor|Staraptor, M, shiny|373/373","|-ability|p2a: Stallraptor|Intimidate","|-unboost|p1a: Victini|atk|1","|move|p1a: Victini|V-create|p2a: Stallraptor","|-damage|p2a: Stallraptor|123/373","|-unboost|p1a: Victini|spe|1","|-unboost|p1a: Victini|def|1","|-unboost|p1a: Victini|spd|1","|","|-weather|SunnyDay|[upkeep]","|-heal|p2a: Stallraptor|146/373|[from] item: Leftovers","|turn|30","|","|move|p1a: Victini|V-create|p2a: Stallraptor","|-damage|p2a: Stallraptor|0 fnt","|-unboost|p1a: Victini|spe|1","|-unboost|p1a: Victini|def|1","|-unboost|p1a: Victini|spd|1","|faint|p2a: Stallraptor","|","|-weather|SunnyDay|[upkeep]","|","|switch|p2a: Fists of Fury|Diggersby, M, shiny|373/373","|turn|31","|","|switch|p1a: Rotom-Heat|Rotom-Heat|51/303","|move|p2a: Fists of Fury|Quick Attack|p1a: Rotom-Heat","|-damage|p1a: Rotom-Heat|0 fnt","|faint|p1a: Rotom-Heat","|","|-weather|SunnyDay|[upkeep]","|","|switch|p1a: Victini|Victini|341/341","|turn|32","|","|switch|p2a: I'm U|Ditto, shiny|299/299","|-transform|p2a: I'm U|p1a: Victini","|move|p1a: Victini|V-create|p2a: I'm U","|-resisted|p2a: I'm U","|-damage|p2a: I'm U|71/299","|-unboost|p1a: Victini|spe|1","|-unboost|p1a: Victini|def|1","|-unboost|p1a: Victini|spd|1","|","|-weather|SunnyDay|[upkeep]","|turn|33","|","|switch|p1a: Moltres|Moltres|384/384","|-ability|p1a: Moltres|Pressure","|move|p2a: I'm U|Bolt Strike|p1a: Moltres","|-supereffective|p1a: Moltres","|-damage|p1a: Moltres|104/384","|","|-weather|SunnyDay|[upkeep]","|-heal|p1a: Moltres|128/384|[from] item: Leftovers","|turn|34","|","|move|p2a: I'm U|Bolt Strike|p1a: Moltres","|-supereffective|p1a: Moltres","|-damage|p1a: Moltres|0 fnt","|faint|p1a: Moltres","|","|-weather|none","|","|switch|p1a: Victini|Victini|341/341","|turn|35","|","|switch|p2a: Eggsalad|Chansey, F|628/703","|move|p1a: Victini|V-create|p2a: Eggsalad","|-damage|p2a: Eggsalad|262/703","|-unboost|p1a: Victini|spe|1","|-unboost|p1a: Victini|def|1","|-unboost|p1a: Victini|spd|1","|","|turn|36","|","|move|p1a: Victini|V-create|p2a: Eggsalad","|-damage|p2a: Eggsalad|0 fnt","|-unboost|p1a: Victini|spe|1","|-unboost|p1a: Victini|def|1","|-unboost|p1a: Victini|spd|1","|faint|p2a: Eggsalad","|","|","|switch|p2a: Fists of Fury|Diggersby, M, shiny|373/373","|turn|37","|","|switch|p1a: Ninetales|Ninetales, F|219/287 tox","|-weather|SunnyDay","|move|p2a: Fists of Fury|Quick Attack|p1a: Ninetales","|-damage|p1a: Ninetales|48/287 tox","|","|-weather|SunnyDay|[upkeep]","|-damage|p1a: Ninetales|31/287 tox|[from] psn","|turn|38","|","|move|p2a: Fists of Fury|Quick Attack|p1a: Ninetales","|-damage|p1a: Ninetales|0 fnt","|faint|p1a: Ninetales","|","|-weather|SunnyDay|[upkeep]","|","|switch|p1a: Houndoom|Houndoom, M|291/291","|turn|39","|","|detailschange|p1a: Houndoom|Houndoom-Mega, M","|-mega|p1a: Houndoom|Houndoom|Houndoominite","|move|p2a: Fists of Fury|Quick Attack|p1a: Houndoom","|-damage|p1a: Houndoom|129/291","|move|p1a: Houndoom|Dark Pulse|p2a: Fists of Fury","|-damage|p2a: Fists of Fury|99/373","|","|-weather|SunnyDay|[upkeep]","|-damage|p1a: Houndoom|93/291|[from] ability: Solar Power","|turn|40","|","|switch|p1a: Victini|Victini|341/341","|move|p2a: Fists of Fury|Quick Attack|p1a: Victini","|-damage|p1a: Victini|199/341","|","|-weather|SunnyDay|[upkeep]","|turn|41","|","|move|p2a: Fists of Fury|Quick Attack|p1a: Victini","|-damage|p1a: Victini|57/341","|move|p1a: Victini|Glaciate|p2a: Fists of Fury","|-supereffective|p2a: Fists of Fury","|-damage|p2a: Fists of Fury|0 fnt","|faint|p2a: Fists of Fury","|","|-weather|SunnyDay|[upkeep]","|","|switch|p2a: I'm U|Ditto, shiny|71/299","|-transform|p2a: I'm U|p1a: Victini","|turn|42","|","|move|p1a: Victini|Glaciate|p2a: I'm U","|-resisted|p2a: I'm U","|-damage|p2a: I'm U|46/299","|-unboost|p2a: I'm U|spe|1","|move|p2a: I'm U|Bolt Strike|p1a: Victini","|-damage|p1a: Victini|0 fnt","|faint|p1a: Victini","|","|-weather|SunnyDay|[upkeep]","|","|switch|p1a: Houndoom|Houndoom-Mega, M|93/291","|turn|43","|","|switch|p2a: Goku|Pidgeot, F|307/307","|move|p1a: Houndoom|Dark Pulse|p2a: Goku","|-damage|p2a: Goku|30/307","|","|-weather|SunnyDay|[upkeep]","|-damage|p1a: Houndoom|57/291|[from] ability: Solar Power","|turn|44","|","|detailschange|p2a: Goku|Pidgeot-Mega, F","|-mega|p2a: Goku|Pidgeot|Pidgeotite","|move|p1a: Houndoom|Flamethrower|p2a: Goku","|-damage|p2a: Goku|0 fnt","|faint|p2a: Goku","|","|-weather|none","|","|switch|p2a: I'm U|Ditto, shiny|46/299","|-transform|p2a: I'm U|p1a: Houndoom","|turn|45","|","|move|p2a: I'm U|Flamethrower|p1a: Houndoom","|-resisted|p1a: Houndoom","|-damage|p1a: Houndoom|0 fnt","|faint|p1a: Houndoom","|","|win|Zayano"],"p1rating":{"entryid":"6703862","serverid":"eos","formatid":"monotype","userid":"mrnyannyanz","username":"MrNyanNyanz","w":"56","l":49,"t":"0","gxe":51.9,"r":"1523.6934120986","rd":"36.603604249754","sigma":"0","rptime":"1438765200","rpr":1514.1913104684,"rprd":35.468256020652,"rpsigma":"0","acre":1060.7213536825,"lacre":1060.7213536825,"oldacre":"1090.2353833735"},"p2rating":{"entryid":7420247,"formatid":"monotype","userid":"zayano","username":"Zayano","r":1500,"rd":130,"sigma":0,"rpr":1545.3493125931,"rprd":121.8895001784,"rpsigma":0,"rptime":1438765200,"w":1,"l":0,"t":0,"gxe":55.7,"acre":1050.1612816123,"lacre":1050.1612816123,"oldacre":1000},"endType":"normal"}