{"seed":[24539,10276,19550,3279],"turns":43,"p1":"Alliance - Warner","p2":"Champion Stormvy","p1team":[{"name":"Soulfire","species":"chandelure","item":"choicescarf","ability":"Infiltrator","moves":["overheat","shadowball","energyball","trick"],"nature":"Modest","evs":{"hp":4,"atk":0,"def":0,"spa":252,"spd":0,"spe":252},"ivs":{"hp":31,"atk":31,"def":31,"spa":31,"spd":31,"spe":31}},{"name":"Rebellion","species":"aegislash","item":"weaknesspolicy","ability":"Stance Change","moves":["shadowsneak","ironhead","swordsdance","kingsshield"],"nature":"Adamant","evs":{"hp":252,"atk":252,"def":4,"spa":0,"spd":0,"spe":0},"ivs":{"hp":31,"atk":31,"def":31,"spa":31,"spd":31,"spe":31}},{"name":"Sableye","species":"Sableye","item":"sablenite","ability":"Prankster","moves":["calmmind","recover","willowisp","darkpulse"],"nature":"Bold","evs":{"hp":248,"atk":0,"def":252,"spa":0,"spd":4,"spe":0},"ivs":{"hp":31,"atk":0,"def":31,"spa":31,"spd":31,"spe":31}},{"name":"Joker","species":"gengar","item":"choicespecs","ability":"Levitate","moves":["sludgebomb","thunderbolt","dazzlinggleam","shadowball"],"nature":"Timid","evs":{"hp":4,"atk":0,"def":0,"spa":252,"spd":0,"spe":252},"ivs":{"hp":31,"atk":0,"def":31,"spa":31,"spd":31,"spe":31}},{"name":"Predator X","species":"jellicent","item":"leftovers","ability":"Cursed Body","moves":["toxic","scald","acidarmor","recover"],"nature":"Calm","evs":{"hp":252,"atk":0,"def":4,"spa":0,"spd":252,"spe":0},"ivs":{"hp":31,"atk":31,"def":31,"spa":31,"spd":31,"spe":31}},{"name":"Golurk","species":"Golurk","item":"focussash","ability":"Iron Fist","moves":["stealthrock","shadowpunch","drainpunch","earthquake"],"nature":"Serious","evs":{"hp":4,"atk":252,"def":0,"spa":0,"spd":0,"spe":252},"ivs":{"hp":31,"atk":31,"def":31,"spa":31,"spd":31,"spe":31}}],"p2team":[{"name":"Ditto","species":"Ditto","item":"choicescarf","ability":"Imposter","moves":["transform"],"nature":"","shiny":true,"evs":{"hp":0,"atk":0,"def":0,"spa":0,"spd":0,"spe":0},"ivs":{"hp":31,"atk":31,"def":31,"spa":31,"spd":31,"spe":31}},{"name":"Lopunny","species":"Lopunny","item":"lopunnite","ability":"Limber","moves":["highjumpkick","fakeout","return","thunderpunch"],"nature":"Jolly","evs":{"hp":0,"atk":252,"def":0,"spa":0,"spd":4,"spe":252},"shiny":true,"ivs":{"hp":31,"atk":31,"def":31,"spa":31,"spd":31,"spe":31}},{"name":"Meloetta","species":"Meloetta","item":"assaultvest","ability":"Serene Grace","moves":["hypervoice","shadowball","psychic","energyball"],"nature":"Modest","evs":{"hp":0,"atk":0,"def":0,"spa":252,"spd":4,"spe":252},"ivs":{"hp":31,"atk":31,"def":31,"spa":31,"spd":31,"spe":31}},{"name":"Diggersby","species":"Diggersby","item":"lifeorb","ability":"Huge Power","moves":["earthquake","knockoff","quickattack","swordsdance"],"nature":"Adamant","evs":{"hp":0,"atk":252,"def":128,"spa":0,"spd":128,"spe":0},"ivs":{"hp":31,"atk":31,"def":31,"spa":31,"spd":31,"spe":31}},{"name":"Porygon2","species":"Porygon2","item":"eviolite","ability":"Trace","moves":["triattack","recover","icebeam","thunderwave"],"nature":"Bold","evs":{"hp":0,"atk":0,"def":188,"spa":68,"spd":252,"spe":0},"shiny":true,"ivs":{"hp":31,"atk":31,"def":31,"spa":31,"spd":31,"spe":31}},{"name":"Staraptor","species":"Staraptor","item":"choicescarf","ability":"Intimidate","moves":["bravebird","frustration","closecombat","uturn"],"nature":"Jolly","evs":{"hp":0,"atk":252,"def":0,"spa":0,"spd":0,"spe":252},"shiny":true,"happiness":0,"ivs":{"hp":31,"atk":31,"def":31,"spa":31,"spd":31,"spe":31}}],"log":["|player|p1|Alliance - Warner|167","|player|p2|Champion Stormvy|championstormvy.png","|gametype|singles","|gen|6","|tier|Monotype","|rated","|rule|Baton Pass Clause: Limit one Baton Passer, can't pass Spe and other stats simultaneously","|rule|Swagger Clause: Swagger is banned","|rule|Same Type Clause: Pokémon in a team must share a type","|clearpoke","|poke|p1|Chandelure, M","|poke|p1|Aegislash, M","|poke|p1|Sableye, F","|poke|p1|Gengar, M","|poke|p1|Jellicent, M","|poke|p1|Golurk","|poke|p2|Ditto, shiny","|poke|p2|Lopunny, M, shiny","|poke|p2|Meloetta","|poke|p2|Diggersby, M","|poke|p2|Porygon2, shiny","|poke|p2|Staraptor, M, shiny","|rule|Sleep Clause Mod: Limit one foe put to sleep","|rule|Species Clause: Limit one of each Pokémon","|rule|OHKO Clause: OHKO moves are banned","|rule|Moody Clause: Moody is banned","|rule|Evasion Moves Clause: Evasion moves are banned","|rule|Endless Battle Clause: Forcing endless battles is banned","|rule|HP Percentage Mod: HP is shown in percentages","|teampreview","|","|start","|switch|p1a: Golurk|Golurk|320/320","|switch|p2a: Ditto|Ditto, shiny|237/237","|-transform|p2a: Ditto|p1a: Golurk","|turn|1","|","|switch|p1a: Sableye|Sableye, F|303/303","|move|p2a: Ditto|Stealth Rock|p1a: Sableye","|-sidestart|p1: Alliance - Warner|move: Stealth Rock","|","|turn|2","|","|switch|p2a: Meloetta|Meloetta|341/341","|move|p1a: Sableye|Will-O-Wisp|p2a: Meloetta","|-status|p2a: Meloetta|brn","|","|-damage|p2a: Meloetta|299/341 brn|[from] brn","|turn|3","|","|detailschange|p1a: Sableye|Sableye-Mega, F","|-mega|p1a: Sableye|Sableye|Sablenite","|move|p1a: Sableye|Calm Mind|p1a: Sableye","|-boost|p1a: Sableye|spa|1","|-boost|p1a: Sableye|spd|1","|move|p2a: Meloetta|Shadow Ball|p1a: Sableye","|-damage|p1a: Sableye|245/303","|","|-damage|p2a: Meloetta|257/341 brn|[from] brn","|turn|4","|","|move|p2a: Meloetta|Shadow Ball|p1a: Sableye","|-damage|p1a: Sableye|180/303","|-unboost|p1a: Sableye|spd|1","|move|p1a: Sableye|Dark Pulse|p2a: Meloetta","|-supereffective|p2a: Meloetta","|-damage|p2a: Meloetta|135/341 brn","|","|-damage|p2a: Meloetta|93/341 brn|[from] brn","|turn|5","|","|move|p2a: Meloetta|Shadow Ball|p1a: Sableye","|-damage|p1a: Sableye|89/303","|move|p1a: Sableye|Recover|p1a: Sableye","|-heal|p1a: Sableye|241/303","|","|-damage|p2a: Meloetta|51/341 brn|[from] brn","|turn|6","|","|move|p2a: Meloetta|Shadow Ball|p1a: Sableye","|-damage|p1a: Sableye|153/303","|move|p1a: Sableye|Recover|p1a: Sableye","|-heal|p1a: Sableye|303/303","|","|-damage|p2a: Meloetta|9/341 brn|[from] brn","|turn|7","|","|move|p2a: Meloetta|Shadow Ball|p1a: Sableye","|-damage|p1a: Sableye|211/303","|-unboost|p1a: Sableye|spd|1","|move|p1a: Sableye|Recover|p1a: Sableye","|-heal|p1a: Sableye|303/303","|","|-damage|p2a: Meloetta|0 fnt|[from] brn","|faint|p2a: Meloetta","|","|switch|p2a: Lopunny|Lopunny, M, shiny|271/271","|turn|8","|","|switch|p1a: Rebellion|Aegislash, M|324/324","|-damage|p1a: Rebellion|304/324|[from] Stealth Rock","|detailschange|p2a: Lopunny|Lopunny-Mega, M, shiny","|-mega|p2a: Lopunny|Lopunny|Lopunnite","|move|p2a: Lopunny|Fake Out|p1a: Rebellion","|-resisted|p1a: Rebellion","|-damage|p1a: Rebellion|278/324","|","|turn|9","|","|move|p1a: Rebellion|King's Shield|p1a: Rebellion","|-singleturn|p1a: Rebellion|Protect","|move|p2a: Lopunny|High Jump Kick|p1a: Rebellion","|-activate|p1a: Rebellion|Protect","|-unboost|p2a: Lopunny|atk|2","|-damage|p2a: Lopunny|136/271|[from] highjumpkick","|","|turn|10","|","|switch|p2a: Staraptor|Staraptor, M, shiny|311/311","|-ability|p2a: Staraptor|Intimidate","|-unboost|p1a: Rebellion|atk|1","|-formechange|p1a: Rebellion|Aegislash-Blade","|move|p1a: Rebellion|Iron Head|p2a: Staraptor","|-damage|p2a: Staraptor|146/311","|","|turn|11","|","|switch|p2a: Diggersby|Diggersby, M|311/311","|-formechange|p1a: Rebellion|Aegislash","|move|p1a: Rebellion|King's Shield|p1a: Rebellion","|-fail|p1a: Rebellion","|","|turn|12","|","|move|p2a: Diggersby|Earthquake|p1a: Rebellion","|-supereffective|p1a: Rebellion","|-damage|p1a: Rebellion|0 fnt","|-damage|p2a: Diggersby|280/311|[from] item: Life Orb","|faint|p1a: Rebellion","|","|","|switch|p1a: Sableye|Sableye-Mega, F|303/303","|-damage|p1a: Sableye|266/303|[from] Stealth Rock","|turn|13","|","|switch|p2a: Ditto|Ditto, shiny|237/237","|-transform|p2a: Ditto|p1a: Sableye","|move|p1a: Sableye|Recover|p1a: Sableye","|-heal|p1a: Sableye|303/303","|","|turn|14","|","|switch|p2a: Lopunny|Lopunny-Mega, M, shiny|136/271","|move|p1a: Sableye|Calm Mind|p1a: Sableye","|-boost|p1a: Sableye|spa|1","|-boost|p1a: Sableye|spd|1","|","|turn|15","|","|switch|p1a: Golurk|Golurk|320/320","|-damage|p1a: Golurk|300/320|[from] Stealth Rock","|move|p2a: Lopunny|High Jump Kick|p1a: Golurk","|-damage|p1a: Golurk|5/320","|","|turn|16","|","|move|p2a: Lopunny|Return|p1a: Golurk","|-damage|p1a: Golurk|0 fnt","|faint|p1a: Golurk","|","|","|switch|p1a: Soulfire|Chandelure, M|262/262","|-damage|p1a: Soulfire|197/262|[from] Stealth Rock","|turn|17","|","|switch|p2a: Ditto|Ditto, shiny|237/237","|-transform|p2a: Ditto|p1a: Soulfire","|move|p1a: Soulfire|Overheat|p2a: Ditto","|-resisted|p2a: Ditto","|-damage|p2a: Ditto|83/237","|-unboost|p1a: Soulfire|spa|2","|","|turn|18","|","|switch|p1a: Predator X|Jellicent, M|404/404","|-damage|p1a: Predator X|354/404|[from] Stealth Rock","|move|p2a: Ditto|Shadow Ball|p1a: Predator X","|-supereffective|p1a: Predator X","|-damage|p1a: Predator X|112/404","|-start|p2a: Ditto|Disable|Shadow Ball","|","|-heal|p1a: Predator X|137/404|[from] item: Leftovers","|turn|19","|","|switch|p2a: Porygon2|Porygon2, shiny|311/311","|-ability|p2a: Porygon2|Cursed Body|[from] ability: Trace|[of] p1a: Predator X","|move|p1a: Predator X|Recover|p1a: Predator X","|-heal|p1a: Predator X|339/404","|","|-heal|p1a: Predator X|364/404|[from] item: Leftovers","|turn|20","|","|move|p1a: Predator X|Toxic|p2a: Porygon2","|-status|p2a: Porygon2|tox","|move|p2a: Porygon2|Thunder Wave|p1a: Predator X","|-status|p1a: Predator X|par","|","|-heal|p1a: Predator X|389/404 par|[from] item: Leftovers","|-damage|p2a: Porygon2|292/311 tox|[from] psn","|turn|21","|","|switch|p2a: Ditto|Ditto, shiny|83/237","|-transform|p2a: Ditto|p1a: Predator X","|move|p1a: Predator X|Acid Armor|p1a: Predator X","|-boost|p1a: Predator X|def|2","|","|-heal|p1a: Predator X|404/404 par|[from] item: Leftovers","|turn|22","|","|switch|p2a: Lopunny|Lopunny-Mega, M, shiny|136/271","|move|p1a: Predator X|Toxic|p2a: Lopunny","|-status|p2a: Lopunny|tox","|","|-damage|p2a: Lopunny|120/271 tox|[from] psn","|turn|23","|","|move|p2a: Lopunny|Fake Out|p1a: Predator X","|-damage|p1a: Predator X|356/404 par","|-start|p2a: Lopunny|Disable|Fake Out","|cant|p1a: Predator X|flinch","|","|-heal|p1a: Predator X|381/404 par|[from] item: Leftovers","|-damage|p2a: Lopunny|88/271 tox|[from] psn","|turn|24","|","|switch|p2a: Staraptor|Staraptor, M, shiny|146/311","|-ability|p2a: Staraptor|Intimidate","|-unboost|p1a: Predator X|atk|1","|move|p1a: Predator X|Acid Armor|p1a: Predator X","|-boost|p1a: Predator X|def|2","|","|-heal|p1a: Predator X|404/404 par|[from] item: Leftovers","|turn|25","|","|move|p2a: Staraptor|Brave Bird|p1a: Predator X","|-damage|p1a: Predator X|305/404 par","|-damage|p2a: Staraptor|113/311|[from] recoil|[of] p1a: Predator X","|move|p1a: Predator X|Scald|p2a: Staraptor","|-damage|p2a: Staraptor|0 fnt","|faint|p2a: Staraptor","|","|-heal|p1a: Predator X|330/404 par|[from] item: Leftovers","|","|switch|p2a: Diggersby|Diggersby, M|280/311","|turn|26","|","|move|p2a: Diggersby|Swords Dance|p2a: Diggersby","|-boost|p2a: Diggersby|atk|2","|cant|p1a: Predator X|par","|","|-heal|p1a: Predator X|355/404 par|[from] item: Leftovers","|turn|27","|","|move|p2a: Diggersby|Knock Off|p1a: Predator X","|-supereffective|p1a: Predator X","|-damage|p1a: Predator X|14/404 par","|-enditem|p1a: Predator X|Leftovers|[from] move: Knock Off|[of] p2a: Diggersby","|-damage|p2a: Diggersby|249/311|[from] item: Life Orb","|move|p1a: Predator X|Scald|p2a: Diggersby","|-supereffective|p2a: Diggersby","|-damage|p2a: Diggersby|75/311","|","|turn|28","|","|move|p2a: Diggersby|Knock Off|p1a: Predator X","|-supereffective|p1a: Predator X","|-damage|p1a: Predator X|0 fnt","|-start|p2a: Diggersby|Disable|Knock Off","|-damage|p2a: Diggersby|44/311|[from] item: Life Orb","|faint|p1a: Predator X","|","|","|switch|p1a: Soulfire|Chandelure, M|197/262","|-damage|p1a: Soulfire|132/262|[from] Stealth Rock","|turn|29","|","|move|p1a: Soulfire|Energy Ball|p2a: Diggersby","|-crit|p2a: Diggersby","|-supereffective|p2a: Diggersby","|-damage|p2a: Diggersby|0 fnt","|faint|p2a: Diggersby","|","|","|switch|p2a: Ditto|Ditto, shiny|83/237","|-transform|p2a: Ditto|p1a: Soulfire","|turn|30","|","|move|p1a: Soulfire|Energy Ball|p2a: Ditto","|-resisted|p2a: Ditto","|-damage|p2a: Ditto|19/237","|move|p2a: Ditto|Shadow Ball|p1a: Soulfire","|-supereffective|p1a: Soulfire","|-damage|p1a: Soulfire|0 fnt","|faint|p1a: Soulfire","|","|","|switch|p1a: Sableye|Sableye-Mega, F|303/303","|-damage|p1a: Sableye|266/303|[from] Stealth Rock","|turn|31","|","|switch|p2a: Lopunny|Lopunny-Mega, M, shiny|88/271 tox","|move|p1a: Sableye|Dark Pulse|p2a: Lopunny","|-resisted|p2a: Lopunny","|-damage|p2a: Lopunny|44/271 tox","|","|-damage|p2a: Lopunny|28/271 tox|[from] psn","|turn|32","|","|switch|p1a: Joker|Gengar, M|262/262","|-damage|p1a: Joker|230/262|[from] Stealth Rock","|move|p2a: Lopunny|High Jump Kick|p1a: Joker|[miss]","|-miss|p2a: Lopunny|p1a: Joker","|-damage|p2a: Lopunny|0 fnt|[from] highjumpkick","|faint|p2a: Lopunny","|","|","|switch|p2a: Ditto|Ditto, shiny|19/237","|-transform|p2a: Ditto|p1a: Joker","|turn|33","|","|move|p2a: Ditto|Shadow Ball|p1a: Joker","|-supereffective|p1a: Joker","|-damage|p1a: Joker|0 fnt","|faint|p1a: Joker","|","|","|switch|p1a: Sableye|Sableye-Mega, F|266/303","|-damage|p1a: Sableye|229/303|[from] Stealth Rock","|turn|34","|","|switch|p2a: Porygon2|Porygon2, shiny|292/311 tox","|-ability|p2a: Porygon2|Magic Bounce|[from] ability: Trace|[of] p1a: Sableye","|move|p1a: Sableye|Dark Pulse|p2a: Porygon2","|-damage|p2a: Porygon2|244/311 tox","|","|-damage|p2a: Porygon2|225/311 tox|[from] psn","|turn|35","|","|move|p2a: Porygon2|Ice Beam|p1a: Sableye","|-damage|p1a: Sableye|157/303","|move|p1a: Sableye|Recover|p1a: Sableye","|-heal|p1a: Sableye|303/303","|","|-damage|p2a: Porygon2|187/311 tox|[from] psn","|turn|36","|","|move|p2a: Porygon2|Ice Beam|p1a: Sableye","|-damage|p1a: Sableye|228/303","|move|p1a: Sableye|Calm Mind|p1a: Sableye","|-boost|p1a: Sableye|spa|1","|-boost|p1a: Sableye|spd|1","|","|-damage|p2a: Porygon2|130/311 tox|[from] psn","|turn|37","|","|move|p2a: Porygon2|Recover|p2a: Porygon2","|-heal|p2a: Porygon2|286/311 tox","|move|p1a: Sableye|Recover|p1a: Sableye","|-heal|p1a: Sableye|303/303","|","|-damage|p2a: Porygon2|210/311 tox|[from] psn","|turn|38","|","|move|p2a: Porygon2|Ice Beam|p1a: Sableye","|-damage|p1a: Sableye|257/303","|-status|p1a: Sableye|frz","|cant|p1a: Sableye|frz","|","|-damage|p2a: Porygon2|115/311 tox|[from] psn","|turn|39","|","|switch|p2a: Ditto|Ditto, shiny|19/237","|-transform|p2a: Ditto|p1a: Sableye","|cant|p1a: Sableye|frz","|","|turn|40","|","|move|p2a: Ditto|Dark Pulse|p1a: Sableye","|-damage|p1a: Sableye|179/303 frz","|cant|p1a: Sableye|frz","|","|turn|41","|","|move|p2a: Ditto|Dark Pulse|p1a: Sableye","|-damage|p1a: Sableye|112/303 frz","|cant|p1a: Sableye|frz","|","|turn|42","|","|move|p2a: Ditto|Dark Pulse|p1a: Sableye","|-damage|p1a: Sableye|45/303 frz","|cant|p1a: Sableye|frz","|","|turn|43","|","|move|p2a: Ditto|Dark Pulse|p1a: Sableye","|-damage|p1a: Sableye|0 fnt","|faint|p1a: Sableye","|","|win|Champion Stormvy"],"p1rating":{"entryid":"7343610","serverid":"eos","formatid":"monotype","userid":"alliancewarner","username":"Alliance - Warner","w":"9","l":7,"t":"0","gxe":53.7,"r":1542.7425585298,"rd":77.254638234156,"sigma":"0","rptime":1438765200,"rpr":1528.7282918111,"rprd":75.552224754627,"rpsigma":"0","acre":1079.2143639047,"lacre":1079.2143639047,"oldacre":"1095.3975285635"},"p2rating":{"entryid":"6626924","serverid":"eos","formatid":"monotype","userid":"championstormvy","username":"Champion Stormvy","w":14,"l":"7","t":"0","gxe":65.4,"r":"1585.2385126398","rd":"83.283266400604","sigma":"0","rptime":"1438765200","rpr":1621.902956773,"rprd":69.847108412517,"rpsigma":"0","acre":1232.8263184165,"lacre":1232.8263184165,"oldacre":"1216.1835670304"},"endType":"normal"}