{"seed":[44098,48951,58590,32622],"turns":19,"p1":"Guard Wanderer","p2":"MASTA_X용의☆사용자","p1team":[{"name":"Weezing","species":"Weezing","item":"sitrusberry","ability":"Levitate","moves":["toxicspikes","willowisp","memento","thief"],"nature":"Careful","evs":{"hp":248,"atk":8,"def":0,"spa":0,"spd":252,"spe":0},"ivs":{"hp":31,"atk":31,"def":31,"spa":31,"spd":31,"spe":31}},{"name":"Tentacruel","species":"Tentacruel","item":"assaultvest","ability":"Liquid Ooze","moves":["scald","acidspray","gigadrain","hex"],"nature":"Timid","evs":{"hp":0,"atk":0,"def":4,"spa":252,"spd":0,"spe":252},"ivs":{"hp":31,"atk":31,"def":31,"spa":31,"spd":31,"spe":31}},{"name":"Skuntank","species":"Skuntank","item":"","ability":"Stench","moves":["snatch","thief","suckerpunch","poisonjab"],"nature":"Adamant","evs":{"hp":248,"atk":252,"def":0,"spa":0,"spd":8,"spe":0},"ivs":{"hp":31,"atk":31,"def":31,"spa":31,"spd":31,"spe":31}},{"name":"Crobat","species":"Crobat","item":"whiteherb","ability":"Infiltrator","moves":["curse","acrobatics","roost","hypnosis"],"nature":"Jolly","evs":{"hp":248,"atk":8,"def":0,"spa":0,"spd":0,"spe":252},"ivs":{"hp":31,"atk":31,"def":31,"spa":31,"spd":31,"spe":31}},{"name":"Gengar","species":"Gengar","item":"choicescarf","ability":"Levitate","moves":["trick","destinybond","venoshock","hex"],"nature":"Timid","evs":{"hp":0,"atk":0,"def":0,"spa":252,"spd":4,"spe":252},"ivs":{"hp":31,"atk":31,"def":31,"spa":31,"spd":31,"spe":31}},{"name":"Amoonguss","species":"Amoonguss","item":"blacksludge","ability":"Regenerator","moves":["spore","gigadrain","gastroacid","stunspore"],"nature":"Calm","evs":{"hp":248,"atk":0,"def":0,"spa":8,"spd":252,"spe":0},"shiny":true,"ivs":{"hp":31,"atk":31,"def":31,"spa":31,"spd":31,"spe":31}}],"p2team":[{"name":"キュレム","species":"kyurem","item":"choicescarf","ability":"Pressure","moves":["icebeam","flashcannon","dracometeor","earthpower"],"nature":"Modest","evs":{"hp":0,"atk":0,"def":4,"spa":252,"spd":0,"spe":252},"ivs":{"hp":31,"atk":31,"def":31,"spa":31,"spd":31,"spe":31}},{"name":"サザンドラ","species":"hydreigon","item":"lifeorb","ability":"Levitate","moves":["dracometeor","darkpulse","flamethrower","flashcannon"],"nature":"Timid","evs":{"hp":4,"atk":0,"def":0,"spa":252,"spd":0,"spe":252},"ivs":{"hp":31,"atk":31,"def":31,"spa":31,"spd":31,"spe":31}},{"name":"ガブリアス","species":"garchomp","item":"garchompite","ability":"Rough Skin","moves":["fireblast","earthquake","dracometeor","outrage"],"nature":"Naive","evs":{"hp":0,"atk":4,"def":0,"spa":252,"spd":0,"spe":252},"ivs":{"hp":31,"atk":31,"def":31,"spa":31,"spd":31,"spe":31}},{"name":"ボーマンダ","species":"salamence","item":"choicescarf","ability":"Moxie","moves":["outrage","aerialace","steelwing","earthquake"],"nature":"Jolly","evs":{"hp":0,"atk":252,"def":4,"spa":0,"spd":0,"spe":252},"ivs":{"hp":31,"atk":31,"def":31,"spa":31,"spd":31,"spe":31}},{"name":"ガチゴラス","species":"tyrantrum","item":"rockyhelmet","ability":"Rock Head","moves":["stealthrock","headsmash","earthquake","dragontail"],"nature":"Impish","evs":{"hp":252,"atk":0,"def":24,"spa":0,"spd":232,"spe":0},"ivs":{"hp":31,"atk":31,"def":31,"spa":31,"spd":31,"spe":31}},{"name":"カイリュー","species":"dragonite","item":"weaknesspolicy","ability":"Multiscale","moves":["dragondance","extremespeed","earthquake","dragonclaw"],"nature":"Adamant","evs":{"hp":4,"atk":252,"def":0,"spa":0,"spd":0,"spe":252},"ivs":{"hp":31,"atk":31,"def":31,"spa":31,"spd":31,"spe":31}}],"log":["|player|p1|Guard Wanderer|235","|player|p2|MASTA_X용의☆사용자|alliancewutang.png","|gametype|singles","|gen|6","|tier|Monotype","|rated","|rule|Baton Pass Clause: Limit one Baton Passer, can't pass Spe and other stats simultaneously","|rule|Swagger Clause: Swagger is banned","|rule|Same Type Clause: Pokémon in a team must share a type","|clearpoke","|poke|p1|Weezing, M","|poke|p1|Tentacruel, M","|poke|p1|Skuntank, M","|poke|p1|Crobat, F","|poke|p1|Gengar, F","|poke|p1|Amoonguss, F, shiny","|poke|p2|Kyurem","|poke|p2|Hydreigon, M","|poke|p2|Garchomp, M","|poke|p2|Salamence, F","|poke|p2|Tyrantrum, M","|poke|p2|Dragonite, M","|rule|Sleep Clause Mod: Limit one foe put to sleep","|rule|Species Clause: Limit one of each Pokémon","|rule|OHKO Clause: OHKO moves are banned","|rule|Moody Clause: Moody is banned","|rule|Evasion Moves Clause: Evasion moves are banned","|rule|Endless Battle Clause: Forcing endless battles is banned","|rule|HP Percentage Mod: HP is shown in percentages","|teampreview","|","|start","|switch|p1a: Weezing|Weezing, M|333/333","|switch|p2a: ガチゴラス|Tyrantrum, M|368/368","|turn|1","|","|move|p2a: ガチゴラス|Stealth Rock|p1a: Weezing","|-sidestart|p1: Guard Wanderer|move: Stealth Rock","|move|p1a: Weezing|Will-O-Wisp|p2a: ガチゴラス","|-status|p2a: ガチゴラス|brn","|","|-damage|p2a: ガチゴラス|322/368 brn|[from] brn","|turn|2","|","|move|p1a: Weezing|Toxic Spikes|p2a: ガチゴラス","|-sidestart|p2: MASTA_X용의☆사용자|move: Toxic Spikes","|move|p2a: ガチゴラス|Dragon Tail|p1a: Weezing","|-damage|p1a: Weezing|296/333","|drag|p1a: Amoonguss|Amoonguss, F, shiny|431/431","|-damage|p1a: Amoonguss|378/431|[from] Stealth Rock","|","|-heal|p1a: Amoonguss|404/431|[from] item: Black Sludge","|-damage|p2a: ガチゴラス|276/368 brn|[from] brn","|turn|3","|","|move|p2a: ガチゴラス|Head Smash|p1a: Amoonguss","|-damage|p1a: Amoonguss|274/431","|move|p1a: Amoonguss|Gastro Acid|p2a: ガチゴラス","|-endability|p2a: ガチゴラス","|","|-heal|p1a: Amoonguss|300/431|[from] item: Black Sludge","|-damage|p2a: ガチゴラス|230/368 brn|[from] brn","|turn|4","|","|move|p1a: Amoonguss|Giga Drain|p2a: ガチゴラス","|-damage|p2a: ガチゴラス|140/368 brn","|-heal|p1a: Amoonguss|345/431|[from] drain|[of] p2a: ガチゴラス","|move|p2a: ガチゴラス|Dragon Tail|p1a: Amoonguss","|-crit|p1a: Amoonguss","|-damage|p1a: Amoonguss|258/431","|drag|p1a: Weezing|Weezing, M|296/333","|-damage|p1a: Weezing|255/333|[from] Stealth Rock","|","|-damage|p2a: ガチゴラス|94/368 brn|[from] brn","|turn|5","|","|move|p1a: Weezing|Toxic Spikes|p2a: ガチゴラス","|-sidestart|p2: MASTA_X용의☆사용자|move: Toxic Spikes","|move|p2a: ガチゴラス|Dragon Tail|p1a: Weezing","|-damage|p1a: Weezing|218/333","|drag|p1a: Crobat|Crobat, F|373/373","|-damage|p1a: Crobat|280/373|[from] Stealth Rock","|","|-damage|p2a: ガチゴラス|48/368 brn|[from] brn","|turn|6","|","|move|p1a: Crobat|Roost|p1a: Crobat","|-heal|p1a: Crobat|373/373","|move|p2a: ガチゴラス|Head Smash|p1a: Crobat","|-damage|p1a: Crobat|245/373","|-damage|p2a: ガチゴラス|0 fnt|[from] recoil|[of] p1a: Crobat","|faint|p2a: ガチゴラス","|","|","|switch|p2a: ボーマンダ|Salamence, F|331/331","|turn|7","|","|move|p2a: ボーマンダ|Outrage|p1a: Crobat","|-damage|p1a: Crobat|0 fnt","|faint|p1a: Crobat","|-boost|p2a: ボーマンダ|atk|1|[from] ability: Moxie","|","|","|switch|p1a: Gengar|Gengar, F|261/261","|-damage|p1a: Gengar|229/261|[from] Stealth Rock","|turn|8","|","|move|p1a: Gengar|Destiny Bond|p1a: Gengar","|-singlemove|p1a: Gengar|Destiny Bond","|move|p2a: ボーマンダ|Outrage|p1a: Gengar|[from]lockedmove","|-damage|p1a: Gengar|0 fnt","|faint|p1a: Gengar","|-activate|p1a: Gengar|Destiny Bond","|faint|p2a: ボーマンダ","|","|","|switch|p2a: サザンドラ|Hydreigon, M|326/326","|switch|p1a: Skuntank|Skuntank, M|409/409","|-damage|p1a: Skuntank|358/409|[from] Stealth Rock","|turn|9","|","|switch|p1a: Tentacruel|Tentacruel, M|301/301","|-damage|p1a: Tentacruel|264/301|[from] Stealth Rock","|move|p2a: サザンドラ|Draco Meteor|p1a: Tentacruel","|-damage|p1a: Tentacruel|104/301","|-unboost|p2a: サザンドラ|spa|2","|-damage|p2a: サザンドラ|294/326|[from] item: Life Orb","|","|turn|10","|","|move|p1a: Tentacruel|Acid Spray|p2a: サザンドラ","|-damage|p2a: サザンドラ|233/326","|-unboost|p2a: サザンドラ|spd|2","|move|p2a: サザンドラ|Draco Meteor|p1a: Tentacruel","|-damage|p1a: Tentacruel|21/301","|-unboost|p2a: サザンドラ|spa|2","|-damage|p2a: サザンドラ|201/326|[from] item: Life Orb","|","|turn|11","|","|switch|p2a: カイリュー|Dragonite, M|324/324","|move|p1a: Tentacruel|Scald|p2a: カイリュー","|-resisted|p2a: カイリュー","|-damage|p2a: カイリュー|298/324","|","|turn|12","|","|move|p2a: カイリュー|Extreme Speed|p1a: Tentacruel","|-damage|p1a: Tentacruel|0 fnt","|faint|p1a: Tentacruel","|","|","|switch|p1a: Skuntank|Skuntank, M|358/409","|-damage|p1a: Skuntank|307/409|[from] Stealth Rock","|turn|13","|","|move|p1a: Skuntank|Snatch|p1a: Skuntank","|-singleturn|p1a: Skuntank|Snatch","|move|p2a: カイリュー|Dragon Dance|p2a: カイリュー","|-activate|p1a: Skuntank|Snatch|[of] p2a: カイリュー","|move|p1a: Skuntank|Dragon Dance|p1a: Skuntank|[from]Snatch","|-boost|p1a: Skuntank|atk|1","|-boost|p1a: Skuntank|spe|1","|","|turn|14","|","|move|p1a: Skuntank|Poison Jab|p2a: カイリュー","|-damage|p2a: カイリュー|120/324","|move|p2a: カイリュー|Earthquake|p1a: Skuntank","|-supereffective|p1a: Skuntank","|-damage|p1a: Skuntank|0 fnt","|faint|p1a: Skuntank","|","|","|switch|p1a: Weezing|Weezing, M|218/333","|-damage|p1a: Weezing|177/333|[from] Stealth Rock","|turn|15","|","|move|p2a: カイリュー|Dragon Claw|p1a: Weezing","|-damage|p1a: Weezing|38/333","|-enditem|p1a: Weezing|Sitrus Berry|[eat]","|-heal|p1a: Weezing|121/333|[from] item: Sitrus Berry","|move|p1a: Weezing|Will-O-Wisp|p2a: カイリュー","|-status|p2a: カイリュー|brn","|","|-damage|p2a: カイリュー|80/324 brn|[from] brn","|turn|16","|","|move|p2a: カイリュー|Dragon Claw|p1a: Weezing","|-damage|p1a: Weezing|49/333","|move|p1a: Weezing|Memento|p2a: カイリュー","|-unboost|p2a: カイリュー|atk|2","|-unboost|p2a: カイリュー|spa|2","|faint|p1a: Weezing","|","|-damage|p2a: カイリュー|40/324 brn|[from] brn","|","|switch|p1a: Amoonguss|Amoonguss, F, shiny|401/431","|-damage|p1a: Amoonguss|348/431|[from] Stealth Rock","|turn|17","|","|move|p2a: カイリュー|Dragon Claw|p1a: Amoonguss","|-damage|p1a: Amoonguss|290/431","|move|p1a: Amoonguss|Stun Spore|p2a: カイリュー","|-fail|p2a: カイリュー","|","|-heal|p1a: Amoonguss|316/431|[from] item: Black Sludge","|-damage|p2a: カイリュー|0 fnt|[from] brn","|faint|p2a: カイリュー","|","|switch|p2a: キュレム|Kyurem|391/391","|-status|p2a: キュレム|tox","|-ability|p2a: キュレム|Pressure","|turn|18","|","|move|p2a: キュレム|Ice Beam|p1a: Amoonguss","|-supereffective|p1a: Amoonguss","|-damage|p1a: Amoonguss|10/431","|move|p1a: Amoonguss|Gastro Acid|p2a: キュレム","|-endability|p2a: キュレム","|","|-heal|p1a: Amoonguss|36/431|[from] item: Black Sludge","|-damage|p2a: キュレム|367/391 tox|[from] psn","|turn|19","|","|move|p2a: キュレム|Ice Beam|p1a: Amoonguss","|-crit|p1a: Amoonguss","|-supereffective|p1a: Amoonguss","|-damage|p1a: Amoonguss|0 fnt","|faint|p1a: Amoonguss","|","|win|MASTA_X용의☆사용자"],"p1rating":{"entryid":"6731189","serverid":"eos","formatid":"monotype","userid":"guardwanderer","username":"Guard Wanderer","w":"79","l":116,"t":"0","gxe":38.9,"r":"1416.6716065611","rd":"31.012894024758","sigma":"0","rptime":"1438765200","rpr":1415.2004266078,"rprd":29.322495707417,"rpsigma":"0","acre":1083.540722258,"lacre":1083.540722258,"oldacre":"1095.5290745421"},"p2rating":{"entryid":"7303561","serverid":"eos","formatid":"monotype","userid":"mastax","username":"MASTAX☆용의 사용자","w":41,"l":"13","t":"0","gxe":73.2,"r":"1704.3158945696","rd":"59.492840111287","sigma":"0","rptime":"1438765200","rpr":1690.6287248793,"rprd":50.554980979853,"rpsigma":"0","acre":1302.0702043297,"lacre":1302.0702043297,"oldacre":"1289.7513931258"},"endType":"normal"}