{"seed":[49055,51108,22161,15259],"turns":26,"p1":"Zukushiku","p2":"Guard Wulf - ⓓⓞⓖⓔ","p1team":[{"name":"Sableye","species":"Sableye","item":"sablenite","ability":"Prankster","moves":["knockoff","willowisp","recover","foulplay"],"nature":"Careful","evs":{"hp":252,"atk":0,"def":112,"spa":0,"spd":144,"spe":0},"shiny":true,"ivs":{"hp":31,"atk":31,"def":31,"spa":31,"spd":31,"spe":31}},{"name":"Jellicent","species":"Jellicent","item":"lifeorb","ability":"Water Absorb","moves":["hydropump","trickroom","energyball","recover"],"nature":"Quiet","evs":{"hp":248,"atk":0,"def":0,"spa":252,"spd":8,"spe":0},"ivs":{"hp":31,"atk":30,"def":31,"spa":30,"spd":31,"spe":0},"shiny":true},{"name":"Chandelure","species":"Chandelure","item":"lifeorb","ability":"Flash Fire","moves":["fireblast","trickroom","shadowball","hiddenpowerice"],"nature":"Quiet","evs":{"hp":248,"atk":0,"def":8,"spa":252,"spd":0,"spe":0},"gender":"F","ivs":{"hp":31,"atk":0,"def":30,"spa":31,"spd":31,"spe":1},"shiny":true},{"name":"Trevenant","species":"Trevenant","item":"lifeorb","ability":"Natural Cure","moves":["hornleech","earthquake","trickroom","rockslide"],"nature":"Brave","evs":{"hp":248,"atk":252,"def":0,"spa":0,"spd":8,"spe":0},"ivs":{"hp":31,"atk":31,"def":31,"spa":31,"spd":31,"spe":0}},{"name":"Cofagrigus","species":"Cofagrigus","item":"leftovers","ability":"Mummy","moves":["trickroom","nastyplot","shadowball","willowisp"],"nature":"Quiet","evs":{"hp":252,"atk":0,"def":4,"spa":252,"spd":0,"spe":0},"ivs":{"hp":31,"atk":31,"def":31,"spa":31,"spd":31,"spe":31}},{"name":"Hoopa","species":"Hoopa","item":"lifeorb","ability":"Magician","moves":["trickroom","psyshock","shadowball","focusblast"],"nature":"Modest","evs":{"hp":252,"atk":0,"def":4,"spa":252,"spd":0,"spe":0},"ivs":{"hp":31,"atk":31,"def":31,"spa":31,"spd":31,"spe":31}}],"p2team":[{"name":"Pidgeot","species":"Pidgeot","item":"pidgeotite","ability":"Big Pecks","moves":["hurricane","heatwave","uturn","roost"],"nature":"Timid","evs":{"hp":0,"atk":0,"def":0,"spa":252,"spd":4,"spe":252},"ivs":{"hp":31,"atk":31,"def":31,"spa":31,"spd":31,"spe":31}},{"name":"Landorus-Therian","species":"Landorus-Therian","item":"leftovers","ability":"Intimidate","moves":["stealthrock","uturn","earthquake","stoneedge"],"nature":"Adamant","evs":{"hp":220,"atk":252,"def":0,"spa":0,"spd":4,"spe":32},"ivs":{"hp":31,"atk":31,"def":31,"spa":31,"spd":31,"spe":31}},{"name":"Staraptor","species":"Staraptor","item":"choicescarf","ability":"Reckless","moves":["doubleedge","bravebird","uturn","closecombat"],"nature":"Jolly","evs":{"hp":0,"atk":252,"def":0,"spa":0,"spd":4,"spe":252},"ivs":{"hp":31,"atk":31,"def":31,"spa":31,"spd":31,"spe":31}},{"name":"Honchkrow","species":"Honchkrow","item":"lifeorb","ability":"Moxie","moves":["suckerpunch","bravebird","roost","superpower"],"nature":"Serious","evs":{"hp":0,"atk":252,"def":4,"spa":0,"spd":0,"spe":252},"ivs":{"hp":31,"atk":31,"def":31,"spa":31,"spd":31,"spe":31}},{"name":"Thundurus-Therian","species":"Thundurus-Therian","item":"choicescarf","ability":"Volt Absorb","moves":["hiddenpowerice","thunderbolt","voltswitch","flashcannon"],"nature":"Timid","evs":{"hp":0,"atk":0,"def":0,"spa":252,"spd":4,"spe":252},"ivs":{"hp":31,"atk":30,"def":30,"spa":31,"spd":31,"spe":31}},{"name":"Togekiss","species":"Togekiss","item":"leftovers","ability":"Serene Grace","moves":["defog","thunderwave","airslash","roost"],"nature":"Calm","evs":{"hp":252,"atk":0,"def":0,"spa":4,"spd":252,"spe":0},"ivs":{"hp":31,"atk":31,"def":31,"spa":31,"spd":31,"spe":31}}],"log":["|player|p1|Zukushiku|zukushiku.png","|player|p2|Guard Wulf - ⓓⓞⓖⓔ|143","|gametype|singles","|gen|6","|tier|Monotype","|rated","|rule|Baton Pass Clause: Limit one Baton Passer, can't pass Spe and other stats simultaneously","|rule|Swagger Clause: Swagger is banned","|rule|Same Type Clause: Pokémon in a team must share a type","|clearpoke","|poke|p1|Sableye, F, shiny","|poke|p1|Jellicent, M, shiny","|poke|p1|Chandelure, F, shiny","|poke|p1|Trevenant, F","|poke|p1|Cofagrigus, M","|poke|p1|Hoopa","|poke|p2|Pidgeot, M","|poke|p2|Landorus-Therian, M","|poke|p2|Staraptor, F","|poke|p2|Honchkrow, M","|poke|p2|Thundurus-Therian, M","|poke|p2|Togekiss, M","|rule|Sleep Clause Mod: Limit one foe put to sleep","|rule|Species Clause: Limit one of each Pokémon","|rule|OHKO Clause: OHKO moves are banned","|rule|Moody Clause: Moody is banned","|rule|Evasion Moves Clause: Evasion moves are banned","|rule|Endless Battle Clause: Forcing endless battles is banned","|rule|HP Percentage Mod: HP is shown in percentages","|teampreview","|","|start","|switch|p1a: Cofagrigus|Cofagrigus, M|320/320","|switch|p2a: Thundurus-Therian|Thundurus-Therian, M|299/299","|turn|1","|","|move|p2a: Thundurus-Therian|Thunderbolt|p1a: Cofagrigus","|-damage|p1a: Cofagrigus|139/320","|move|p1a: Cofagrigus|Trick Room|p1a: Cofagrigus","|-fieldstart|move: Trick Room|[of] p1a: Cofagrigus","|","|-heal|p1a: Cofagrigus|159/320|[from] item: Leftovers","|turn|2","|","|switch|p1a: Trevenant|Trevenant, F|373/373","|move|p2a: Thundurus-Therian|Thunderbolt|p1a: Trevenant","|-crit|p1a: Trevenant","|-resisted|p1a: Trevenant","|-damage|p1a: Trevenant|230/373","|","|turn|3","|","|switch|p2a: Togekiss|Togekiss, M|374/374","|move|p1a: Trevenant|Rock Slide|p2a: Togekiss","|-supereffective|p2a: Togekiss","|-damage|p2a: Togekiss|156/374","|-damage|p1a: Trevenant|193/373|[from] item: Life Orb","|","|-heal|p2a: Togekiss|179/374|[from] item: Leftovers","|turn|4","|","|switch|p1a: Jellicent|Jellicent, M, shiny|403/403","|switch|p2a: Landorus-Therian|Landorus-Therian, M|374/374","|-ability|p2a: Landorus-Therian|Intimidate","|-unboost|p1a: Jellicent|atk|1","|","|turn|5","|","|move|p1a: Jellicent|Hydro Pump|p2a: Landorus-Therian","|-supereffective|p2a: Landorus-Therian","|-damage|p2a: Landorus-Therian|0 fnt","|-damage|p1a: Jellicent|363/403|[from] item: Life Orb","|faint|p2a: Landorus-Therian","|","|-fieldend|move: Trick Room","|","|switch|p2a: Thundurus-Therian|Thundurus-Therian, M|299/299","|turn|6","|","|switch|p1a: Sableye|Sableye, F, shiny|304/304","|move|p2a: Thundurus-Therian|Volt Switch|p1a: Sableye","|-damage|p1a: Sableye|151/304","|","|switch|p2a: Pidgeot|Pidgeot, M|307/307","|","|turn|7","|","|detailschange|p2a: Pidgeot|Pidgeot-Mega, M","|-mega|p2a: Pidgeot|Pidgeot|Pidgeotite","|detailschange|p1a: Sableye|Sableye-Mega, F, shiny","|-mega|p1a: Sableye|Sableye|Sablenite","|move|p1a: Sableye|Recover|p1a: Sableye","|-heal|p1a: Sableye|303/304","|move|p2a: Pidgeot|Hurricane|p1a: Sableye","|-damage|p1a: Sableye|161/304","|","|turn|8","|","|switch|p1a: Jellicent|Jellicent, M, shiny|363/403","|move|p2a: Pidgeot|Hurricane|p1a: Jellicent","|-crit|p1a: Jellicent","|-damage|p1a: Jellicent|86/403","|","|turn|9","|","|move|p2a: Pidgeot|Hurricane|p1a: Jellicent","|-damage|p1a: Jellicent|0 fnt","|faint|p1a: Jellicent","|","|","|switch|p1a: Hoopa|Hoopa|364/364","|turn|10","|","|move|p2a: Pidgeot|U-turn|p1a: Hoopa","|-damage|p1a: Hoopa|307/364","|","|switch|p2a: Togekiss|Togekiss, M|179/374","|move|p1a: Hoopa|Trick Room|p1a: Hoopa","|-fieldstart|move: Trick Room|[of] p1a: Hoopa","|","|-heal|p2a: Togekiss|202/374|[from] item: Leftovers","|turn|11","|","|move|p1a: Hoopa|Psyshock|p2a: Togekiss","|-damage|p2a: Togekiss|0 fnt","|-damage|p1a: Hoopa|271/364|[from] item: Life Orb","|faint|p2a: Togekiss","|","|","|switch|p2a: Honchkrow|Honchkrow, M|341/341","|turn|12","|","|switch|p1a: Cofagrigus|Cofagrigus, M|159/320","|move|p2a: Honchkrow|Sucker Punch|p1a: Cofagrigus","|-fail|p2a: Honchkrow","|","|-heal|p1a: Cofagrigus|179/320|[from] item: Leftovers","|turn|13","|","|switch|p2a: Pidgeot|Pidgeot-Mega, M|307/307","|move|p1a: Cofagrigus|Will-O-Wisp|p2a: Pidgeot","|-status|p2a: Pidgeot|brn","|","|-heal|p1a: Cofagrigus|199/320|[from] item: Leftovers","|-damage|p2a: Pidgeot|269/307 brn|[from] brn","|turn|14","|","|switch|p1a: Trevenant|Trevenant, F|193/373","|move|p2a: Pidgeot|Hurricane|p1a: Trevenant","|-supereffective|p1a: Trevenant","|-damage|p1a: Trevenant|0 fnt","|faint|p1a: Trevenant","|","|-damage|p2a: Pidgeot|231/307 brn|[from] brn","|-fieldend|move: Trick Room","|","|switch|p1a: Chandelure|Chandelure, F, shiny|323/323","|turn|15","|","|switch|p2a: Thundurus-Therian|Thundurus-Therian, M|299/299","|move|p1a: Chandelure|Fire Blast|p2a: Thundurus-Therian","|-damage|p2a: Thundurus-Therian|0 fnt","|-damage|p1a: Chandelure|291/323|[from] item: Life Orb","|faint|p2a: Thundurus-Therian","|","|","|switch|p2a: Staraptor|Staraptor, F|311/311","|turn|16","|","|move|p2a: Staraptor|Brave Bird|p1a: Chandelure","|-damage|p1a: Chandelure|21/323","|-damage|p2a: Staraptor|222/311|[from] recoil|[of] p1a: Chandelure","|move|p1a: Chandelure|Trick Room|p1a: Chandelure","|-fieldstart|move: Trick Room|[of] p1a: Chandelure","|","|turn|17","|","|move|p1a: Chandelure|Fire Blast|p2a: Staraptor","|-damage|p2a: Staraptor|0 fnt","|-damage|p1a: Chandelure|0 fnt|[from] item: Life Orb","|faint|p2a: Staraptor","|faint|p1a: Chandelure","|","|","|switch|p2a: Pidgeot|Pidgeot-Mega, M|231/307 brn","|switch|p1a: Sableye|Sableye-Mega, F, shiny|161/304","|turn|18","|","|move|p1a: Sableye|Foul Play|p2a: Pidgeot","|-damage|p2a: Pidgeot|137/307 brn","|move|p2a: Pidgeot|Hurricane|p1a: Sableye","|-damage|p1a: Sableye|25/304","|","|-damage|p2a: Pidgeot|99/307 brn|[from] brn","|turn|19","|","|move|p1a: Sableye|Foul Play|p2a: Pidgeot","|-damage|p2a: Pidgeot|0 fnt","|faint|p2a: Pidgeot","|","|","|switch|p2a: Honchkrow|Honchkrow, M|341/341","|turn|20","|","|move|p1a: Sableye|Will-O-Wisp|p2a: Honchkrow","|-status|p2a: Honchkrow|brn","|move|p2a: Honchkrow|Brave Bird|p1a: Sableye","|-damage|p1a: Sableye|0 fnt","|-damage|p2a: Honchkrow|333/341 brn|[from] recoil|[of] p1a: Sableye","|-damage|p2a: Honchkrow|299/341 brn|[from] item: Life Orb","|faint|p1a: Sableye","|-boost|p2a: Honchkrow|atk|1|[from] ability: Moxie","|","|-damage|p2a: Honchkrow|257/341 brn|[from] brn","|-fieldend|move: Trick Room","|","|switch|p1a: Cofagrigus|Cofagrigus, M|199/320","|turn|21","|","|move|p2a: Honchkrow|Brave Bird|p1a: Cofagrigus","|-damage|p1a: Cofagrigus|44/320","|-endability|p2a: Honchkrow|moxie|[from] Mummy","|-ability|p2a: Honchkrow|Mummy|[from] Mummy","|-damage|p2a: Honchkrow|206/341 brn|[from] recoil|[of] p1a: Cofagrigus","|-damage|p2a: Honchkrow|172/341 brn|[from] item: Life Orb","|move|p1a: Cofagrigus|Trick Room|p1a: Cofagrigus","|-fieldstart|move: Trick Room|[of] p1a: Cofagrigus","|","|-heal|p1a: Cofagrigus|64/320|[from] item: Leftovers","|-damage|p2a: Honchkrow|130/341 brn|[from] brn","|turn|22","|","|switch|p1a: Hoopa|Hoopa|271/364","|move|p2a: Honchkrow|Sucker Punch|p1a: Hoopa","|-fail|p2a: Honchkrow","|","|-damage|p2a: Honchkrow|88/341 brn|[from] brn","|turn|23","|","|move|p2a: Honchkrow|Sucker Punch|p1a: Hoopa","|-fail|p2a: Honchkrow","|move|p1a: Hoopa|Trick Room|p1a: Hoopa","|-fieldend|move: Trick Room","|","|-damage|p2a: Honchkrow|46/341 brn|[from] brn","|turn|24","|","|move|p2a: Honchkrow|Roost|p2a: Honchkrow","|-heal|p2a: Honchkrow|217/341 brn","|move|p1a: Hoopa|Trick Room|p1a: Hoopa","|-fieldstart|move: Trick Room|[of] p1a: Hoopa","|","|-damage|p2a: Honchkrow|175/341 brn|[from] brn","|turn|25","|","|move|p2a: Honchkrow|Sucker Punch|p1a: Hoopa","|-fail|p2a: Honchkrow","|move|p1a: Hoopa|Trick Room|p1a: Hoopa","|-fieldend|move: Trick Room","|","|-damage|p2a: Honchkrow|133/341 brn|[from] brn","|turn|26","|","|move|p2a: Honchkrow|Brave Bird|p1a: Hoopa","|-damage|p1a: Hoopa|0 fnt","|-damage|p2a: Honchkrow|44/341 brn|[from] recoil|[of] p1a: Hoopa","|-damage|p2a: Honchkrow|10/341 brn|[from] item: Life Orb","|faint|p1a: Hoopa","|","|-damage|p2a: Honchkrow|0 fnt|[from] brn","|faint|p2a: Honchkrow","|","|win|Zukushiku"],"p1rating":{"entryid":"7076911","serverid":"eos","formatid":"monotype","userid":"zukushiku","username":"Zukushiku","w":21,"l":"11","t":"0","gxe":63,"r":"1593.8224445949","rd":"66.063989950501","sigma":"0","rptime":"1438765200","rpr":1601.5009831363,"rprd":60.825977492586,"rpsigma":"0","acre":1258.7199821535,"lacre":1258.7199821535,"oldacre":"1233.9736846203"},"p2rating":{"entryid":"7326062","serverid":"eos","formatid":"monotype","userid":"guardwulf","username":"Guard Wulf","w":"28","l":14,"t":"0","gxe":62.8,"r":"1606.5288676587","rd":"57.122272976983","sigma":"0","rptime":"1438765200","rpr":1599.2666205472,"rprd":52.73895659001,"rpsigma":"0","acre":1205.7014554414,"lacre":1205.7014554414,"oldacre":"1230.4477529746"},"endType":"normal"}