{"seed":[56755,48101,62101,29144],"turns":41,"p1":"Sovereign♕Mafetan","p2":"V Monocle","p1team":[{"name":"Politoed","species":"Politoed","item":"leftovers","ability":"Drizzle","moves":["toxic","psychic","hydropump","protect"],"nature":"Modest","evs":{"hp":252,"atk":0,"def":0,"spa":136,"spd":120,"spe":0},"gender":"F","ivs":{"hp":31,"atk":31,"def":31,"spa":31,"spd":31,"spe":31}},{"name":"Lanturn","species":"Lanturn","item":"leftovers","ability":"Volt Absorb","moves":["thunderbolt","healbell","toxic","surf"],"nature":"Modest","evs":{"hp":252,"atk":0,"def":0,"spa":252,"spd":4,"spe":0},"gender":"M","ivs":{"hp":31,"atk":31,"def":31,"spa":31,"spd":31,"spe":31}},{"name":"Swampert","species":"Swampert","item":"swampertite","ability":"Torrent","moves":["earthquake","waterfall","outrage","poweruppunch"],"nature":"Adamant","evs":{"hp":248,"atk":252,"def":0,"spa":0,"spd":8,"spe":0},"gender":"M","ivs":{"hp":31,"atk":31,"def":31,"spa":31,"spd":31,"spe":31}},{"name":"Alomomola","species":"Alomomola","item":"leftovers","ability":"Regenerator","moves":["toxic","painsplit","wish","substitute"],"nature":"Bold","evs":{"hp":252,"atk":0,"def":252,"spa":0,"spd":4,"spe":0},"gender":"F","shiny":true,"ivs":{"hp":31,"atk":31,"def":31,"spa":31,"spd":31,"spe":31}},{"name":"Empoleon","species":"Empoleon","item":"leftovers","ability":"Torrent","moves":["stealthrock","defog","surf","icebeam"],"nature":"Modest","evs":{"hp":248,"atk":0,"def":0,"spa":252,"spd":8,"spe":0},"gender":"F","shiny":true,"ivs":{"hp":31,"atk":31,"def":31,"spa":31,"spd":31,"spe":31}},{"name":"Azumarill","species":"Azumarill","item":"leftovers","ability":"Sap Sipper","moves":["playrough","knockoff","aquajet","toxic"],"nature":"Adamant","evs":{"hp":248,"atk":252,"def":0,"spa":0,"spd":8,"spe":0},"gender":"F","shiny":true,"ivs":{"hp":31,"atk":31,"def":31,"spa":31,"spd":31,"spe":31}}],"p2team":[{"name":"Aeroducktyl","species":"aerodactyl","item":"aerodactylite","ability":"Pressure","moves":["aerialace","stoneedge","icefang","taunt"],"nature":"Adamant","evs":{"hp":0,"atk":252,"def":0,"spa":0,"spd":4,"spe":252},"ivs":{"hp":31,"atk":31,"def":31,"spa":31,"spd":31,"spe":31}},{"name":"Berry Bad","species":"shuckle","item":"mentalherb","ability":"Sturdy","moves":["stealthrock","stickyweb","encore","knockoff"],"nature":"Bold","evs":{"hp":248,"atk":0,"def":252,"spa":0,"spd":8,"spe":0},"ivs":{"hp":31,"atk":31,"def":31,"spa":31,"spd":31,"spe":31}},{"name":"Spore CC","species":"cradily","item":"leftovers","ability":"Storm Drain","moves":["stealthrock","gigadrain","mirrorcoat","recover"],"nature":"Calm","evs":{"hp":252,"atk":0,"def":0,"spa":4,"spd":252,"spe":0},"ivs":{"hp":31,"atk":31,"def":31,"spa":31,"spd":31,"spe":31}},{"name":"Tyranitard","species":"tyranitar","item":"assaultvest","ability":"Sand Stream","moves":["stoneedge","crunch","fireblast","icepunch"],"nature":"Sassy","evs":{"hp":248,"atk":0,"def":0,"spa":8,"spd":252,"spe":0},"ivs":{"hp":31,"atk":31,"def":31,"spa":31,"spd":31,"spe":31}},{"name":"Terry","species":"terrakion","item":"choiceband","ability":"Justified","moves":["closecombat","stoneedge","earthquake","ironhead"],"nature":"Jolly","evs":{"hp":0,"atk":252,"def":0,"spa":0,"spd":4,"spe":252},"ivs":{"hp":31,"atk":31,"def":31,"spa":31,"spd":31,"spe":31}},{"name":"Larry","species":"omastar","item":"focussash","ability":"Weak Armor","moves":["shellsmash","surf","icebeam","hiddenpowergrass"],"nature":"Timid","evs":{"hp":0,"atk":0,"def":0,"spa":252,"spd":4,"spe":252},"ivs":{"hp":31,"atk":30,"def":31,"spa":30,"spd":31,"spe":31}}],"log":["|player|p1|Sovereign♕Mafetan|199","|player|p2|V Monocle|vmonocle.png","|gametype|singles","|gen|6","|tier|Monotype","|rated","|rule|Baton Pass Clause: Limit one Baton Passer, can't pass Spe and other stats simultaneously","|rule|Swagger Clause: Swagger is banned","|rule|Same Type Clause: Pokémon in a team must share a type","|clearpoke","|poke|p1|Politoed, F","|poke|p1|Lanturn, M","|poke|p1|Swampert, M","|poke|p1|Alomomola, F, shiny","|poke|p1|Empoleon, F, shiny","|poke|p1|Azumarill, F, shiny","|poke|p2|Aerodactyl, M","|poke|p2|Shuckle, F","|poke|p2|Cradily, M","|poke|p2|Tyranitar, M","|poke|p2|Terrakion","|poke|p2|Omastar, M","|rule|Sleep Clause Mod: Limit one foe put to sleep","|rule|Species Clause: Limit one of each Pokémon","|rule|OHKO Clause: OHKO moves are banned","|rule|Moody Clause: Moody is banned","|rule|Evasion Moves Clause: Evasion moves are banned","|rule|Endless Battle Clause: Forcing endless battles is banned","|rule|HP Percentage Mod: HP is shown in percentages","|teampreview","|","|start","|switch|p1a: Empoleon|Empoleon, F, shiny|371/371","|switch|p2a: Aeroducktyl|Aerodactyl, M|301/301","|-ability|p2a: Aeroducktyl|Pressure","|turn|1","|","|detailschange|p2a: Aeroducktyl|Aerodactyl-Mega, M","|-mega|p2a: Aeroducktyl|Aerodactyl|Aerodactylite","|move|p2a: Aeroducktyl|Taunt|p1a: Empoleon","|-start|p1a: Empoleon|move: Taunt","|cant|p1a: Empoleon|move: Taunt|Stealth Rock","|","|turn|2","|","|switch|p2a: Spore CC|Cradily, M|376/376","|move|p1a: Empoleon|Surf|p2a: Spore CC","|-boost|p2a: Spore CC|spa|1|[from] ability: Storm Drain","|","|turn|3","|","|move|p1a: Empoleon|Ice Beam|p2a: Spore CC","|-supereffective|p2a: Spore CC","|-damage|p2a: Spore CC|238/376","|move|p2a: Spore CC|Stealth Rock|p1a: Empoleon","|-sidestart|p1: Sovereign♕Mafetan|move: Stealth Rock","|","|-heal|p2a: Spore CC|261/376|[from] item: Leftovers","|-end|p1a: Empoleon|move: Taunt","|turn|4","|","|move|p1a: Empoleon|Stealth Rock|p2a: Spore CC","|-sidestart|p2: V Monocle|move: Stealth Rock","|move|p2a: Spore CC|Giga Drain|p1a: Empoleon","|-damage|p1a: Empoleon|269/371","|-heal|p2a: Spore CC|312/376|[from] drain|[of] p1a: Empoleon","|","|-heal|p1a: Empoleon|292/371|[from] item: Leftovers","|-heal|p2a: Spore CC|335/376|[from] item: Leftovers","|turn|5","|","|move|p1a: Empoleon|Defog|p2a: Spore CC","|-unboost|p2a: Spore CC|evasion|1","|-sideend|p2: V Monocle|Stealth Rock|[from] move: Defog|[of] p2a: Spore CC","|-sideend|p1: Sovereign♕Mafetan|Stealth Rock|[from] move: Defog|[of] p1a: Empoleon","|move|p2a: Spore CC|Mirror Coat|p1a: Empoleon","|-fail|p1a: Empoleon","|","|-heal|p1a: Empoleon|315/371|[from] item: Leftovers","|-heal|p2a: Spore CC|358/376|[from] item: Leftovers","|turn|6","|","|move|p1a: Empoleon|Ice Beam|p2a: Spore CC","|-supereffective|p2a: Spore CC","|-damage|p2a: Spore CC|208/376","|move|p2a: Spore CC|Giga Drain|p1a: Empoleon","|-damage|p1a: Empoleon|213/371","|-heal|p2a: Spore CC|259/376|[from] drain|[of] p1a: Empoleon","|","|-heal|p1a: Empoleon|236/371|[from] item: Leftovers","|-heal|p2a: Spore CC|282/376|[from] item: Leftovers","|turn|7","|","|move|p1a: Empoleon|Ice Beam|p2a: Spore CC","|-supereffective|p2a: Spore CC","|-damage|p2a: Spore CC|132/376","|move|p2a: Spore CC|Recover|p2a: Spore CC","|-heal|p2a: Spore CC|320/376","|","|-heal|p1a: Empoleon|259/371|[from] item: Leftovers","|-heal|p2a: Spore CC|343/376|[from] item: Leftovers","|turn|8","|","|move|p1a: Empoleon|Ice Beam|p2a: Spore CC","|-supereffective|p2a: Spore CC","|-damage|p2a: Spore CC|193/376","|move|p2a: Spore CC|Mirror Coat|p1a: Empoleon","|-damage|p1a: Empoleon|0 fnt","|faint|p1a: Empoleon","|","|-heal|p2a: Spore CC|216/376|[from] item: Leftovers","|","|switch|p1a: Swampert|Swampert, M|403/403","|turn|9","|","|detailschange|p1a: Swampert|Swampert-Mega, M","|-mega|p1a: Swampert|Swampert|Swampertite","|move|p1a: Swampert|Power-Up Punch|p2a: Spore CC","|-crit|p2a: Spore CC","|-supereffective|p2a: Spore CC","|-damage|p2a: Spore CC|24/376","|-boost|p1a: Swampert|atk|1","|move|p2a: Spore CC|Recover|p2a: Spore CC","|-heal|p2a: Spore CC|212/376","|","|-heal|p2a: Spore CC|235/376|[from] item: Leftovers","|turn|10","|","|move|p1a: Swampert|Power-Up Punch|p2a: Spore CC","|-supereffective|p2a: Spore CC","|-damage|p2a: Spore CC|43/376","|-boost|p1a: Swampert|atk|1","|move|p2a: Spore CC|Giga Drain|p1a: Swampert","|-supereffective|p1a: Swampert","|-damage|p1a: Swampert|31/403","|-heal|p2a: Spore CC|229/376|[from] drain|[of] p1a: Swampert","|","|-heal|p2a: Spore CC|252/376|[from] item: Leftovers","|turn|11","|","|move|p1a: Swampert|Power-Up Punch|p2a: Spore CC","|-supereffective|p2a: Spore CC","|-damage|p2a: Spore CC|16/376","|-boost|p1a: Swampert|atk|1","|move|p2a: Spore CC|Giga Drain|p1a: Swampert","|-crit|p1a: Swampert","|-supereffective|p1a: Swampert","|-damage|p1a: Swampert|0 fnt","|-heal|p2a: Spore CC|32/376|[from] drain|[of] p1a: Swampert","|faint|p1a: Swampert","|","|-heal|p2a: Spore CC|55/376|[from] item: Leftovers","|","|switch|p1a: Azumarill|Azumarill, F, shiny|403/403","|turn|12","|","|move|p1a: Azumarill|Knock Off|p2a: Spore CC","|-damage|p2a: Spore CC|0 fnt","|-enditem|p2a: Spore CC|Leftovers|[from] move: Knock Off|[of] p1a: Azumarill","|faint|p2a: Spore CC","|","|","|switch|p2a: Berry Bad|Shuckle, F|243/243","|turn|13","|","|move|p1a: Azumarill|Knock Off|p2a: Berry Bad","|-damage|p2a: Berry Bad|217/243","|-enditem|p2a: Berry Bad|Mental Herb|[from] move: Knock Off|[of] p1a: Azumarill","|move|p2a: Berry Bad|Encore|p1a: Azumarill","|-start|p1a: Azumarill|Encore","|","|turn|14","|","|switch|p1a: Lanturn|Lanturn, M|454/454","|move|p2a: Berry Bad|Sticky Web|p1a: Lanturn","|-sidestart|p1: Sovereign♕Mafetan|move: Sticky Web","|","|turn|15","|","|move|p1a: Lanturn|Toxic|p2a: Berry Bad","|-status|p2a: Berry Bad|tox","|move|p2a: Berry Bad|Stealth Rock|p1a: Lanturn","|-sidestart|p1: Sovereign♕Mafetan|move: Stealth Rock","|","|-damage|p2a: Berry Bad|202/243 tox|[from] psn","|turn|16","|","|move|p1a: Lanturn|Surf|p2a: Berry Bad","|-supereffective|p2a: Berry Bad","|-damage|p2a: Berry Bad|80/243 tox","|move|p2a: Berry Bad|Encore|p1a: Lanturn","|-start|p1a: Lanturn|Encore","|","|-damage|p2a: Berry Bad|50/243 tox|[from] psn","|turn|17","|","|move|p1a: Lanturn|Surf|p2a: Berry Bad","|-supereffective|p2a: Berry Bad","|-damage|p2a: Berry Bad|0 fnt","|faint|p2a: Berry Bad","|","|","|switch|p2a: Larry|Omastar, M|281/281","|turn|18","|","|move|p2a: Larry|Shell Smash|p2a: Larry","|-unboost|p2a: Larry|def|1","|-unboost|p2a: Larry|spd|1","|-boost|p2a: Larry|atk|2","|-boost|p2a: Larry|spa|2","|-boost|p2a: Larry|spe|2","|move|p1a: Lanturn|Surf|p2a: Larry","|-damage|p2a: Larry|40/281","|","|turn|19","|","|move|p2a: Larry|Hidden Power|p1a: Lanturn","|-supereffective|p1a: Lanturn","|-damage|p1a: Lanturn|106/454","|move|p1a: Lanturn|Surf|p2a: Larry","|-damage|p2a: Larry|0 fnt","|faint|p2a: Larry","|","|-heal|p1a: Lanturn|134/454|[from] item: Leftovers","|-end|p1a: Lanturn|Encore","|","|switch|p2a: Aeroducktyl|Aerodactyl-Mega, M|301/301","|turn|20","|","|move|p2a: Aeroducktyl|Stone Edge|p1a: Lanturn","|-damage|p1a: Lanturn|0 fnt","|faint|p1a: Lanturn","|","|","|switch|p1a: Politoed|Politoed, F|384/384","|-activate|p1a: Politoed|move: Sticky Web","|-unboost|p1a: Politoed|spe|1","|-damage|p1a: Politoed|336/384|[from] Stealth Rock","|-weather|RainDance","|turn|21","|","|switch|p2a: Tyranitard|Tyranitar, M|403/403","|-weather|Sandstorm","|move|p1a: Politoed|Hydro Pump|p2a: Tyranitard","|-supereffective|p2a: Tyranitard","|-damage|p2a: Tyranitard|301/403","|","|-weather|Sandstorm|[upkeep]","|-damage|p1a: Politoed|312/384|[from] sandstorm","|-heal|p1a: Politoed|336/384|[from] item: Leftovers","|turn|22","|","|move|p2a: Tyranitard|Crunch|p1a: Politoed","|-damage|p1a: Politoed|174/384","|move|p1a: Politoed|Toxic|p2a: Tyranitard","|-status|p2a: Tyranitard|tox","|","|-weather|Sandstorm|[upkeep]","|-damage|p1a: Politoed|150/384|[from] sandstorm","|-heal|p1a: Politoed|174/384|[from] item: Leftovers","|-damage|p2a: Tyranitard|276/403 tox|[from] psn","|turn|23","|","|switch|p1a: Alomomola|Alomomola, F, shiny|534/534","|-damage|p1a: Alomomola|468/534|[from] Stealth Rock","|-activate|p1a: Alomomola|move: Sticky Web","|-unboost|p1a: Alomomola|spe|1","|move|p2a: Tyranitard|Stone Edge|p1a: Alomomola|[miss]","|-miss|p2a: Tyranitard|p1a: Alomomola","|","|-weather|Sandstorm|[upkeep]","|-damage|p1a: Alomomola|435/534|[from] sandstorm","|-heal|p1a: Alomomola|468/534|[from] item: Leftovers","|-damage|p2a: Tyranitard|226/403 tox|[from] psn","|turn|24","|","|move|p2a: Tyranitard|Crunch|p1a: Alomomola","|-damage|p1a: Alomomola|374/534","|move|p1a: Alomomola|Wish|p1a: Alomomola","|","|-weather|Sandstorm|[upkeep]","|-damage|p1a: Alomomola|341/534|[from] sandstorm","|-heal|p1a: Alomomola|374/534|[from] item: Leftovers","|-damage|p2a: Tyranitard|151/403 tox|[from] psn","|turn|25","|","|move|p2a: Tyranitard|Crunch|p1a: Alomomola","|-damage|p1a: Alomomola|272/534","|move|p1a: Alomomola|Substitute|p1a: Alomomola","|-start|p1a: Alomomola|Substitute","|-damage|p1a: Alomomola|139/534","|","|-weather|none","|-heal|p1a: Alomomola|406/534|[from] move: Wish|[wisher] Alomomola","|-heal|p1a: Alomomola|439/534|[from] item: Leftovers","|-damage|p2a: Tyranitard|51/403 tox|[from] psn","|turn|26","|","|move|p2a: Tyranitard|Stone Edge|p1a: Alomomola","|-activate|p1a: Alomomola|Substitute|[damage]","|move|p1a: Alomomola|Wish|p1a: Alomomola","|","|-heal|p1a: Alomomola|472/534|[from] item: Leftovers","|-damage|p2a: Tyranitard|0 fnt|[from] psn","|faint|p2a: Tyranitard","|","|switch|p2a: Terry|Terrakion|323/323","|turn|27","|","|move|p2a: Terry|Earthquake|p1a: Alomomola","|-end|p1a: Alomomola|Substitute","|move|p1a: Alomomola|Toxic|p2a: Terry","|-status|p2a: Terry|tox","|","|-heal|p1a: Alomomola|534/534|[from] move: Wish|[wisher] Alomomola","|-damage|p2a: Terry|303/323 tox|[from] psn","|turn|28","|","|move|p2a: Terry|Earthquake|p1a: Alomomola","|-damage|p1a: Alomomola|387/534","|move|p1a: Alomomola|Wish|p1a: Alomomola","|","|-heal|p1a: Alomomola|420/534|[from] item: Leftovers","|-damage|p2a: Terry|263/323 tox|[from] psn","|turn|29","|","|switch|p2a: Aeroducktyl|Aerodactyl-Mega, M|301/301","|move|p1a: Alomomola|Substitute|p1a: Alomomola","|-start|p1a: Alomomola|Substitute","|-damage|p1a: Alomomola|287/534","|","|-heal|p1a: Alomomola|534/534|[from] move: Wish|[wisher] Alomomola","|turn|30","|","|move|p2a: Aeroducktyl|Taunt|p1a: Alomomola","|-start|p1a: Alomomola|move: Taunt","|cant|p1a: Alomomola|move: Taunt|Toxic","|","|turn|31","|","|move|p2a: Aeroducktyl|Stone Edge|p1a: Alomomola|[miss]","|-miss|p2a: Aeroducktyl|p1a: Alomomola","|-activate|p1a: Alomomola|move: Struggle","|move|p1a: Alomomola|Struggle|p2a: Aeroducktyl","|-damage|p2a: Aeroducktyl|266/301","|-damage|p1a: Alomomola|401/534|[from] recoil","|","|-heal|p1a: Alomomola|434/534|[from] item: Leftovers","|turn|32","|","|switch|p1a: Politoed|Politoed, F|174/384","|-damage|p1a: Politoed|126/384|[from] Stealth Rock","|-activate|p1a: Politoed|move: Sticky Web","|-unboost|p1a: Politoed|spe|1","|-weather|RainDance","|move|p2a: Aeroducktyl|Stone Edge|p1a: Politoed|[miss]","|-miss|p2a: Aeroducktyl|p1a: Politoed","|","|-weather|RainDance|[upkeep]","|-heal|p1a: Politoed|150/384|[from] item: Leftovers","|turn|33","|","|move|p1a: Politoed|Protect|p1a: Politoed","|-singleturn|p1a: Politoed|Protect","|move|p2a: Aeroducktyl|Stone Edge|p1a: Politoed","|-activate|p1a: Politoed|Protect","|","|-weather|RainDance|[upkeep]","|-heal|p1a: Politoed|174/384|[from] item: Leftovers","|turn|34","|","|move|p2a: Aeroducktyl|Stone Edge|p1a: Politoed","|-damage|p1a: Politoed|0 fnt","|faint|p1a: Politoed","|","|-weather|RainDance|[upkeep]","|","|switch|p1a: Alomomola|Alomomola, F, shiny|534/534","|-activate|p1a: Alomomola|move: Sticky Web","|-unboost|p1a: Alomomola|spe|1","|-damage|p1a: Alomomola|468/534|[from] Stealth Rock","|turn|35","|","|move|p2a: Aeroducktyl|Taunt|p1a: Alomomola","|-start|p1a: Alomomola|move: Taunt","|cant|p1a: Alomomola|move: Taunt|Toxic","|","|-weather|RainDance|[upkeep]","|-heal|p1a: Alomomola|501/534|[from] item: Leftovers","|turn|36","|","|switch|p2a: Terry|Terrakion|263/323 tox","|switch|p1a: Azumarill|Azumarill, F, shiny|403/403","|-activate|p1a: Azumarill|move: Sticky Web","|-unboost|p1a: Azumarill|spe|1","|-damage|p1a: Azumarill|353/403|[from] Stealth Rock","|","|-weather|none","|-heal|p1a: Azumarill|378/403|[from] item: Leftovers","|-damage|p2a: Terry|243/323 tox|[from] psn","|turn|37","|","|move|p1a: Azumarill|Aqua Jet|p2a: Terry","|-supereffective|p2a: Terry","|-damage|p2a: Terry|153/323 tox","|move|p2a: Terry|Stone Edge|p1a: Azumarill","|-damage|p1a: Azumarill|47/403","|","|-heal|p1a: Azumarill|72/403|[from] item: Leftovers","|-damage|p2a: Terry|113/323 tox|[from] psn","|turn|38","|","|move|p1a: Azumarill|Aqua Jet|p2a: Terry","|-supereffective|p2a: Terry","|-damage|p2a: Terry|23/323 tox","|move|p2a: Terry|Stone Edge|p1a: Azumarill","|-damage|p1a: Azumarill|0 fnt","|faint|p1a: Azumarill","|","|-damage|p2a: Terry|0 fnt|[from] psn","|faint|p2a: Terry","|","|switch|p2a: Aeroducktyl|Aerodactyl-Mega, M|266/301","|switch|p1a: Alomomola|Alomomola, F, shiny|534/534","|-damage|p1a: Alomomola|468/534|[from] Stealth Rock","|-activate|p1a: Alomomola|move: Sticky Web","|-unboost|p1a: Alomomola|spe|1","|turn|39","|","|move|p2a: Aeroducktyl|Taunt|p1a: Alomomola","|-start|p1a: Alomomola|move: Taunt","|cant|p1a: Alomomola|move: Taunt|Wish","|","|-heal|p1a: Alomomola|501/534|[from] item: Leftovers","|turn|40","|","|move|p2a: Aeroducktyl|Stone Edge|p1a: Alomomola","|-damage|p1a: Alomomola|326/534","|-activate|p1a: Alomomola|move: Struggle","|move|p1a: Alomomola|Struggle|p2a: Aeroducktyl","|-damage|p2a: Aeroducktyl|233/301","|-damage|p1a: Alomomola|193/534|[from] recoil","|","|-heal|p1a: Alomomola|226/534|[from] item: Leftovers","|turn|41","|","|move|p2a: Aeroducktyl|Stone Edge|p1a: Alomomola","|-damage|p1a: Alomomola|60/534","|-activate|p1a: Alomomola|move: Struggle","|move|p1a: Alomomola|Struggle|p2a: Aeroducktyl","|-damage|p2a: Aeroducktyl|198/301","|-damage|p1a: Alomomola|0 fnt|[from] recoil","|faint|p1a: Alomomola","|","|win|V Monocle"],"p1rating":{"entryid":"7289901","serverid":"eos","formatid":"monotype","userid":"sovereignmafetan","username":"Sovereign♕Mafetan","w":"7","l":15,"t":"0","gxe":36.6,"r":"1460.4963623973","rd":"84.375350069512","sigma":"0","rptime":"1438765200","rpr":1394.4394840953,"rprd":68.237791351194,"rpsigma":"0","acre":1029.2100308084,"lacre":1029.2100308084,"oldacre":"1046.2083169303"},"p2rating":{"entryid":"7320079","serverid":"eos","formatid":"monotype","userid":"vmonocle","username":"V Monocle","w":11,"l":"22","t":"0","gxe":36.4,"r":"1389.8782560966","rd":"59.843199432324","sigma":"0","rptime":"1438765200","rpr":1393.8159066102,"rprd":58.282095492442,"rpsigma":"0","acre":1078.2395062408,"lacre":1078.2395062408,"oldacre":"1044.8326527467"},"endType":"normal"}