{"seed":[739,20527,27549,26584],"turns":23,"p1":"IV HairyChild","p2":"Guard Wanderer","p1team":[{"name":"Cancer bulk","species":"chansey","item":"eviolite","ability":"Natural Cure","moves":["toxic","stealthrock","wish","seismictoss"],"nature":"Bold","evs":{"hp":128,"atk":0,"def":252,"spa":0,"spd":128,"spe":0},"ivs":{"hp":31,"atk":31,"def":31,"spa":31,"spd":31,"spe":31}},{"name":"Pepto-Bismol","species":"lopunny","item":"lopunnite","ability":"Limber","moves":["highjumpkick","substitute","poweruppunch","return"],"nature":"Jolly","evs":{"hp":0,"atk":252,"def":0,"spa":0,"spd":4,"spe":252},"shiny":true,"ivs":{"hp":31,"atk":31,"def":31,"spa":31,"spd":31,"spe":31}},{"name":"Hurricane","species":"staraptor","item":"leftovers","ability":"Intimidate","moves":["bravebird","featherdance","roost","defog"],"nature":"Impish","evs":{"hp":252,"atk":0,"def":176,"spa":0,"spd":80,"spe":0},"ivs":{"hp":31,"atk":31,"def":31,"spa":31,"spd":31,"spe":31}},{"name":"Meloetta","species":"Meloetta","item":"choicespecs","ability":"Serene Grace","moves":["psychic","focusblast","thunderbolt","shadowball"],"nature":"Modest","evs":{"hp":8,"atk":0,"def":0,"spa":252,"spd":8,"spe":240},"ivs":{"hp":31,"atk":31,"def":31,"spa":31,"spd":31,"spe":31}},{"name":"Ditto","species":"Ditto","item":"choicescarf","ability":"Imposter","moves":["transform"],"nature":"Bold","evs":{"hp":248,"atk":0,"def":252,"spa":0,"spd":8,"spe":0},"ivs":{"hp":31,"atk":31,"def":31,"spa":31,"spd":31,"spe":31}},{"name":"Chocolate Milk","species":"diggersby","item":"lifeorb","ability":"Huge Power","moves":["return","earthquake","quickattack","swordsdance"],"nature":"Jolly","evs":{"hp":0,"atk":252,"def":4,"spa":0,"spd":0,"spe":252},"shiny":true,"ivs":{"hp":31,"atk":31,"def":31,"spa":31,"spd":31,"spe":31}}],"p2team":[{"name":"Scolipede","species":"Scolipede","item":"blacksludge","ability":"Speed Boost","moves":["swordsdance","superpower","venomdrench","irondefense"],"nature":"Jolly","evs":{"hp":248,"atk":8,"def":0,"spa":0,"spd":0,"spe":252},"ivs":{"hp":31,"atk":31,"def":31,"spa":31,"spd":31,"spe":31}},{"name":"Skuntank","species":"Skuntank","item":"","ability":"Stench","moves":["snatch","thief","suckerpunch","poisonjab"],"nature":"Adamant","evs":{"hp":248,"atk":252,"def":0,"spa":0,"spd":8,"spe":0},"ivs":{"hp":31,"atk":31,"def":31,"spa":31,"spd":31,"spe":31}},{"name":"Drapion","species":"Drapion","item":"airballoon","ability":"Sniper","moves":["toxicspikes","pursuit","earthquake","rocktomb"],"nature":"Adamant","evs":{"hp":248,"atk":252,"def":0,"spa":0,"spd":8,"spe":0},"ivs":{"hp":31,"atk":31,"def":31,"spa":31,"spd":31,"spe":31}},{"name":"Tentacruel","species":"Tentacruel","item":"assaultvest","ability":"Liquid Ooze","moves":["scald","acidspray","gigadrain","icebeam"],"nature":"Timid","evs":{"hp":0,"atk":0,"def":0,"spa":252,"spd":4,"spe":252},"ivs":{"hp":31,"atk":31,"def":31,"spa":31,"spd":31,"spe":31}},{"name":"Weezing","species":"Weezing","item":"sitrusberry","ability":"Levitate","moves":["toxicspikes","willowisp","memento","thief"],"nature":"Careful","evs":{"hp":248,"atk":0,"def":8,"spa":0,"spd":252,"spe":0},"ivs":{"hp":31,"atk":31,"def":31,"spa":31,"spd":31,"spe":31}},{"name":"Gengar","species":"Gengar","item":"brightpowder","ability":"Levitate","moves":["reflecttype","darkpulse","psychic","shadowball"],"nature":"Timid","evs":{"hp":0,"atk":0,"def":0,"spa":252,"spd":4,"spe":252},"ivs":{"hp":31,"atk":31,"def":31,"spa":31,"spd":31,"spe":31}}],"log":["|player|p1|IV HairyChild|293","|player|p2|Guard Wanderer|235","|gametype|singles","|gen|6","|tier|Monotype","|rated","|rule|Baton Pass Clause: Limit one Baton Passer, can't pass Spe and other stats simultaneously","|rule|Swagger Clause: Swagger is banned","|rule|Same Type Clause: Pokémon in a team must share a type","|clearpoke","|poke|p1|Chansey, F","|poke|p1|Lopunny, M, shiny","|poke|p1|Staraptor, M","|poke|p1|Meloetta","|poke|p1|Ditto","|poke|p1|Diggersby, M, shiny","|poke|p2|Scolipede, F","|poke|p2|Skuntank, F","|poke|p2|Drapion, M","|poke|p2|Tentacruel, F","|poke|p2|Weezing, M","|poke|p2|Gengar, F","|rule|Sleep Clause Mod: Limit one foe put to sleep","|rule|Species Clause: Limit one of each Pokémon","|rule|OHKO Clause: OHKO moves are banned","|rule|Moody Clause: Moody is banned","|rule|Evasion Moves Clause: Evasion moves are banned","|rule|Endless Battle Clause: Forcing endless battles is banned","|rule|HP Percentage Mod: HP is shown in percentages","|teampreview","|","|start","|switch|p1a: Chocolate Milk|Diggersby, M, shiny|311/311","|switch|p2a: Weezing|Weezing, M|333/333","|turn|1","|","|switch|p1a: Cancer bulk|Chansey, F|673/673","|move|p2a: Weezing|Will-O-Wisp|p1a: Cancer bulk","|-status|p1a: Cancer bulk|brn","|","|-damage|p1a: Cancer bulk|589/673 brn|[from] brn","|turn|2","|","|move|p2a: Weezing|Toxic Spikes|p1a: Cancer bulk","|-sidestart|p1: IV HairyChild|move: Toxic Spikes","|move|p1a: Cancer bulk|Stealth Rock|p2a: Weezing","|-sidestart|p2: Guard Wanderer|move: Stealth Rock","|","|-damage|p1a: Cancer bulk|505/673 brn|[from] brn","|turn|3","|","|move|p2a: Weezing|Toxic Spikes|p1a: Cancer bulk","|-sidestart|p1: IV HairyChild|move: Toxic Spikes","|move|p1a: Cancer bulk|Seismic Toss|p2a: Weezing","|-damage|p2a: Weezing|233/333","|","|-damage|p1a: Cancer bulk|421/673 brn|[from] brn","|turn|4","|","|move|p2a: Weezing|Will-O-Wisp|p1a: Cancer bulk","|-fail|p1a: Cancer bulk|brn","|move|p1a: Cancer bulk|Wish|p1a: Cancer bulk","|","|-damage|p1a: Cancer bulk|337/673 brn|[from] brn","|turn|5","|","|move|p2a: Weezing|Will-O-Wisp|p1a: Cancer bulk","|-fail|p1a: Cancer bulk|brn","|move|p1a: Cancer bulk|Seismic Toss|p2a: Weezing","|-damage|p2a: Weezing|133/333","|-enditem|p2a: Weezing|Sitrus Berry|[eat]","|-heal|p2a: Weezing|216/333|[from] item: Sitrus Berry","|","|-heal|p1a: Cancer bulk|673/673 brn|[from] move: Wish|[wisher] Cancer bulk","|-damage|p1a: Cancer bulk|589/673 brn|[from] brn","|turn|6","|","|move|p2a: Weezing|Thief|p1a: Cancer bulk","|-damage|p1a: Cancer bulk|534/673 brn","|-item|p2a: Weezing|Eviolite|[from] move: Thief|[of] p1a: Cancer bulk","|move|p1a: Cancer bulk|Wish|p1a: Cancer bulk","|","|-damage|p1a: Cancer bulk|450/673 brn|[from] brn","|turn|7","|","|switch|p2a: Skuntank|Skuntank, F|409/409","|-damage|p2a: Skuntank|358/409|[from] Stealth Rock","|move|p1a: Cancer bulk|Seismic Toss|p2a: Skuntank","|-damage|p2a: Skuntank|258/409","|","|-heal|p1a: Cancer bulk|673/673 brn|[from] move: Wish|[wisher] Cancer bulk","|-damage|p1a: Cancer bulk|589/673 brn|[from] brn","|turn|8","|","|move|p2a: Skuntank|Snatch|p2a: Skuntank","|-singleturn|p2a: Skuntank|Snatch","|move|p1a: Cancer bulk|Wish|p1a: Cancer bulk","|-activate|p2a: Skuntank|Snatch|[of] p1a: Cancer bulk","|move|p2a: Skuntank|Wish|p2a: Skuntank|[from]Snatch","|","|-damage|p1a: Cancer bulk|505/673 brn|[from] brn","|turn|9","|","|move|p2a: Skuntank|Poison Jab|p1a: Cancer bulk","|-damage|p1a: Cancer bulk|271/673 brn","|cant|p1a: Cancer bulk|flinch","|","|-heal|p2a: Skuntank|409/409|[from] move: Wish|[wisher] Skuntank","|-damage|p1a: Cancer bulk|187/673 brn|[from] brn","|turn|10","|","|switch|p1a: Hurricane|Staraptor, M|374/374","|-ability|p1a: Hurricane|Intimidate","|-unboost|p2a: Skuntank|atk|1","|move|p2a: Skuntank|Snatch|p2a: Skuntank","|-singleturn|p2a: Skuntank|Snatch","|","|turn|11","|","|move|p1a: Hurricane|Defog|p2a: Skuntank","|-unboost|p2a: Skuntank|evasion|1","|-sideend|p2: Guard Wanderer|Stealth Rock|[from] move: Defog|[of] p2a: Skuntank","|-sideend|p1: IV HairyChild|Toxic Spikes|[from] move: Defog|[of] p1a: Hurricane","|move|p2a: Skuntank|Poison Jab|p1a: Hurricane","|-damage|p1a: Hurricane|289/374","|","|-heal|p1a: Hurricane|312/374|[from] item: Leftovers","|turn|12","|","|move|p1a: Hurricane|Feather Dance|p2a: Skuntank","|-unboost|p2a: Skuntank|atk|2","|move|p2a: Skuntank|Thief|p1a: Hurricane","|-damage|p1a: Hurricane|273/374","|-item|p2a: Skuntank|Leftovers|[from] move: Thief|[of] p1a: Hurricane","|","|turn|13","|","|switch|p1a: Pepto-Bismol|Lopunny, M, shiny|271/271","|switch|p2a: Weezing|Weezing, M|216/333","|","|turn|14","|","|detailschange|p1a: Pepto-Bismol|Lopunny-Mega, M, shiny","|-mega|p1a: Pepto-Bismol|Lopunny|Lopunnite","|move|p1a: Pepto-Bismol|Substitute|p1a: Pepto-Bismol","|-start|p1a: Pepto-Bismol|Substitute","|-damage|p1a: Pepto-Bismol|204/271","|move|p2a: Weezing|Will-O-Wisp|p1a: Pepto-Bismol","|-fail|p1a: Pepto-Bismol","|","|turn|15","|","|move|p1a: Pepto-Bismol|Power-Up Punch|p2a: Weezing","|-resisted|p2a: Weezing","|-damage|p2a: Weezing|187/333","|-boost|p1a: Pepto-Bismol|atk|1","|move|p2a: Weezing|Toxic Spikes|p1a: Pepto-Bismol","|-sidestart|p1: IV HairyChild|move: Toxic Spikes","|","|turn|16","|","|switch|p2a: Scolipede|Scolipede, F|323/323","|move|p1a: Pepto-Bismol|Return|p2a: Scolipede","|-damage|p2a: Scolipede|8/323","|","|-heal|p2a: Scolipede|28/323|[from] item: Black Sludge","|turn|17","|","|move|p1a: Pepto-Bismol|Return|p2a: Scolipede","|-damage|p2a: Scolipede|0 fnt","|faint|p2a: Scolipede","|","|","|switch|p2a: Tentacruel|Tentacruel, F|301/301","|turn|18","|","|move|p1a: Pepto-Bismol|Return|p2a: Tentacruel","|-damage|p2a: Tentacruel|0 fnt","|faint|p2a: Tentacruel","|","|","|switch|p2a: Skuntank|Skuntank, F|409/409","|turn|19","|","|move|p2a: Skuntank|Sucker Punch|p1a: Pepto-Bismol","|-resisted|p1a: Pepto-Bismol","|-activate|p1a: Pepto-Bismol|Substitute|[damage]","|move|p1a: Pepto-Bismol|Return|p2a: Skuntank","|-damage|p2a: Skuntank|30/409","|","|-heal|p2a: Skuntank|55/409|[from] item: Leftovers","|turn|20","|","|move|p2a: Skuntank|Sucker Punch|p1a: Pepto-Bismol","|-resisted|p1a: Pepto-Bismol","|-end|p1a: Pepto-Bismol|Substitute","|move|p1a: Pepto-Bismol|Power-Up Punch|p2a: Skuntank","|-damage|p2a: Skuntank|0 fnt","|-boost|p1a: Pepto-Bismol|atk|1","|faint|p2a: Skuntank","|","|","|switch|p2a: Gengar|Gengar, F|261/261","|turn|21","|","|move|p1a: Pepto-Bismol|Return|p2a: Gengar","|-damage|p2a: Gengar|0 fnt","|faint|p2a: Gengar","|","|","|switch|p2a: Weezing|Weezing, M|187/333","|turn|22","|","|move|p1a: Pepto-Bismol|Return|p2a: Weezing","|-damage|p2a: Weezing|0 fnt","|faint|p2a: Weezing","|","|","|switch|p2a: Drapion|Drapion, M|343/343","|-item|p2a: Drapion|Air Balloon","|turn|23","|","|move|p1a: Pepto-Bismol|Return|p2a: Drapion","|-damage|p2a: Drapion|0 fnt","|-enditem|p2a: Drapion|Air Balloon","|faint|p2a: Drapion","|","|win|IV HairyChild"],"p1rating":{"entryid":"7396689","serverid":"eos","formatid":"monotype","userid":"ivhairychild","username":"IV HairyChild","w":1,"l":"1","t":"0","gxe":50,"r":1466.9624083041,"rd":122.93106832237,"sigma":"0","rptime":1438765200,"rpr":1500.0391599129,"rprd":116.08369073988,"rpsigma":"0","acre":1050.7142038624,"lacre":1050.7142038624,"oldacre":"1000"},"p2rating":{"entryid":"6731189","serverid":"eos","formatid":"monotype","userid":"guardwanderer","username":"Guard Wanderer","w":"75","l":106,"t":"0","gxe":39.5,"r":"1416.6716065611","rd":"31.012894024758","sigma":"0","rptime":"1438765200","rpr":1419.7197119405,"rprd":30.624242666208,"rpsigma":"0","acre":1064.5695595802,"lacre":1064.5695595802,"oldacre":"1095.3890308915"},"endType":"normal"}