{"seed":[58427,2085,39080,29165],"turns":24,"p1":"Void Who","p2":"Emg kess","p1team":[{"name":"Breloom","species":"Breloom","item":"focussash","ability":"Technician","moves":["machpunch","rockslide","bulletseed","spore"],"nature":"Jolly","evs":{"hp":0,"atk":252,"def":0,"spa":0,"spd":4,"spe":252},"ivs":{"hp":31,"atk":31,"def":31,"spa":31,"spd":31,"spe":31}},{"name":"Ferrothorn","species":"Ferrothorn","item":"leftovers","ability":"Iron Barbs","moves":["gyroball","stealthrock","leechseed","thunderwave"],"nature":"Relaxed","evs":{"hp":252,"atk":4,"def":252,"spa":0,"spd":0,"spe":0},"ivs":{"hp":31,"atk":31,"def":31,"spa":31,"spd":31,"spe":0}},{"name":"Serperior","species":"Serperior","item":"lifeorb","ability":"Contrary","moves":["leafstorm","hiddenpowerice","dragonpulse","glare"],"nature":"Timid","evs":{"hp":0,"atk":0,"def":0,"spa":252,"spd":4,"spe":252},"ivs":{"hp":31,"atk":30,"def":30,"spa":31,"spd":31,"spe":31}},{"name":"Venusaur","species":"Venusaur","item":"venusaurite","ability":"Overgrow","moves":["synthesis","gigadrain","sludgebomb","hiddenpowerfire"],"nature":"Modest","evs":{"hp":248,"atk":0,"def":0,"spa":0,"spd":252,"spe":0},"ivs":{"hp":31,"atk":30,"def":31,"spa":30,"spd":31,"spe":30}},{"name":"Celebi","species":"Celebi","item":"leftovers","ability":"Natural Cure","moves":["earthpower","synthesis","leafstorm","uturn"],"nature":"Timid","evs":{"hp":0,"atk":0,"def":0,"spa":252,"spd":4,"spe":252},"ivs":{"hp":31,"atk":31,"def":31,"spa":31,"spd":31,"spe":31}},{"name":"Shiftry","species":"Shiftry","item":"lifeorb","ability":"Chlorophyll","moves":["leafstorm","suckerpunch","defog","knockoff"],"nature":"Lonely","evs":{"hp":0,"atk":252,"def":0,"spa":4,"spd":0,"spe":252},"ivs":{"hp":31,"atk":31,"def":31,"spa":31,"spd":31,"spe":31}}],"p2team":[{"name":"Gengar","species":"Gengar","item":"choicespecs","ability":"Levitate","moves":["shadowball","focusblast","sludgewave","dazzlinggleam"],"nature":"Timid","evs":{"hp":0,"atk":0,"def":0,"spa":252,"spd":4,"spe":252},"shiny":true,"ivs":{"hp":31,"atk":31,"def":31,"spa":31,"spd":31,"spe":31}},{"name":"Jellicent","species":"Jellicent","item":"leftovers","ability":"Water Absorb","moves":["scald","toxic","recover","acidarmor"],"nature":"Calm","evs":{"hp":252,"atk":0,"def":4,"spa":0,"spd":252,"spe":0},"ivs":{"hp":31,"atk":31,"def":31,"spa":31,"spd":31,"spe":31}},{"name":"Chandelure","species":"Chandelure","item":"choicescarf","ability":"Infiltrator","moves":["fireblast","shadowball","energyball","trick"],"nature":"Timid","evs":{"hp":0,"atk":0,"def":0,"spa":252,"spd":4,"spe":252},"ivs":{"hp":31,"atk":31,"def":31,"spa":31,"spd":31,"spe":31}},{"name":"Banette","species":"Banette","item":"banettite","ability":"Insomnia","moves":["destinybond","shadowsneak","knockoff","taunt"],"nature":"Adamant","evs":{"hp":248,"atk":252,"def":0,"spa":0,"spd":8,"spe":0},"ivs":{"hp":31,"atk":31,"def":31,"spa":31,"spd":31,"spe":31}},{"name":"Aegislash","species":"Aegislash","item":"leftovers","ability":"Stance Change","moves":["substitute","toxic","kingsshield","flashcannon"],"nature":"Modest","evs":{"hp":248,"atk":0,"def":8,"spa":252,"spd":0,"spe":0},"ivs":{"hp":31,"atk":31,"def":31,"spa":31,"spd":31,"spe":0}},{"name":"Gourgeist-Super","species":"Gourgeist-Super","item":"leftovers","ability":"Frisk","moves":["willowisp","leechseed","synthesis","foulplay"],"nature":"Bold","evs":{"hp":248,"atk":0,"def":200,"spa":0,"spd":60,"spe":0},"ivs":{"hp":31,"atk":31,"def":31,"spa":31,"spd":31,"spe":31}}],"log":["|player|p1|Void Who|voidwho.gif","|player|p2|Emg kess|94","|gametype|singles","|gen|6","|tier|Monotype","|rated","|rule|Baton Pass Clause: Limit one Baton Passer, can't pass Spe and other stats simultaneously","|rule|Swagger Clause: Swagger is banned","|rule|Same Type Clause: Pokémon in a team must share a type","|clearpoke","|poke|p1|Breloom, M","|poke|p1|Ferrothorn, M","|poke|p1|Serperior, F","|poke|p1|Venusaur, M","|poke|p1|Celebi","|poke|p1|Shiftry, M","|poke|p2|Gengar, F, shiny","|poke|p2|Jellicent, M","|poke|p2|Chandelure, F","|poke|p2|Banette, F","|poke|p2|Aegislash, M","|poke|p2|Gourgeist-*, F","|rule|Sleep Clause Mod: Limit one foe put to sleep","|rule|Species Clause: Limit one of each Pokémon","|rule|OHKO Clause: OHKO moves are banned","|rule|Moody Clause: Moody is banned","|rule|Evasion Moves Clause: Evasion moves are banned","|rule|Endless Battle Clause: Forcing endless battles is banned","|rule|HP Percentage Mod: HP is shown in percentages","|teampreview","|","|start","|switch|p1a: Ferrothorn|Ferrothorn, M|352/352","|switch|p2a: Aegislash|Aegislash, M|323/323","|turn|1","|","|move|p2a: Aegislash|Substitute|p2a: Aegislash","|-start|p2a: Aegislash|Substitute","|-damage|p2a: Aegislash|243/323","|move|p1a: Ferrothorn|Thunder Wave|p2a: Aegislash","|-fail|p2a: Aegislash","|","|-heal|p2a: Aegislash|263/323|[from] item: Leftovers","|turn|2","|","|switch|p1a: Venusaur|Venusaur, M|363/363","|-formechange|p2a: Aegislash|Aegislash-Blade","|move|p2a: Aegislash|Flash Cannon|p1a: Venusaur","|-damage|p1a: Venusaur|227/363","|-unboost|p1a: Venusaur|spd|1","|","|-heal|p2a: Aegislash|283/323|[from] item: Leftovers","|turn|3","|","|detailschange|p1a: Venusaur|Venusaur-Mega, M","|-mega|p1a: Venusaur|Venusaur|Venusaurite","|-formechange|p2a: Aegislash|Aegislash","|move|p2a: Aegislash|King's Shield|p2a: Aegislash","|-singleturn|p2a: Aegislash|Protect","|move|p1a: Venusaur|Synthesis|p1a: Venusaur","|-heal|p1a: Venusaur|363/363","|","|-heal|p2a: Aegislash|303/323|[from] item: Leftovers","|turn|4","|","|move|p1a: Venusaur|Hidden Power|p2a: Aegislash","|-supereffective|p2a: Aegislash","|-end|p2a: Aegislash|Substitute","|-formechange|p2a: Aegislash|Aegislash-Blade","|move|p2a: Aegislash|Flash Cannon|p1a: Venusaur","|-damage|p1a: Venusaur|192/363","|","|-heal|p2a: Aegislash|323/323|[from] item: Leftovers","|turn|5","|","|move|p1a: Venusaur|Hidden Power|p2a: Aegislash","|-supereffective|p2a: Aegislash","|-damage|p2a: Aegislash|119/323","|move|p2a: Aegislash|Flash Cannon|p1a: Venusaur","|-damage|p1a: Venusaur|0 fnt","|faint|p1a: Venusaur","|","|-heal|p2a: Aegislash|139/323|[from] item: Leftovers","|","|switch|p1a: Celebi|Celebi|341/341","|turn|6","|","|-formechange|p2a: Aegislash|Aegislash","|move|p2a: Aegislash|King's Shield|p2a: Aegislash","|-singleturn|p2a: Aegislash|Protect","|move|p1a: Celebi|Earth Power|p2a: Aegislash","|-activate|p2a: Aegislash|Protect","|","|-heal|p2a: Aegislash|159/323|[from] item: Leftovers","|turn|7","|","|switch|p2a: Gengar|Gengar, F, shiny|261/261","|move|p1a: Celebi|Earth Power|p2a: Gengar","|-immune|p2a: Gengar|[msg]","|","|turn|8","|","|switch|p1a: Ferrothorn|Ferrothorn, M|352/352","|move|p2a: Gengar|Shadow Ball|p1a: Ferrothorn","|-damage|p1a: Ferrothorn|174/352","|","|-heal|p1a: Ferrothorn|196/352|[from] item: Leftovers","|turn|9","|","|switch|p2a: Gourgeist-Super|Gourgeist-Super, F|373/373","|-item|p1a: Ferrothorn|Leftovers|[from] ability: Frisk|[of] p2a: Gourgeist-Super|[identify]","|move|p1a: Ferrothorn|Thunder Wave|p2a: Gourgeist-Super","|-status|p2a: Gourgeist-Super|par","|","|-heal|p1a: Ferrothorn|218/352|[from] item: Leftovers","|turn|10","|","|move|p1a: Ferrothorn|Stealth Rock|p2a: Gourgeist-Super","|-sidestart|p2: Emg kess|move: Stealth Rock","|move|p2a: Gourgeist-Super|Will-O-Wisp|p1a: Ferrothorn","|-status|p1a: Ferrothorn|brn","|","|-heal|p1a: Ferrothorn|240/352 brn|[from] item: Leftovers","|-damage|p1a: Ferrothorn|196/352 brn|[from] brn","|turn|11","|","|switch|p1a: Shiftry|Shiftry, M|321/321","|move|p2a: Gourgeist-Super|Foul Play|p1a: Shiftry","|-resisted|p1a: Shiftry","|-damage|p1a: Shiftry|234/321","|","|turn|12","|","|switch|p1a: Celebi|Celebi|341/341","|move|p2a: Gourgeist-Super|Will-O-Wisp|p1a: Celebi","|-status|p1a: Celebi|brn","|","|-damage|p1a: Celebi|299/341 brn|[from] brn","|turn|13","|","|move|p1a: Celebi|U-turn|p2a: Gourgeist-Super","|-damage|p2a: Gourgeist-Super|358/373 par","|","|switch|p1a: Ferrothorn|Ferrothorn, M|196/352 brn","|cant|p2a: Gourgeist-Super|par","|","|-heal|p1a: Ferrothorn|218/352 brn|[from] item: Leftovers","|-heal|p2a: Gourgeist-Super|373/373 par|[from] item: Leftovers","|-damage|p1a: Ferrothorn|174/352 brn|[from] brn","|turn|14","|","|switch|p1a: Celebi|Celebi|299/341","|move|p2a: Gourgeist-Super|Foul Play|p1a: Celebi","|-supereffective|p1a: Celebi","|-damage|p1a: Celebi|161/341","|","|-heal|p1a: Celebi|182/341|[from] item: Leftovers","|turn|15","|","|move|p1a: Celebi|Synthesis|p1a: Celebi","|-heal|p1a: Celebi|341/341","|cant|p2a: Gourgeist-Super|par","|","|turn|16","|","|move|p1a: Celebi|Earth Power|p2a: Gourgeist-Super","|-resisted|p2a: Gourgeist-Super","|-damage|p2a: Gourgeist-Super|323/373 par","|move|p2a: Gourgeist-Super|Will-O-Wisp|p1a: Celebi","|-status|p1a: Celebi|brn","|","|-heal|p2a: Gourgeist-Super|346/373 par|[from] item: Leftovers","|-damage|p1a: Celebi|299/341 brn|[from] brn","|turn|17","|","|switch|p1a: Serperior|Serperior, F|291/291","|move|p2a: Gourgeist-Super|Foul Play|p1a: Serperior","|-damage|p1a: Serperior|240/291","|","|-heal|p2a: Gourgeist-Super|369/373 par|[from] item: Leftovers","|turn|18","|","|switch|p2a: Chandelure|Chandelure, F|261/261","|-damage|p2a: Chandelure|196/261|[from] Stealth Rock","|move|p1a: Serperior|Hidden Power|p2a: Chandelure","|-resisted|p2a: Chandelure","|-damage|p2a: Chandelure|160/261","|-damage|p1a: Serperior|211/291|[from] item: Life Orb","|","|turn|19","|","|switch|p1a: Celebi|Celebi|299/341","|move|p2a: Chandelure|Fire Blast|p1a: Celebi","|-supereffective|p1a: Celebi","|-damage|p1a: Celebi|0 fnt","|faint|p1a: Celebi","|","|","|switch|p1a: Shiftry|Shiftry, M|234/321","|turn|20","|","|switch|p2a: Aegislash|Aegislash, M|159/323","|-damage|p2a: Aegislash|139/323|[from] Stealth Rock","|move|p1a: Shiftry|Sucker Punch|p2a: Aegislash","|-fail|p1a: Shiftry","|","|-heal|p2a: Aegislash|159/323|[from] item: Leftovers","|turn|21","|","|move|p2a: Aegislash|King's Shield|p2a: Aegislash","|-singleturn|p2a: Aegislash|Protect","|move|p1a: Shiftry|Knock Off|p2a: Aegislash","|-activate|p2a: Aegislash|Protect","|-unboost|p1a: Shiftry|atk|2","|","|-heal|p2a: Aegislash|179/323|[from] item: Leftovers","|turn|22","|","|move|p1a: Shiftry|Leaf Storm|p2a: Aegislash","|-resisted|p2a: Aegislash","|-damage|p2a: Aegislash|117/323","|-unboost|p1a: Shiftry|spa|2","|-damage|p1a: Shiftry|202/321|[from] item: Life Orb","|move|p2a: Aegislash|Substitute|p2a: Aegislash","|-start|p2a: Aegislash|Substitute","|-damage|p2a: Aegislash|37/323","|","|-heal|p2a: Aegislash|57/323|[from] item: Leftovers","|turn|23","|","|switch|p1a: Ferrothorn|Ferrothorn, M|174/352 brn","|move|p2a: Aegislash|King's Shield|p2a: Aegislash","|-fail|p2a: Aegislash","|","|-heal|p2a: Aegislash|77/323|[from] item: Leftovers","|-heal|p1a: Ferrothorn|196/352 brn|[from] item: Leftovers","|-damage|p1a: Ferrothorn|152/352 brn|[from] brn","|turn|24","|","|win|Emg kess"],"p1rating":{"entryid":"6866008","serverid":"eos","formatid":"monotype","userid":"voidwho","username":"Void Who","w":"35","l":20,"t":"0","gxe":61.9,"r":"1603.8097659955","rd":"53.360914210173","sigma":"0","rptime":"1438765200","rpr":1592.1767002778,"rprd":51.725148651809,"rpsigma":"0","acre":1158.198428387,"lacre":1158.198428387,"oldacre":"1188.4732732012"},"p2rating":{"entryid":"7322121","serverid":"eos","formatid":"monotype","userid":"emgkess","username":"Emg kess","w":9,"l":"7","t":"0","gxe":54.5,"r":"1520.1452001691","rd":"83.030277481124","sigma":"0","rptime":"1438765200","rpr":1534.864230186,"rprd":75.678886669881,"rpsigma":"0","acre":1144.3235192136,"lacre":1144.3235192136,"oldacre":"1114.0486743994"},"endType":"forfeit"}