{"seed":[41243,52594,41757,4677],"turns":22,"p1":"Emg_DemZii","p2":"Sovereign♕Dooms","p1team":[{"name":"Zoroark","species":"Zoroark","item":"choicescarf","ability":"Illusion","moves":["nightdaze","trick","flamethrower","focusblast"],"nature":"Timid","evs":{"hp":0,"atk":0,"def":0,"spa":252,"spd":4,"spe":252},"ivs":{"hp":31,"atk":31,"def":31,"spa":31,"spd":31,"spe":31}},{"name":"Sableye","species":"Sableye","item":"sablenite","ability":"Prankster","moves":["willowisp","taunt","nightshade","recover"],"nature":"Calm","evs":{"hp":252,"atk":0,"def":120,"spa":0,"spd":136,"spe":0},"ivs":{"hp":31,"atk":31,"def":31,"spa":31,"spd":31,"spe":31}},{"name":"Mandibuzz","species":"Mandibuzz","item":"leftovers","ability":"Big Pecks","moves":["toxic","roost","knockoff","irondefense"],"nature":"Sassy","evs":{"hp":252,"atk":48,"def":36,"spa":0,"spd":172,"spe":0},"ivs":{"hp":31,"atk":31,"def":31,"spa":31,"spd":31,"spe":31}},{"name":"Houndoom","species":"Houndoom","item":"lifeorb","ability":"Flash Fire","moves":["nastyplot","fireblast","darkpulse","hiddenpowergrass"],"nature":"Timid","evs":{"hp":4,"atk":0,"def":0,"spa":252,"spd":0,"spe":252},"ivs":{"hp":31,"atk":30,"def":31,"spa":30,"spd":31,"spe":31}},{"name":"Cacturne","species":"Cacturne","item":"lifeorb","ability":"Water Absorb","moves":["swordsdance","suckerpunch","seedbomb","drainpunch"],"nature":"Adamant","evs":{"hp":248,"atk":252,"def":0,"spa":0,"spd":8,"spe":0},"ivs":{"hp":31,"atk":31,"def":31,"spa":31,"spd":31,"spe":31}},{"name":"Krookodile","species":"Krookodile","item":"choicescarf","ability":"Moxie","moves":["stoneedge","crunch","irontail","stealthrock"],"nature":"Jolly","evs":{"hp":0,"atk":252,"def":0,"spa":0,"spd":4,"spe":252},"ivs":{"hp":31,"atk":31,"def":31,"spa":31,"spd":31,"spe":31}}],"p2team":[{"name":"Gyara","species":"gyarados","item":"gyaradosite","ability":"Intimidate","moves":["dragondance","waterfall","earthquake","outrage"],"nature":"Jolly","evs":{"hp":0,"atk":56,"def":184,"spa":0,"spd":16,"spe":252},"gender":"M","ivs":{"hp":31,"atk":31,"def":31,"spa":31,"spd":31,"spe":31}},{"name":"Kelo","species":"keldeo","item":"choicespecs","ability":"Justified","moves":["icywind","hydropump","secretsword","hiddenpowerfire"],"nature":"Timid","evs":{"hp":4,"atk":0,"def":0,"spa":252,"spd":0,"spe":252},"ivs":{"hp":31,"atk":30,"def":31,"spa":30,"spd":31,"spe":30}},{"name":"Azum","species":"azumarill","item":"sitrusberry","ability":"Sap Sipper","moves":["aquajet","waterfall","knockoff","bellydrum"],"nature":"Adamant","evs":{"hp":236,"atk":224,"def":16,"spa":0,"spd":32,"spe":0},"gender":"M","ivs":{"hp":31,"atk":31,"def":31,"spa":31,"spd":31,"spe":31}},{"name":"Wash","species":"rotomwash","item":"choicescarf","ability":"Levitate","moves":["trick","hydropump","thunderbolt","shadowball"],"nature":"Modest","evs":{"hp":4,"atk":0,"def":0,"spa":252,"spd":0,"spe":252},"ivs":{"hp":31,"atk":31,"def":31,"spa":31,"spd":31,"spe":31}},{"name":"Slbro","species":"slowbro","item":"leftovers","ability":"Regenerator","moves":["grassknot","slackoff","scald","thunderwave"],"nature":"Bold","evs":{"hp":236,"atk":0,"def":252,"spa":20,"spd":0,"spe":0},"gender":"M","ivs":{"hp":31,"atk":31,"def":31,"spa":31,"spd":31,"spe":31}},{"name":"Cloy","species":"cloyster","item":"focussash","ability":"Skill Link","moves":["shellsmash","iciclespear","rockblast","hydropump"],"nature":"Jolly","evs":{"hp":236,"atk":28,"def":0,"spa":0,"spd":0,"spe":244},"gender":"M","ivs":{"hp":31,"atk":31,"def":31,"spa":31,"spd":31,"spe":31}}],"log":["|player|p1|Emg_DemZii|274","|player|p2|Sovereign♕Dooms|20","|gametype|singles","|gen|6","|tier|Monotype","|rated","|rule|Baton Pass Clause: Limit one Baton Passer, can't pass Spe and other stats simultaneously","|rule|Swagger Clause: Swagger is banned","|rule|Same Type Clause: Pokémon in a team must share a type","|clearpoke","|poke|p1|Zoroark, M","|poke|p1|Sableye, M","|poke|p1|Mandibuzz, F","|poke|p1|Houndoom, F","|poke|p1|Cacturne, M","|poke|p1|Krookodile, F","|poke|p2|Gyarados, M","|poke|p2|Keldeo","|poke|p2|Azumarill, M","|poke|p2|Rotom-Wash","|poke|p2|Slowbro, M","|poke|p2|Cloyster, M","|rule|Sleep Clause Mod: Limit one foe put to sleep","|rule|Species Clause: Limit one of each Pokémon","|rule|OHKO Clause: OHKO moves are banned","|rule|Moody Clause: Moody is banned","|rule|Evasion Moves Clause: Evasion moves are banned","|rule|Endless Battle Clause: Forcing endless battles is banned","|rule|HP Percentage Mod: HP is shown in percentages","|teampreview","|","|start","|switch|p1a: Cacturne|Cacturne, M|261/261","|switch|p2a: Kelo|Keldeo|324/324","|turn|1","|","|move|p1a: Cacturne|Trick|p2a: Kelo","|-activate|p1a: Cacturne|move: Trick|[of] p2a: Kelo","|-item|p2a: Kelo|Choice Scarf|[from] move: Trick","|-item|p1a: Cacturne|Choice Specs|[from] move: Trick","|move|p2a: Kelo|Icy Wind|p1a: Cacturne","|replace|p1a: Zoroark|Zoroark, M|261/261","|-damage|p1a: Zoroark|171/261","|-unboost|p1a: Zoroark|spe|1","|","|turn|2","|","|move|p2a: Kelo|Icy Wind|p1a: Zoroark","|-damage|p1a: Zoroark|69/261","|-unboost|p1a: Zoroark|spe|1","|move|p1a: Zoroark|Focus Blast|p2a: Kelo","|-damage|p2a: Kelo|85/324","|","|turn|3","|","|switch|p1a: Sableye|Sableye, M|304/304","|move|p2a: Kelo|Icy Wind|p1a: Sableye","|-crit|p1a: Sableye","|-damage|p1a: Sableye|198/304","|-unboost|p1a: Sableye|spe|1","|","|turn|4","|","|detailschange|p1a: Sableye|Sableye-Mega, M","|-mega|p1a: Sableye|Sableye|Sablenite","|move|p1a: Sableye|Will-O-Wisp|p2a: Kelo","|-status|p2a: Kelo|brn","|move|p2a: Kelo|Icy Wind|p1a: Sableye","|-damage|p1a: Sableye|154/304","|-unboost|p1a: Sableye|spe|1","|","|-damage|p2a: Kelo|45/324 brn|[from] brn","|turn|5","|","|switch|p2a: Azum|Azumarill, M|400/400","|move|p1a: Sableye|Recover|p1a: Sableye","|-heal|p1a: Sableye|304/304","|","|turn|6","|","|move|p2a: Azum|Belly Drum|p2a: Azum","|-damage|p2a: Azum|200/400","|-setboost|p2a: Azum|atk|6|[from] move: Belly Drum","|-enditem|p2a: Azum|Sitrus Berry|[eat]","|-heal|p2a: Azum|300/400|[from] item: Sitrus Berry","|move|p1a: Sableye|Will-O-Wisp|p2a: Azum","|-status|p2a: Azum|brn","|","|-damage|p2a: Azum|250/400 brn|[from] brn","|turn|7","|","|switch|p1a: Cacturne|Cacturne, M|69/261","|move|p2a: Azum|Waterfall|p1a: Cacturne","|replace|p1a: Zoroark|Zoroark, M|69/261","|-damage|p1a: Zoroark|0 fnt","|faint|p1a: Zoroark","|","|-damage|p2a: Azum|200/400 brn|[from] brn","|","|switch|p1a: Cacturne|Cacturne, M|343/343","|turn|8","|","|move|p1a: Cacturne|Swords Dance|p1a: Cacturne","|-boost|p1a: Cacturne|atk|2","|move|p2a: Azum|Knock Off|p1a: Cacturne","|-resisted|p1a: Cacturne","|-damage|p1a: Cacturne|241/343","|-enditem|p1a: Cacturne|Life Orb|[from] move: Knock Off|[of] p2a: Azum","|","|-damage|p2a: Azum|150/400 brn|[from] brn","|turn|9","|","|move|p2a: Azum|Aqua Jet|p1a: Cacturne","|-heal|p1a: Cacturne|326/343|[from] ability: Water Absorb|[of] p2a: Azum","|move|p1a: Cacturne|Seed Bomb|p2a: Azum","|-immune|p2a: Azum|[msg]","|","|-damage|p2a: Azum|100/400 brn|[from] brn","|turn|10","|","|move|p1a: Cacturne|Sucker Punch|p2a: Azum","|-resisted|p2a: Azum","|-damage|p2a: Azum|0 fnt","|faint|p2a: Azum","|","|","|switch|p2a: Kelo|Keldeo|45/324 brn","|turn|11","|","|move|p1a: Cacturne|Sucker Punch|p2a: Kelo","|-resisted|p2a: Kelo","|-damage|p2a: Kelo|0 fnt","|faint|p2a: Kelo","|","|","|switch|p2a: Gyara|Gyarados, M|331/331","|-ability|p2a: Gyara|Intimidate","|-unboost|p1a: Cacturne|atk|1","|turn|12","|","|move|p2a: Gyara|Dragon Dance|p2a: Gyara","|-boost|p2a: Gyara|atk|1","|-boost|p2a: Gyara|spe|1","|move|p1a: Cacturne|Swords Dance|p1a: Cacturne","|-boost|p1a: Cacturne|atk|2","|","|turn|13","|","|detailschange|p2a: Gyara|Gyarados-Mega, M","|-mega|p2a: Gyara|Gyarados|Gyaradosite","|-ability|p2a: Gyara|Mold Breaker","|move|p2a: Gyara|Outrage|p1a: Cacturne","|-damage|p1a: Cacturne|22/343","|move|p1a: Cacturne|Seed Bomb|p2a: Gyara","|-supereffective|p2a: Gyara","|-damage|p2a: Gyara|0 fnt","|faint|p2a: Gyara","|","|","|switch|p2a: Wash|Rotom-Wash|242/242","|turn|14","|","|move|p1a: Cacturne|Sucker Punch|p2a: Wash","|-damage|p2a: Wash|0 fnt","|faint|p2a: Wash","|","|","|switch|p2a: Cloy|Cloyster, M|300/300","|turn|15","|","|move|p2a: Cloy|Rock Blast|p1a: Cacturne","|-damage|p1a: Cacturne|0 fnt","|-hitcount|p1a: Cacturne|1","|faint|p1a: Cacturne","|","|","|switch|p1a: Krookodile|Krookodile, F|331/331","|turn|16","|","|move|p1a: Krookodile|Stone Edge|p2a: Cloy","|-supereffective|p2a: Cloy","|-damage|p2a: Cloy|172/300","|move|p2a: Cloy|Shell Smash|p2a: Cloy","|-unboost|p2a: Cloy|def|1","|-unboost|p2a: Cloy|spd|1","|-boost|p2a: Cloy|atk|2","|-boost|p2a: Cloy|spa|2","|-boost|p2a: Cloy|spe|2","|","|turn|17","|","|move|p2a: Cloy|Icicle Spear|p1a: Krookodile","|-supereffective|p1a: Krookodile","|-damage|p1a: Krookodile|187/331","|-supereffective|p1a: Krookodile","|-damage|p1a: Krookodile|47/331","|-supereffective|p1a: Krookodile","|-damage|p1a: Krookodile|0 fnt","|-hitcount|p1a: Krookodile|3","|faint|p1a: Krookodile","|","|","|switch|p1a: Houndoom|Houndoom, F|292/292","|turn|18","|","|move|p2a: Cloy|Rock Blast|p1a: Houndoom","|-supereffective|p1a: Houndoom","|-damage|p1a: Houndoom|154/292","|-supereffective|p1a: Houndoom","|-damage|p1a: Houndoom|14/292","|-supereffective|p1a: Houndoom","|-damage|p1a: Houndoom|0 fnt","|-hitcount|p1a: Houndoom|3","|faint|p1a: Houndoom","|","|","|switch|p1a: Sableye|Sableye-Mega, M|304/304","|turn|19","|","|move|p2a: Cloy|Icicle Spear|p1a: Sableye","|-crit|p1a: Sableye","|-damage|p1a: Sableye|235/304","|-damage|p1a: Sableye|189/304","|-damage|p1a: Sableye|146/304","|-damage|p1a: Sableye|104/304","|-damage|p1a: Sableye|61/304","|-hitcount|p1a: Sableye|5","|move|p1a: Sableye|Will-O-Wisp|p2a: Cloy","|-status|p2a: Cloy|brn","|","|-damage|p2a: Cloy|135/300 brn|[from] brn","|turn|20","|","|switch|p1a: Mandibuzz|Mandibuzz, F|424/424","|move|p2a: Cloy|Icicle Spear|p1a: Mandibuzz","|-supereffective|p1a: Mandibuzz","|-damage|p1a: Mandibuzz|367/424","|-supereffective|p1a: Mandibuzz","|-damage|p1a: Mandibuzz|315/424","|-crit|p1a: Mandibuzz","|-supereffective|p1a: Mandibuzz","|-damage|p1a: Mandibuzz|234/424","|-supereffective|p1a: Mandibuzz","|-damage|p1a: Mandibuzz|179/424","|-supereffective|p1a: Mandibuzz","|-damage|p1a: Mandibuzz|125/424","|-hitcount|p1a: Mandibuzz|5","|","|-heal|p1a: Mandibuzz|151/424|[from] item: Leftovers","|-damage|p2a: Cloy|98/300 brn|[from] brn","|turn|21","|","|move|p2a: Cloy|Icicle Spear|p1a: Mandibuzz","|-supereffective|p1a: Mandibuzz","|-damage|p1a: Mandibuzz|100/424","|-supereffective|p1a: Mandibuzz","|-damage|p1a: Mandibuzz|43/424","|-supereffective|p1a: Mandibuzz","|-damage|p1a: Mandibuzz|0 fnt","|-hitcount|p1a: Mandibuzz|3","|faint|p1a: Mandibuzz","|","|-damage|p2a: Cloy|61/300 brn|[from] brn","|","|switch|p1a: Sableye|Sableye-Mega, M|61/304","|turn|22","|","|move|p2a: Cloy|Icicle Spear|p1a: Sableye","|-damage|p1a: Sableye|40/304","|-damage|p1a: Sableye|19/304","|-damage|p1a: Sableye|0 fnt","|-hitcount|p1a: Sableye|3","|faint|p1a: Sableye","|","|win|Sovereign♕Dooms"],"p1rating":{"entryid":"7361210","serverid":"eos","formatid":"monotype","userid":"emgdemzii","username":"Emg_DemZii","w":"3","l":7,"t":"0","gxe":36.5,"r":1402.7644610978,"rd":88.989555890292,"sigma":"0","rptime":1438765200,"rpr":1392.5277713617,"rprd":87.082525512695,"rpsigma":"0","acre":1030.3643552444,"lacre":1030.3643552444,"oldacre":"1045.9925806729"},"p2rating":{"entryid":"7390241","serverid":"eos","formatid":"monotype","userid":"sovereigndooms","username":"Sovereign♕Dooms","w":6,"l":"4","t":"0","gxe":55.6,"r":"1606.9124600106","rd":"98.975518015657","sigma":"0","rptime":"1438765200","rpr":1543.8644404639,"rprd":87.548853690948,"rpsigma":"0","acre":1099.1476841843,"lacre":1099.1476841843,"oldacre":"1072.1663706803"},"endType":"normal"}