{"seed":[13383,37062,54169,50262],"turns":30,"p1":"InfernalxCrown","p2":"silver - anon","p1team":[{"name":"Aegislash","species":"Aegislash","item":"weaknesspolicy","ability":"Stance Change","moves":["shadowball","shadowsneak","kingsshield","sacredsword"],"nature":"Brave","evs":{"hp":252,"atk":76,"def":0,"spa":176,"spd":4,"spe":0},"ivs":{"hp":31,"atk":31,"def":31,"spa":31,"spd":31,"spe":0},"shiny":true},{"name":"Sableye","species":"Sableye","item":"leftovers","ability":"Prankster","moves":["willowisp","recover","taunt","knockoff"],"nature":"Careful","evs":{"hp":252,"atk":0,"def":84,"spa":0,"spd":168,"spe":4},"ivs":{"hp":31,"atk":0,"def":31,"spa":31,"spd":31,"spe":31}},{"name":"Golurk","species":"Golurk","item":"focussash","ability":"No Guard","moves":["stealthrock","curse","dynamicpunch","stoneedge"],"nature":"Adamant","evs":{"hp":4,"atk":252,"def":0,"spa":0,"spd":0,"spe":252},"shiny":true,"ivs":{"hp":31,"atk":31,"def":31,"spa":31,"spd":31,"spe":31}},{"name":"Jellicent","species":"Jellicent","item":"leftovers","ability":"Cursed Body","moves":["acidarmor","toxic","recover","scald"],"nature":"Calm","evs":{"hp":252,"atk":0,"def":4,"spa":0,"spd":252,"spe":0},"gender":"M","ivs":{"hp":31,"atk":0,"def":31,"spa":31,"spd":31,"spe":31}},{"name":"Chandelure","species":"Chandelure","item":"choicescarf","ability":"Infiltrator","moves":["flamethrower","shadowball","energyball","trick"],"nature":"Timid","evs":{"hp":0,"atk":0,"def":4,"spa":252,"spd":0,"spe":252},"ivs":{"hp":31,"atk":0,"def":31,"spa":31,"spd":31,"spe":31},"shiny":true},{"name":"Gengar","species":"Gengar","item":"choicespecs","ability":"Levitate","moves":["dazzlinggleam","shadowball","thunderbolt","sludgewave"],"nature":"Timid","evs":{"hp":4,"atk":0,"def":0,"spa":252,"spd":0,"spe":252},"ivs":{"hp":31,"atk":0,"def":31,"spa":31,"spd":31,"spe":31}}],"p2team":[{"name":"Hippowdon","species":"Hippowdon","item":"leftovers","ability":"Sand Stream","moves":["earthquake","stealthrock","slackoff","toxic"],"nature":"Impish","evs":{"hp":252,"atk":6,"def":252,"spa":0,"spd":0,"spe":0},"ivs":{"hp":31,"atk":31,"def":31,"spa":31,"spd":31,"spe":31}},{"name":"Garchomp","species":"Garchomp","item":"garchompite","ability":"Rough Skin","moves":["earthquake","dracometeor","fireblast","stoneedge"],"nature":"Rash","evs":{"hp":0,"atk":172,"def":0,"spa":156,"spd":0,"spe":180},"ivs":{"hp":31,"atk":31,"def":31,"spa":31,"spd":31,"spe":31}},{"name":"Gastrodon","species":"Gastrodon","item":"leftovers","ability":"Storm Drain","moves":["scald","recover","icebeam","earthpower"],"nature":"","evs":{"hp":0,"atk":0,"def":0,"spa":0,"spd":0,"spe":0},"ivs":{"hp":31,"atk":31,"def":31,"spa":31,"spd":31,"spe":31}},{"name":"Excadrill","species":"Excadrill","item":"airballoon","ability":"Sand Rush","moves":["earthquake","ironhead","rockslide","swordsdance"],"nature":"Adamant","evs":{"hp":0,"atk":252,"def":0,"spa":0,"spd":4,"spe":252},"ivs":{"hp":31,"atk":31,"def":31,"spa":31,"spd":31,"spe":31}},{"name":"Landorus","species":"Landorus","item":"lifeorb","ability":"Sheer Force","moves":["earthpower","knockoff","rockslide","sludgewave"],"nature":"Naive","evs":{"hp":0,"atk":6,"def":0,"spa":252,"spd":0,"spe":252},"ivs":{"hp":31,"atk":31,"def":31,"spa":31,"spd":31,"spe":31}},{"name":"Claydol","species":"Claydol","item":"leftovers","ability":"Levitate","moves":["rapidspin","earthpower","shadowball","psyshock"],"nature":"Modest","evs":{"hp":6,"atk":0,"def":0,"spa":252,"spd":0,"spe":2},"ivs":{"hp":31,"atk":31,"def":31,"spa":31,"spd":31,"spe":31}}],"log":["|player|p1|InfernalxCrown|infernalxcrown.png","|player|p2|silver - anon|163","|gametype|singles","|gen|6","|tier|Monotype","|rated","|rule|Baton Pass Clause: Limit one Baton Passer, can't pass Spe and other stats simultaneously","|rule|Swagger Clause: Swagger is banned","|rule|Same Type Clause: Pokémon in a team must share a type","|clearpoke","|poke|p1|Aegislash, M, shiny","|poke|p1|Sableye, F","|poke|p1|Golurk, shiny","|poke|p1|Jellicent, M","|poke|p1|Chandelure, M, shiny","|poke|p1|Gengar, M","|poke|p2|Hippowdon, F","|poke|p2|Garchomp, F","|poke|p2|Gastrodon, M","|poke|p2|Excadrill, F","|poke|p2|Landorus, M","|poke|p2|Claydol","|rule|Sleep Clause Mod: Limit one foe put to sleep","|rule|Species Clause: Limit one of each Pokémon","|rule|OHKO Clause: OHKO moves are banned","|rule|Moody Clause: Moody is banned","|rule|Evasion Moves Clause: Evasion moves are banned","|rule|Endless Battle Clause: Forcing endless battles is banned","|rule|HP Percentage Mod: HP is shown in percentages","|teampreview","|","|start","|switch|p1a: Sableye|Sableye, F|304/304","|switch|p2a: Hippowdon|Hippowdon, F|420/420","|-weather|Sandstorm","|turn|1","|","|switch|p2a: Claydol|Claydol|262/262","|move|p1a: Sableye|Will-O-Wisp|p2a: Claydol","|-status|p2a: Claydol|brn","|","|-weather|Sandstorm|[upkeep]","|-damage|p1a: Sableye|285/304|[from] sandstorm","|-heal|p1a: Sableye|304/304|[from] item: Leftovers","|-damage|p2a: Claydol|230/262 brn|[from] brn","|turn|2","|","|move|p1a: Sableye|Taunt|p2a: Claydol","|-start|p2a: Claydol|move: Taunt","|move|p2a: Claydol|Shadow Ball|p1a: Sableye","|-damage|p1a: Sableye|231/304","|","|-weather|Sandstorm|[upkeep]","|-damage|p1a: Sableye|212/304|[from] sandstorm","|-heal|p2a: Claydol|246/262 brn|[from] item: Leftovers","|-heal|p1a: Sableye|231/304|[from] item: Leftovers","|-damage|p2a: Claydol|214/262 brn|[from] brn","|turn|3","|","|switch|p2a: Gastrodon|Gastrodon, M|363/363","|move|p1a: Sableye|Knock Off|p2a: Gastrodon","|-damage|p2a: Gastrodon|264/363","|-enditem|p2a: Gastrodon|Leftovers|[from] move: Knock Off|[of] p1a: Sableye","|","|-weather|Sandstorm|[upkeep]","|-damage|p1a: Sableye|212/304|[from] sandstorm","|-heal|p1a: Sableye|231/304|[from] item: Leftovers","|turn|4","|","|move|p1a: Sableye|Taunt|p2a: Gastrodon","|-start|p2a: Gastrodon|move: Taunt","|move|p2a: Gastrodon|Scald|p1a: Sableye","|-damage|p1a: Sableye|141/304","|-status|p1a: Sableye|brn","|","|-weather|Sandstorm|[upkeep]","|-damage|p1a: Sableye|122/304 brn|[from] sandstorm","|-heal|p1a: Sableye|141/304 brn|[from] item: Leftovers","|-damage|p1a: Sableye|103/304 brn|[from] brn","|turn|5","|","|move|p1a: Sableye|Recover|p1a: Sableye","|-heal|p1a: Sableye|255/304 brn","|move|p2a: Gastrodon|Scald|p1a: Sableye","|-damage|p1a: Sableye|170/304 brn","|","|-weather|none","|-heal|p1a: Sableye|189/304 brn|[from] item: Leftovers","|-damage|p1a: Sableye|151/304 brn|[from] brn","|turn|6","|","|move|p1a: Sableye|Will-O-Wisp|p2a: Gastrodon","|-status|p2a: Gastrodon|brn","|move|p2a: Gastrodon|Earth Power|p1a: Sableye","|-damage|p1a: Sableye|42/304 brn","|","|-heal|p1a: Sableye|61/304 brn|[from] item: Leftovers","|-damage|p1a: Sableye|23/304 brn|[from] brn","|-damage|p2a: Gastrodon|219/363 brn|[from] brn","|-end|p2a: Gastrodon|move: Taunt","|turn|7","|","|move|p1a: Sableye|Recover|p1a: Sableye","|-heal|p1a: Sableye|175/304 brn","|move|p2a: Gastrodon|Earth Power|p1a: Sableye","|-damage|p1a: Sableye|81/304 brn","|","|-heal|p1a: Sableye|100/304 brn|[from] item: Leftovers","|-damage|p1a: Sableye|62/304 brn|[from] brn","|-damage|p2a: Gastrodon|174/363 brn|[from] brn","|turn|8","|","|move|p1a: Sableye|Recover|p1a: Sableye","|-heal|p1a: Sableye|214/304 brn","|move|p2a: Gastrodon|Earth Power|p1a: Sableye","|-damage|p1a: Sableye|103/304 brn","|","|-heal|p1a: Sableye|122/304 brn|[from] item: Leftovers","|-damage|p1a: Sableye|84/304 brn|[from] brn","|-damage|p2a: Gastrodon|129/363 brn|[from] brn","|turn|9","|","|switch|p2a: Hippowdon|Hippowdon, F|420/420","|-weather|Sandstorm","|move|p1a: Sableye|Recover|p1a: Sableye","|-heal|p1a: Sableye|236/304 brn","|","|-weather|Sandstorm|[upkeep]","|-damage|p1a: Sableye|217/304 brn|[from] sandstorm","|-heal|p1a: Sableye|236/304 brn|[from] item: Leftovers","|-damage|p1a: Sableye|198/304 brn|[from] brn","|turn|10","|","|switch|p2a: Gastrodon|Gastrodon, M|129/363 brn","|move|p1a: Sableye|Will-O-Wisp|p2a: Gastrodon","|-fail|p2a: Gastrodon|brn","|","|-weather|Sandstorm|[upkeep]","|-damage|p1a: Sableye|179/304 brn|[from] sandstorm","|-heal|p1a: Sableye|198/304 brn|[from] item: Leftovers","|-damage|p1a: Sableye|160/304 brn|[from] brn","|-damage|p2a: Gastrodon|84/363 brn|[from] brn","|turn|11","|","|move|p1a: Sableye|Recover|p1a: Sableye","|-heal|p1a: Sableye|304/304 brn","|move|p2a: Gastrodon|Earth Power|p1a: Sableye","|-damage|p1a: Sableye|202/304 brn","|","|-weather|Sandstorm|[upkeep]","|-damage|p1a: Sableye|183/304 brn|[from] sandstorm","|-heal|p1a: Sableye|202/304 brn|[from] item: Leftovers","|-damage|p1a: Sableye|164/304 brn|[from] brn","|-damage|p2a: Gastrodon|39/363 brn|[from] brn","|turn|12","|","|move|p1a: Sableye|Recover|p1a: Sableye","|-heal|p1a: Sableye|304/304 brn","|move|p2a: Gastrodon|Earth Power|p1a: Sableye","|-damage|p1a: Sableye|198/304 brn","|","|-weather|Sandstorm|[upkeep]","|-damage|p1a: Sableye|179/304 brn|[from] sandstorm","|-heal|p1a: Sableye|198/304 brn|[from] item: Leftovers","|-damage|p1a: Sableye|160/304 brn|[from] brn","|-damage|p2a: Gastrodon|0 fnt|[from] brn","|faint|p2a: Gastrodon","|","|switch|p2a: Garchomp|Garchomp, F|357/357","|turn|13","|","|detailschange|p2a: Garchomp|Garchomp-Mega, F","|-mega|p2a: Garchomp|Garchomp|Garchompite","|move|p1a: Sableye|Will-O-Wisp|p2a: Garchomp","|-status|p2a: Garchomp|brn","|move|p2a: Garchomp|Draco Meteor|p1a: Sableye","|-damage|p1a: Sableye|0 fnt","|-unboost|p2a: Garchomp|spa|2","|faint|p1a: Sableye","|","|-weather|none","|-damage|p2a: Garchomp|313/357 brn|[from] brn","|","|switch|p1a: Jellicent|Jellicent, M|404/404","|turn|14","|","|switch|p2a: Hippowdon|Hippowdon, F|420/420","|-weather|Sandstorm","|move|p1a: Jellicent|Acid Armor|p1a: Jellicent","|-boost|p1a: Jellicent|def|2","|","|-weather|Sandstorm|[upkeep]","|-damage|p1a: Jellicent|379/404|[from] sandstorm","|-heal|p1a: Jellicent|404/404|[from] item: Leftovers","|turn|15","|","|move|p1a: Jellicent|Scald|p2a: Hippowdon","|-supereffective|p2a: Hippowdon","|-damage|p2a: Hippowdon|216/420","|move|p2a: Hippowdon|Toxic|p1a: Jellicent","|-status|p1a: Jellicent|tox","|","|-weather|Sandstorm|[upkeep]","|-damage|p1a: Jellicent|379/404 tox|[from] sandstorm","|-heal|p1a: Jellicent|404/404 tox|[from] item: Leftovers","|-heal|p2a: Hippowdon|242/420|[from] item: Leftovers","|-damage|p1a: Jellicent|379/404 tox|[from] psn","|turn|16","|","|switch|p2a: Claydol|Claydol|214/262 brn","|move|p1a: Jellicent|Toxic|p2a: Claydol","|-fail|p2a: Claydol","|","|-weather|Sandstorm|[upkeep]","|-damage|p1a: Jellicent|354/404 tox|[from] sandstorm","|-heal|p2a: Claydol|230/262 brn|[from] item: Leftovers","|-heal|p1a: Jellicent|379/404 tox|[from] item: Leftovers","|-damage|p2a: Claydol|198/262 brn|[from] brn","|-damage|p1a: Jellicent|329/404 tox|[from] psn","|turn|17","|","|move|p2a: Claydol|Shadow Ball|p1a: Jellicent","|-supereffective|p1a: Jellicent","|-damage|p1a: Jellicent|227/404 tox","|-start|p2a: Claydol|Disable|Shadow Ball","|move|p1a: Jellicent|Scald|p2a: Claydol","|-supereffective|p2a: Claydol","|-damage|p2a: Claydol|48/262 brn","|","|-weather|Sandstorm|[upkeep]","|-damage|p1a: Jellicent|202/404 tox|[from] sandstorm","|-heal|p2a: Claydol|64/262 brn|[from] item: Leftovers","|-heal|p1a: Jellicent|227/404 tox|[from] item: Leftovers","|-damage|p2a: Claydol|32/262 brn|[from] brn","|-damage|p1a: Jellicent|152/404 tox|[from] psn","|turn|18","|","|move|p2a: Claydol|Earth Power|p1a: Jellicent","|-damage|p1a: Jellicent|65/404 tox","|move|p1a: Jellicent|Recover|p1a: Jellicent","|-heal|p1a: Jellicent|267/404 tox","|","|-weather|none","|-heal|p2a: Claydol|48/262 brn|[from] item: Leftovers","|-heal|p1a: Jellicent|292/404 tox|[from] item: Leftovers","|-damage|p2a: Claydol|16/262 brn|[from] brn","|-damage|p1a: Jellicent|192/404 tox|[from] psn","|turn|19","|","|switch|p1a: Gengar|Gengar, M|262/262","|move|p2a: Claydol|Earth Power|p1a: Gengar","|-immune|p1a: Gengar|[msg]","|","|-heal|p2a: Claydol|32/262 brn|[from] item: Leftovers","|-damage|p2a: Claydol|0 fnt|[from] brn","|faint|p2a: Claydol","|","|switch|p2a: Landorus|Landorus, M|319/319","|turn|20","|","|switch|p1a: Aegislash|Aegislash, M, shiny|324/324","|move|p2a: Landorus|Knock Off|p1a: Aegislash","|-supereffective|p1a: Aegislash","|-damage|p1a: Aegislash|160/324","|-enditem|p1a: Aegislash|Weakness Policy","|-boost|p1a: Aegislash|atk|2|[from] item: Weakness Policy","|-boost|p1a: Aegislash|spa|2|[from] item: Weakness Policy","|-damage|p2a: Landorus|288/319|[from] item: Life Orb","|","|turn|21","|","|move|p1a: Aegislash|King's Shield|p1a: Aegislash","|-singleturn|p1a: Aegislash|Protect","|move|p2a: Landorus|Earth Power|p1a: Aegislash","|-activate|p1a: Aegislash|Protect","|","|turn|22","|","|-formechange|p1a: Aegislash|Aegislash-Blade","|move|p1a: Aegislash|Shadow Sneak|p2a: Landorus","|-damage|p2a: Landorus|122/319","|move|p2a: Landorus|Earth Power|p1a: Aegislash","|-supereffective|p1a: Aegislash","|-damage|p1a: Aegislash|0 fnt","|faint|p1a: Aegislash","|","|","|switch|p1a: Chandelure|Chandelure, M, shiny|261/261","|turn|23","|","|switch|p2a: Hippowdon|Hippowdon, F|242/420","|-weather|Sandstorm","|move|p1a: Chandelure|Shadow Ball|p2a: Hippowdon","|-damage|p2a: Hippowdon|34/420","|","|-weather|Sandstorm|[upkeep]","|-damage|p1a: Chandelure|245/261|[from] sandstorm","|-heal|p2a: Hippowdon|60/420|[from] item: Leftovers","|turn|24","|","|switch|p2a: Garchomp|Garchomp-Mega, F|313/357 brn","|move|p1a: Chandelure|Shadow Ball|p2a: Garchomp","|-damage|p2a: Garchomp|141/357 brn","|","|-weather|Sandstorm|[upkeep]","|-damage|p1a: Chandelure|229/261|[from] sandstorm","|-damage|p2a: Garchomp|97/357 brn|[from] brn","|turn|25","|","|move|p1a: Chandelure|Shadow Ball|p2a: Garchomp","|-damage|p2a: Garchomp|0 fnt","|faint|p2a: Garchomp","|","|-weather|Sandstorm|[upkeep]","|-damage|p1a: Chandelure|213/261|[from] sandstorm","|","|switch|p2a: Excadrill|Excadrill, F|361/361","|-item|p2a: Excadrill|Air Balloon","|turn|26","|","|switch|p1a: Jellicent|Jellicent, M|192/404 tox","|move|p2a: Excadrill|Earthquake|p1a: Jellicent","|-damage|p1a: Jellicent|0 fnt","|faint|p1a: Jellicent","|","|-weather|Sandstorm|[upkeep]","|","|switch|p1a: Golurk|Golurk, shiny|320/320","|turn|27","|","|move|p2a: Excadrill|Swords Dance|p2a: Excadrill","|-boost|p2a: Excadrill|atk|2","|move|p1a: Golurk|Dynamic Punch|p2a: Excadrill","|-supereffective|p2a: Excadrill","|-damage|p2a: Excadrill|0 fnt","|-enditem|p2a: Excadrill|Air Balloon","|faint|p2a: Excadrill","|","|-weather|none","|","|switch|p2a: Landorus|Landorus, M|122/319","|turn|28","|","|move|p2a: Landorus|Knock Off|p1a: Golurk","|-supereffective|p1a: Golurk","|-damage|p1a: Golurk|11/320","|-enditem|p1a: Golurk|Focus Sash|[from] move: Knock Off|[of] p2a: Landorus","|-damage|p2a: Landorus|91/319|[from] item: Life Orb","|move|p1a: Golurk|Dynamic Punch|p2a: Landorus","|-resisted|p2a: Landorus","|-damage|p2a: Landorus|22/319","|-start|p2a: Landorus|confusion","|","|turn|29","|","|switch|p2a: Hippowdon|Hippowdon, F|60/420","|-weather|Sandstorm","|move|p1a: Golurk|Dynamic Punch|p2a: Hippowdon","|-damage|p2a: Hippowdon|0 fnt","|faint|p2a: Hippowdon","|","|-weather|Sandstorm|[upkeep]","|","|switch|p2a: Landorus|Landorus, M|22/319","|turn|30","|","|move|p2a: Landorus|Knock Off|p1a: Golurk","|-supereffective|p1a: Golurk","|-damage|p1a: Golurk|0 fnt","|-damage|p2a: Landorus|0 fnt|[from] item: Life Orb","|faint|p1a: Golurk","|faint|p2a: Landorus","|","|win|InfernalxCrown"],"p1rating":{"entryid":"5724468","serverid":"eos","formatid":"monotype","userid":"infernalxcrown","username":"InfernalxCrown","w":79,"l":"72","t":"0","gxe":54.3,"r":"1524.4591147586","rd":"38.905175487754","sigma":"0","rptime":"1438765200","rpr":1532.8489936143,"rprd":38.466264674946,"rpsigma":"0","acre":1194.9881026468,"lacre":1194.9881026468,"oldacre":"1168.3217289155"},"p2rating":{"entryid":"5851484","serverid":"eos","formatid":"monotype","userid":"silveranon","username":"silver - anon","w":"161","l":112,"t":"0","gxe":58.1,"r":"1563.1418483717","rd":"29.184384360186","sigma":"0","rptime":"1438765200","rpr":1561.9287994528,"rprd":29.000021762076,"rpsigma":"0","acre":1164.848044758,"lacre":1164.848044758,"oldacre":"1191.5144184893"},"endType":"normal"}