{"seed":[63589,20677,33511,49420],"turns":26,"p1":"Alliance - Contort","p2":"kre8noyz","p1team":[{"name":"Deez Nuts","species":"heracross","item":"heracronite","ability":"Moxie","moves":["bulletseed","rockblast","pinmissile","closecombat"],"nature":"Adamant","evs":{"hp":0,"atk":252,"def":0,"spa":0,"spd":4,"spe":252},"ivs":{"hp":31,"atk":31,"def":31,"spa":31,"spd":31,"spe":31}},{"name":"Gotta go fast","species":"scolipede","item":"lifeorb","ability":"Speed Boost","moves":["rockslide","megahorn","earthquake","protect"],"nature":"Jolly","evs":{"hp":0,"atk":252,"def":0,"spa":0,"spd":4,"spe":252},"ivs":{"hp":31,"atk":31,"def":31,"spa":31,"spd":31,"spe":31}},{"name":"FieryNight","species":"volcarona","item":"lumberry","ability":"Flame Body","moves":["fierydance","quiverdance","bugbuzz","roost"],"nature":"Bold","evs":{"hp":248,"atk":0,"def":208,"spa":0,"spd":0,"spe":52},"ivs":{"hp":31,"atk":31,"def":31,"spa":31,"spd":31,"spe":31}},{"name":"Ban plox","species":"genesect","item":"choicescarf","ability":"Download","moves":["uturn","ironhead","icebeam","flamethrower"],"nature":"Hasty","evs":{"hp":0,"atk":4,"def":0,"spa":252,"spd":0,"spe":252},"ivs":{"hp":31,"atk":31,"def":31,"spa":31,"spd":31,"spe":31}},{"name":"Referee","species":"forretress","item":"redcard","ability":"Sturdy","moves":["gyroball","rapidspin","voltswitch","stealthrock"],"nature":"Relaxed","evs":{"hp":248,"atk":8,"def":252,"spa":0,"spd":0,"spe":0},"ivs":{"hp":31,"atk":31,"def":31,"spa":31,"spd":31,"spe":0}},{"name":"Le Spider","species":"galvantula","item":"focussash","ability":"Compound Eyes","moves":["thunder","stickyweb","gigadrain","bugbuzz"],"nature":"Timid","evs":{"hp":0,"atk":0,"def":0,"spa":252,"spd":4,"spe":252},"ivs":{"hp":31,"atk":31,"def":31,"spa":31,"spd":31,"spe":31}}],"p2team":[{"name":"Swampert","species":"Swampert","item":"focussash","ability":"Damp","moves":["earthquake","brickbreak","icepunch","counter"],"nature":"Impish","evs":{"hp":8,"atk":252,"def":0,"spa":0,"spd":0,"spe":248},"happiness":0,"ivs":{"hp":31,"atk":31,"def":31,"spa":31,"spd":31,"spe":31}},{"name":"Starmie","species":"Starmie","item":"leftovers","ability":"Natural Cure","moves":["rapidspin","signalbeam","psychic","reflecttype"],"nature":"Timid","evs":{"hp":0,"atk":0,"def":4,"spa":188,"spd":64,"spe":252},"ivs":{"hp":31,"atk":31,"def":31,"spa":31,"spd":31,"spe":31}},{"name":"Keldeo-Resolute","species":"Keldeo-Resolute","item":"leftovers","ability":"Justified","moves":["surf","secretsword","hiddenpowerflying","calmmind"],"nature":"Timid","evs":{"hp":0,"atk":4,"def":0,"spa":252,"spd":0,"spe":252},"ivs":{"hp":30,"atk":30,"def":30,"spa":30,"spd":30,"spe":31}},{"name":"Politoed","species":"Politoed","item":"leftovers","ability":"Drizzle","moves":["endeavor","hypnosis","perishsong","scald"],"nature":"","evs":{"hp":0,"atk":0,"def":252,"spa":0,"spd":252,"spe":4},"ivs":{"hp":31,"atk":31,"def":31,"spa":31,"spd":31,"spe":31}},{"name":"Lapras","species":"Lapras","item":"leftovers","ability":"Hydration","moves":["raindance","confuseray","freezedry","surf"],"nature":"Timid","evs":{"hp":0,"atk":0,"def":4,"spa":252,"spd":0,"spe":252},"ivs":{"hp":31,"atk":31,"def":31,"spa":31,"spd":31,"spe":31}},{"name":"Kingdra","species":"Kingdra","item":"lifeorb","ability":"Swift Swim","moves":["clearsmog","dragonpulse","scald","raindance"],"nature":"","evs":{"hp":4,"atk":0,"def":0,"spa":252,"spd":0,"spe":252},"ivs":{"hp":31,"atk":31,"def":31,"spa":31,"spd":31,"spe":31}}],"log":["|player|p1|Alliance - Contort|alliancecontort.png","|player|p2|kre8noyz|163","|gametype|singles","|gen|6","|tier|Monotype","|rated","|rule|Baton Pass Clause: Limit one Baton Passer, can't pass Spe and other stats simultaneously","|rule|Swagger Clause: Swagger is banned","|rule|Same Type Clause: Pokémon in a team must share a type","|clearpoke","|poke|p1|Heracross, F","|poke|p1|Scolipede, M","|poke|p1|Volcarona, F","|poke|p1|Genesect-*","|poke|p1|Forretress, M","|poke|p1|Galvantula, M","|poke|p2|Swampert, F","|poke|p2|Starmie","|poke|p2|Keldeo-Resolute","|poke|p2|Politoed, M","|poke|p2|Lapras, F","|poke|p2|Kingdra, F","|rule|Sleep Clause Mod: Limit one foe put to sleep","|rule|Species Clause: Limit one of each Pokémon","|rule|OHKO Clause: OHKO moves are banned","|rule|Moody Clause: Moody is banned","|rule|Evasion Moves Clause: Evasion moves are banned","|rule|Endless Battle Clause: Forcing endless battles is banned","|rule|HP Percentage Mod: HP is shown in percentages","|teampreview","|","|start","|switch|p1a: Le Spider|Galvantula, M|281/281","|switch|p2a: Politoed|Politoed, M|321/321","|-weather|RainDance","|turn|1","|","|move|p1a: Le Spider|Sticky Web|p2a: Politoed","|-sidestart|p2: kre8noyz|move: Sticky Web","|move|p2a: Politoed|Scald|p1a: Le Spider","|-damage|p1a: Le Spider|101/281","|-status|p1a: Le Spider|brn","|","|-weather|RainDance|[upkeep]","|-damage|p1a: Le Spider|66/281 brn|[from] brn","|turn|2","|","|switch|p2a: Swampert|Swampert, F|343/343","|-activate|p2a: Swampert|move: Sticky Web","|-unboost|p2a: Swampert|spe|1","|move|p1a: Le Spider|Thunder|p2a: Swampert","|-immune|p2a: Swampert|[msg]","|","|-weather|RainDance|[upkeep]","|-damage|p1a: Le Spider|31/281 brn|[from] brn","|turn|3","|","|switch|p2a: Kingdra|Kingdra, F|292/292","|-activate|p2a: Kingdra|move: Sticky Web","|-unboost|p2a: Kingdra|spe|1","|move|p1a: Le Spider|Giga Drain|p2a: Kingdra","|-damage|p2a: Kingdra|213/292","|-heal|p1a: Le Spider|71/281 brn|[from] drain|[of] p2a: Kingdra","|","|-weather|RainDance|[upkeep]","|-damage|p1a: Le Spider|36/281 brn|[from] brn","|turn|4","|","|move|p2a: Kingdra|Scald|p1a: Le Spider","|-damage|p1a: Le Spider|0 fnt","|-damage|p2a: Kingdra|184/292|[from] item: Life Orb","|faint|p1a: Le Spider","|","|-weather|RainDance|[upkeep]","|","|switch|p1a: Ban plox|Genesect|283/283","|-boost|p1a: Ban plox|spa|1|[from] ability: Download","|turn|5","|","|move|p1a: Ban plox|U-turn|p2a: Kingdra","|-crit|p2a: Kingdra","|-damage|p2a: Kingdra|21/292","|","|switch|p1a: Referee|Forretress, M|353/353","|move|p2a: Kingdra|Scald|p1a: Referee","|-damage|p1a: Referee|18/353","|-enditem|p1a: Referee|Red Card|[of] p2a: Kingdra","|drag|p2a: Starmie|Starmie|261/261","|-activate|p2a: Starmie|move: Sticky Web","|-unboost|p2a: Starmie|spe|1","|","|-weather|none","|turn|6","|","|move|p2a: Starmie|Reflect Type|p1a: Referee","|-start|p2a: Starmie|typechange|[from] move: Reflect Type|[of] p1a: Referee","|move|p1a: Referee|Stealth Rock|p2a: Starmie","|-sidestart|p2: kre8noyz|move: Stealth Rock","|","|turn|7","|","|move|p2a: Starmie|Psychic|p1a: Referee","|-resisted|p1a: Referee","|-damage|p1a: Referee|0 fnt","|faint|p1a: Referee","|","|","|switch|p1a: FieryNight|Volcarona, F|373/373","|turn|8","|","|move|p1a: FieryNight|Quiver Dance|p1a: FieryNight","|-boost|p1a: FieryNight|spa|1","|-boost|p1a: FieryNight|spd|1","|-boost|p1a: FieryNight|spe|1","|move|p2a: Starmie|Reflect Type|p1a: FieryNight","|-start|p2a: Starmie|typechange|[from] move: Reflect Type|[of] p1a: FieryNight","|","|turn|9","|","|move|p1a: FieryNight|Fiery Dance|p2a: Starmie","|-damage|p2a: Starmie|65/261","|move|p2a: Starmie|Rapid Spin|p1a: FieryNight","|-damage|p1a: FieryNight|362/373","|-sideend|p2: kre8noyz|Stealth Rock|[from] move: Rapid Spin|[of] p2a: Starmie","|-sideend|p2: kre8noyz|Sticky Web|[from] move: Rapid Spin|[of] p2a: Starmie","|","|-heal|p2a: Starmie|81/261|[from] item: Leftovers","|turn|10","|","|switch|p2a: Politoed|Politoed, M|321/321","|-weather|RainDance","|move|p1a: FieryNight|Quiver Dance|p1a: FieryNight","|-boost|p1a: FieryNight|spa|1","|-boost|p1a: FieryNight|spd|1","|-boost|p1a: FieryNight|spe|1","|","|-weather|RainDance|[upkeep]","|turn|11","|","|move|p1a: FieryNight|Bug Buzz|p2a: Politoed","|-damage|p2a: Politoed|98/321","|move|p2a: Politoed|Scald|p1a: FieryNight","|-supereffective|p1a: FieryNight","|-damage|p1a: FieryNight|224/373","|","|-weather|RainDance|[upkeep]","|-heal|p2a: Politoed|118/321|[from] item: Leftovers","|turn|12","|","|move|p1a: FieryNight|Quiver Dance|p1a: FieryNight","|-boost|p1a: FieryNight|spa|1","|-boost|p1a: FieryNight|spd|1","|-boost|p1a: FieryNight|spe|1","|move|p2a: Politoed|Scald|p1a: FieryNight","|-supereffective|p1a: FieryNight","|-damage|p1a: FieryNight|122/373","|","|-weather|RainDance|[upkeep]","|-heal|p2a: Politoed|138/321|[from] item: Leftovers","|turn|13","|","|move|p1a: FieryNight|Roost|p1a: FieryNight","|-heal|p1a: FieryNight|309/373","|move|p2a: Politoed|Perish Song|p2a: Politoed","|-start|p1a: FieryNight|perish3|[silent]","|-start|p2a: Politoed|perish3|[silent]","|-fieldactivate|move: Perish Song","|","|-start|p1a: FieryNight|perish3","|-start|p2a: Politoed|perish3","|-weather|RainDance|[upkeep]","|-heal|p2a: Politoed|158/321|[from] item: Leftovers","|turn|14","|","|switch|p2a: Kingdra|Kingdra, F|21/292","|move|p1a: FieryNight|Bug Buzz|p2a: Kingdra","|-damage|p2a: Kingdra|0 fnt","|faint|p2a: Kingdra","|","|-start|p1a: FieryNight|perish2","|-weather|none","|","|switch|p2a: Swampert|Swampert, F|343/343","|turn|15","|","|move|p1a: FieryNight|Bug Buzz|p2a: Swampert","|-enditem|p2a: Swampert|Focus Sash","|-damage|p2a: Swampert|1/343","|-unboost|p2a: Swampert|spd|1","|move|p2a: Swampert|Earthquake|p1a: FieryNight","|-damage|p1a: FieryNight|161/373","|","|-start|p1a: FieryNight|perish1","|turn|16","|","|switch|p1a: Ban plox|Genesect|283/283","|-boost|p1a: Ban plox|spa|1|[from] ability: Download","|move|p2a: Swampert|Earthquake|p1a: Ban plox","|-crit|p1a: Ban plox","|-damage|p1a: Ban plox|0 fnt","|faint|p1a: Ban plox","|","|","|switch|p1a: Deez Nuts|Heracross, F|301/301","|turn|17","|","|move|p1a: Deez Nuts|Bullet Seed|p2a: Swampert","|-supereffective|p2a: Swampert","|-damage|p2a: Swampert|0 fnt","|-hitcount|p2a: Swampert|1","|faint|p2a: Swampert","|-boost|p1a: Deez Nuts|atk|1|[from] ability: Moxie","|","|","|switch|p2a: Keldeo-Resolute|Keldeo-Resolute|322/322","|turn|18","|","|detailschange|p1a: Deez Nuts|Heracross-Mega, F","|-mega|p1a: Deez Nuts|Heracross|Heracronite","|move|p2a: Keldeo-Resolute|Hidden Power|p1a: Deez Nuts","|-supereffective|p1a: Deez Nuts","|-damage|p1a: Deez Nuts|17/301","|move|p1a: Deez Nuts|Bullet Seed|p2a: Keldeo-Resolute","|-supereffective|p2a: Keldeo-Resolute","|-damage|p2a: Keldeo-Resolute|168/322","|-supereffective|p2a: Keldeo-Resolute","|-damage|p2a: Keldeo-Resolute|36/322","|-supereffective|p2a: Keldeo-Resolute","|-damage|p2a: Keldeo-Resolute|0 fnt","|-hitcount|p2a: Keldeo-Resolute|3","|faint|p2a: Keldeo-Resolute","|","|","|switch|p2a: Starmie|Starmie|81/261","|turn|19","|","|switch|p1a: Gotta go fast|Scolipede, M|261/261","|move|p2a: Starmie|Psychic|p1a: Gotta go fast","|-supereffective|p1a: Gotta go fast","|-damage|p1a: Gotta go fast|0 fnt","|faint|p1a: Gotta go fast","|","|-heal|p2a: Starmie|97/261|[from] item: Leftovers","|","|switch|p1a: FieryNight|Volcarona, F|161/373","|turn|20","|","|move|p2a: Starmie|Psychic|p1a: FieryNight","|-damage|p1a: FieryNight|29/373","|move|p1a: FieryNight|Roost|p1a: FieryNight","|-heal|p1a: FieryNight|216/373","|","|-heal|p2a: Starmie|113/261|[from] item: Leftovers","|turn|21","|","|switch|p2a: Politoed|Politoed, M|158/321","|-weather|RainDance","|move|p1a: FieryNight|Quiver Dance|p1a: FieryNight","|-boost|p1a: FieryNight|spa|1","|-boost|p1a: FieryNight|spd|1","|-boost|p1a: FieryNight|spe|1","|","|-weather|RainDance|[upkeep]","|-heal|p2a: Politoed|178/321|[from] item: Leftovers","|turn|22","|","|move|p1a: FieryNight|Bug Buzz|p2a: Politoed","|-damage|p2a: Politoed|4/321","|move|p2a: Politoed|Hypnosis|p1a: FieryNight","|-status|p1a: FieryNight|slp","|-enditem|p1a: FieryNight|Lum Berry|[eat]","|-curestatus|p1a: FieryNight|slp","|","|-weather|RainDance|[upkeep]","|-heal|p2a: Politoed|24/321|[from] item: Leftovers","|turn|23","|","|move|p1a: FieryNight|Fiery Dance|p2a: Politoed","|-resisted|p2a: Politoed","|-damage|p2a: Politoed|0 fnt","|faint|p2a: Politoed","|","|-weather|RainDance|[upkeep]","|","|switch|p2a: Lapras|Lapras, F|401/401","|turn|24","|","|move|p1a: FieryNight|Bug Buzz|p2a: Lapras","|-damage|p2a: Lapras|197/401","|move|p2a: Lapras|Surf|p1a: FieryNight","|-supereffective|p1a: FieryNight","|-damage|p1a: FieryNight|0 fnt","|faint|p1a: FieryNight","|","|-weather|RainDance|[upkeep]","|-heal|p2a: Lapras|222/401|[from] item: Leftovers","|","|switch|p1a: Deez Nuts|Heracross-Mega, F|17/301","|turn|25","|","|move|p1a: Deez Nuts|Bullet Seed|p2a: Lapras","|-supereffective|p2a: Lapras","|-damage|p2a: Lapras|112/401","|-supereffective|p2a: Lapras","|-damage|p2a: Lapras|4/401","|-supereffective|p2a: Lapras","|-damage|p2a: Lapras|0 fnt","|-hitcount|p2a: Lapras|3","|faint|p2a: Lapras","|","|-weather|none","|","|switch|p2a: Starmie|Starmie|113/261","|turn|26","|","|move|p2a: Starmie|Psychic|p1a: Deez Nuts","|-supereffective|p1a: Deez Nuts","|-damage|p1a: Deez Nuts|0 fnt","|faint|p1a: Deez Nuts","|","|win|kre8noyz"],"p1rating":{"entryid":"5814858","serverid":"eos","formatid":"monotype","userid":"alliancecontort","username":"Alliance - Contort","w":"28","l":12,"t":"0","gxe":66.9,"r":"1628.5523777155","rd":"68.371937895517","sigma":"0","rptime":"1438765200","rpr":1634.074131593,"rprd":63.193920224327,"rpsigma":"0","acre":1250.4306748805,"lacre":1250.4306748805,"oldacre":"1286.9011722119"},"p2rating":{"entryid":"6510480","serverid":"eos","formatid":"monotype","userid":"kre8noyz","username":"Kre8noyz","w":36,"l":"50","t":"0","gxe":43.2,"r":"1441.0462420764","rd":"42.573299025206","sigma":"0","rptime":"1438765200","rpr":1448.5265794514,"rprd":42.34129146181,"rpsigma":"0","acre":1151.1077283505,"lacre":1151.1077283505,"oldacre":"1114.6372310191"},"endType":"normal"}