{"seed":[16335,42919,59665,13615],"turns":19,"p1":"Sovereign♕Cactus","p2":"Rain ☆ Suichika","p1team":[{"name":"Sharkisha","species":"swampert","item":"leftovers","ability":"Torrent","moves":["scald","earthquake","stealthrock","roar"],"nature":"Impish","evs":{"hp":252,"atk":4,"def":252,"spa":0,"spd":0,"spe":0},"gender":"M","shiny":true,"ivs":{"hp":31,"atk":31,"def":31,"spa":31,"spd":31,"spe":31}},{"name":"Butters","species":"azumarill","item":"choiceband","ability":"Sap Sipper","moves":["aquajet","icepunch","superpower","playrough"],"nature":"Adamant","evs":{"hp":248,"atk":252,"def":0,"spa":0,"spd":8,"spe":0},"gender":"M","shiny":true,"ivs":{"hp":31,"atk":31,"def":31,"spa":31,"spd":31,"spe":31}},{"name":"Mr.WasheeWashee","species":"rotomwash","item":"leftovers","ability":"Levitate","moves":["voltswitch","willowisp","hydropump","painsplit"],"nature":"Calm","evs":{"hp":252,"atk":0,"def":0,"spa":4,"spd":252,"spe":0},"ivs":{"hp":31,"atk":31,"def":31,"spa":31,"spd":31,"spe":31}},{"name":"TheHellThisThing?","species":"manaphy","item":"rindoberry","ability":"Hydration","moves":["tailglow","icebeam","psychic","surf"],"nature":"Timid","evs":{"hp":0,"atk":0,"def":0,"spa":252,"spd":4,"spe":252},"shiny":true,"ivs":{"hp":31,"atk":31,"def":31,"spa":31,"spd":31,"spe":31}},{"name":"Cotton The D-bag","species":"politoed","item":"choicespecs","ability":"Drizzle","moves":["focusblast","icebeam","scald","psychic"],"nature":"Modest","evs":{"hp":248,"atk":0,"def":0,"spa":252,"spd":8,"spe":0},"gender":"F","shiny":true,"ivs":{"hp":31,"atk":31,"def":31,"spa":31,"spd":31,"spe":31}},{"name":"Churro","species":"ludicolo","item":"lifeorb","ability":"Swift Swim","moves":["energyball","icebeam","focusblast","surf"],"nature":"Modest","evs":{"hp":0,"atk":0,"def":0,"spa":252,"spd":4,"spe":252},"shiny":true,"ivs":{"hp":31,"atk":31,"def":31,"spa":31,"spd":31,"spe":31}}],"p2team":[{"name":"Muhammad ashroom","species":"breloom","item":"focussash","ability":"Technician","moves":["spore","bulletseed","rocktomb","machpunch"],"nature":"Jolly","evs":{"hp":4,"atk":252,"def":0,"spa":0,"spd":0,"spe":252},"ivs":{"hp":31,"atk":31,"def":31,"spa":31,"spd":31,"spe":31}},{"name":"Platasaurus-rex","species":"venusaur","item":"venusaurite","ability":"Chlorophyll","moves":["synthesis","hiddenpowerrock","gigadrain","earthquake"],"nature":"Quiet","evs":{"hp":252,"atk":4,"def":0,"spa":252,"spd":0,"spe":0},"ivs":{"hp":31,"atk":31,"def":30,"spa":31,"spd":30,"spe":30}},{"name":"Vileplume's sister","species":"roserade","item":"choicescarf","ability":"Technician","moves":["hiddenpowerground","extrasensory","sludgebomb","shadowball"],"nature":"Timid","evs":{"hp":4,"atk":0,"def":0,"spa":252,"spd":0,"spe":252},"ivs":{"hp":31,"atk":31,"def":31,"spa":30,"spd":30,"spe":31}},{"name":"Celery the onion","species":"celebi","item":"lifeorb","ability":"Natural Cure","moves":["gigadrain","suckerpunch","earthpower","zenheadbutt"],"nature":"Naive","evs":{"hp":0,"atk":200,"def":0,"spa":56,"spd":0,"spe":252},"ivs":{"hp":31,"atk":31,"def":31,"spa":31,"spd":31,"spe":31}},{"name":"Iron Durian","species":"ferrothorn","item":"occaberry","ability":"Iron Barbs","moves":["stealthrock","knockoff","thunderwave","gyroball"],"nature":"Impish","evs":{"hp":252,"atk":0,"def":88,"spa":0,"spd":168,"spe":0},"ivs":{"hp":31,"atk":31,"def":31,"spa":31,"spd":31,"spe":31}},{"name":"liligant wannabe","species":"bellossom","item":"weaknesspolicy","ability":"Chlorophyll","moves":["gigadrain","hiddenpowerfire","moonblast","leafstorm"],"nature":"Modest","evs":{"hp":116,"atk":0,"def":0,"spa":252,"spd":0,"spe":140},"ivs":{"hp":31,"atk":30,"def":31,"spa":30,"spd":31,"spe":30}}],"log":["|player|p1|Sovereign♕Cactus|251","|player|p2|Rain ☆ Suichika|rainsuichika.png","|gametype|singles","|gen|6","|tier|Monotype","|rated","|rule|Baton Pass Clause: Limit one Baton Passer, can't pass Spe and other stats simultaneously","|rule|Swagger Clause: Swagger is banned","|rule|Same Type Clause: Pokémon in a team must share a type","|clearpoke","|poke|p1|Swampert, M, shiny","|poke|p1|Azumarill, M, shiny","|poke|p1|Rotom-Wash","|poke|p1|Manaphy, shiny","|poke|p1|Politoed, F, shiny","|poke|p1|Ludicolo, M, shiny","|poke|p2|Breloom, M","|poke|p2|Venusaur, M","|poke|p2|Roserade, M","|poke|p2|Celebi","|poke|p2|Ferrothorn, M","|poke|p2|Bellossom, M","|rule|Sleep Clause Mod: Limit one foe put to sleep","|rule|Species Clause: Limit one of each Pokémon","|rule|OHKO Clause: OHKO moves are banned","|rule|Moody Clause: Moody is banned","|rule|Evasion Moves Clause: Evasion moves are banned","|rule|Endless Battle Clause: Forcing endless battles is banned","|rule|HP Percentage Mod: HP is shown in percentages","|teampreview","|","|start","|switch|p1a: Cotton The D-bag|Politoed, F, shiny|383/383","|switch|p2a: Celery the onion|Celebi|341/341","|-weather|RainDance","|turn|1","|","|move|p2a: Celery the onion|Giga Drain|p1a: Cotton The D-bag","|-supereffective|p1a: Cotton The D-bag","|-damage|p1a: Cotton The D-bag|141/383","|-damage|p2a: Celery the onion|307/341|[from] item: Life Orb","|move|p1a: Cotton The D-bag|Ice Beam|p2a: Celery the onion","|-supereffective|p2a: Celery the onion","|-damage|p2a: Celery the onion|0 fnt","|faint|p2a: Celery the onion","|","|-weather|RainDance|[upkeep]","|","|switch|p2a: Vileplume's sister|Roserade, M|262/262","|turn|2","|","|switch|p1a: Churro|Ludicolo, M, shiny|301/301","|move|p2a: Vileplume's sister|Sludge Bomb|p1a: Churro","|-supereffective|p1a: Churro","|-damage|p1a: Churro|13/301","|","|-weather|RainDance|[upkeep]","|turn|3","|","|move|p1a: Churro|Ice Beam|p2a: Vileplume's sister","|-crit|p2a: Vileplume's sister","|-supereffective|p2a: Vileplume's sister","|-damage|p2a: Vileplume's sister|0 fnt","|-damage|p1a: Churro|0 fnt|[from] item: Life Orb","|faint|p2a: Vileplume's sister","|faint|p1a: Churro","|","|-weather|RainDance|[upkeep]","|","|switch|p1a: TheHellThisThing?|Manaphy, shiny|341/341","|switch|p2a: liligant wannabe|Bellossom, M|320/320","|turn|4","|","|move|p1a: TheHellThisThing?|Tail Glow|p1a: TheHellThisThing?","|-boost|p1a: TheHellThisThing?|spa|3","|move|p2a: liligant wannabe|Leaf Storm|p1a: TheHellThisThing?","|-supereffective|p1a: TheHellThisThing?","|-enditem|p1a: TheHellThisThing?|Rindo Berry|[eat]","|-damage|p1a: TheHellThisThing?|152/341","|-unboost|p2a: liligant wannabe|spa|2","|","|-weather|RainDance|[upkeep]","|turn|5","|","|switch|p2a: Iron Durian|Ferrothorn, M|352/352","|move|p1a: TheHellThisThing?|Ice Beam|p2a: Iron Durian","|-damage|p2a: Iron Durian|181/352","|","|-weather|none","|turn|6","|","|move|p1a: TheHellThisThing?|Ice Beam|p2a: Iron Durian","|-damage|p2a: Iron Durian|12/352","|move|p2a: Iron Durian|Thunder Wave|p1a: TheHellThisThing?","|-status|p1a: TheHellThisThing?|par","|","|turn|7","|","|move|p1a: TheHellThisThing?|Ice Beam|p2a: Iron Durian","|-damage|p2a: Iron Durian|0 fnt","|faint|p2a: Iron Durian","|","|","|switch|p2a: liligant wannabe|Bellossom, M|320/320","|turn|8","|","|move|p2a: liligant wannabe|Giga Drain|p1a: TheHellThisThing?","|-supereffective|p1a: TheHellThisThing?","|-damage|p1a: TheHellThisThing?|0 fnt","|faint|p1a: TheHellThisThing?","|","|","|switch|p1a: Butters|Azumarill, M, shiny|403/403","|turn|9","|","|move|p2a: liligant wannabe|Leaf Storm|p1a: Butters","|-boost|p1a: Butters|atk|1|[from] ability: Sap Sipper","|move|p1a: Butters|Ice Punch|p2a: liligant wannabe","|-supereffective|p2a: liligant wannabe","|-damage|p2a: liligant wannabe|56/320","|-enditem|p2a: liligant wannabe|Weakness Policy","|-boost|p2a: liligant wannabe|atk|2|[from] item: Weakness Policy","|-boost|p2a: liligant wannabe|spa|2|[from] item: Weakness Policy","|","|turn|10","|","|move|p2a: liligant wannabe|Moonblast|p1a: Butters","|-damage|p1a: Butters|159/403","|-unboost|p1a: Butters|spa|1","|move|p1a: Butters|Ice Punch|p2a: liligant wannabe","|-supereffective|p2a: liligant wannabe","|-damage|p2a: liligant wannabe|0 fnt","|faint|p2a: liligant wannabe","|","|","|switch|p2a: Platasaurus-rex|Venusaur, M|364/364","|turn|11","|","|detailschange|p2a: Platasaurus-rex|Venusaur-Mega, M","|-mega|p2a: Platasaurus-rex|Venusaur|Venusaurite","|move|p2a: Platasaurus-rex|Giga Drain|p1a: Butters","|-boost|p1a: Butters|atk|1|[from] ability: Sap Sipper","|move|p1a: Butters|Ice Punch|p2a: Platasaurus-rex","|-supereffective|p2a: Platasaurus-rex","|-damage|p2a: Platasaurus-rex|236/364","|","|turn|12","|","|move|p2a: Platasaurus-rex|Earthquake|p1a: Butters","|-damage|p1a: Butters|63/403","|move|p1a: Butters|Ice Punch|p2a: Platasaurus-rex","|-supereffective|p2a: Platasaurus-rex","|-damage|p2a: Platasaurus-rex|106/364","|","|turn|13","|","|switch|p1a: Mr.WasheeWashee|Rotom-Wash|304/304","|move|p2a: Platasaurus-rex|Synthesis|p2a: Platasaurus-rex","|-heal|p2a: Platasaurus-rex|288/364","|","|turn|14","|","|move|p1a: Mr.WasheeWashee|Will-O-Wisp|p2a: Platasaurus-rex|[miss]","|-miss|p1a: Mr.WasheeWashee|p2a: Platasaurus-rex","|move|p2a: Platasaurus-rex|Giga Drain|p1a: Mr.WasheeWashee","|-supereffective|p1a: Mr.WasheeWashee","|-damage|p1a: Mr.WasheeWashee|106/304","|-heal|p2a: Platasaurus-rex|364/364|[from] drain|[of] p1a: Mr.WasheeWashee","|","|-heal|p1a: Mr.WasheeWashee|125/304|[from] item: Leftovers","|turn|15","|","|move|p1a: Mr.WasheeWashee|Will-O-Wisp|p2a: Platasaurus-rex","|-status|p2a: Platasaurus-rex|brn","|move|p2a: Platasaurus-rex|Giga Drain|p1a: Mr.WasheeWashee","|-supereffective|p1a: Mr.WasheeWashee","|-damage|p1a: Mr.WasheeWashee|0 fnt","|faint|p1a: Mr.WasheeWashee","|","|-damage|p2a: Platasaurus-rex|319/364 brn|[from] brn","|","|switch|p1a: Cotton The D-bag|Politoed, F, shiny|141/383","|-weather|RainDance","|turn|16","|","|move|p1a: Cotton The D-bag|Psychic|p2a: Platasaurus-rex","|-supereffective|p2a: Platasaurus-rex","|-damage|p2a: Platasaurus-rex|75/364 brn","|move|p2a: Platasaurus-rex|Giga Drain|p1a: Cotton The D-bag","|-supereffective|p1a: Cotton The D-bag","|-damage|p1a: Cotton The D-bag|0 fnt","|-heal|p2a: Platasaurus-rex|146/364 brn|[from] drain|[of] p1a: Cotton The D-bag","|faint|p1a: Cotton The D-bag","|","|-weather|RainDance|[upkeep]","|-damage|p2a: Platasaurus-rex|101/364 brn|[from] brn","|","|switch|p1a: Sharkisha|Swampert, M, shiny|404/404","|turn|17","|","|move|p2a: Platasaurus-rex|Synthesis|p2a: Platasaurus-rex","|-heal|p2a: Platasaurus-rex|192/364 brn","|move|p1a: Sharkisha|Earthquake|p2a: Platasaurus-rex","|-damage|p2a: Platasaurus-rex|90/364 brn","|","|-weather|RainDance|[upkeep]","|-damage|p2a: Platasaurus-rex|45/364 brn|[from] brn","|turn|18","|","|move|p2a: Platasaurus-rex|Giga Drain|p1a: Sharkisha","|-supereffective|p1a: Sharkisha","|-damage|p1a: Sharkisha|0 fnt","|-heal|p2a: Platasaurus-rex|247/364 brn|[from] drain|[of] p1a: Sharkisha","|faint|p1a: Sharkisha","|","|-weather|RainDance|[upkeep]","|-damage|p2a: Platasaurus-rex|202/364 brn|[from] brn","|","|switch|p1a: Butters|Azumarill, M, shiny|63/403","|turn|19","|","|move|p2a: Platasaurus-rex|Hidden Power|p1a: Butters","|-damage|p1a: Butters|0 fnt","|faint|p1a: Butters","|","|win|Rain ☆ Suichika"],"p1rating":{"entryid":"6867552","serverid":"eos","formatid":"monotype","userid":"sovereigncactus","username":"Sovereign♕Cactus","w":"91","l":103,"t":"0","gxe":46.4,"r":"1470.5949914224","rd":"26.614613354619","sigma":"0","rptime":"1438765200","rpr":1472.5328474508,"rprd":26.28430652733,"rpsigma":"0","acre":1118.2301637934,"lacre":1118.2301637934,"oldacre":"1132.6629877461"},"p2rating":{"entryid":"6383869","serverid":"eos","formatid":"monotype","userid":"rainsuichika","username":"Rain ☆ Suichika","w":48,"l":"27","t":"0","gxe":62.7,"r":"1594.2801239427","rd":"49.09020556002","sigma":"0","rptime":"1438765200","rpr":1598.7593137894,"rprd":48.665668082208,"rpsigma":"0","acre":1303.7750398197,"lacre":1303.7750398197,"oldacre":"1289.342215867"},"endType":"normal"}