{"seed":[29493,27391,25534,39635],"turns":24,"p1":"Emg GL Test Tech","p2":"MrNyanNyanz","p1team":[{"name":"Hoopa-Unbound","species":"Hoopa-Unbound","item":"lifeorb","ability":"Magician","moves":["gunkshot","focusblast","psychic","hyperspacefury"],"nature":"Hasty","evs":{"hp":0,"atk":88,"def":0,"spa":168,"spd":0,"spe":252},"ivs":{"hp":31,"atk":31,"def":31,"spa":31,"spd":31,"spe":31}},{"name":"Gardevoir","species":"Gardevoir","item":"gardevoirite","ability":"Trace","moves":["hypervoice","taunt","focusblast","willowisp"],"nature":"Timid","evs":{"hp":4,"atk":0,"def":0,"spa":252,"spd":0,"spe":252},"ivs":{"hp":31,"atk":31,"def":31,"spa":31,"spd":31,"spe":31}},{"name":"Latios","species":"Latios","item":"choicescarf","ability":"Levitate","moves":["dracometeor","trick","psychic","surf"],"nature":"Timid","evs":{"hp":0,"atk":0,"def":0,"spa":252,"spd":4,"spe":252},"ivs":{"hp":31,"atk":31,"def":31,"spa":31,"spd":31,"spe":31}},{"name":"Jirachi","species":"Jirachi","item":"leftovers","ability":"Serene Grace","moves":["thunderwave","ironhead","healingwish","substitute"],"nature":"Careful","evs":{"hp":248,"atk":0,"def":0,"spa":0,"spd":228,"spe":32},"ivs":{"hp":31,"atk":31,"def":31,"spa":31,"spd":31,"spe":31}},{"name":"Deoxys-Defense","species":"Deoxys-Defense","item":"leftovers","ability":"Pressure","moves":["nightshade","recover","cosmicpower","toxic"],"nature":"Careful","evs":{"hp":252,"atk":0,"def":128,"spa":0,"spd":128,"spe":0},"ivs":{"hp":31,"atk":31,"def":31,"spa":31,"spd":31,"spe":31}},{"name":"Slowbro","species":"Slowbro","item":"leftovers","ability":"Regenerator","moves":["scald","slackoff","fireblast","yawn"],"nature":"Bold","evs":{"hp":252,"atk":0,"def":200,"spa":0,"spd":56,"spe":0},"ivs":{"hp":31,"atk":31,"def":31,"spa":31,"spd":31,"spe":31}}],"p2team":[{"name":"Houndoom","species":"Houndoom","item":"houndoominite","ability":"Early Bird","moves":["solarbeam","darkpulse","hiddenpowerice","flamethrower"],"nature":"Timid","evs":{"hp":0,"atk":0,"def":0,"spa":252,"spd":4,"spe":252},"ivs":{"hp":31,"atk":30,"def":30,"spa":31,"spd":31,"spe":31}},{"name":"Victini","species":"Victini","item":"choicescarf","ability":"Victory Star","moves":["glaciate","energyball","boltstrike","vcreate"],"nature":"Hasty","evs":{"hp":0,"atk":252,"def":0,"spa":4,"spd":0,"spe":252},"ivs":{"hp":31,"atk":31,"def":31,"spa":31,"spd":31,"spe":31}},{"name":"Ninetales","species":"Ninetales","item":"heatrock","ability":"Drought","moves":["energyball","fireblast","toxic","psyshock"],"nature":"Timid","evs":{"hp":0,"atk":0,"def":0,"spa":252,"spd":4,"spe":252},"ivs":{"hp":31,"atk":31,"def":31,"spa":31,"spd":31,"spe":31}},{"name":"Rotom-Heat","species":"Rotom-Heat","item":"lightclay","ability":"Levitate","moves":["reflect","lightscreen","voltswitch","overheat"],"nature":"Modest","evs":{"hp":248,"atk":0,"def":0,"spa":252,"spd":8,"spe":0},"ivs":{"hp":31,"atk":31,"def":31,"spa":31,"spd":31,"spe":31}},{"name":"Moltres","species":"Moltres","item":"leftovers","ability":"Pressure","moves":["defog","airslash","solarbeam","flamethrower"],"nature":"Modest","evs":{"hp":252,"atk":0,"def":0,"spa":252,"spd":4,"spe":0},"ivs":{"hp":31,"atk":31,"def":31,"spa":31,"spd":31,"spe":31}},{"name":"Combusken","species":"Combusken","item":"choiceband","ability":"Speed Boost","moves":["skyuppercut","firepunch","thunderpunch","rockslide"],"nature":"Adamant","evs":{"hp":0,"atk":252,"def":0,"spa":0,"spd":4,"spe":252},"ivs":{"hp":31,"atk":31,"def":31,"spa":31,"spd":31,"spe":31}}],"log":["|player|p1|Emg GL Test Tech|149","|player|p2|MrNyanNyanz|mrnyannyanz.png","|gametype|singles","|gen|6","|tier|Monotype","|rated","|rule|Baton Pass Clause: Limit one Baton Passer, can't pass Spe and other stats simultaneously","|rule|Swagger Clause: Swagger is banned","|rule|Same Type Clause: Pokémon in a team must share a type","|clearpoke","|poke|p1|Hoopa-Unbound","|poke|p1|Gardevoir, M","|poke|p1|Latios, M","|poke|p1|Jirachi","|poke|p1|Deoxys-Defense","|poke|p1|Slowbro, M","|poke|p2|Houndoom, M","|poke|p2|Victini","|poke|p2|Ninetales, M","|poke|p2|Rotom-Heat","|poke|p2|Moltres","|poke|p2|Combusken, F","|rule|Sleep Clause Mod: Limit one foe put to sleep","|rule|Species Clause: Limit one of each Pokémon","|rule|OHKO Clause: OHKO moves are banned","|rule|Moody Clause: Moody is banned","|rule|Evasion Moves Clause: Evasion moves are banned","|rule|Endless Battle Clause: Forcing endless battles is banned","|rule|HP Percentage Mod: HP is shown in percentages","|teampreview","|","|start","|switch|p1a: Gardevoir|Gardevoir, M|278/278","|switch|p2a: Moltres|Moltres|384/384","|-ability|p1a: Gardevoir|Pressure|[from] ability: Trace|[of] p2a: Moltres","|-ability|p1a: Gardevoir|Pressure","|-ability|p2a: Moltres|Pressure","|turn|1","|","|detailschange|p1a: Gardevoir|Gardevoir-Mega, M","|-mega|p1a: Gardevoir|Gardevoir|Gardevoirite","|move|p1a: Gardevoir|Hyper Voice|p2a: Moltres","|-crit|p2a: Moltres","|-resisted|p2a: Moltres","|-damage|p2a: Moltres|173/384","|move|p2a: Moltres|Flamethrower|p1a: Gardevoir","|-damage|p1a: Gardevoir|136/278","|","|-heal|p2a: Moltres|197/384|[from] item: Leftovers","|turn|2","|","|move|p1a: Gardevoir|Hyper Voice|p2a: Moltres","|-resisted|p2a: Moltres","|-damage|p2a: Moltres|65/384","|move|p2a: Moltres|Flamethrower|p1a: Gardevoir","|-damage|p1a: Gardevoir|0 fnt","|faint|p1a: Gardevoir","|","|-heal|p2a: Moltres|89/384|[from] item: Leftovers","|","|switch|p1a: Slowbro|Slowbro, M|394/394","|turn|3","|","|move|p2a: Moltres|Air Slash|p1a: Slowbro","|-damage|p1a: Slowbro|241/394","|cant|p1a: Slowbro|flinch","|","|-heal|p2a: Moltres|113/384|[from] item: Leftovers","|-heal|p1a: Slowbro|265/394|[from] item: Leftovers","|turn|4","|","|move|p2a: Moltres|Air Slash|p1a: Slowbro","|-damage|p1a: Slowbro|100/394","|cant|p1a: Slowbro|flinch","|","|-heal|p2a: Moltres|137/384|[from] item: Leftovers","|-heal|p1a: Slowbro|124/394|[from] item: Leftovers","|turn|5","|","|switch|p1a: Latios|Latios, M|301/301","|move|p2a: Moltres|Air Slash|p1a: Latios","|-crit|p1a: Latios","|-damage|p1a: Latios|93/301","|","|-heal|p2a: Moltres|161/384|[from] item: Leftovers","|turn|6","|","|move|p1a: Latios|Psychic|p2a: Moltres","|-damage|p2a: Moltres|0 fnt","|faint|p2a: Moltres","|","|","|switch|p2a: Houndoom|Houndoom, M|291/291","|turn|7","|","|detailschange|p2a: Houndoom|Houndoom-Mega, M","|-mega|p2a: Houndoom|Houndoom|Houndoominite","|move|p1a: Latios|Psychic|p2a: Houndoom","|-immune|p2a: Houndoom|[msg]","|move|p2a: Houndoom|Dark Pulse|p1a: Latios","|-supereffective|p1a: Latios","|-damage|p1a: Latios|0 fnt","|faint|p1a: Latios","|","|","|switch|p1a: Jirachi|Jirachi|403/403","|turn|8","|","|switch|p2a: Rotom-Heat|Rotom-Heat|303/303","|move|p1a: Jirachi|Thunder Wave|p2a: Rotom-Heat","|-immune|p2a: Rotom-Heat|[msg]","|","|turn|9","|","|move|p1a: Jirachi|Substitute|p1a: Jirachi","|-start|p1a: Jirachi|Substitute","|-damage|p1a: Jirachi|303/403","|move|p2a: Rotom-Heat|Reflect|p2a: Rotom-Heat","|-sidestart|p2: MrNyanNyanz|Reflect","|","|-heal|p1a: Jirachi|328/403|[from] item: Leftovers","|turn|10","|","|move|p1a: Jirachi|Iron Head|p2a: Rotom-Heat","|-resisted|p2a: Rotom-Heat","|-damage|p2a: Rotom-Heat|292/303","|cant|p2a: Rotom-Heat|flinch","|","|-heal|p1a: Jirachi|353/403|[from] item: Leftovers","|turn|11","|","|switch|p1a: Deoxys-Defense|Deoxys-Defense|304/304","|-ability|p1a: Deoxys-Defense|Pressure","|switch|p2a: Ninetales|Ninetales, M|287/287","|-weather|SunnyDay","|","|-weather|SunnyDay|[upkeep]","|turn|12","|","|move|p2a: Ninetales|Toxic|p1a: Deoxys-Defense","|-status|p1a: Deoxys-Defense|tox","|move|p1a: Deoxys-Defense|Cosmic Power|p1a: Deoxys-Defense","|-boost|p1a: Deoxys-Defense|def|1","|-boost|p1a: Deoxys-Defense|spd|1","|","|-weather|SunnyDay|[upkeep]","|-damage|p1a: Deoxys-Defense|285/304 tox|[from] psn","|turn|13","|","|move|p2a: Ninetales|Fire Blast|p1a: Deoxys-Defense","|-damage|p1a: Deoxys-Defense|206/304 tox","|move|p1a: Deoxys-Defense|Toxic|p2a: Ninetales","|-status|p2a: Ninetales|tox","|","|-weather|SunnyDay|[upkeep]","|-heal|p1a: Deoxys-Defense|225/304 tox|[from] item: Leftovers","|-damage|p2a: Ninetales|270/287 tox|[from] psn","|-damage|p1a: Deoxys-Defense|187/304 tox|[from] psn","|turn|14","|","|switch|p1a: Slowbro|Slowbro, M|255/394","|move|p2a: Ninetales|Fire Blast|p1a: Slowbro","|-resisted|p1a: Slowbro","|-damage|p1a: Slowbro|135/394","|","|-weather|SunnyDay|[upkeep]","|-heal|p1a: Slowbro|159/394|[from] item: Leftovers","|-damage|p2a: Ninetales|236/287 tox|[from] psn","|turn|15","|","|switch|p1a: Jirachi|Jirachi|353/403","|move|p2a: Ninetales|Energy Ball|p1a: Jirachi","|-resisted|p1a: Jirachi","|-damage|p1a: Jirachi|325/403","|","|-weather|SunnyDay|[upkeep]","|-heal|p1a: Jirachi|350/403|[from] item: Leftovers","|-damage|p2a: Ninetales|185/287 tox|[from] psn","|turn|16","|","|move|p2a: Ninetales|Fire Blast|p1a: Jirachi","|-supereffective|p1a: Jirachi","|-damage|p1a: Jirachi|38/403","|move|p1a: Jirachi|Substitute|p1a: Jirachi","|-fail|p1a: Jirachi|move: Substitute|[weak]","|","|-weather|SunnyDay|[upkeep]","|-heal|p1a: Jirachi|63/403|[from] item: Leftovers","|-damage|p2a: Ninetales|117/287 tox|[from] psn","|-sideend|p2: MrNyanNyanz|Reflect","|turn|17","|","|switch|p1a: Slowbro|Slowbro, M|290/394","|move|p2a: Ninetales|Fire Blast|p1a: Slowbro","|-resisted|p1a: Slowbro","|-damage|p1a: Slowbro|175/394","|","|-weather|SunnyDay|[upkeep]","|-heal|p1a: Slowbro|199/394|[from] item: Leftovers","|-damage|p2a: Ninetales|32/287 tox|[from] psn","|turn|18","|","|switch|p2a: Rotom-Heat|Rotom-Heat|292/303","|move|p1a: Slowbro|Slack Off|p1a: Slowbro","|-heal|p1a: Slowbro|394/394","|","|-weather|none","|turn|19","|","|move|p2a: Rotom-Heat|Light Screen|p2a: Rotom-Heat","|-sidestart|p2: MrNyanNyanz|move: Light Screen","|move|p1a: Slowbro|Yawn|p2a: Rotom-Heat","|-start|p2a: Rotom-Heat|move: Yawn|[of] p1a: Slowbro","|","|turn|20","|","|switch|p2a: Ninetales|Ninetales, M|32/287 tox","|-weather|SunnyDay","|move|p1a: Slowbro|Yawn|p2a: Ninetales","|-fail|p2a: Ninetales","|","|-weather|SunnyDay|[upkeep]","|-damage|p2a: Ninetales|15/287 tox|[from] psn","|turn|21","|","|move|p2a: Ninetales|Energy Ball|p1a: Slowbro","|-supereffective|p1a: Slowbro","|-damage|p1a: Slowbro|228/394","|move|p1a: Slowbro|Slack Off|p1a: Slowbro","|-heal|p1a: Slowbro|394/394","|","|-weather|SunnyDay|[upkeep]","|-damage|p2a: Ninetales|0 fnt|[from] psn","|faint|p2a: Ninetales","|","|switch|p2a: Houndoom|Houndoom-Mega, M|291/291","|turn|22","|","|move|p2a: Houndoom|Dark Pulse|p1a: Slowbro","|-supereffective|p1a: Slowbro","|-damage|p1a: Slowbro|0 fnt","|faint|p1a: Slowbro","|","|-weather|SunnyDay|[upkeep]","|-damage|p2a: Houndoom|255/291|[from] ability: Solar Power","|","|switch|p1a: Hoopa-Unbound|Hoopa-Unbound|301/301","|turn|23","|","|move|p2a: Houndoom|Flamethrower|p1a: Hoopa-Unbound","|-damage|p1a: Hoopa-Unbound|19/301","|move|p1a: Hoopa-Unbound|Focus Blast|p2a: Houndoom","|-supereffective|p2a: Houndoom","|-damage|p2a: Houndoom|37/291","|-damage|p1a: Hoopa-Unbound|0 fnt|[from] item: Life Orb","|faint|p1a: Hoopa-Unbound","|","|-weather|SunnyDay|[upkeep]","|-damage|p2a: Houndoom|1/291|[from] ability: Solar Power","|","|switch|p1a: Deoxys-Defense|Deoxys-Defense|187/304 tox","|-ability|p1a: Deoxys-Defense|Pressure","|turn|24","|","|win|MrNyanNyanz"],"p1rating":{"entryid":"7162853","serverid":"eos","formatid":"monotype","userid":"emggltesttech","username":"Emg GL Test Tech","w":"6","l":3,"t":"0","gxe":59.1,"r":"1612.3296444451","rd":"99.805079559002","sigma":"0","rptime":"1438765200","rpr":1571.4509428692,"rprd":90.807937317141,"rpsigma":"0","acre":1110.863653237,"lacre":1110.863653237,"oldacre":"1137.0541632056"},"p2rating":{"entryid":"6703862","serverid":"eos","formatid":"monotype","userid":"mrnyannyanz","username":"MrNyanNyanz","w":54,"l":"45","t":"0","gxe":53.7,"r":"1523.6934120986","rd":"36.603604249754","sigma":"0","rptime":"1438765200","rpr":1528.2036896129,"rprd":36.430724110362,"rpsigma":"0","acre":1146.6871286147,"lacre":1146.6871286147,"oldacre":"1120.4966186461"},"endType":"forfeit"}