{"seed":[20756,30228,24623,39867],"turns":34,"p1":"vegetalueth","p2":"King Aqua Shadow","p1team":[{"name":"Serperior","species":"Serperior","item":"sitrusberry","ability":"Contrary","moves":["leafstorm","gigadrain","dragonpulse","energyball"],"nature":"Timid","evs":{"hp":0,"atk":0,"def":0,"spa":252,"spd":4,"spe":252},"ivs":{"hp":31,"atk":31,"def":31,"spa":31,"spd":31,"spe":31}},{"name":"Ferrothorn","species":"Ferrothorn","item":"rockyhelmet","ability":"Iron Barbs","moves":["gyroball","leechseed","gigadrain","stealthrock"],"nature":"Relaxed","evs":{"hp":248,"atk":8,"def":252,"spa":0,"spd":0,"spe":0},"ivs":{"hp":31,"atk":31,"def":31,"spa":31,"spd":31,"spe":0}},{"name":"Exeggutor","species":"Exeggutor","item":"petayaberry","ability":"Harvest","moves":["substitute","gigadrain","leechseed","sleeppowder"],"nature":"Bold","evs":{"hp":252,"atk":0,"def":252,"spa":4,"spd":0,"spe":0},"ivs":{"hp":31,"atk":31,"def":31,"spa":31,"spd":31,"spe":31}},{"name":"Leavanny","species":"Leavanny","item":"focussash","ability":"Overcoat","moves":["agility","batonpass","seedbomb","xscissor"],"nature":"Jolly","evs":{"hp":0,"atk":252,"def":0,"spa":0,"spd":4,"spe":252},"ivs":{"hp":31,"atk":31,"def":31,"spa":31,"spd":31,"spe":31}},{"name":"Breloom","species":"Breloom","item":"focussash","ability":"Technician","moves":["machpunch","swordsdance","seedbomb","rockslide"],"nature":"Jolly","evs":{"hp":0,"atk":252,"def":0,"spa":0,"spd":4,"spe":252},"ivs":{"hp":31,"atk":31,"def":31,"spa":31,"spd":31,"spe":31}},{"name":"Cradily","species":"Cradily","item":"airballoon","ability":"Storm Drain","moves":["ancientpower","seedbomb","recover","sludgebomb"],"nature":"Gentle","evs":{"hp":248,"atk":8,"def":0,"spa":0,"spd":252,"spe":0},"ivs":{"hp":31,"atk":31,"def":31,"spa":31,"spd":31,"spe":31}}],"p2team":[{"name":"Skarmory","species":"Skarmory","item":"leftovers","ability":"Sturdy","moves":["stealthrock","spikes","tailwind","bravebird"],"nature":"Impish","evs":{"hp":252,"atk":0,"def":232,"spa":0,"spd":0,"spe":24},"gender":"M","ivs":{"hp":31,"atk":31,"def":31,"spa":31,"spd":31,"spe":31}},{"name":"Staraptor","species":"Staraptor","item":"choiceband","ability":"Reckless","moves":["doubleedge","bravebird","closecombat","uturn"],"nature":"Jolly","evs":{"hp":0,"atk":252,"def":0,"spa":0,"spd":4,"spe":252},"gender":"M","ivs":{"hp":31,"atk":31,"def":31,"spa":31,"spd":31,"spe":31}},{"name":"Togekiss","species":"Togekiss","item":"leftovers","ability":"Serene Grace","moves":["dazzlinggleam","airslash","healbell","nastyplot"],"nature":"Modest","evs":{"hp":252,"atk":0,"def":0,"spa":252,"spd":4,"spe":0},"gender":"F","ivs":{"hp":31,"atk":31,"def":31,"spa":31,"spd":31,"spe":31}},{"name":"Gliscor","species":"Gliscor","item":"toxicorb","ability":"Poison Heal","moves":["earthquake","acrobatics","fling","roost"],"nature":"Adamant","evs":{"hp":184,"atk":252,"def":0,"spa":0,"spd":0,"spe":72},"gender":"F","ivs":{"hp":31,"atk":31,"def":31,"spa":31,"spd":31,"spe":31}},{"name":"Dragonite","species":"Dragonite","item":"weaknesspolicy","ability":"Multiscale","moves":["dragonclaw","thunderpunch","firepunch","dragondance"],"nature":"Adamant","evs":{"hp":0,"atk":252,"def":0,"spa":0,"spd":4,"spe":252},"gender":"F","ivs":{"hp":31,"atk":31,"def":31,"spa":31,"spd":31,"spe":31}},{"name":"Charizard","species":"Charizard","item":"charizarditex","ability":"Blaze","moves":["flareblitz","dragonclaw","earthquake","dragondance"],"nature":"Adamant","evs":{"hp":0,"atk":252,"def":0,"spa":0,"spd":4,"spe":252},"gender":"M","ivs":{"hp":31,"atk":31,"def":31,"spa":31,"spd":31,"spe":31}}],"log":["|player|p1|vegetalueth|169","|player|p2|King Aqua Shadow|144","|gametype|singles","|gen|6","|tier|Monotype","|rated","|rule|Baton Pass Clause: Limit one Baton Passer, can't pass Spe and other stats simultaneously","|rule|Swagger Clause: Swagger is banned","|rule|Same Type Clause: Pokémon in a team must share a type","|clearpoke","|poke|p1|Serperior, F","|poke|p1|Ferrothorn, M","|poke|p1|Exeggutor, M","|poke|p1|Leavanny, M","|poke|p1|Breloom, M","|poke|p1|Cradily, F","|poke|p2|Skarmory, M","|poke|p2|Staraptor, M","|poke|p2|Togekiss, F","|poke|p2|Gliscor, F","|poke|p2|Dragonite, F","|poke|p2|Charizard, M","|rule|Sleep Clause Mod: Limit one foe put to sleep","|rule|Species Clause: Limit one of each Pokémon","|rule|OHKO Clause: OHKO moves are banned","|rule|Moody Clause: Moody is banned","|rule|Evasion Moves Clause: Evasion moves are banned","|rule|Endless Battle Clause: Forcing endless battles is banned","|rule|HP Percentage Mod: HP is shown in percentages","|teampreview","|","|start","|switch|p1a: Leavanny|Leavanny, M|291/291","|switch|p2a: Skarmory|Skarmory, M|334/334","|turn|1","|","|move|p1a: Leavanny|Agility|p1a: Leavanny","|-boost|p1a: Leavanny|spe|2","|move|p2a: Skarmory|Stealth Rock|p1a: Leavanny","|-sidestart|p1: vegetalueth|move: Stealth Rock","|","|turn|2","|","|move|p1a: Leavanny|Baton Pass|p1a: Leavanny","|","|switch|p1a: Exeggutor|Exeggutor, M|394/394","|-damage|p1a: Exeggutor|345/394|[from] Stealth Rock","|move|p2a: Skarmory|Tailwind|p2a: Skarmory","|-sidestart|p2: King Aqua Shadow|move: Tailwind","|","|turn|3","|","|move|p2a: Skarmory|Spikes|p1a: Exeggutor","|-sidestart|p1: vegetalueth|Spikes","|move|p1a: Exeggutor|Substitute|p1a: Exeggutor","|-start|p1a: Exeggutor|Substitute","|-damage|p1a: Exeggutor|247/394","|","|turn|4","|","|move|p2a: Skarmory|Spikes|p1a: Exeggutor","|-sidestart|p1: vegetalueth|Spikes","|move|p1a: Exeggutor|Sleep Powder|p2a: Skarmory","|-status|p2a: Skarmory|slp","|","|turn|5","|","|cant|p2a: Skarmory|slp","|move|p1a: Exeggutor|Leech Seed|p2a: Skarmory|[miss]","|-miss|p1a: Exeggutor|p2a: Skarmory","|","|-sideend|p2: King Aqua Shadow|move: Tailwind","|turn|6","|","|move|p1a: Exeggutor|Leech Seed|p2a: Skarmory","|-start|p2a: Skarmory|move: Leech Seed","|cant|p2a: Skarmory|slp","|","|-damage|p2a: Skarmory|293/334 slp|[from] Leech Seed|[of] p1a: Exeggutor","|-heal|p1a: Exeggutor|288/394|[silent]","|turn|7","|","|move|p1a: Exeggutor|Giga Drain|p2a: Skarmory","|-resisted|p2a: Skarmory","|-damage|p2a: Skarmory|259/334 slp","|-heal|p1a: Exeggutor|305/394|[from] drain|[of] p2a: Skarmory","|cant|p2a: Skarmory|slp","|","|-heal|p2a: Skarmory|279/334 slp|[from] item: Leftovers","|-damage|p2a: Skarmory|238/334 slp|[from] Leech Seed|[of] p1a: Exeggutor","|-heal|p1a: Exeggutor|346/394|[silent]","|turn|8","|","|move|p1a: Exeggutor|Giga Drain|p2a: Skarmory","|-resisted|p2a: Skarmory","|-damage|p2a: Skarmory|203/334 slp","|-heal|p1a: Exeggutor|364/394|[from] drain|[of] p2a: Skarmory","|-curestatus|p2a: Skarmory|slp","|move|p2a: Skarmory|Brave Bird|p1a: Exeggutor","|-supereffective|p1a: Exeggutor","|-end|p1a: Exeggutor|Substitute","|-damage|p2a: Skarmory|171/334|[from] recoil|[of] p1a: Exeggutor","|","|-heal|p2a: Skarmory|191/334|[from] item: Leftovers","|-damage|p2a: Skarmory|150/334|[from] Leech Seed|[of] p1a: Exeggutor","|-heal|p1a: Exeggutor|394/394|[silent]","|turn|9","|","|move|p1a: Exeggutor|Substitute|p1a: Exeggutor","|-start|p1a: Exeggutor|Substitute","|-damage|p1a: Exeggutor|296/394","|move|p2a: Skarmory|Spikes|p1a: Exeggutor","|-sidestart|p1: vegetalueth|Spikes","|","|-heal|p2a: Skarmory|170/334|[from] item: Leftovers","|-damage|p2a: Skarmory|129/334|[from] Leech Seed|[of] p1a: Exeggutor","|-heal|p1a: Exeggutor|337/394|[silent]","|turn|10","|","|move|p1a: Exeggutor|Giga Drain|p2a: Skarmory","|-resisted|p2a: Skarmory","|-damage|p2a: Skarmory|91/334","|-heal|p1a: Exeggutor|356/394|[from] drain|[of] p2a: Skarmory","|move|p2a: Skarmory|Tailwind|p2a: Skarmory","|-sidestart|p2: King Aqua Shadow|move: Tailwind","|","|-heal|p2a: Skarmory|111/334|[from] item: Leftovers","|-damage|p2a: Skarmory|70/334|[from] Leech Seed|[of] p1a: Exeggutor","|-heal|p1a: Exeggutor|394/394|[silent]","|turn|11","|","|move|p2a: Skarmory|Brave Bird|p1a: Exeggutor","|-supereffective|p1a: Exeggutor","|-end|p1a: Exeggutor|Substitute","|-damage|p2a: Skarmory|38/334|[from] recoil|[of] p1a: Exeggutor","|move|p1a: Exeggutor|Sleep Powder|p2a: Skarmory|[miss]","|-miss|p1a: Exeggutor|p2a: Skarmory","|","|-heal|p2a: Skarmory|58/334|[from] item: Leftovers","|-damage|p2a: Skarmory|17/334|[from] Leech Seed|[of] p1a: Exeggutor","|turn|12","|","|move|p2a: Skarmory|Brave Bird|p1a: Exeggutor","|-supereffective|p1a: Exeggutor","|-damage|p1a: Exeggutor|218/394","|-damage|p2a: Skarmory|0 fnt|[from] recoil|[of] p1a: Exeggutor","|faint|p2a: Skarmory","|move|p1a: Exeggutor|Substitute|p1a: Exeggutor","|-start|p1a: Exeggutor|Substitute","|-damage|p1a: Exeggutor|120/394","|","|","|switch|p2a: Togekiss|Togekiss, F|374/374","|turn|13","|","|move|p2a: Togekiss|Nasty Plot|p2a: Togekiss","|-boost|p2a: Togekiss|spa|2","|move|p1a: Exeggutor|Leech Seed|p2a: Togekiss","|-start|p2a: Togekiss|move: Leech Seed","|","|-damage|p2a: Togekiss|328/374|[from] Leech Seed|[of] p1a: Exeggutor","|-heal|p1a: Exeggutor|166/394|[silent]","|-sideend|p2: King Aqua Shadow|move: Tailwind","|turn|14","|","|move|p1a: Exeggutor|Sleep Powder|p2a: Togekiss","|-status|p2a: Togekiss|slp","|cant|p2a: Togekiss|slp","|","|-heal|p2a: Togekiss|351/374 slp|[from] item: Leftovers","|-damage|p2a: Togekiss|305/374 slp|[from] Leech Seed|[of] p1a: Exeggutor","|-heal|p1a: Exeggutor|212/394|[silent]","|turn|15","|","|move|p1a: Exeggutor|Giga Drain|p2a: Togekiss","|-resisted|p2a: Togekiss","|-damage|p2a: Togekiss|259/374 slp","|-heal|p1a: Exeggutor|235/394|[from] drain|[of] p2a: Togekiss","|cant|p2a: Togekiss|slp","|","|-heal|p2a: Togekiss|282/374 slp|[from] item: Leftovers","|-damage|p2a: Togekiss|236/374 slp|[from] Leech Seed|[of] p1a: Exeggutor","|-heal|p1a: Exeggutor|281/394|[silent]","|turn|16","|","|move|p1a: Exeggutor|Giga Drain|p2a: Togekiss","|-resisted|p2a: Togekiss","|-damage|p2a: Togekiss|186/374 slp","|-heal|p1a: Exeggutor|306/394|[from] drain|[of] p2a: Togekiss","|cant|p2a: Togekiss|slp","|","|-heal|p2a: Togekiss|209/374 slp|[from] item: Leftovers","|-damage|p2a: Togekiss|163/374 slp|[from] Leech Seed|[of] p1a: Exeggutor","|-heal|p1a: Exeggutor|352/394|[silent]","|turn|17","|","|move|p1a: Exeggutor|Giga Drain|p2a: Togekiss","|-resisted|p2a: Togekiss","|-damage|p2a: Togekiss|115/374 slp","|-heal|p1a: Exeggutor|376/394|[from] drain|[of] p2a: Togekiss","|-curestatus|p2a: Togekiss|slp","|move|p2a: Togekiss|Air Slash|p1a: Exeggutor","|-supereffective|p1a: Exeggutor","|-end|p1a: Exeggutor|Substitute","|","|-heal|p2a: Togekiss|138/374|[from] item: Leftovers","|-damage|p2a: Togekiss|92/374|[from] Leech Seed|[of] p1a: Exeggutor","|-heal|p1a: Exeggutor|394/394|[silent]","|turn|18","|","|move|p1a: Exeggutor|Substitute|p1a: Exeggutor","|-start|p1a: Exeggutor|Substitute","|-damage|p1a: Exeggutor|296/394","|move|p2a: Togekiss|Air Slash|p1a: Exeggutor","|-supereffective|p1a: Exeggutor","|-end|p1a: Exeggutor|Substitute","|","|-heal|p2a: Togekiss|115/374|[from] item: Leftovers","|-damage|p2a: Togekiss|69/374|[from] Leech Seed|[of] p1a: Exeggutor","|-heal|p1a: Exeggutor|342/394|[silent]","|turn|19","|","|move|p1a: Exeggutor|Substitute|p1a: Exeggutor","|-start|p1a: Exeggutor|Substitute","|-damage|p1a: Exeggutor|244/394","|move|p2a: Togekiss|Air Slash|p1a: Exeggutor","|-supereffective|p1a: Exeggutor","|-end|p1a: Exeggutor|Substitute","|","|-heal|p2a: Togekiss|92/374|[from] item: Leftovers","|-damage|p2a: Togekiss|46/374|[from] Leech Seed|[of] p1a: Exeggutor","|-heal|p1a: Exeggutor|290/394|[silent]","|turn|20","|","|move|p1a: Exeggutor|Substitute|p1a: Exeggutor","|-start|p1a: Exeggutor|Substitute","|-damage|p1a: Exeggutor|192/394","|move|p2a: Togekiss|Air Slash|p1a: Exeggutor","|-supereffective|p1a: Exeggutor","|-end|p1a: Exeggutor|Substitute","|","|-heal|p2a: Togekiss|69/374|[from] item: Leftovers","|-damage|p2a: Togekiss|23/374|[from] Leech Seed|[of] p1a: Exeggutor","|-heal|p1a: Exeggutor|238/394|[silent]","|turn|21","|","|move|p1a: Exeggutor|Substitute|p1a: Exeggutor","|-start|p1a: Exeggutor|Substitute","|-damage|p1a: Exeggutor|140/394","|move|p2a: Togekiss|Air Slash|p1a: Exeggutor","|-supereffective|p1a: Exeggutor","|-end|p1a: Exeggutor|Substitute","|","|-heal|p2a: Togekiss|46/374|[from] item: Leftovers","|-damage|p2a: Togekiss|0 fnt|[from] Leech Seed|[of] p1a: Exeggutor","|-heal|p1a: Exeggutor|186/394|[silent]","|faint|p2a: Togekiss","|","|switch|p2a: Staraptor|Staraptor, M|311/311","|turn|22","|","|move|p2a: Staraptor|U-turn|p1a: Exeggutor","|-supereffective|p1a: Exeggutor","|-damage|p1a: Exeggutor|0 fnt","|faint|p1a: Exeggutor","|","|switch|p2a: Gliscor|Gliscor, F|337/337","|","|-status|p2a: Gliscor|tox|[from] item: Toxic Orb","|","|switch|p1a: Ferrothorn|Ferrothorn, M|351/351","|-damage|p1a: Ferrothorn|264/351|[from] Spikes","|-damage|p1a: Ferrothorn|243/351|[from] Stealth Rock","|turn|23","|","|move|p2a: Gliscor|Fling|p1a: Ferrothorn","|-enditem|p2a: Gliscor|Toxic Orb|[from] move: Fling","|-damage|p1a: Ferrothorn|225/351","|move|p1a: Ferrothorn|Gyro Ball|p2a: Gliscor","|-damage|p2a: Gliscor|201/337 tox","|","|-heal|p2a: Gliscor|243/337 tox|[from] ability: Poison Heal","|turn|24","|","|move|p2a: Gliscor|Acrobatics|p1a: Ferrothorn","|-damage|p1a: Ferrothorn|122/351","|-damage|p2a: Gliscor|201/337 tox|[from] ability: Iron Barbs|[of] p1a: Ferrothorn","|-damage|p2a: Gliscor|145/337 tox|[from] item: Rocky Helmet|[of] p1a: Ferrothorn","|move|p1a: Ferrothorn|Stealth Rock|p2a: Gliscor","|-sidestart|p2: King Aqua Shadow|move: Stealth Rock","|","|-heal|p2a: Gliscor|187/337 tox|[from] ability: Poison Heal","|turn|25","|","|move|p2a: Gliscor|Earthquake|p1a: Ferrothorn","|-damage|p1a: Ferrothorn|25/351","|move|p1a: Ferrothorn|Gyro Ball|p2a: Gliscor","|-damage|p2a: Gliscor|46/337 tox","|","|-heal|p2a: Gliscor|88/337 tox|[from] ability: Poison Heal","|turn|26","|","|move|p2a: Gliscor|Earthquake|p1a: Ferrothorn","|-damage|p1a: Ferrothorn|0 fnt","|faint|p1a: Ferrothorn","|","|-heal|p2a: Gliscor|130/337 tox|[from] ability: Poison Heal","|","|switch|p1a: Cradily|Cradily, F|375/375","|-damage|p1a: Cradily|329/375|[from] Stealth Rock","|-item|p1a: Cradily|Air Balloon","|turn|27","|","|move|p2a: Gliscor|Roost|p2a: Gliscor","|-heal|p2a: Gliscor|299/337 tox","|move|p1a: Cradily|Ancient Power|p2a: Gliscor","|-resisted|p2a: Gliscor","|-damage|p2a: Gliscor|258/337 tox","|","|-heal|p2a: Gliscor|300/337 tox|[from] ability: Poison Heal","|turn|28","|","|move|p2a: Gliscor|Acrobatics|p1a: Cradily","|-damage|p1a: Cradily|146/375","|-enditem|p1a: Cradily|Air Balloon","|move|p1a: Cradily|Ancient Power|p2a: Gliscor","|-crit|p2a: Gliscor","|-damage|p2a: Gliscor|183/337 tox","|-boost|p1a: Cradily|atk|1","|-boost|p1a: Cradily|def|1","|-boost|p1a: Cradily|spa|1","|-boost|p1a: Cradily|spd|1","|-boost|p1a: Cradily|spe|1","|","|-heal|p2a: Gliscor|225/337 tox|[from] ability: Poison Heal","|turn|29","|","|move|p2a: Gliscor|Acrobatics|p1a: Cradily","|-damage|p1a: Cradily|20/375","|move|p1a: Cradily|Ancient Power|p2a: Gliscor","|-damage|p2a: Gliscor|105/337 tox","|","|-heal|p2a: Gliscor|147/337 tox|[from] ability: Poison Heal","|turn|30","|","|move|p2a: Gliscor|Acrobatics|p1a: Cradily","|-damage|p1a: Cradily|0 fnt","|faint|p1a: Cradily","|","|-heal|p2a: Gliscor|189/337 tox|[from] ability: Poison Heal","|","|switch|p1a: Breloom|Breloom, M|261/261","|-damage|p1a: Breloom|245/261|[from] Stealth Rock","|-damage|p1a: Breloom|180/261|[from] Spikes","|turn|31","|","|move|p1a: Breloom|Rock Slide|p2a: Gliscor","|-damage|p2a: Gliscor|117/337 tox","|move|p2a: Gliscor|Roost|p2a: Gliscor","|-heal|p2a: Gliscor|286/337 tox","|","|-heal|p2a: Gliscor|328/337 tox|[from] ability: Poison Heal","|turn|32","|","|move|p1a: Breloom|Rock Slide|p2a: Gliscor","|-damage|p2a: Gliscor|249/337 tox","|move|p2a: Gliscor|Acrobatics|p1a: Breloom","|-supereffective|p1a: Breloom","|-damage|p1a: Breloom|0 fnt","|faint|p1a: Breloom","|","|-heal|p2a: Gliscor|291/337 tox|[from] ability: Poison Heal","|","|switch|p1a: Leavanny|Leavanny, M|291/291","|-damage|p1a: Leavanny|219/291|[from] Spikes","|-damage|p1a: Leavanny|147/291|[from] Stealth Rock","|turn|33","|","|move|p1a: Leavanny|X-Scissor|p2a: Gliscor","|-resisted|p2a: Gliscor","|-damage|p2a: Gliscor|243/337 tox","|move|p2a: Gliscor|Acrobatics|p1a: Leavanny","|-supereffective|p1a: Leavanny","|-damage|p1a: Leavanny|0 fnt","|faint|p1a: Leavanny","|","|-heal|p2a: Gliscor|285/337 tox|[from] ability: Poison Heal","|","|switch|p1a: Serperior|Serperior, F|291/291","|-damage|p1a: Serperior|255/291|[from] Stealth Rock","|-damage|p1a: Serperior|183/291|[from] Spikes","|turn|34","|","|move|p1a: Serperior|Leaf Storm|p2a: Gliscor","|-damage|p2a: Gliscor|84/337 tox","|-boost|p1a: Serperior|spa|2","|move|p2a: Gliscor|Acrobatics|p1a: Serperior","|-supereffective|p1a: Serperior","|-damage|p1a: Serperior|0 fnt","|faint|p1a: Serperior","|","|win|King Aqua Shadow"],"p1rating":{"entryid":"5975347","serverid":"eos","formatid":"monotype","userid":"vegetalueth","username":"vegetalueth","w":"4","l":10,"t":"0","gxe":36.8,"r":"1385.4549782211","rd":"88.724921553536","sigma":"0","rptime":"1438765200","rpr":1395.3894597124,"rprd":83.994567754252,"rpsigma":"0","acre":1060.498729474,"lacre":1060.498729474,"oldacre":"1077.9092591037"},"p2rating":{"entryid":"6598994","serverid":"eos","formatid":"monotype","userid":"kingaquashadow","username":"King Aqua Shadow","w":31,"l":"25","t":"0","gxe":55.1,"r":"1534.5568417093","rd":"53.357440464956","sigma":"0","rptime":"1438765200","rpr":1539.2724182979,"rprd":52.870363135297,"rpsigma":"0","acre":1167.3921874904,"lacre":1167.3921874904,"oldacre":"1147.3213843963"},"endType":"normal"}