{"seed":[3031,9224,57941,24384],"turns":27,"p1":"Orchestromic","p2":"xNailz","p1team":[{"name":"Crow Rocker","species":"murkrow","item":"eviolite","ability":"Prankster","moves":["featherdance","calmmind","darkpulse","roost"],"nature":"Calm","evs":{"hp":4,"atk":0,"def":252,"spa":0,"spd":252,"spe":0},"gender":"M","shiny":true,"ivs":{"hp":31,"atk":31,"def":31,"spa":31,"spd":31,"spe":31}},{"name":"Umbreon","species":"Umbreon","item":"leftovers","ability":"Synchronize","moves":["foulplay","curse","moonlight","healbell"],"nature":"Careful","evs":{"hp":0,"atk":0,"def":252,"spa":0,"spd":252,"spe":0},"gender":"M","shiny":true,"ivs":{"hp":31,"atk":31,"def":31,"spa":31,"spd":31,"spe":31}},{"name":"Pedo Shark","species":"sharpedo","item":"sharpedonite","ability":"Speed Boost","moves":["crunch","waterfall","poisonjab","protect"],"nature":"Adamant","evs":{"hp":0,"atk":252,"def":0,"spa":0,"spd":0,"spe":252},"gender":"M","shiny":true,"ivs":{"hp":31,"atk":31,"def":31,"spa":31,"spd":31,"spe":31}},{"name":"Sableye","species":"Sableye","item":"leftovers","ability":"Prankster","moves":["taunt","willowisp","recover","knockoff"],"nature":"Careful","evs":{"hp":0,"atk":0,"def":252,"spa":0,"spd":252,"spe":0},"ivs":{"hp":31,"atk":31,"def":31,"spa":31,"spd":31,"spe":31}},{"name":"Vulture Rocker","species":"mandibuzz","item":"leftovers","ability":"Overcoat","moves":["toxic","roost","protect","taunt"],"nature":"Careful","evs":{"hp":220,"atk":0,"def":144,"spa":0,"spd":144,"spe":0},"shiny":true,"ivs":{"hp":31,"atk":31,"def":31,"spa":31,"spd":31,"spe":31}},{"name":"Slicey Rocker","species":"bisharp","item":"assaultvest","ability":"Defiant","moves":["suckerpunch","ironhead","knockoff","psychocut"],"nature":"Adamant","evs":{"hp":0,"atk":244,"def":144,"spa":0,"spd":120,"spe":0},"gender":"M","shiny":true,"ivs":{"hp":31,"atk":31,"def":31,"spa":31,"spd":31,"spe":31}}],"p2team":[{"name":"Charizard","species":"Charizard","item":"charizarditey","ability":"Blaze","moves":["solarbeam","flamethrower","dragonpulse","defog"],"nature":"Timid","evs":{"hp":0,"atk":0,"def":0,"spa":252,"spd":4,"spe":252},"ivs":{"hp":31,"atk":0,"def":31,"spa":31,"spd":31,"spe":31}},{"name":"Infernape","species":"Infernape","item":"focussash","ability":"Iron Fist","moves":["closecombat","overheat","machpunch","stealthrock"],"nature":"Naive","evs":{"hp":0,"atk":252,"def":4,"spa":0,"spd":0,"spe":252},"ivs":{"hp":31,"atk":30,"def":30,"spa":31,"spd":31,"spe":31}},{"name":"Victini","species":"Victini","item":"choicescarf","ability":"Victory Star","moves":["vcreate","boltstrike","uturn","zenheadbutt"],"nature":"Naive","evs":{"hp":0,"atk":252,"def":0,"spa":4,"spd":0,"spe":252},"ivs":{"hp":31,"atk":31,"def":31,"spa":31,"spd":31,"spe":31}},{"name":"Arcanine","species":"Arcanine","item":"leftovers","ability":"Intimidate","moves":["willowisp","extremespeed","morningsun","ironhead"],"nature":"Impish","evs":{"hp":240,"atk":0,"def":252,"spa":0,"spd":0,"spe":16},"ivs":{"hp":31,"atk":30,"def":30,"spa":31,"spd":31,"spe":31}},{"name":"Rotom-Heat","species":"Rotom-Heat","item":"leftovers","ability":"Levitate","moves":["thunderwave","overheat","hiddenpowerice","voltswitch"],"nature":"Modest","evs":{"hp":248,"atk":0,"def":0,"spa":8,"spd":252,"spe":0},"ivs":{"hp":31,"atk":30,"def":30,"spa":31,"spd":31,"spe":31}},{"name":"Chandelure","species":"Chandelure","item":"lifeorb","ability":"Infiltrator","moves":["flamethrower","energyball","trickroom","shadowball"],"nature":"Quiet","evs":{"hp":248,"atk":0,"def":8,"spa":252,"spd":0,"spe":0},"ivs":{"hp":31,"atk":30,"def":30,"spa":31,"spd":31,"spe":31}}],"log":["|player|p1|Orchestromic|orchestromic.png","|player|p2|xNailz|160","|gametype|singles","|gen|6","|tier|Monotype","|rated","|rule|Baton Pass Clause: Limit one Baton Passer, can't pass Spe and other stats simultaneously","|rule|Swagger Clause: Swagger is banned","|rule|Same Type Clause: Pokémon in a team must share a type","|clearpoke","|poke|p1|Murkrow, M, shiny","|poke|p1|Umbreon, M, shiny","|poke|p1|Sharpedo, M, shiny","|poke|p1|Sableye, M","|poke|p1|Mandibuzz, F, shiny","|poke|p1|Bisharp, M, shiny","|poke|p2|Charizard, F","|poke|p2|Infernape, F","|poke|p2|Victini","|poke|p2|Arcanine, M","|poke|p2|Rotom-Heat","|poke|p2|Chandelure, F","|rule|Sleep Clause Mod: Limit one foe put to sleep","|rule|Species Clause: Limit one of each Pokémon","|rule|OHKO Clause: OHKO moves are banned","|rule|Moody Clause: Moody is banned","|rule|Evasion Moves Clause: Evasion moves are banned","|rule|Endless Battle Clause: Forcing endless battles is banned","|rule|HP Percentage Mod: HP is shown in percentages","|teampreview","|","|start","|switch|p1a: Pedo Shark|Sharpedo, M, shiny|281/281","|switch|p2a: Rotom-Heat|Rotom-Heat|303/303","|turn|1","|","|move|p1a: Pedo Shark|Protect|p1a: Pedo Shark","|-singleturn|p1a: Pedo Shark|Protect","|move|p2a: Rotom-Heat|Volt Switch|p1a: Pedo Shark","|-activate|p1a: Pedo Shark|Protect","|","|-boost|p1a: Pedo Shark|spe|1|[from] ability: Speed Boost","|turn|2","|","|switch|p2a: Arcanine|Arcanine, M|381/381","|-ability|p2a: Arcanine|Intimidate","|-unboost|p1a: Pedo Shark|atk|1","|move|p1a: Pedo Shark|Protect|p1a: Pedo Shark","|-fail|p1a: Pedo Shark","|","|-boost|p1a: Pedo Shark|spe|1|[from] ability: Speed Boost","|turn|3","|","|switch|p1a: Umbreon|Umbreon, M, shiny|331/331","|move|p2a: Arcanine|Will-O-Wisp|p1a: Umbreon","|-status|p1a: Umbreon|brn","|","|-damage|p1a: Umbreon|290/331 brn|[from] brn","|turn|4","|","|move|p2a: Arcanine|Iron Head|p1a: Umbreon","|-damage|p1a: Umbreon|237/331 brn","|move|p1a: Umbreon|Curse|p1a: Umbreon","|-unboost|p1a: Umbreon|spe|1","|-boost|p1a: Umbreon|atk|1","|-boost|p1a: Umbreon|def|1","|","|-heal|p1a: Umbreon|257/331 brn|[from] item: Leftovers","|-damage|p1a: Umbreon|216/331 brn|[from] brn","|turn|5","|","|switch|p2a: Charizard|Charizard, F|297/297","|move|p1a: Umbreon|Heal Bell|p1a: Umbreon","|-cureteam|p1a: Umbreon|[from] move: HealBell","|","|-heal|p1a: Umbreon|236/331|[from] item: Leftovers","|turn|6","|","|detailschange|p2a: Charizard|Charizard-Mega-Y, F","|-mega|p2a: Charizard|Charizard|Charizardite Y","|-weather|SunnyDay","|move|p2a: Charizard|Flamethrower|p1a: Umbreon","|-damage|p1a: Umbreon|70/331","|move|p1a: Umbreon|Moonlight|p1a: Umbreon","|-heal|p1a: Umbreon|291/331","|","|-weather|SunnyDay|[upkeep]","|-heal|p1a: Umbreon|311/331|[from] item: Leftovers","|turn|7","|","|move|p2a: Charizard|Flamethrower|p1a: Umbreon","|-damage|p1a: Umbreon|143/331","|move|p1a: Umbreon|Moonlight|p1a: Umbreon","|-heal|p1a: Umbreon|331/331","|","|-weather|SunnyDay|[upkeep]","|turn|8","|","|move|p2a: Charizard|Flamethrower|p1a: Umbreon","|-damage|p1a: Umbreon|151/331","|move|p1a: Umbreon|Foul Play|p2a: Charizard","|-damage|p2a: Charizard|176/297","|","|-weather|SunnyDay|[upkeep]","|-heal|p1a: Umbreon|171/331|[from] item: Leftovers","|turn|9","|","|switch|p1a: Vulture Rocker|Mandibuzz, F, shiny|416/416","|move|p2a: Charizard|Flamethrower|p1a: Vulture Rocker","|-damage|p1a: Vulture Rocker|203/416","|","|-weather|SunnyDay|[upkeep]","|-heal|p1a: Vulture Rocker|229/416|[from] item: Leftovers","|turn|10","|","|move|p1a: Vulture Rocker|Protect|p1a: Vulture Rocker","|-singleturn|p1a: Vulture Rocker|Protect","|move|p2a: Charizard|Flamethrower|p1a: Vulture Rocker","|-activate|p1a: Vulture Rocker|Protect","|","|-weather|none","|-heal|p1a: Vulture Rocker|255/416|[from] item: Leftovers","|turn|11","|","|switch|p2a: Rotom-Heat|Rotom-Heat|303/303","|move|p1a: Vulture Rocker|Toxic|p2a: Rotom-Heat","|-status|p2a: Rotom-Heat|tox","|","|-heal|p1a: Vulture Rocker|281/416|[from] item: Leftovers","|-damage|p2a: Rotom-Heat|285/303 tox|[from] psn","|turn|12","|","|move|p1a: Vulture Rocker|Protect|p1a: Vulture Rocker","|-singleturn|p1a: Vulture Rocker|Protect","|move|p2a: Rotom-Heat|Volt Switch|p1a: Vulture Rocker","|-activate|p1a: Vulture Rocker|Protect","|","|-heal|p2a: Rotom-Heat|303/303 tox|[from] item: Leftovers","|-heal|p1a: Vulture Rocker|307/416|[from] item: Leftovers","|-damage|p2a: Rotom-Heat|267/303 tox|[from] psn","|turn|13","|","|move|p1a: Vulture Rocker|Protect|p1a: Vulture Rocker","|-singleturn|p1a: Vulture Rocker|Protect","|move|p2a: Rotom-Heat|Volt Switch|p1a: Vulture Rocker","|-activate|p1a: Vulture Rocker|Protect","|","|-heal|p2a: Rotom-Heat|285/303 tox|[from] item: Leftovers","|-heal|p1a: Vulture Rocker|333/416|[from] item: Leftovers","|-damage|p2a: Rotom-Heat|231/303 tox|[from] psn","|turn|14","|","|move|p1a: Vulture Rocker|Protect|p1a: Vulture Rocker","|-fail|p1a: Vulture Rocker","|move|p2a: Rotom-Heat|Volt Switch|p1a: Vulture Rocker","|-supereffective|p1a: Vulture Rocker","|-damage|p1a: Vulture Rocker|183/416","|","|switch|p2a: Charizard|Charizard-Mega-Y, F|176/297","|-weather|SunnyDay","|","|-weather|SunnyDay|[upkeep]","|-heal|p1a: Vulture Rocker|209/416|[from] item: Leftovers","|turn|15","|","|move|p2a: Charizard|Flamethrower|p1a: Vulture Rocker","|-damage|p1a: Vulture Rocker|0 fnt","|faint|p1a: Vulture Rocker","|","|-weather|SunnyDay|[upkeep]","|","|switch|p1a: Pedo Shark|Sharpedo, M, shiny|281/281","|turn|16","|","|switch|p2a: Arcanine|Arcanine, M|381/381","|-ability|p2a: Arcanine|Intimidate","|-unboost|p1a: Pedo Shark|atk|1","|move|p1a: Pedo Shark|Protect|p1a: Pedo Shark","|-fail|p1a: Pedo Shark","|","|-weather|SunnyDay|[upkeep]","|-boost|p1a: Pedo Shark|spe|1|[from] ability: Speed Boost","|turn|17","|","|detailschange|p1a: Pedo Shark|Sharpedo-Mega, M, shiny","|-mega|p1a: Pedo Shark|Sharpedo|Sharpedonite","|move|p1a: Pedo Shark|Waterfall|p2a: Arcanine","|-supereffective|p2a: Arcanine","|-damage|p2a: Arcanine|283/381","|cant|p2a: Arcanine|flinch","|","|-weather|SunnyDay|[upkeep]","|-heal|p2a: Arcanine|306/381|[from] item: Leftovers","|turn|18","|","|move|p1a: Pedo Shark|Protect|p1a: Pedo Shark","|-singleturn|p1a: Pedo Shark|Protect","|move|p2a: Arcanine|Will-O-Wisp|p1a: Pedo Shark","|-activate|p1a: Pedo Shark|Protect","|","|-weather|none","|-heal|p2a: Arcanine|329/381|[from] item: Leftovers","|turn|19","|","|switch|p1a: Sableye|Sableye, M|241/241","|move|p2a: Arcanine|Will-O-Wisp|p1a: Sableye","|-status|p1a: Sableye|brn","|","|-heal|p2a: Arcanine|352/381|[from] item: Leftovers","|-damage|p1a: Sableye|211/241 brn|[from] brn","|turn|20","|","|switch|p2a: Charizard|Charizard-Mega-Y, F|176/297","|-weather|SunnyDay","|move|p1a: Sableye|Taunt|p2a: Charizard","|-start|p2a: Charizard|move: Taunt","|","|-weather|SunnyDay|[upkeep]","|-heal|p1a: Sableye|226/241 brn|[from] item: Leftovers","|-damage|p1a: Sableye|196/241 brn|[from] brn","|turn|21","|","|move|p1a: Sableye|Recover|p1a: Sableye","|-heal|p1a: Sableye|241/241 brn","|move|p2a: Charizard|Flamethrower|p1a: Sableye","|-damage|p1a: Sableye|0 fnt","|faint|p1a: Sableye","|","|-weather|SunnyDay|[upkeep]","|","|switch|p1a: Crow Rocker|Murkrow, M, shiny|262/262","|turn|22","|","|move|p1a: Crow Rocker|Calm Mind|p1a: Crow Rocker","|-boost|p1a: Crow Rocker|spa|1","|-boost|p1a: Crow Rocker|spd|1","|move|p2a: Charizard|Flamethrower|p1a: Crow Rocker","|-damage|p1a: Crow Rocker|117/262","|","|-weather|SunnyDay|[upkeep]","|-end|p2a: Charizard|move: Taunt","|turn|23","|","|switch|p2a: Victini|Victini|341/341","|move|p1a: Crow Rocker|Calm Mind|p1a: Crow Rocker","|-boost|p1a: Crow Rocker|spa|1","|-boost|p1a: Crow Rocker|spd|1","|","|-weather|SunnyDay|[upkeep]","|turn|24","|","|move|p1a: Crow Rocker|Feather Dance|p2a: Victini","|-unboost|p2a: Victini|atk|2","|move|p2a: Victini|V-create|p1a: Crow Rocker","|-damage|p1a: Crow Rocker|0 fnt","|-unboost|p2a: Victini|spe|1","|-unboost|p2a: Victini|def|1","|-unboost|p2a: Victini|spd|1","|faint|p1a: Crow Rocker","|","|-weather|none","|","|switch|p1a: Pedo Shark|Sharpedo-Mega, M, shiny|281/281","|turn|25","|","|switch|p2a: Charizard|Charizard-Mega-Y, F|176/297","|-weather|SunnyDay","|move|p1a: Pedo Shark|Waterfall|p2a: Charizard","|-supereffective|p2a: Charizard","|-damage|p2a: Charizard|0 fnt","|faint|p2a: Charizard","|","|-weather|SunnyDay|[upkeep]","|","|switch|p2a: Infernape|Infernape, F|293/293","|turn|26","|","|move|p1a: Pedo Shark|Protect|p1a: Pedo Shark","|-singleturn|p1a: Pedo Shark|Protect","|move|p2a: Infernape|Close Combat|p1a: Pedo Shark","|-activate|p1a: Pedo Shark|Protect","|","|-weather|SunnyDay|[upkeep]","|turn|27","|","|move|p2a: Infernape|Close Combat|p1a: Pedo Shark","|-supereffective|p1a: Pedo Shark","|-damage|p1a: Pedo Shark|0 fnt","|-unboost|p2a: Infernape|def|1","|-unboost|p2a: Infernape|spd|1","|faint|p1a: Pedo Shark","|","|-weather|SunnyDay|[upkeep]","|","|win|xNailz"],"p1rating":{"entryid":"6980159","serverid":"eos","formatid":"monotype","userid":"orchestromic","username":"Orchestromic","w":"9","l":13,"t":"0","gxe":45.6,"r":"1473.6315163495","rd":"71.95346345486","sigma":"0","rptime":"1438765200","rpr":1466.1372237425,"rprd":70.826245523267,"rpsigma":"0","acre":1131.1551211491,"lacre":1131.1551211491,"oldacre":"1149.3674392799"},"p2rating":{"entryid":"6782407","serverid":"eos","formatid":"monotype","userid":"xnailz","username":"xNailz","w":26,"l":"9","t":"0","gxe":70.8,"r":"1654.6302157347","rd":"63.794403202018","sigma":"0","rptime":"1438765200","rpr":1668.7357228006,"rprd":61.926382884959,"rpsigma":"0","acre":1264.3372094265,"lacre":1264.3372094265,"oldacre":"1246.1248912957"},"endType":"forfeit"}