{"seed":[57348,17138,47656,46034],"turns":43,"p1":"DJMadness","p2":"LTIL-Tahit","p1team":[{"name":"The Legend","species":"aegislash","item":"lumberry","ability":"Stance Change","moves":["kingsshield","swordsdance","ironhead","shadowsneak"],"nature":"Adamant","evs":{"hp":252,"atk":252,"def":0,"spa":0,"spd":4,"spe":0},"gender":"M","shiny":true,"ivs":{"hp":31,"atk":31,"def":31,"spa":31,"spd":31,"spe":31}},{"name":"Jellyfish","species":"jellicent","item":"leftovers","ability":"Water Absorb","moves":["recover","willowisp","scald","toxic"],"nature":"Calm","evs":{"hp":252,"atk":0,"def":4,"spa":0,"spd":252,"spe":0},"gender":"F","shiny":true,"ivs":{"hp":31,"atk":31,"def":31,"spa":31,"spd":31,"spe":31}},{"name":"Spooky","species":"gourgeistsuper","item":"sitrusberry","ability":"Frisk","moves":["leechseed","willowisp","protect","shadowsneak"],"nature":"Bold","evs":{"hp":252,"atk":0,"def":252,"spa":0,"spd":4,"spe":0},"gender":"F","shiny":true,"ivs":{"hp":31,"atk":31,"def":31,"spa":31,"spd":31,"spe":31}},{"name":"Sup Bru","species":"sableye","item":"sablenite","ability":"Prankster","moves":["willowisp","calmmind","recover","snarl"],"nature":"Bold","evs":{"hp":252,"atk":0,"def":252,"spa":4,"spd":0,"spe":0},"gender":"M","shiny":true,"ivs":{"hp":31,"atk":31,"def":31,"spa":31,"spd":31,"spe":31}},{"name":"Smiley","species":"gengar","item":"choicespecs","ability":"Levitate","moves":["shadowball","sludgewave","psychic","energyball"],"nature":"Timid","evs":{"hp":0,"atk":0,"def":0,"spa":252,"spd":4,"spe":252},"gender":"M","shiny":true,"ivs":{"hp":31,"atk":31,"def":31,"spa":31,"spd":31,"spe":31}},{"name":"U Need Fire?","species":"chandelure","item":"choicescarf","ability":"Infiltrator","moves":["shadowball","flamethrower","energyball","hiddenpowerice"],"nature":"Modest","evs":{"hp":0,"atk":0,"def":0,"spa":252,"spd":4,"spe":252},"gender":"M","ivs":{"hp":31,"atk":30,"def":30,"spa":31,"spd":31,"spe":31},"shiny":true}],"p2team":[{"name":"Skarmory","species":"Skarmory","item":"rockyhelmet","ability":"Sturdy","moves":["roost","stealthrock","bravebird","defog"],"nature":"Careful","evs":{"hp":4,"atk":0,"def":252,"spa":0,"spd":252,"spe":0},"ivs":{"hp":31,"atk":31,"def":31,"spa":31,"spd":31,"spe":31}},{"name":"Excadrill","species":"Excadrill","item":"airballoon","ability":"Mold Breaker","moves":["earthquake","ironhead","rockslide","rapidspin"],"nature":"Adamant","evs":{"hp":0,"atk":252,"def":4,"spa":0,"spd":0,"spe":252},"gender":"M","ivs":{"hp":29,"atk":31,"def":31,"spa":31,"spd":31,"spe":31}},{"name":"Heatran","species":"Heatran","item":"leftovers","ability":"Flash Fire","moves":["stealthrock","lavaplume","toxic","protect"],"nature":"Calm","evs":{"hp":252,"atk":0,"def":4,"spa":0,"spd":252,"spe":0},"ivs":{"hp":31,"atk":31,"def":31,"spa":31,"spd":31,"spe":31}},{"name":"Ferrothorn","species":"Ferrothorn","item":"rockyhelmet","ability":"Iron Barbs","moves":["leechseed","stealthrock","thunderwave","gyroball"],"nature":"Relaxed","evs":{"hp":252,"atk":0,"def":252,"spa":0,"spd":4,"spe":0},"ivs":{"hp":31,"atk":31,"def":31,"spa":31,"spd":31,"spe":0}},{"name":"Scizor","species":"Scizor","item":"scizorite","ability":"Technician","moves":["swordsdance","bulletpunch","bugbite","aerialace"],"nature":"Adamant","evs":{"hp":4,"atk":252,"def":0,"spa":0,"spd":0,"spe":252},"ivs":{"hp":31,"atk":31,"def":31,"spa":31,"spd":31,"spe":31}},{"name":"Bronzong","species":"Bronzong","item":"normalgem","ability":"Levitate","moves":["trickroom","rocktomb","gyroball","explosion"],"nature":"Brave","evs":{"hp":252,"atk":252,"def":4,"spa":0,"spd":0,"spe":0},"ivs":{"hp":31,"atk":31,"def":31,"spa":31,"spd":31,"spe":31}}],"log":["|player|p1|DJMadness|92","|player|p2|LTIL-Tahit|169","|gametype|singles","|gen|6","|tier|Monotype","|rated","|rule|Baton Pass Clause: Limit one Baton Passer, can't pass Spe and other stats simultaneously","|rule|Swagger Clause: Swagger is banned","|rule|Same Type Clause: Pokémon in a team must share a type","|clearpoke","|poke|p1|Aegislash, M, shiny","|poke|p1|Jellicent, F, shiny","|poke|p1|Gourgeist-*, F, shiny","|poke|p1|Sableye, M, shiny","|poke|p1|Gengar, M, shiny","|poke|p1|Chandelure, M, shiny","|poke|p2|Skarmory, F","|poke|p2|Excadrill, M","|poke|p2|Heatran, M","|poke|p2|Ferrothorn, M","|poke|p2|Scizor, M","|poke|p2|Bronzong","|rule|Sleep Clause Mod: Limit one foe put to sleep","|rule|Species Clause: Limit one of each Pokémon","|rule|OHKO Clause: OHKO moves are banned","|rule|Moody Clause: Moody is banned","|rule|Evasion Moves Clause: Evasion moves are banned","|rule|Endless Battle Clause: Forcing endless battles is banned","|rule|HP Percentage Mod: HP is shown in percentages","|teampreview","|","|start","|switch|p1a: U Need Fire?|Chandelure, M, shiny|261/261","|switch|p2a: Ferrothorn|Ferrothorn, M|352/352","|turn|1","|","|switch|p2a: Scizor|Scizor, M|282/282","|move|p1a: U Need Fire?|Shadow Ball|p2a: Scizor","|-damage|p2a: Scizor|65/282","|","|turn|2","|","|detailschange|p2a: Scizor|Scizor-Mega, M","|-mega|p2a: Scizor|Scizor|Scizorite","|move|p1a: U Need Fire?|Shadow Ball|p2a: Scizor","|-damage|p2a: Scizor|0 fnt","|faint|p2a: Scizor","|","|","|switch|p2a: Ferrothorn|Ferrothorn, M|352/352","|turn|3","|","|switch|p1a: Spooky|Gourgeist-Super, F, shiny|374/374","|-item|p2a: Ferrothorn|Rocky Helmet|[from] ability: Frisk|[of] p1a: Spooky|[identify]","|move|p2a: Ferrothorn|Thunder Wave|p1a: Spooky","|-status|p1a: Spooky|par","|","|turn|4","|","|move|p2a: Ferrothorn|Stealth Rock|p1a: Spooky","|-sidestart|p1: DJMadness|move: Stealth Rock","|cant|p1a: Spooky|par","|","|turn|5","|","|move|p2a: Ferrothorn|Gyro Ball|p1a: Spooky","|-damage|p1a: Spooky|359/374 par","|move|p1a: Spooky|Will-O-Wisp|p2a: Ferrothorn","|-status|p2a: Ferrothorn|brn","|","|-damage|p2a: Ferrothorn|308/352 brn|[from] brn","|turn|6","|","|move|p1a: Spooky|Protect|p1a: Spooky","|-singleturn|p1a: Spooky|Protect","|move|p2a: Ferrothorn|Gyro Ball|p1a: Spooky","|-activate|p1a: Spooky|Protect","|","|-damage|p2a: Ferrothorn|264/352 brn|[from] brn","|turn|7","|","|switch|p1a: Jellyfish|Jellicent, F, shiny|404/404","|-damage|p1a: Jellyfish|354/404|[from] Stealth Rock","|move|p2a: Ferrothorn|Gyro Ball|p1a: Jellyfish","|-resisted|p1a: Jellyfish","|-damage|p1a: Jellyfish|321/404","|","|-heal|p1a: Jellyfish|346/404|[from] item: Leftovers","|-damage|p2a: Ferrothorn|220/352 brn|[from] brn","|turn|8","|","|switch|p1a: Spooky|Gourgeist-Super, F, shiny|359/374 par","|-damage|p1a: Spooky|313/374 par|[from] Stealth Rock","|-item|p2a: Ferrothorn|Rocky Helmet|[from] ability: Frisk|[of] p1a: Spooky|[identify]","|move|p2a: Ferrothorn|Thunder Wave|p1a: Spooky","|-fail|p1a: Spooky|par","|","|-damage|p2a: Ferrothorn|176/352 brn|[from] brn","|turn|9","|","|cant|p1a: Spooky|par","|move|p2a: Ferrothorn|Gyro Ball|p1a: Spooky","|-damage|p1a: Spooky|305/374 par","|","|-damage|p2a: Ferrothorn|132/352 brn|[from] brn","|turn|10","|","|cant|p1a: Spooky|par","|move|p2a: Ferrothorn|Gyro Ball|p1a: Spooky","|-damage|p1a: Spooky|297/374 par","|","|-damage|p2a: Ferrothorn|88/352 brn|[from] brn","|turn|11","|","|cant|p1a: Spooky|par","|move|p2a: Ferrothorn|Gyro Ball|p1a: Spooky","|-damage|p1a: Spooky|289/374 par","|","|-damage|p2a: Ferrothorn|44/352 brn|[from] brn","|turn|12","|","|move|p1a: Spooky|Protect|p1a: Spooky","|-singleturn|p1a: Spooky|Protect","|move|p2a: Ferrothorn|Gyro Ball|p1a: Spooky","|-activate|p1a: Spooky|Protect","|","|-damage|p2a: Ferrothorn|0 fnt|[from] brn","|faint|p2a: Ferrothorn","|","|switch|p2a: Bronzong|Bronzong|338/338","|turn|13","|","|move|p2a: Bronzong|Gyro Ball|p1a: Spooky","|-damage|p1a: Spooky|279/374 par","|move|p1a: Spooky|Will-O-Wisp|p2a: Bronzong","|-status|p2a: Bronzong|brn","|","|-damage|p2a: Bronzong|296/338 brn|[from] brn","|turn|14","|","|move|p1a: Spooky|Leech Seed|p2a: Bronzong","|-start|p2a: Bronzong|move: Leech Seed","|move|p2a: Bronzong|Trick Room|p2a: Bronzong","|-fieldstart|move: Trick Room|[of] p2a: Bronzong","|","|-damage|p2a: Bronzong|254/338 brn|[from] Leech Seed|[of] p1a: Spooky","|-heal|p1a: Spooky|321/374 par|[silent]","|-damage|p2a: Bronzong|212/338 brn|[from] brn","|turn|15","|","|move|p1a: Spooky|Protect|p1a: Spooky","|-singleturn|p1a: Spooky|Protect","|move|p2a: Bronzong|Gyro Ball|p1a: Spooky","|-activate|p1a: Spooky|Protect","|","|-damage|p2a: Bronzong|170/338 brn|[from] Leech Seed|[of] p1a: Spooky","|-heal|p1a: Spooky|363/374 par|[silent]","|-damage|p2a: Bronzong|128/338 brn|[from] brn","|turn|16","|","|cant|p1a: Spooky|par","|move|p2a: Bronzong|Gyro Ball|p1a: Spooky","|-damage|p1a: Spooky|358/374 par","|","|-damage|p2a: Bronzong|86/338 brn|[from] Leech Seed|[of] p1a: Spooky","|-heal|p1a: Spooky|374/374 par|[silent]","|-damage|p2a: Bronzong|44/338 brn|[from] brn","|turn|17","|","|move|p1a: Spooky|Protect|p1a: Spooky","|-singleturn|p1a: Spooky|Protect","|move|p2a: Bronzong|Rock Tomb|p1a: Spooky","|-activate|p1a: Spooky|Protect","|","|-damage|p2a: Bronzong|2/338 brn|[from] Leech Seed|[of] p1a: Spooky","|-damage|p2a: Bronzong|0 fnt|[from] brn","|faint|p2a: Bronzong","|","|switch|p2a: Skarmory|Skarmory, F|272/272","|turn|18","|","|cant|p1a: Spooky|par","|move|p2a: Skarmory|Brave Bird|p1a: Spooky","|-supereffective|p1a: Spooky","|-damage|p1a: Spooky|234/374 par","|-damage|p2a: Skarmory|226/272|[from] recoil|[of] p1a: Spooky","|","|-fieldend|move: Trick Room","|turn|19","|","|move|p2a: Skarmory|Brave Bird|p1a: Spooky","|-supereffective|p1a: Spooky","|-damage|p1a: Spooky|96/374 par","|-damage|p2a: Skarmory|180/272|[from] recoil|[of] p1a: Spooky","|-enditem|p1a: Spooky|Sitrus Berry|[eat]","|-heal|p1a: Spooky|189/374 par|[from] item: Sitrus Berry","|move|p1a: Spooky|Will-O-Wisp|p2a: Skarmory","|-status|p2a: Skarmory|brn","|","|-damage|p2a: Skarmory|146/272 brn|[from] brn","|turn|20","|","|move|p2a: Skarmory|Brave Bird|p1a: Spooky","|-supereffective|p1a: Spooky","|-damage|p1a: Spooky|116/374 par","|-damage|p2a: Skarmory|122/272 brn|[from] recoil|[of] p1a: Spooky","|move|p1a: Spooky|Leech Seed|p2a: Skarmory","|-start|p2a: Skarmory|move: Leech Seed","|","|-damage|p2a: Skarmory|88/272 brn|[from] Leech Seed|[of] p1a: Spooky","|-heal|p1a: Spooky|150/374 par|[silent]","|-damage|p2a: Skarmory|54/272 brn|[from] brn","|turn|21","|","|move|p1a: Spooky|Protect|p1a: Spooky","|-singleturn|p1a: Spooky|Protect","|move|p2a: Skarmory|Roost|p2a: Skarmory","|-heal|p2a: Skarmory|190/272 brn","|","|-damage|p2a: Skarmory|156/272 brn|[from] Leech Seed|[of] p1a: Spooky","|-heal|p1a: Spooky|184/374 par|[silent]","|-damage|p2a: Skarmory|122/272 brn|[from] brn","|turn|22","|","|switch|p1a: Sup Bru|Sableye, M, shiny|304/304","|-damage|p1a: Sup Bru|266/304|[from] Stealth Rock","|move|p2a: Skarmory|Roost|p2a: Skarmory","|-heal|p2a: Skarmory|258/272 brn","|","|-damage|p2a: Skarmory|224/272 brn|[from] Leech Seed|[of] p1a: Sup Bru","|-heal|p1a: Sup Bru|300/304|[silent]","|-damage|p2a: Skarmory|190/272 brn|[from] brn","|turn|23","|","|detailschange|p1a: Sup Bru|Sableye-Mega, M, shiny","|-mega|p1a: Sup Bru|Sableye|Sablenite","|move|p1a: Sup Bru|Calm Mind|p1a: Sup Bru","|-boost|p1a: Sup Bru|spa|1","|-boost|p1a: Sup Bru|spd|1","|move|p2a: Skarmory|Brave Bird|p1a: Sup Bru","|-damage|p1a: Sup Bru|264/304","|-damage|p2a: Skarmory|178/272 brn|[from] recoil|[of] p1a: Sup Bru","|","|-damage|p2a: Skarmory|144/272 brn|[from] Leech Seed|[of] p1a: Sup Bru","|-heal|p1a: Sup Bru|298/304|[silent]","|-damage|p2a: Skarmory|110/272 brn|[from] brn","|turn|24","|","|move|p2a: Skarmory|Brave Bird|p1a: Sup Bru","|-damage|p1a: Sup Bru|265/304","|-damage|p2a: Skarmory|99/272 brn|[from] recoil|[of] p1a: Sup Bru","|move|p1a: Sup Bru|Calm Mind|p1a: Sup Bru","|-boost|p1a: Sup Bru|spa|1","|-boost|p1a: Sup Bru|spd|1","|","|-damage|p2a: Skarmory|65/272 brn|[from] Leech Seed|[of] p1a: Sup Bru","|-heal|p1a: Sup Bru|299/304|[silent]","|-damage|p2a: Skarmory|31/272 brn|[from] brn","|turn|25","|","|move|p2a: Skarmory|Roost|p2a: Skarmory","|-heal|p2a: Skarmory|167/272 brn","|move|p1a: Sup Bru|Calm Mind|p1a: Sup Bru","|-boost|p1a: Sup Bru|spa|1","|-boost|p1a: Sup Bru|spd|1","|","|-damage|p2a: Skarmory|133/272 brn|[from] Leech Seed|[of] p1a: Sup Bru","|-heal|p1a: Sup Bru|304/304|[silent]","|-damage|p2a: Skarmory|99/272 brn|[from] brn","|turn|26","|","|move|p2a: Skarmory|Roost|p2a: Skarmory","|-heal|p2a: Skarmory|235/272 brn","|move|p1a: Sup Bru|Calm Mind|p1a: Sup Bru","|-boost|p1a: Sup Bru|spa|1","|-boost|p1a: Sup Bru|spd|1","|","|-damage|p2a: Skarmory|201/272 brn|[from] Leech Seed|[of] p1a: Sup Bru","|-damage|p2a: Skarmory|167/272 brn|[from] brn","|turn|27","|","|move|p2a: Skarmory|Roost|p2a: Skarmory","|-heal|p2a: Skarmory|272/272 brn","|move|p1a: Sup Bru|Calm Mind|p1a: Sup Bru","|-boost|p1a: Sup Bru|spa|1","|-boost|p1a: Sup Bru|spd|1","|","|-damage|p2a: Skarmory|238/272 brn|[from] Leech Seed|[of] p1a: Sup Bru","|-damage|p2a: Skarmory|204/272 brn|[from] brn","|turn|28","|","|move|p2a: Skarmory|Brave Bird|p1a: Sup Bru","|-damage|p1a: Sup Bru|271/304","|-damage|p2a: Skarmory|193/272 brn|[from] recoil|[of] p1a: Sup Bru","|move|p1a: Sup Bru|Calm Mind|p1a: Sup Bru","|-boost|p1a: Sup Bru|spa|1","|-boost|p1a: Sup Bru|spd|1","|","|-damage|p2a: Skarmory|159/272 brn|[from] Leech Seed|[of] p1a: Sup Bru","|-heal|p1a: Sup Bru|304/304|[silent]","|-damage|p2a: Skarmory|125/272 brn|[from] brn","|turn|29","|","|move|p2a: Skarmory|Roost|p2a: Skarmory","|-heal|p2a: Skarmory|261/272 brn","|move|p1a: Sup Bru|Snarl|p2a: Skarmory","|-damage|p2a: Skarmory|44/272 brn","|-unboost|p2a: Skarmory|spa|1","|","|-damage|p2a: Skarmory|10/272 brn|[from] Leech Seed|[of] p1a: Sup Bru","|-damage|p2a: Skarmory|0 fnt|[from] brn","|faint|p2a: Skarmory","|","|switch|p2a: Excadrill|Excadrill, M|359/359","|-ability|p2a: Excadrill|Mold Breaker","|-item|p2a: Excadrill|Air Balloon","|turn|30","|","|move|p2a: Excadrill|Iron Head|p1a: Sup Bru","|-damage|p1a: Sup Bru|208/304","|cant|p1a: Sup Bru|flinch","|","|turn|31","|","|move|p2a: Excadrill|Iron Head|p1a: Sup Bru","|-damage|p1a: Sup Bru|99/304","|move|p1a: Sup Bru|Recover|p1a: Sup Bru","|-heal|p1a: Sup Bru|251/304","|","|turn|32","|","|move|p2a: Excadrill|Iron Head|p1a: Sup Bru","|-damage|p1a: Sup Bru|155/304","|move|p1a: Sup Bru|Will-O-Wisp|p2a: Excadrill","|-status|p2a: Excadrill|brn","|","|-damage|p2a: Excadrill|315/359 brn|[from] brn","|turn|33","|","|move|p2a: Excadrill|Iron Head|p1a: Sup Bru","|-damage|p1a: Sup Bru|104/304","|move|p1a: Sup Bru|Recover|p1a: Sup Bru","|-heal|p1a: Sup Bru|256/304","|","|-damage|p2a: Excadrill|271/359 brn|[from] brn","|turn|34","|","|move|p2a: Excadrill|Iron Head|p1a: Sup Bru","|-damage|p1a: Sup Bru|208/304","|move|p1a: Sup Bru|Recover|p1a: Sup Bru","|-heal|p1a: Sup Bru|304/304","|","|-damage|p2a: Excadrill|227/359 brn|[from] brn","|turn|35","|","|move|p2a: Excadrill|Iron Head|p1a: Sup Bru","|-damage|p1a: Sup Bru|253/304","|move|p1a: Sup Bru|Snarl|p2a: Excadrill","|-damage|p2a: Excadrill|0 fnt","|-enditem|p2a: Excadrill|Air Balloon","|faint|p2a: Excadrill","|","|","|switch|p2a: Heatran|Heatran, M|386/386","|turn|36","|","|move|p2a: Heatran|Protect|p2a: Heatran","|-singleturn|p2a: Heatran|Protect","|move|p1a: Sup Bru|Snarl|p2a: Heatran","|-activate|p2a: Heatran|Protect","|","|turn|37","|","|move|p2a: Heatran|Lava Plume|p1a: Sup Bru","|-damage|p1a: Sup Bru|228/304","|move|p1a: Sup Bru|Snarl|p2a: Heatran","|-damage|p2a: Heatran|242/386","|-unboost|p2a: Heatran|spa|1","|","|-heal|p2a: Heatran|266/386|[from] item: Leftovers","|turn|38","|","|move|p2a: Heatran|Protect|p2a: Heatran","|-singleturn|p2a: Heatran|Protect","|move|p1a: Sup Bru|Snarl|p2a: Heatran","|-activate|p2a: Heatran|Protect","|","|-heal|p2a: Heatran|290/386|[from] item: Leftovers","|turn|39","|","|move|p2a: Heatran|Protect|p2a: Heatran","|-fail|p2a: Heatran","|move|p1a: Sup Bru|Snarl|p2a: Heatran","|-damage|p2a: Heatran|130/386","|-unboost|p2a: Heatran|spa|1","|","|-heal|p2a: Heatran|154/386|[from] item: Leftovers","|turn|40","|","|move|p2a: Heatran|Protect|p2a: Heatran","|-singleturn|p2a: Heatran|Protect","|move|p1a: Sup Bru|Snarl|p2a: Heatran","|-activate|p2a: Heatran|Protect","|","|-heal|p2a: Heatran|178/386|[from] item: Leftovers","|turn|41","|","|move|p2a: Heatran|Protect|p2a: Heatran","|-fail|p2a: Heatran","|move|p1a: Sup Bru|Snarl|p2a: Heatran","|-damage|p2a: Heatran|25/386","|-unboost|p2a: Heatran|spa|1","|","|-heal|p2a: Heatran|49/386|[from] item: Leftovers","|turn|42","|","|move|p2a: Heatran|Protect|p2a: Heatran","|-singleturn|p2a: Heatran|Protect","|move|p1a: Sup Bru|Recover|p1a: Sup Bru","|-heal|p1a: Sup Bru|304/304","|","|-heal|p2a: Heatran|73/386|[from] item: Leftovers","|turn|43","|","|move|p2a: Heatran|Protect|p2a: Heatran","|-fail|p2a: Heatran","|move|p1a: Sup Bru|Snarl|p2a: Heatran","|-damage|p2a: Heatran|0 fnt","|faint|p2a: Heatran","|","|win|DJMadness"],"p1rating":{"entryid":"7355209","serverid":"eos","formatid":"monotype","userid":"djmadness","username":"DJMadness","w":20,"l":"21","t":"0","gxe":49,"r":"1485.9320494043","rd":"56.96993314407","sigma":"0","rptime":"1438765200","rpr":1492.5703072926,"rprd":55.824226577897,"rpsigma":"0","acre":1158.9065136465,"lacre":1158.9065136465,"oldacre":"1125.5556655583"},"p2rating":{"entryid":"6925118","serverid":"eos","formatid":"monotype","userid":"ltiltahit","username":"LTIL-Tahit","w":"49","l":46,"t":"0","gxe":53.6,"r":"1523.7376713418","rd":"43.901338167174","sigma":"0","rptime":"1438765200","rpr":1527.3447789984,"rprd":40.548657138947,"rpsigma":"0","acre":1212.8907239647,"lacre":1212.8907239647,"oldacre":"1246.2415720529"},"endType":"normal"}