{"seed":[59681,43931,17339,46772],"turns":27,"p1":"Carnie Marx","p2":"Emg GL Test Tech","p1team":[{"name":"Transformer","species":"ditto","item":"choicescarf","ability":"Imposter","moves":["transform"],"nature":"Bold","evs":{"hp":248,"atk":0,"def":252,"spa":0,"spd":8,"spe":0},"ivs":{"hp":31,"atk":31,"def":31,"spa":31,"spd":31,"spe":31}},{"name":"Braviary","species":"Braviary","item":"lifeorb","ability":"Sheer Force","moves":["bravebird","rockslide","superpower","crushclaw"],"nature":"Jolly","evs":{"hp":0,"atk":252,"def":0,"spa":0,"spd":4,"spe":252},"ivs":{"hp":31,"atk":31,"def":31,"spa":31,"spd":31,"spe":31}},{"name":"Capuccino","species":"cinccino","item":"kingsrock","ability":"Skill Link","moves":["bulletseed","rockblast","tailslap","uturn"],"nature":"Jolly","evs":{"hp":0,"atk":252,"def":0,"spa":0,"spd":4,"spe":252},"ivs":{"hp":31,"atk":31,"def":31,"spa":31,"spd":31,"spe":31}},{"name":"Lady GaGa","species":"meloetta","item":"assaultvest","ability":"Serene Grace","moves":["chargebeam","hypervoice","psyshock","energyball"],"nature":"Modest","evs":{"hp":248,"atk":0,"def":0,"spa":252,"spd":8,"spe":0},"ivs":{"hp":31,"atk":31,"def":31,"spa":31,"spd":31,"spe":31}},{"name":"Bird Jesus","species":"pidgeot","item":"pidgeotite","ability":"Keen Eye","moves":["airslash","hurricane","heatwave","roost"],"nature":"Timid","evs":{"hp":0,"atk":0,"def":0,"spa":252,"spd":4,"spe":252},"ivs":{"hp":31,"atk":31,"def":31,"spa":31,"spd":31,"spe":31}},{"name":"Your Fat Friend","species":"snorlax","item":"leftovers","ability":"Thick Fat","moves":["heavyslam","bodyslam","rest","sleeptalk"],"nature":"Adamant","evs":{"hp":252,"atk":252,"def":0,"spa":0,"spd":4,"spe":0},"ivs":{"hp":31,"atk":31,"def":31,"spa":31,"spd":31,"spe":31}}],"p2team":[{"name":"Hoopa-Unbound","species":"Hoopa-Unbound","item":"lifeorb","ability":"Magician","moves":["gunkshot","focusblast","psychic","hyperspacefury"],"nature":"Hasty","evs":{"hp":0,"atk":88,"def":0,"spa":168,"spd":0,"spe":252},"ivs":{"hp":31,"atk":31,"def":31,"spa":31,"spd":31,"spe":31}},{"name":"Gardevoir","species":"Gardevoir","item":"gardevoirite","ability":"Trace","moves":["hypervoice","taunt","focusblast","willowisp"],"nature":"Timid","evs":{"hp":4,"atk":0,"def":0,"spa":252,"spd":0,"spe":252},"ivs":{"hp":31,"atk":31,"def":31,"spa":31,"spd":31,"spe":31}},{"name":"Latios","species":"Latios","item":"choicescarf","ability":"Levitate","moves":["dracometeor","trick","psychic","surf"],"nature":"Timid","evs":{"hp":0,"atk":0,"def":0,"spa":252,"spd":4,"spe":252},"ivs":{"hp":31,"atk":31,"def":31,"spa":31,"spd":31,"spe":31}},{"name":"Jirachi","species":"Jirachi","item":"leftovers","ability":"Serene Grace","moves":["thunderwave","ironhead","healingwish","substitute"],"nature":"Careful","evs":{"hp":248,"atk":0,"def":0,"spa":0,"spd":228,"spe":32},"ivs":{"hp":31,"atk":31,"def":31,"spa":31,"spd":31,"spe":31}},{"name":"Deoxys-Defense","species":"Deoxys-Defense","item":"leftovers","ability":"Pressure","moves":["nightshade","recover","cosmicpower","toxic"],"nature":"Careful","evs":{"hp":252,"atk":0,"def":128,"spa":0,"spd":128,"spe":0},"ivs":{"hp":31,"atk":31,"def":31,"spa":31,"spd":31,"spe":31}},{"name":"Slowbro","species":"Slowbro","item":"leftovers","ability":"Regenerator","moves":["scald","slackoff","fireblast","yawn"],"nature":"Bold","evs":{"hp":252,"atk":0,"def":200,"spa":0,"spd":56,"spe":0},"ivs":{"hp":31,"atk":31,"def":31,"spa":31,"spd":31,"spe":31}}],"log":["|player|p1|Carnie Marx|238","|player|p2|Emg GL Test Tech|149","|gametype|singles","|gen|6","|tier|Monotype","|rated","|rule|Baton Pass Clause: Limit one Baton Passer, can't pass Spe and other stats simultaneously","|rule|Swagger Clause: Swagger is banned","|rule|Same Type Clause: Pokémon in a team must share a type","|clearpoke","|poke|p1|Ditto","|poke|p1|Braviary, M","|poke|p1|Cinccino, M","|poke|p1|Meloetta","|poke|p1|Pidgeot, F","|poke|p1|Snorlax, M","|poke|p2|Hoopa-Unbound","|poke|p2|Gardevoir, F","|poke|p2|Latios, M","|poke|p2|Jirachi","|poke|p2|Deoxys-Defense","|poke|p2|Slowbro, M","|rule|Sleep Clause Mod: Limit one foe put to sleep","|rule|Species Clause: Limit one of each Pokémon","|rule|OHKO Clause: OHKO moves are banned","|rule|Moody Clause: Moody is banned","|rule|Evasion Moves Clause: Evasion moves are banned","|rule|Endless Battle Clause: Forcing endless battles is banned","|rule|HP Percentage Mod: HP is shown in percentages","|teampreview","|","|start","|switch|p1a: Braviary|Braviary, M|341/341","|switch|p2a: Hoopa-Unbound|Hoopa-Unbound|301/301","|turn|1","|","|switch|p2a: Slowbro|Slowbro, M|394/394","|move|p1a: Braviary|Brave Bird|p2a: Slowbro","|-damage|p2a: Slowbro|203/394","|-damage|p1a: Braviary|278/341|[from] recoil|[of] p2a: Slowbro","|-damage|p1a: Braviary|244/341|[from] item: Life Orb","|","|-heal|p2a: Slowbro|227/394|[from] item: Leftovers","|turn|2","|","|move|p1a: Braviary|Crush Claw|p2a: Slowbro","|-damage|p2a: Slowbro|74/394","|move|p2a: Slowbro|Scald|p1a: Braviary","|-damage|p1a: Braviary|127/341","|","|-heal|p2a: Slowbro|98/394|[from] item: Leftovers","|turn|3","|","|switch|p2a: Deoxys-Defense|Deoxys-Defense|304/304","|-ability|p2a: Deoxys-Defense|Pressure","|move|p1a: Braviary|Crush Claw|p2a: Deoxys-Defense","|-damage|p2a: Deoxys-Defense|175/304","|","|-heal|p2a: Deoxys-Defense|194/304|[from] item: Leftovers","|turn|4","|","|move|p1a: Braviary|Crush Claw|p2a: Deoxys-Defense","|-damage|p2a: Deoxys-Defense|68/304","|move|p2a: Deoxys-Defense|Recover|p2a: Deoxys-Defense","|-heal|p2a: Deoxys-Defense|220/304","|","|-heal|p2a: Deoxys-Defense|239/304|[from] item: Leftovers","|turn|5","|","|move|p1a: Braviary|Crush Claw|p2a: Deoxys-Defense","|-crit|p2a: Deoxys-Defense","|-damage|p2a: Deoxys-Defense|27/304","|move|p2a: Deoxys-Defense|Recover|p2a: Deoxys-Defense","|-heal|p2a: Deoxys-Defense|179/304","|","|-heal|p2a: Deoxys-Defense|198/304|[from] item: Leftovers","|turn|6","|","|move|p1a: Braviary|Crush Claw|p2a: Deoxys-Defense","|-damage|p2a: Deoxys-Defense|58/304","|move|p2a: Deoxys-Defense|Recover|p2a: Deoxys-Defense","|-heal|p2a: Deoxys-Defense|210/304","|","|-heal|p2a: Deoxys-Defense|229/304|[from] item: Leftovers","|turn|7","|","|move|p1a: Braviary|Crush Claw|p2a: Deoxys-Defense","|-damage|p2a: Deoxys-Defense|100/304","|move|p2a: Deoxys-Defense|Recover|p2a: Deoxys-Defense","|-heal|p2a: Deoxys-Defense|252/304","|","|-heal|p2a: Deoxys-Defense|271/304|[from] item: Leftovers","|turn|8","|","|move|p1a: Braviary|Crush Claw|p2a: Deoxys-Defense","|-damage|p2a: Deoxys-Defense|125/304","|move|p2a: Deoxys-Defense|Recover|p2a: Deoxys-Defense","|-heal|p2a: Deoxys-Defense|277/304","|","|-heal|p2a: Deoxys-Defense|296/304|[from] item: Leftovers","|turn|9","|","|move|p1a: Braviary|Brave Bird|p2a: Deoxys-Defense","|-damage|p2a: Deoxys-Defense|124/304","|-damage|p1a: Braviary|70/341|[from] recoil|[of] p2a: Deoxys-Defense","|-damage|p1a: Braviary|36/341|[from] item: Life Orb","|move|p2a: Deoxys-Defense|Toxic|p1a: Braviary","|-status|p1a: Braviary|tox","|","|-heal|p2a: Deoxys-Defense|143/304|[from] item: Leftovers","|-damage|p1a: Braviary|15/341 tox|[from] psn","|turn|10","|","|switch|p2a: Slowbro|Slowbro, M|229/394","|move|p1a: Braviary|Brave Bird|p2a: Slowbro","|-damage|p2a: Slowbro|42/394","|-damage|p1a: Braviary|0 fnt|[from] recoil|[of] p2a: Slowbro","|faint|p1a: Braviary","|","|-heal|p2a: Slowbro|66/394|[from] item: Leftovers","|","|switch|p1a: Capuccino|Cinccino, M|291/291","|turn|11","|","|switch|p2a: Deoxys-Defense|Deoxys-Defense|143/304","|-ability|p2a: Deoxys-Defense|Pressure","|move|p1a: Capuccino|Bullet Seed|p2a: Deoxys-Defense","|-crit|p2a: Deoxys-Defense","|-damage|p2a: Deoxys-Defense|122/304","|-damage|p2a: Deoxys-Defense|107/304","|-damage|p2a: Deoxys-Defense|91/304","|-damage|p2a: Deoxys-Defense|76/304","|-damage|p2a: Deoxys-Defense|60/304","|-hitcount|p2a: Deoxys-Defense|5","|","|-heal|p2a: Deoxys-Defense|79/304|[from] item: Leftovers","|turn|12","|","|move|p1a: Capuccino|Tail Slap|p2a: Deoxys-Defense","|-crit|p2a: Deoxys-Defense","|-damage|p2a: Deoxys-Defense|48/304","|-damage|p2a: Deoxys-Defense|24/304","|-damage|p2a: Deoxys-Defense|2/304","|-damage|p2a: Deoxys-Defense|0 fnt","|-hitcount|p2a: Deoxys-Defense|4","|faint|p2a: Deoxys-Defense","|","|","|switch|p2a: Jirachi|Jirachi|403/403","|turn|13","|","|move|p1a: Capuccino|U-turn|p2a: Jirachi","|-damage|p2a: Jirachi|338/403","|","|switch|p1a: Transformer|Ditto|299/299","|-transform|p1a: Transformer|p2a: Jirachi","|move|p2a: Jirachi|Substitute|p2a: Jirachi","|-start|p2a: Jirachi|Substitute","|-damage|p2a: Jirachi|238/403","|","|-heal|p2a: Jirachi|263/403|[from] item: Leftovers","|turn|14","|","|move|p1a: Transformer|Iron Head|p2a: Jirachi","|-crit|p2a: Jirachi","|-resisted|p2a: Jirachi","|-activate|p2a: Jirachi|Substitute|[damage]","|move|p2a: Jirachi|Thunder Wave|p1a: Transformer","|-status|p1a: Transformer|par","|","|-heal|p2a: Jirachi|288/403|[from] item: Leftovers","|turn|15","|","|move|p2a: Jirachi|Iron Head|p1a: Transformer","|-resisted|p1a: Transformer","|-damage|p1a: Transformer|250/299 par","|move|p1a: Transformer|Iron Head|p2a: Jirachi","|-resisted|p2a: Jirachi","|-end|p2a: Jirachi|Substitute","|","|-heal|p2a: Jirachi|313/403|[from] item: Leftovers","|turn|16","|","|switch|p1a: Bird Jesus|Pidgeot, F|307/307","|move|p2a: Jirachi|Iron Head|p1a: Bird Jesus","|-damage|p1a: Bird Jesus|192/307","|","|-heal|p2a: Jirachi|338/403|[from] item: Leftovers","|turn|17","|","|detailschange|p1a: Bird Jesus|Pidgeot-Mega, F","|-mega|p1a: Bird Jesus|Pidgeot|Pidgeotite","|move|p1a: Bird Jesus|Heat Wave|p2a: Jirachi","|-supereffective|p2a: Jirachi","|-damage|p2a: Jirachi|176/403","|move|p2a: Jirachi|Thunder Wave|p1a: Bird Jesus","|-status|p1a: Bird Jesus|par","|","|-heal|p2a: Jirachi|201/403|[from] item: Leftovers","|turn|18","|","|move|p2a: Jirachi|Iron Head|p1a: Bird Jesus","|-damage|p1a: Bird Jesus|80/307 par","|cant|p1a: Bird Jesus|flinch","|","|-heal|p2a: Jirachi|226/403|[from] item: Leftovers","|turn|19","|","|move|p2a: Jirachi|Iron Head|p1a: Bird Jesus","|-damage|p1a: Bird Jesus|0 fnt","|faint|p1a: Bird Jesus","|","|-heal|p2a: Jirachi|251/403|[from] item: Leftovers","|","|switch|p1a: Your Fat Friend|Snorlax, M|524/524","|turn|20","|","|move|p2a: Jirachi|Thunder Wave|p1a: Your Fat Friend","|-status|p1a: Your Fat Friend|par","|cant|p1a: Your Fat Friend|par","|","|-heal|p2a: Jirachi|276/403|[from] item: Leftovers","|turn|21","|","|move|p2a: Jirachi|Iron Head|p1a: Your Fat Friend","|-crit|p1a: Your Fat Friend","|-damage|p1a: Your Fat Friend|319/524 par","|cant|p1a: Your Fat Friend|par","|","|-heal|p2a: Jirachi|301/403|[from] item: Leftovers","|-heal|p1a: Your Fat Friend|351/524 par|[from] item: Leftovers","|turn|22","|","|move|p2a: Jirachi|Iron Head|p1a: Your Fat Friend","|-damage|p1a: Your Fat Friend|219/524 par","|cant|p1a: Your Fat Friend|flinch","|","|-heal|p2a: Jirachi|326/403|[from] item: Leftovers","|-heal|p1a: Your Fat Friend|251/524 par|[from] item: Leftovers","|turn|23","|","|move|p2a: Jirachi|Iron Head|p1a: Your Fat Friend","|-damage|p1a: Your Fat Friend|113/524 par","|move|p1a: Your Fat Friend|Rest|p1a: Your Fat Friend","|-status|p1a: Your Fat Friend|slp","|-heal|p1a: Your Fat Friend|524/524 slp|[silent]","|-status|p1a: Your Fat Friend|slp|[from] move: Rest","|","|-heal|p2a: Jirachi|351/403|[from] item: Leftovers","|turn|24","|","|move|p2a: Jirachi|Iron Head|p1a: Your Fat Friend","|-damage|p1a: Your Fat Friend|380/524 slp","|cant|p1a: Your Fat Friend|slp","|cant|p1a: Your Fat Friend|flinch","|","|-heal|p2a: Jirachi|376/403|[from] item: Leftovers","|-heal|p1a: Your Fat Friend|412/524 slp|[from] item: Leftovers","|turn|25","|","|move|p2a: Jirachi|Iron Head|p1a: Your Fat Friend","|-damage|p1a: Your Fat Friend|283/524 slp","|cant|p1a: Your Fat Friend|slp","|move|p1a: Your Fat Friend|Sleep Talk|p1a: Your Fat Friend","|move|p1a: Your Fat Friend|Rest|p1a: Your Fat Friend|[from]Sleep Talk","|-fail|p1a: Your Fat Friend","|","|-heal|p2a: Jirachi|401/403|[from] item: Leftovers","|-heal|p1a: Your Fat Friend|315/524 slp|[from] item: Leftovers","|turn|26","|","|move|p2a: Jirachi|Substitute|p2a: Jirachi","|-start|p2a: Jirachi|Substitute","|-damage|p2a: Jirachi|301/403","|-curestatus|p1a: Your Fat Friend|slp","|move|p1a: Your Fat Friend|Body Slam|p2a: Jirachi","|-resisted|p2a: Jirachi","|-activate|p2a: Jirachi|Substitute|[damage]","|","|-heal|p2a: Jirachi|326/403|[from] item: Leftovers","|-heal|p1a: Your Fat Friend|347/524|[from] item: Leftovers","|turn|27","|","|win|Emg GL Test Tech"],"p1rating":{"entryid":"5821777","serverid":"eos","formatid":"monotype","userid":"carniemarx","username":"Carnie Marx","w":"64","l":79,"t":"0","gxe":45,"r":1464.6029795636,"rd":35.938530580638,"sigma":"0","rptime":1438765200,"rpr":1462.4396602897,"rprd":35.790549422866,"rpsigma":"0","acre":1049.2051427742,"lacre":1049.2051427742,"oldacre":"1060.7221605415"},"p2rating":{"entryid":"7162853","serverid":"eos","formatid":"monotype","userid":"emggltesttech","username":"Emg GL Test Tech","w":11,"l":"3","t":"0","gxe":68,"r":"1612.3296444451","rd":"99.805079559002","sigma":"0","rptime":"1438765200","rpr":1645.0617967137,"rprd":79.893782449789,"rpsigma":"0","acre":1221.8563092733,"lacre":1221.8563092733,"oldacre":"1206.7882455877"},"endType":"forfeit"}