{"seed":[55403,48223,62806,1051],"turns":23,"p1":"LightOfAKnowing","p2":"Rain ☆ S.Herbs","p1team":[{"name":"Gurdurr","species":"Gurdurr","item":"eviolite","ability":"Guts","moves":["bulkup","drainpunch","stoneedge","knockoff"],"nature":"Adamant","evs":{"hp":248,"atk":252,"def":0,"spa":0,"spd":8,"spe":0},"ivs":{"hp":31,"atk":31,"def":31,"spa":31,"spd":31,"spe":31}},{"name":"Hawlucha","species":"Hawlucha","item":"sitrusberry","ability":"Unburden","moves":["substitute","poweruppunch","acrobatics","drainpunch"],"nature":"Adamant","evs":{"hp":4,"atk":252,"def":0,"spa":0,"spd":0,"spe":252},"ivs":{"hp":31,"atk":31,"def":31,"spa":31,"spd":31,"spe":31}},{"name":"Gallade","species":"Gallade","item":"galladite","ability":"Steadfast","moves":["substitute","swordsdance","brickbreak","psychocut"],"nature":"Adamant","evs":{"hp":248,"atk":252,"def":0,"spa":0,"spd":8,"spe":0},"ivs":{"hp":31,"atk":31,"def":31,"spa":31,"spd":31,"spe":31}},{"name":"Machamp","species":"Machamp","item":"choiceband","ability":"No Guard","moves":["knockoff","bulletpunch","stoneedge","dynamicpunch"],"nature":"Adamant","evs":{"hp":248,"atk":252,"def":0,"spa":0,"spd":8,"spe":0},"ivs":{"hp":31,"atk":31,"def":31,"spa":31,"spd":31,"spe":31}},{"name":"Keldeo","species":"Keldeo","item":"leftovers","ability":"Justified","moves":["calmmind","scald","secretsword","icywind"],"nature":"Timid","evs":{"hp":0,"atk":0,"def":0,"spa":252,"spd":4,"spe":252},"ivs":{"hp":31,"atk":31,"def":31,"spa":31,"spd":31,"spe":31}},{"name":"Hitmontop","species":"Hitmontop","item":"choiceband","ability":"Technician","moves":["rapidspin","machpunch","pursuit","bulletpunch"],"nature":"Adamant","evs":{"hp":248,"atk":252,"def":0,"spa":0,"spd":8,"spe":0},"ivs":{"hp":31,"atk":31,"def":31,"spa":31,"spd":31,"spe":31}}],"p2team":[{"name":"Landorus","species":"Landorus","item":"assaultvest","ability":"Sheer Force","moves":["earthpower","stoneedge","sludgewave","grassknot"],"nature":"Naive","evs":{"hp":0,"atk":4,"def":0,"spa":252,"spd":0,"spe":252},"ivs":{"hp":31,"atk":31,"def":31,"spa":31,"spd":31,"spe":31}},{"name":"Hippowdon","species":"Hippowdon","item":"leftovers","ability":"Sand Stream","moves":["earthquake","crunch","stealthrock","toxic"],"nature":"Impish","evs":{"hp":248,"atk":8,"def":252,"spa":0,"spd":0,"spe":0},"ivs":{"hp":31,"atk":31,"def":31,"spa":31,"spd":31,"spe":31}},{"name":"Mamoswine","species":"Mamoswine","item":"lifeorb","ability":"Thick Fat","moves":["iceshard","iciclecrash","earthquake","rockslide"],"nature":"Jolly","evs":{"hp":0,"atk":252,"def":0,"spa":0,"spd":4,"spe":252},"ivs":{"hp":31,"atk":31,"def":31,"spa":31,"spd":31,"spe":31}},{"name":"Garchomp","species":"Garchomp","item":"garchompite","ability":"Rough Skin","moves":["flamethrower","earthquake","dracometeor","ironhead"],"nature":"Rash","evs":{"hp":0,"atk":252,"def":0,"spa":4,"spd":0,"spe":252},"ivs":{"hp":31,"atk":31,"def":31,"spa":31,"spd":31,"spe":31}},{"name":"Gastrodon","species":"Gastrodon","item":"leftovers","ability":"Storm Drain","moves":["icebeam","earthpower","toxic","recover"],"nature":"Bold","evs":{"hp":252,"atk":0,"def":0,"spa":4,"spd":252,"spe":0},"ivs":{"hp":31,"atk":31,"def":31,"spa":31,"spd":31,"spe":31}},{"name":"Excadrill","species":"Excadrill","item":"airballoon","ability":"Sand Rush","moves":["ironhead","earthquake","swordsdance","rockslide"],"nature":"Adamant","evs":{"hp":0,"atk":252,"def":0,"spa":0,"spd":4,"spe":252},"shiny":true,"ivs":{"hp":31,"atk":31,"def":31,"spa":31,"spd":31,"spe":31}}],"log":["|player|p1|LightOfAKnowing|lightofaknowing.png","|player|p2|Rain ☆ S.Herbs|154","|gametype|singles","|gen|6","|tier|Monotype","|rated","|rule|Baton Pass Clause: Limit one Baton Passer, can't pass Spe and other stats simultaneously","|rule|Swagger Clause: Swagger is banned","|rule|Same Type Clause: Pokémon in a team must share a type","|clearpoke","|poke|p1|Gurdurr, M","|poke|p1|Hawlucha, M","|poke|p1|Gallade, M","|poke|p1|Machamp, F","|poke|p1|Keldeo","|poke|p1|Hitmontop, M","|poke|p2|Landorus, M","|poke|p2|Hippowdon, F","|poke|p2|Mamoswine, F","|poke|p2|Garchomp, M","|poke|p2|Gastrodon, F","|poke|p2|Excadrill, F, shiny","|rule|Sleep Clause Mod: Limit one foe put to sleep","|rule|Species Clause: Limit one of each Pokémon","|rule|OHKO Clause: OHKO moves are banned","|rule|Moody Clause: Moody is banned","|rule|Evasion Moves Clause: Evasion moves are banned","|rule|Endless Battle Clause: Forcing endless battles is banned","|rule|HP Percentage Mod: HP is shown in percentages","|teampreview","|","|start","|switch|p1a: Gallade|Gallade, M|339/339","|switch|p2a: Garchomp|Garchomp, M|357/357","|turn|1","|","|detailschange|p2a: Garchomp|Garchomp-Mega, M","|-mega|p2a: Garchomp|Garchomp|Garchompite","|detailschange|p1a: Gallade|Gallade-Mega, M","|-mega|p1a: Gallade|Gallade|Galladite","|move|p2a: Garchomp|Earthquake|p1a: Gallade","|-damage|p1a: Gallade|120/339","|move|p1a: Gallade|Substitute|p1a: Gallade","|-start|p1a: Gallade|Substitute","|-damage|p1a: Gallade|36/339","|","|turn|2","|","|move|p2a: Garchomp|Earthquake|p1a: Gallade","|-end|p1a: Gallade|Substitute","|move|p1a: Gallade|Brick Break|p2a: Garchomp","|-damage|p2a: Garchomp|207/357","|","|turn|3","|","|switch|p2a: Hippowdon|Hippowdon, F|419/419","|-weather|Sandstorm","|move|p1a: Gallade|Brick Break|p2a: Hippowdon","|-damage|p2a: Hippowdon|310/419","|","|-weather|Sandstorm|[upkeep]","|-damage|p1a: Gallade|15/339|[from] sandstorm","|-heal|p2a: Hippowdon|336/419|[from] item: Leftovers","|turn|4","|","|move|p1a: Gallade|Psycho Cut|p2a: Hippowdon","|-damage|p2a: Hippowdon|237/419","|move|p2a: Hippowdon|Stealth Rock|p1a: Gallade","|-sidestart|p1: LightOfAKnowing|move: Stealth Rock","|","|-weather|Sandstorm|[upkeep]","|-damage|p1a: Gallade|0 fnt|[from] sandstorm","|-heal|p2a: Hippowdon|263/419|[from] item: Leftovers","|faint|p1a: Gallade","|","|switch|p1a: Machamp|Machamp, F|383/383","|-damage|p1a: Machamp|360/383|[from] Stealth Rock","|turn|5","|","|move|p1a: Machamp|Dynamic Punch|p2a: Hippowdon","|-damage|p2a: Hippowdon|74/419","|-start|p2a: Hippowdon|confusion","|-activate|p2a: Hippowdon|confusion","|move|p2a: Hippowdon|Toxic|p1a: Machamp","|-status|p1a: Machamp|tox","|","|-weather|Sandstorm|[upkeep]","|-damage|p1a: Machamp|337/383 tox|[from] sandstorm","|-heal|p2a: Hippowdon|100/419|[from] item: Leftovers","|-damage|p1a: Machamp|314/383 tox|[from] psn","|turn|6","|","|switch|p1a: Hawlucha|Hawlucha, M|298/298","|-damage|p1a: Hawlucha|261/298|[from] Stealth Rock","|switch|p2a: Gastrodon|Gastrodon, F|426/426","|","|-weather|Sandstorm|[upkeep]","|-damage|p1a: Hawlucha|243/298|[from] sandstorm","|turn|7","|","|move|p1a: Hawlucha|Substitute|p1a: Hawlucha","|-start|p1a: Hawlucha|Substitute","|-damage|p1a: Hawlucha|169/298","|move|p2a: Gastrodon|Ice Beam|p1a: Hawlucha","|-supereffective|p1a: Hawlucha","|-end|p1a: Hawlucha|Substitute","|","|-weather|none","|turn|8","|","|move|p1a: Hawlucha|Drain Punch|p2a: Gastrodon","|-damage|p2a: Gastrodon|291/426","|-heal|p1a: Hawlucha|237/298|[from] drain|[of] p2a: Gastrodon","|move|p2a: Gastrodon|Ice Beam|p1a: Hawlucha","|-supereffective|p1a: Hawlucha","|-damage|p1a: Hawlucha|41/298","|-enditem|p1a: Hawlucha|Sitrus Berry|[eat]","|-heal|p1a: Hawlucha|115/298|[from] item: Sitrus Berry","|","|-heal|p2a: Gastrodon|317/426|[from] item: Leftovers","|turn|9","|","|move|p1a: Hawlucha|Acrobatics|p2a: Gastrodon","|-damage|p2a: Gastrodon|94/426","|move|p2a: Gastrodon|Ice Beam|p1a: Hawlucha","|-supereffective|p1a: Hawlucha","|-damage|p1a: Hawlucha|0 fnt","|faint|p1a: Hawlucha","|","|-heal|p2a: Gastrodon|120/426|[from] item: Leftovers","|","|switch|p1a: Keldeo|Keldeo|323/323","|-damage|p1a: Keldeo|303/323|[from] Stealth Rock","|turn|10","|","|move|p1a: Keldeo|Calm Mind|p1a: Keldeo","|-boost|p1a: Keldeo|spa|1","|-boost|p1a: Keldeo|spd|1","|move|p2a: Gastrodon|Recover|p2a: Gastrodon","|-heal|p2a: Gastrodon|333/426","|","|-heal|p1a: Keldeo|323/323|[from] item: Leftovers","|-heal|p2a: Gastrodon|359/426|[from] item: Leftovers","|turn|11","|","|move|p1a: Keldeo|Calm Mind|p1a: Keldeo","|-boost|p1a: Keldeo|spa|1","|-boost|p1a: Keldeo|spd|1","|move|p2a: Gastrodon|Toxic|p1a: Keldeo","|-status|p1a: Keldeo|tox","|","|-heal|p2a: Gastrodon|385/426|[from] item: Leftovers","|-damage|p1a: Keldeo|303/323 tox|[from] psn","|turn|12","|","|move|p1a: Keldeo|Secret Sword|p2a: Gastrodon","|-damage|p2a: Gastrodon|33/426","|move|p2a: Gastrodon|Earth Power|p1a: Keldeo","|-damage|p1a: Keldeo|249/323 tox","|","|-heal|p1a: Keldeo|269/323 tox|[from] item: Leftovers","|-heal|p2a: Gastrodon|59/426|[from] item: Leftovers","|-damage|p1a: Keldeo|229/323 tox|[from] psn","|turn|13","|","|move|p1a: Keldeo|Secret Sword|p2a: Gastrodon","|-damage|p2a: Gastrodon|0 fnt","|faint|p2a: Gastrodon","|","|-heal|p1a: Keldeo|249/323 tox|[from] item: Leftovers","|-damage|p1a: Keldeo|189/323 tox|[from] psn","|","|switch|p2a: Hippowdon|Hippowdon, F|100/419","|-weather|Sandstorm","|turn|14","|","|move|p1a: Keldeo|Secret Sword|p2a: Hippowdon","|-damage|p2a: Hippowdon|0 fnt","|faint|p2a: Hippowdon","|","|-weather|Sandstorm|[upkeep]","|-damage|p1a: Keldeo|169/323 tox|[from] sandstorm","|-heal|p1a: Keldeo|189/323 tox|[from] item: Leftovers","|-damage|p1a: Keldeo|109/323 tox|[from] psn","|","|switch|p2a: Excadrill|Excadrill, F, shiny|361/361","|-item|p2a: Excadrill|Air Balloon","|turn|15","|","|move|p2a: Excadrill|Earthquake|p1a: Keldeo","|-damage|p1a: Keldeo|0 fnt","|faint|p1a: Keldeo","|","|-weather|Sandstorm|[upkeep]","|","|switch|p1a: Hitmontop|Hitmontop, M|303/303","|-damage|p1a: Hitmontop|285/303|[from] Stealth Rock","|turn|16","|","|move|p1a: Hitmontop|Mach Punch|p2a: Excadrill","|-supereffective|p2a: Excadrill","|-damage|p2a: Excadrill|0 fnt","|-enditem|p2a: Excadrill|Air Balloon","|faint|p2a: Excadrill","|","|-weather|Sandstorm|[upkeep]","|-damage|p1a: Hitmontop|267/303|[from] sandstorm","|","|switch|p2a: Landorus|Landorus, M|319/319","|turn|17","|","|move|p1a: Hitmontop|Mach Punch|p2a: Landorus","|-resisted|p2a: Landorus","|-damage|p2a: Landorus|247/319","|move|p2a: Landorus|Earth Power|p1a: Hitmontop","|-damage|p1a: Hitmontop|95/303","|","|-weather|Sandstorm|[upkeep]","|-damage|p1a: Hitmontop|77/303|[from] sandstorm","|turn|18","|","|switch|p1a: Machamp|Machamp, F|314/383 tox","|-damage|p1a: Machamp|291/383 tox|[from] Stealth Rock","|move|p2a: Landorus|Earth Power|p1a: Machamp","|-damage|p1a: Machamp|66/383 tox","|","|-weather|none","|-damage|p1a: Machamp|43/383 tox|[from] psn","|turn|19","|","|switch|p2a: Mamoswine|Mamoswine, F|361/361","|move|p1a: Machamp|Bullet Punch|p2a: Mamoswine","|-supereffective|p2a: Mamoswine","|-damage|p2a: Mamoswine|171/361","|","|-damage|p1a: Machamp|0 fnt|[from] psn","|faint|p1a: Machamp","|","|switch|p1a: Hitmontop|Hitmontop, M|77/303","|-damage|p1a: Hitmontop|59/303|[from] Stealth Rock","|turn|20","|","|move|p2a: Mamoswine|Ice Shard|p1a: Hitmontop","|-damage|p1a: Hitmontop|0 fnt","|-damage|p2a: Mamoswine|135/361|[from] item: Life Orb","|faint|p1a: Hitmontop","|","|","|switch|p1a: Gurdurr|Gurdurr, M|373/373","|-damage|p1a: Gurdurr|350/373|[from] Stealth Rock","|turn|21","|","|move|p2a: Mamoswine|Icicle Crash|p1a: Gurdurr","|-damage|p1a: Gurdurr|212/373","|-damage|p2a: Mamoswine|99/361|[from] item: Life Orb","|move|p1a: Gurdurr|Bulk Up|p1a: Gurdurr","|-boost|p1a: Gurdurr|atk|1","|-boost|p1a: Gurdurr|def|1","|","|turn|22","|","|move|p2a: Mamoswine|Earthquake|p1a: Gurdurr","|-damage|p1a: Gurdurr|87/373","|-damage|p2a: Mamoswine|63/361|[from] item: Life Orb","|move|p1a: Gurdurr|Drain Punch|p2a: Mamoswine","|-supereffective|p2a: Mamoswine","|-damage|p2a: Mamoswine|0 fnt","|-heal|p1a: Gurdurr|119/373|[from] drain|[of] p2a: Mamoswine","|faint|p2a: Mamoswine","|","|","|switch|p2a: Landorus|Landorus, M|247/319","|turn|23","|","|move|p2a: Landorus|Earth Power|p1a: Gurdurr","|-damage|p1a: Gurdurr|0 fnt","|faint|p1a: Gurdurr","|","|win|Rain ☆ S.Herbs"],"p1rating":{"entryid":"386","serverid":"eos","formatid":"monotype","userid":"lightofaknowing","username":"LightOfAKnowing","w":"40","l":51,"t":"0","gxe":46,"r":"1477.0084457048","rd":"41.434222905381","sigma":"0","rptime":"1440666000","rpr":1469.8782897636,"rprd":38.912598167147,"rpsigma":"0","acre":1069.673027727,"lacre":1069.673027727,"oldacre":"1099.719864683"},"p2rating":{"entryid":"61538","serverid":"eos","formatid":"monotype","userid":"rainsherbs","username":"Rain ☆ S.Herbs","w":17,"l":"20","t":"0","gxe":46.6,"r":"1484.4870629498","rd":"58.185426103244","sigma":"0","rptime":"1440666000","rpr":1473.8237625845,"rprd":55.52322837164,"rpsigma":"0","acre":1070.9944923366,"lacre":1070.9944923366,"oldacre":"1027.8718350277"},"endType":"normal"}