{"seed":[58620,59084,18212,12542],"turns":21,"p1":"Alliance ♋ akaFila","p2":"SL Espeon","p1team":[{"name":"Landorus","species":"Landorus","item":"lifeorb","ability":"Sheer Force","moves":["earthpower","focusblast","psychic","gravity"],"nature":"Timid","evs":{"hp":0,"atk":0,"def":0,"spa":252,"spd":4,"spe":252},"ivs":{"hp":31,"atk":31,"def":31,"spa":31,"spd":31,"spe":31}},{"name":"Zygarde","species":"Zygarde","item":"leftovers","ability":"Aura Break","moves":["coil","earthquake","crunch","extremespeed"],"nature":"Impish","evs":{"hp":200,"atk":0,"def":252,"spa":0,"spd":0,"spe":56},"ivs":{"hp":31,"atk":31,"def":31,"spa":31,"spd":31,"spe":31}},{"name":"Mamoswine","species":"Mamoswine","item":"focussash","ability":"Thick Fat","moves":["stealthrock","freezedry","earthquake","iceshard"],"nature":"Naive","evs":{"hp":0,"atk":252,"def":0,"spa":6,"spd":0,"spe":252},"ivs":{"hp":31,"atk":31,"def":31,"spa":31,"spd":31,"spe":31}},{"name":"Gastrodon","species":"Gastrodon","item":"leftovers","ability":"Storm Drain","moves":["scald","stockpile","toxic","recover"],"nature":"Calm","evs":{"hp":252,"atk":0,"def":120,"spa":0,"spd":136,"spe":0},"gender":"F","shiny":true,"ivs":{"hp":31,"atk":31,"def":31,"spa":31,"spd":31,"spe":31}},{"name":"Torterra","species":"Torterra","item":"salacberry","ability":"Overgrow","moves":["rockpolish","seedbomb","earthquake","stoneedge"],"nature":"Adamant","evs":{"hp":0,"atk":252,"def":0,"spa":0,"spd":4,"spe":252},"happiness":0,"ivs":{"hp":31,"atk":31,"def":31,"spa":31,"spd":31,"spe":31}},{"name":"Excadrill","species":"Excadrill","item":"choicescarf","ability":"Mold Breaker","moves":["earthquake","ironhead","rockslide","xscissor"],"nature":"Jolly","evs":{"hp":0,"atk":252,"def":0,"spa":0,"spd":4,"spe":252},"ivs":{"hp":31,"atk":31,"def":31,"spa":31,"spd":31,"spe":31}}],"p2team":[{"name":"Jirachi","species":"Jirachi","item":"choicescarf","ability":"Serene Grace","moves":["ironhead","uturn","zenheadbutt","icepunch"],"nature":"Jolly","evs":{"hp":0,"atk":252,"def":0,"spa":0,"spd":4,"spe":252},"ivs":{"hp":31,"atk":31,"def":31,"spa":31,"spd":31,"spe":31}},{"name":"Magnezone","species":"Magnezone","item":"choicescarf","ability":"Sturdy","moves":["voltswitch","thunderbolt","hiddenpowerice","flashcannon"],"nature":"Timid","evs":{"hp":0,"atk":0,"def":0,"spa":252,"spd":4,"spe":252},"ivs":{"hp":31,"atk":30,"def":30,"spa":31,"spd":31,"spe":31}},{"name":"Excadrill","species":"Excadrill","item":"choicescarf","ability":"Mold Breaker","moves":["rockslide","ironhead","xscissor","earthquake"],"nature":"Jolly","evs":{"hp":0,"atk":252,"def":0,"spa":0,"spd":4,"spe":252},"ivs":{"hp":31,"atk":31,"def":31,"spa":31,"spd":31,"spe":31}},{"name":"Lucario","species":"Lucario","item":"lifeorb","ability":"Inner Focus","moves":["vacuumwave","aurasphere","flashcannon","shadowball"],"nature":"Timid","evs":{"hp":0,"atk":0,"def":0,"spa":252,"spd":4,"spe":252},"ivs":{"hp":31,"atk":31,"def":31,"spa":31,"spd":31,"spe":31}},{"name":"Skarmory","species":"Skarmory","item":"rockyhelmet","ability":"Sturdy","moves":["bravebird","roost","stealthrock","defog"],"nature":"Impish","evs":{"hp":248,"atk":0,"def":236,"spa":0,"spd":0,"spe":24},"ivs":{"hp":31,"atk":31,"def":31,"spa":31,"spd":31,"spe":31}},{"name":"Heatran","species":"Heatran","item":"airballoon","ability":"Flash Fire","moves":["lavaplume","earthpower","protect","willowisp"],"nature":"Calm","evs":{"hp":248,"atk":0,"def":0,"spa":8,"spd":252,"spe":0},"ivs":{"hp":31,"atk":31,"def":31,"spa":31,"spd":31,"spe":31}}],"log":["|player|p1|Alliance ♋ akaFila|allianceakafila.gif","|player|p2|SL Espeon|70","|gametype|singles","|gen|6","|tier|Monotype","|rated","|rule|Baton Pass Clause: Limit one Baton Passer, can't pass Spe and other stats simultaneously","|rule|Swagger Clause: Swagger is banned","|rule|Same Type Clause: Pokémon in a team must share a type","|clearpoke","|poke|p1|Landorus, M","|poke|p1|Zygarde","|poke|p1|Mamoswine, M","|poke|p1|Gastrodon, F, shiny","|poke|p1|Torterra, F","|poke|p1|Excadrill, F","|poke|p2|Jirachi","|poke|p2|Magnezone","|poke|p2|Excadrill, M","|poke|p2|Lucario, F","|poke|p2|Skarmory, F","|poke|p2|Heatran, F","|rule|Sleep Clause Mod: Limit one foe put to sleep","|rule|Species Clause: Limit one of each Pokémon","|rule|OHKO Clause: OHKO moves are banned","|rule|Moody Clause: Moody is banned","|rule|Evasion Moves Clause: Evasion moves are banned","|rule|Endless Battle Clause: Forcing endless battles is banned","|rule|HP Percentage Mod: HP is shown in percentages","|teampreview","|","|start","|switch|p1a: Gastrodon|Gastrodon, F, shiny|426/426","|switch|p2a: Jirachi|Jirachi|341/341","|turn|1","|","|move|p2a: Jirachi|U-turn|p1a: Gastrodon","|-damage|p1a: Gastrodon|339/426","|","|switch|p2a: Skarmory|Skarmory, F|333/333","|move|p1a: Gastrodon|Scald|p2a: Skarmory","|-damage|p2a: Skarmory|215/333","|-status|p2a: Skarmory|brn","|","|-heal|p1a: Gastrodon|365/426|[from] item: Leftovers","|-damage|p2a: Skarmory|174/333 brn|[from] brn","|turn|2","|","|move|p2a: Skarmory|Stealth Rock|p1a: Gastrodon","|-sidestart|p1: Alliance ♋ akaFila|move: Stealth Rock","|move|p1a: Gastrodon|Scald|p2a: Skarmory","|-damage|p2a: Skarmory|47/333 brn","|","|-heal|p1a: Gastrodon|391/426|[from] item: Leftovers","|-damage|p2a: Skarmory|6/333 brn|[from] brn","|turn|3","|","|move|p2a: Skarmory|Brave Bird|p1a: Gastrodon","|-damage|p1a: Gastrodon|328/426","|-damage|p2a: Skarmory|0 fnt|[from] recoil|[of] p1a: Gastrodon","|faint|p2a: Skarmory","|move|p1a: Gastrodon|Scald|p2: Skarmory|[notarget]","|-notarget","|","|-heal|p1a: Gastrodon|354/426|[from] item: Leftovers","|","|switch|p2a: Lucario|Lucario, F|281/281","|turn|4","|","|move|p2a: Lucario|Aura Sphere|p1a: Gastrodon","|-crit|p1a: Gastrodon","|-damage|p1a: Gastrodon|132/426","|-damage|p2a: Lucario|253/281|[from] item: Life Orb","|move|p1a: Gastrodon|Scald|p2a: Lucario","|-damage|p2a: Lucario|133/281","|-status|p2a: Lucario|brn","|","|-heal|p1a: Gastrodon|158/426|[from] item: Leftovers","|-damage|p2a: Lucario|98/281 brn|[from] brn","|turn|5","|","|move|p2a: Lucario|Aura Sphere|p1a: Gastrodon","|-damage|p1a: Gastrodon|0 fnt","|-damage|p2a: Lucario|70/281 brn|[from] item: Life Orb","|faint|p1a: Gastrodon","|","|-damage|p2a: Lucario|35/281 brn|[from] brn","|","|switch|p1a: Torterra|Torterra, F|331/331","|-damage|p1a: Torterra|311/331|[from] Stealth Rock","|turn|6","|","|move|p2a: Lucario|Aura Sphere|p1a: Torterra","|-damage|p1a: Torterra|119/331","|-damage|p2a: Lucario|7/281 brn|[from] item: Life Orb","|move|p1a: Torterra|Rock Polish|p1a: Torterra","|-boost|p1a: Torterra|spe|2","|","|-damage|p2a: Lucario|0 fnt|[from] brn","|faint|p2a: Lucario","|","|switch|p2a: Magnezone|Magnezone|281/281","|turn|7","|","|move|p1a: Torterra|Earthquake|p2a: Magnezone","|-supereffective|p2a: Magnezone","|-ability|p2a: Magnezone|Sturdy","|-damage|p2a: Magnezone|1/281","|move|p2a: Magnezone|Hidden Power|p1a: Torterra","|-supereffective|p1a: Torterra","|-damage|p1a: Torterra|0 fnt","|faint|p1a: Torterra","|","|","|switch|p1a: Mamoswine|Mamoswine, M|361/361","|-damage|p1a: Mamoswine|316/361|[from] Stealth Rock","|turn|8","|","|move|p1a: Mamoswine|Ice Shard|p2a: Magnezone","|-resisted|p2a: Magnezone","|-damage|p2a: Magnezone|0 fnt","|faint|p2a: Magnezone","|","|","|switch|p2a: Heatran|Heatran, F|385/385","|-item|p2a: Heatran|Air Balloon","|turn|9","|","|move|p1a: Mamoswine|Ice Shard|p2a: Heatran","|-resisted|p2a: Heatran","|-damage|p2a: Heatran|369/385","|-enditem|p2a: Heatran|Air Balloon","|move|p2a: Heatran|Will-O-Wisp|p1a: Mamoswine","|-status|p1a: Mamoswine|brn","|","|-damage|p1a: Mamoswine|271/361 brn|[from] brn","|turn|10","|","|move|p2a: Heatran|Protect|p2a: Heatran","|-singleturn|p2a: Heatran|Protect","|move|p1a: Mamoswine|Earthquake|p2a: Heatran","|-activate|p2a: Heatran|Protect","|","|-damage|p1a: Mamoswine|226/361 brn|[from] brn","|turn|11","|","|move|p1a: Mamoswine|Earthquake|p2a: Heatran","|-supereffective|p2a: Heatran","|-damage|p2a: Heatran|21/385","|move|p2a: Heatran|Lava Plume|p1a: Mamoswine","|-supereffective|p1a: Mamoswine","|-damage|p1a: Mamoswine|38/361 brn","|","|-damage|p1a: Mamoswine|0 fnt|[from] brn","|faint|p1a: Mamoswine","|","|switch|p1a: Excadrill|Excadrill, F|361/361","|-damage|p1a: Excadrill|350/361|[from] Stealth Rock","|-ability|p1a: Excadrill|Mold Breaker","|turn|12","|","|move|p2a: Heatran|Protect|p2a: Heatran","|-singleturn|p2a: Heatran|Protect","|move|p1a: Excadrill|Earthquake|p2a: Heatran","|-activate|p2a: Heatran|Protect","|","|turn|13","|","|move|p1a: Excadrill|Earthquake|p2a: Heatran","|-supereffective|p2a: Heatran","|-damage|p2a: Heatran|0 fnt","|faint|p2a: Heatran","|","|","|switch|p2a: Excadrill|Excadrill, M|361/361","|-ability|p2a: Excadrill|Mold Breaker","|turn|14","|","|move|p2a: Excadrill|Earthquake|p1a: Excadrill","|-supereffective|p1a: Excadrill","|-damage|p1a: Excadrill|0 fnt","|faint|p1a: Excadrill","|","|","|switch|p1a: Zygarde|Zygarde|407/407","|-damage|p1a: Zygarde|382/407|[from] Stealth Rock","|-ability|p1a: Zygarde|Aura Break","|turn|15","|","|move|p2a: Excadrill|Earthquake|p1a: Zygarde","|-damage|p1a: Zygarde|265/407","|move|p1a: Zygarde|Coil|p1a: Zygarde","|-boost|p1a: Zygarde|atk|1","|-boost|p1a: Zygarde|def|1","|-boost|p1a: Zygarde|accuracy|1","|","|-heal|p1a: Zygarde|290/407|[from] item: Leftovers","|turn|16","|","|switch|p2a: Jirachi|Jirachi|341/341","|move|p1a: Zygarde|Coil|p1a: Zygarde","|-boost|p1a: Zygarde|atk|1","|-boost|p1a: Zygarde|def|1","|-boost|p1a: Zygarde|accuracy|1","|","|-heal|p1a: Zygarde|315/407|[from] item: Leftovers","|turn|17","|","|move|p2a: Jirachi|Ice Punch|p1a: Zygarde","|-supereffective|p1a: Zygarde","|-damage|p1a: Zygarde|219/407","|-status|p1a: Zygarde|frz","|cant|p1a: Zygarde|frz","|","|-heal|p1a: Zygarde|244/407 frz|[from] item: Leftovers","|turn|18","|","|move|p2a: Jirachi|Ice Punch|p1a: Zygarde","|-supereffective|p1a: Zygarde","|-damage|p1a: Zygarde|148/407 frz","|cant|p1a: Zygarde|frz","|","|-heal|p1a: Zygarde|173/407 frz|[from] item: Leftovers","|turn|19","|","|move|p2a: Jirachi|Ice Punch|p1a: Zygarde","|-supereffective|p1a: Zygarde","|-damage|p1a: Zygarde|69/407 frz","|cant|p1a: Zygarde|frz","|","|-heal|p1a: Zygarde|94/407 frz|[from] item: Leftovers","|turn|20","|","|cant|p1a: Zygarde|frz","|move|p2a: Jirachi|Ice Punch|p1a: Zygarde","|-supereffective|p1a: Zygarde","|-damage|p1a: Zygarde|0 fnt","|faint|p1a: Zygarde","|","|","|switch|p1a: Landorus|Landorus, M|319/319","|-damage|p1a: Landorus|280/319|[from] Stealth Rock","|turn|21","|","|move|p2a: Jirachi|Ice Punch|p1a: Landorus","|-supereffective|p1a: Landorus","|-damage|p1a: Landorus|0 fnt","|faint|p1a: Landorus","|","|win|SL Espeon"],"p1rating":{"entryid":"126995","serverid":"eos","formatid":"monotype","userid":"allianceakafila","username":"Alliance ♋ akaFila","w":"21","l":14,"t":"0","gxe":57.3,"r":"1529.5030865751","rd":"60.783387894511","sigma":"0","rptime":"1440666000","rpr":1556.1707556585,"rprd":56.857388954794,"rpsigma":"0","acre":1206.8488413179,"lacre":1206.8488413179,"oldacre":"1241.4900916574"},"p2rating":{"entryid":"208929","serverid":"eos","formatid":"monotype","userid":"slespeon","username":"SL Espeon","w":6,"l":"6","t":"0","gxe":49.4,"r":"1453.7699721641","rd":"94.170740260406","sigma":"0","rptime":"1440666000","rpr":1495.6615754086,"rprd":84.074640297601,"rpsigma":"0","acre":1134.8362630575,"lacre":1134.8362630575,"oldacre":"1100.195012718"},"endType":"normal"}