{"seed":[26940,36065,58776,19935],"turns":24,"p1":"Rain Zeref","p2":"Rain Mistral","p1team":[{"name":"Dragonite","species":"Dragonite","item":"lumberry","ability":"Multiscale","moves":["flamethrower","thunderwave","icebeam","extremespeed"],"nature":"Modest","evs":{"hp":252,"atk":0,"def":4,"spa":252,"spd":0,"spe":0},"ivs":{"hp":31,"atk":31,"def":31,"spa":31,"spd":31,"spe":31}},{"name":"Goodra","species":"Goodra","item":"assaultvest","ability":"Gooey","moves":["muddywater","flamethrower","dracometeor","sludgewave"],"nature":"Modest","evs":{"hp":248,"atk":0,"def":0,"spa":252,"spd":8,"spe":0},"ivs":{"hp":31,"atk":31,"def":31,"spa":31,"spd":31,"spe":31}},{"name":"Zygarde","species":"Zygarde","item":"leftovers","ability":"Aura Break","moves":["coil","extremespeed","earthquake","dragontail"],"nature":"Adamant","evs":{"hp":252,"atk":252,"def":0,"spa":0,"spd":4,"spe":0},"ivs":{"hp":31,"atk":31,"def":31,"spa":31,"spd":31,"spe":31}},{"name":"Latios","species":"Latios","item":"choicescarf","ability":"Levitate","moves":["trick","energyball","dracometeor","icebeam"],"nature":"Timid","evs":{"hp":0,"atk":0,"def":0,"spa":252,"spd":4,"spe":252},"ivs":{"hp":31,"atk":31,"def":31,"spa":31,"spd":31,"spe":31}},{"name":"Salamence","species":"Salamence","item":"choicescarf","ability":"Moxie","moves":["crunch","outrage","earthquake","stoneedge"],"nature":"Jolly","evs":{"hp":0,"atk":252,"def":0,"spa":0,"spd":4,"spe":252},"ivs":{"hp":31,"atk":31,"def":31,"spa":31,"spd":31,"spe":31}},{"name":"Kyurem-Black","species":"Kyurem-Black","item":"choiceband","ability":"Teravolt","moves":["outrage","ironhead","fusionbolt","icebeam"],"nature":"Adamant","evs":{"hp":0,"atk":252,"def":0,"spa":0,"spd":4,"spe":252},"ivs":{"hp":31,"atk":31,"def":31,"spa":31,"spd":31,"spe":31}}],"p2team":[{"name":"Mega Ultra Chicken","species":"zapdos","item":"leftovers","ability":"Pressure","moves":["discharge","heatwave","roost","defog"],"nature":"Bold","evs":{"hp":248,"atk":0,"def":176,"spa":68,"spd":0,"spe":16},"shiny":true,"ivs":{"hp":31,"atk":31,"def":31,"spa":31,"spd":31,"spe":31}},{"name":"No Ice Please","species":"landorus","item":"lifeorb","ability":"Sheer Force","moves":["rockslide","earthpower","focusblast","sludgewave"],"nature":"Naive","evs":{"hp":0,"atk":4,"def":0,"spa":252,"spd":0,"spe":252},"shiny":true,"ivs":{"hp":31,"atk":31,"def":31,"spa":31,"spd":31,"spe":31}},{"name":"Free MAltaria","species":"dragonite","item":"weaknesspolicy","ability":"Multiscale","moves":["dragondance","outrage","earthquake","extremespeed"],"nature":"Adamant","evs":{"hp":0,"atk":252,"def":0,"spa":0,"spd":4,"spe":252},"gender":"F","ivs":{"hp":31,"atk":31,"def":31,"spa":31,"spd":31,"spe":31}},{"name":"Frostwing","species":"articuno","item":"leftovers","ability":"Pressure","moves":["freezedry","roost","roar","healbell"],"nature":"Calm","evs":{"hp":252,"atk":0,"def":0,"spa":4,"spd":252,"spe":0},"shiny":true,"ivs":{"hp":31,"atk":31,"def":31,"spa":31,"spd":31,"spe":31}},{"name":"Swords Dance","species":"skarmory","item":"rockyhelmet","ability":"Sturdy","moves":["counter","defog","stealthrock","roost"],"nature":"Bold","evs":{"hp":248,"atk":0,"def":236,"spa":0,"spd":0,"spe":24},"gender":"F","shiny":true,"ivs":{"hp":31,"atk":31,"def":31,"spa":31,"spd":31,"spe":31}},{"name":"Free Megazard X","species":"gyarados","item":"gyaradosite","ability":"Intimidate","moves":["dragondance","waterfall","crunch","earthquake"],"nature":"Adamant","evs":{"hp":0,"atk":252,"def":0,"spa":0,"spd":4,"spe":252},"gender":"F","shiny":true,"ivs":{"hp":31,"atk":31,"def":31,"spa":31,"spd":31,"spe":31}}],"log":["|player|p1|Rain Zeref|rainzeref.png","|player|p2|Rain Mistral|52","|gametype|singles","|gen|6","|tier|Monotype","|rated","|rule|Baton Pass Clause: Limit one Baton Passer, can't pass Spe and other stats simultaneously","|rule|Swagger Clause: Swagger is banned","|rule|Same Type Clause: Pokémon in a team must share a type","|clearpoke","|poke|p1|Dragonite, F","|poke|p1|Goodra, F","|poke|p1|Zygarde","|poke|p1|Latios, M","|poke|p1|Salamence, M","|poke|p1|Kyurem-Black","|poke|p2|Zapdos, shiny","|poke|p2|Landorus, M, shiny","|poke|p2|Dragonite, F","|poke|p2|Articuno, shiny","|poke|p2|Skarmory, F, shiny","|poke|p2|Gyarados, F, shiny","|rule|Sleep Clause Mod: Limit one foe put to sleep","|rule|Species Clause: Limit one of each Pokémon","|rule|OHKO Clause: OHKO moves are banned","|rule|Moody Clause: Moody is banned","|rule|Evasion Moves Clause: Evasion moves are banned","|rule|Endless Battle Clause: Forcing endless battles is banned","|rule|HP Percentage Mod: HP is shown in percentages","|teampreview","|","|start","|switch|p1a: Latios|Latios, M|301/301","|switch|p2a: Mega Ultra Chicken|Zapdos, shiny|383/383","|-ability|p2a: Mega Ultra Chicken|Pressure","|turn|1","|","|switch|p2a: Frostwing|Articuno, shiny|384/384","|-ability|p2a: Frostwing|Pressure","|move|p1a: Latios|Ice Beam|p2a: Frostwing","|-damage|p2a: Frostwing|315/384","|","|-heal|p2a: Frostwing|339/384|[from] item: Leftovers","|turn|2","|","|switch|p1a: Goodra|Goodra, F|383/383","|move|p2a: Frostwing|Freeze-Dry|p1a: Goodra","|-supereffective|p1a: Goodra","|-damage|p1a: Goodra|309/383","|","|-heal|p2a: Frostwing|363/384|[from] item: Leftovers","|turn|3","|","|move|p2a: Frostwing|Freeze-Dry|p1a: Goodra","|-supereffective|p1a: Goodra","|-damage|p1a: Goodra|237/383","|move|p1a: Goodra|Draco Meteor|p2a: Frostwing","|-damage|p2a: Frostwing|231/384","|-unboost|p1a: Goodra|spa|2","|","|-heal|p2a: Frostwing|255/384|[from] item: Leftovers","|turn|4","|","|switch|p1a: Latios|Latios, M|301/301","|move|p2a: Frostwing|Freeze-Dry|p1a: Latios","|-supereffective|p1a: Latios","|-damage|p1a: Latios|161/301","|","|-heal|p2a: Frostwing|279/384|[from] item: Leftovers","|turn|5","|","|move|p1a: Latios|Trick|p2a: Frostwing","|-activate|p1a: Latios|move: Trick|[of] p2a: Frostwing","|-item|p2a: Frostwing|Choice Scarf|[from] move: Trick","|-item|p1a: Latios|Leftovers|[from] move: Trick","|move|p2a: Frostwing|Roost|p2a: Frostwing","|-heal|p2a: Frostwing|384/384","|","|-heal|p1a: Latios|179/301|[from] item: Leftovers","|turn|6","|","|switch|p2a: Free MAltaria|Dragonite, F|323/323","|move|p1a: Latios|Ice Beam|p2a: Free MAltaria","|-supereffective|p2a: Free MAltaria","|-damage|p2a: Free MAltaria|111/323","|-enditem|p2a: Free MAltaria|Weakness Policy","|-boost|p2a: Free MAltaria|atk|2|[from] item: Weakness Policy","|-boost|p2a: Free MAltaria|spa|2|[from] item: Weakness Policy","|","|-heal|p1a: Latios|197/301|[from] item: Leftovers","|turn|7","|","|move|p2a: Free MAltaria|Extreme Speed|p1a: Latios","|-damage|p1a: Latios|0 fnt","|faint|p1a: Latios","|","|","|switch|p1a: Dragonite|Dragonite, F|386/386","|turn|8","|","|move|p2a: Free MAltaria|Outrage|p1a: Dragonite","|-supereffective|p1a: Dragonite","|-damage|p1a: Dragonite|0 fnt","|faint|p1a: Dragonite","|","|","|switch|p1a: Kyurem-Black|Kyurem-Black|391/391","|-ability|p1a: Kyurem-Black|Teravolt","|turn|9","|","|move|p1a: Kyurem-Black|Ice Beam|p2a: Free MAltaria","|-supereffective|p2a: Free MAltaria","|-damage|p2a: Free MAltaria|0 fnt","|faint|p2a: Free MAltaria","|","|","|switch|p2a: Frostwing|Articuno, shiny|384/384","|-ability|p2a: Frostwing|Pressure","|turn|10","|","|switch|p1a: Goodra|Goodra, F|237/383","|move|p2a: Frostwing|Freeze-Dry|p1a: Goodra","|-supereffective|p1a: Goodra","|-damage|p1a: Goodra|157/383","|","|turn|11","|","|move|p2a: Frostwing|Freeze-Dry|p1a: Goodra","|-supereffective|p1a: Goodra","|-damage|p1a: Goodra|83/383","|move|p1a: Goodra|Flamethrower|p2a: Frostwing","|-supereffective|p2a: Frostwing","|-damage|p2a: Frostwing|244/384","|","|turn|12","|","|move|p2a: Frostwing|Freeze-Dry|p1a: Goodra","|-supereffective|p1a: Goodra","|-damage|p1a: Goodra|5/383","|move|p1a: Goodra|Flamethrower|p2a: Frostwing","|-supereffective|p2a: Frostwing","|-damage|p2a: Frostwing|104/384","|","|turn|13","|","|move|p2a: Frostwing|Freeze-Dry|p1a: Goodra","|-supereffective|p1a: Goodra","|-damage|p1a: Goodra|0 fnt","|faint|p1a: Goodra","|","|","|switch|p1a: Salamence|Salamence, M|331/331","|turn|14","|","|switch|p2a: Mega Ultra Chicken|Zapdos, shiny|383/383","|-ability|p2a: Mega Ultra Chicken|Pressure","|move|p1a: Salamence|Stone Edge|p2a: Mega Ultra Chicken","|-supereffective|p2a: Mega Ultra Chicken","|-damage|p2a: Mega Ultra Chicken|185/383","|","|-heal|p2a: Mega Ultra Chicken|208/383|[from] item: Leftovers","|turn|15","|","|move|p1a: Salamence|Stone Edge|p2a: Mega Ultra Chicken","|-supereffective|p2a: Mega Ultra Chicken","|-damage|p2a: Mega Ultra Chicken|0 fnt","|faint|p2a: Mega Ultra Chicken","|-boost|p1a: Salamence|atk|1|[from] ability: Moxie","|","|","|switch|p2a: Swords Dance|Skarmory, F, shiny|333/333","|turn|16","|","|move|p1a: Salamence|Stone Edge|p2a: Swords Dance","|-damage|p2a: Swords Dance|235/333","|move|p2a: Swords Dance|Counter|p1a: Salamence","|-damage|p1a: Salamence|135/331","|","|turn|17","|","|switch|p1a: Kyurem-Black|Kyurem-Black|391/391","|-ability|p1a: Kyurem-Black|Teravolt","|move|p2a: Swords Dance|Roost|p2a: Swords Dance","|-heal|p2a: Swords Dance|333/333","|","|turn|18","|","|switch|p2a: Frostwing|Articuno, shiny|104/384","|-ability|p2a: Frostwing|Pressure","|move|p1a: Kyurem-Black|Fusion Bolt|p2a: Frostwing","|-supereffective|p2a: Frostwing","|-damage|p2a: Frostwing|0 fnt","|faint|p2a: Frostwing","|","|","|switch|p2a: No Ice Please|Landorus, M, shiny|319/319","|turn|19","|","|switch|p1a: Zygarde|Zygarde|420/420","|-ability|p1a: Zygarde|Aura Break","|move|p2a: No Ice Please|Focus Blast|p1a: Zygarde|[miss]","|-miss|p2a: No Ice Please|p1a: Zygarde","|","|turn|20","|","|move|p2a: No Ice Please|Earth Power|p1a: Zygarde","|-damage|p1a: Zygarde|169/420","|move|p1a: Zygarde|Coil|p1a: Zygarde","|-boost|p1a: Zygarde|atk|1","|-boost|p1a: Zygarde|def|1","|-boost|p1a: Zygarde|accuracy|1","|","|-heal|p1a: Zygarde|195/420|[from] item: Leftovers","|turn|21","|","|move|p1a: Zygarde|Extreme Speed|p2a: No Ice Please","|-damage|p2a: No Ice Please|188/319","|move|p2a: No Ice Please|Earth Power|p1a: Zygarde","|-damage|p1a: Zygarde|0 fnt","|faint|p1a: Zygarde","|","|","|switch|p1a: Kyurem-Black|Kyurem-Black|391/391","|-ability|p1a: Kyurem-Black|Teravolt","|turn|22","|","|move|p2a: No Ice Please|Focus Blast|p1a: Kyurem-Black","|-supereffective|p1a: Kyurem-Black","|-damage|p1a: Kyurem-Black|0 fnt","|faint|p1a: Kyurem-Black","|","|","|switch|p1a: Salamence|Salamence, M|135/331","|turn|23","|","|move|p1a: Salamence|Outrage|p2a: No Ice Please","|-damage|p2a: No Ice Please|0 fnt","|faint|p2a: No Ice Please","|-boost|p1a: Salamence|atk|1|[from] ability: Moxie","|","|","|switch|p2a: Free Megazard X|Gyarados, F, shiny|331/331","|-ability|p2a: Free Megazard X|Intimidate","|-unboost|p1a: Salamence|atk|1","|turn|24","|","|detailschange|p2a: Free Megazard X|Gyarados-Mega, F, shiny","|-mega|p2a: Free Megazard X|Gyarados|Gyaradosite","|-ability|p2a: Free Megazard X|Mold Breaker","|move|p1a: Salamence|Outrage|p2a: Free Megazard X|[from]lockedmove","|-damage|p2a: Free Megazard X|112/331","|-start|p1a: Salamence|confusion|[fatigue]","|move|p2a: Free Megazard X|Crunch|p1a: Salamence","|-damage|p1a: Salamence|0 fnt","|faint|p1a: Salamence","|","|win|Rain Mistral"],"p1rating":{"entryid":"191502","serverid":"eos","formatid":"monotype","userid":"rainzeref","username":"Rain Zeref","w":"7","l":24,"t":"0","gxe":32.2,"r":"1361.520031942","rd":"63.496981504744","sigma":"0","rptime":"1440666000","rpr":1357.5303543469,"rprd":62.912100062731,"rpsigma":"0","acre":1031.1851129067,"lacre":1031.1851129067,"oldacre":"1039.1042085321"},"p2rating":{"entryid":"218522","serverid":"eos","formatid":"monotype","userid":"rainmistral","username":"Rain Mistral","w":15,"l":"5","t":"0","gxe":68,"r":"1632.2515877183","rd":"73.932777034744","sigma":"0","rptime":"1440666000","rpr":1644.5696109889,"rprd":71.907652828758,"rpsigma":"0","acre":1242.8319219576,"lacre":1242.8319219576,"oldacre":"1230.3535410383"},"endType":"normal"}