{"seed":[1824,54931,5295,39715],"turns":26,"p1":"Nexus ⚡ Tyler","p2":"KeDaro","p1team":[{"name":"Mr. SweepYourTeam","species":"hawlucha","item":"sitrusberry","ability":"Unburden","moves":["substitute","acrobatics","highjumpkick","bulkup"],"nature":"Timid","evs":{"hp":0,"atk":252,"def":0,"spa":0,"spd":4,"spe":252},"ivs":{"hp":30,"atk":31,"def":31,"spa":31,"spd":31,"spe":31},"shiny":true},{"name":"Resolution","species":"keldeoresolute","item":"choicespecs","ability":"Justified","moves":["hydropump","secretsword","scald","hiddenpowerelectric"],"nature":"Timid","evs":{"hp":0,"atk":0,"def":0,"spa":252,"spd":4,"spe":252},"ivs":{"hp":31,"atk":31,"def":31,"spa":30,"spd":31,"spe":31}},{"name":"'Cham","species":"medicham","item":"medichamite","ability":"Pure Power","moves":["fakeout","psychocut","highjumpkick","icepunch"],"nature":"Jolly","evs":{"hp":0,"atk":252,"def":0,"spa":0,"spd":4,"spe":252},"ivs":{"hp":31,"atk":31,"def":31,"spa":31,"spd":31,"spe":31}},{"name":"Twobirdsonestoneed","species":"terrakion","item":"leftovers","ability":"Justified","moves":["closecombat","stoneedge","substitute","swordsdance"],"nature":"Jolly","evs":{"hp":0,"atk":252,"def":0,"spa":0,"spd":4,"spe":252},"ivs":{"hp":31,"atk":31,"def":31,"spa":31,"spd":31,"spe":31}},{"name":"The mighty Coba","species":"cobalion","item":"focussash","ability":"Justified","moves":["closecombat","ironhead","swordsdance","stoneedge"],"nature":"Jolly","evs":{"hp":4,"atk":252,"def":0,"spa":0,"spd":0,"spe":252},"ivs":{"hp":31,"atk":31,"def":31,"spa":31,"spd":31,"spe":31}},{"name":"BetterMachamp","species":"conkeldurr","item":"lifeorb","ability":"Guts","moves":["machpunch","bulkup","poisonjab","icepunch"],"nature":"Adamant","evs":{"hp":0,"atk":0,"def":0,"spa":0,"spd":8,"spe":0},"ivs":{"hp":31,"atk":31,"def":31,"spa":31,"spd":31,"spe":31}}],"p2team":[{"name":"Hippowdon","species":"Hippowdon","item":"leftovers","ability":"Sand Stream","moves":["slackoff","stealthrock","whirlwind","earthquake"],"nature":"Impish","evs":{"hp":252,"atk":4,"def":252,"spa":0,"spd":0,"spe":0},"ivs":{"hp":31,"atk":31,"def":31,"spa":31,"spd":31,"spe":31}},{"name":"Landorus","species":"Landorus","item":"lifeorb","ability":"Sheer Force","moves":["gravity","earthpower","focusblast","grassknot"],"nature":"Timid","evs":{"hp":0,"atk":0,"def":0,"spa":252,"spd":4,"spe":252},"ivs":{"hp":31,"atk":31,"def":31,"spa":31,"spd":31,"spe":31}},{"name":"Gastrodon","species":"Gastrodon","item":"leftovers","ability":"Storm Drain","moves":["recover","icebeam","scald","toxic"],"nature":"Calm","evs":{"hp":252,"atk":0,"def":0,"spa":4,"spd":252,"spe":0},"ivs":{"hp":31,"atk":31,"def":31,"spa":31,"spd":31,"spe":31}},{"name":"Garchomp","species":"Garchomp","item":"garchompite","ability":"Rough Skin","moves":["earthpower","dracometeor","fireblast","stoneedge"],"nature":"Naive","evs":{"hp":0,"atk":4,"def":0,"spa":252,"spd":0,"spe":252},"ivs":{"hp":31,"atk":31,"def":31,"spa":31,"spd":31,"spe":31}},{"name":"Mamoswine","species":"Mamoswine","item":"lifeorb","ability":"Thick Fat","moves":["iceshard","iciclecrash","earthquake","rockslide"],"nature":"Jolly","evs":{"hp":0,"atk":252,"def":0,"spa":0,"spd":4,"spe":252},"ivs":{"hp":31,"atk":31,"def":31,"spa":31,"spd":31,"spe":31}},{"name":"Excadrill","species":"Excadrill","item":"choicescarf","ability":"Sand Rush","moves":["earthquake","ironhead","rockslide","poisonjab"],"nature":"Jolly","evs":{"hp":0,"atk":252,"def":0,"spa":0,"spd":4,"spe":252},"ivs":{"hp":31,"atk":31,"def":31,"spa":31,"spd":31,"spe":31}}],"log":["|player|p1|Nexus ⚡ Tyler|145","|player|p2|KeDaro|29","|gametype|singles","|gen|6","|tier|Monotype","|rated","|rule|Baton Pass Clause: Limit one Baton Passer, can't pass Spe and other stats simultaneously","|rule|Swagger Clause: Swagger is banned","|rule|Same Type Clause: Pokémon in a team must share a type","|clearpoke","|poke|p1|Hawlucha, F, shiny","|poke|p1|Keldeo-Resolute","|poke|p1|Medicham, F","|poke|p1|Terrakion","|poke|p1|Cobalion","|poke|p1|Conkeldurr, F","|poke|p2|Hippowdon, M","|poke|p2|Landorus, M","|poke|p2|Gastrodon, M","|poke|p2|Garchomp, M","|poke|p2|Mamoswine, F","|poke|p2|Excadrill, M","|rule|Sleep Clause Mod: Limit one foe put to sleep","|rule|Species Clause: Limit one of each Pokémon","|rule|OHKO Clause: OHKO moves are banned","|rule|Moody Clause: Moody is banned","|rule|Evasion Moves Clause: Evasion moves are banned","|rule|Endless Battle Clause: Forcing endless battles is banned","|rule|HP Percentage Mod: HP is shown in percentages","|teampreview","|","|start","|switch|p1a: Resolution|Keldeo-Resolute|323/323","|switch|p2a: Landorus|Landorus, M|319/319","|turn|1","|","|switch|p1a: Mr. SweepYourTeam|Hawlucha, F, shiny|296/296","|switch|p2a: Gastrodon|Gastrodon, M|426/426","|","|turn|2","|","|move|p1a: Mr. SweepYourTeam|Substitute|p1a: Mr. SweepYourTeam","|-start|p1a: Mr. SweepYourTeam|Substitute","|-damage|p1a: Mr. SweepYourTeam|222/296","|move|p2a: Gastrodon|Scald|p1a: Mr. SweepYourTeam","|-end|p1a: Mr. SweepYourTeam|Substitute","|","|turn|3","|","|switch|p1a: Resolution|Keldeo-Resolute|323/323","|move|p2a: Gastrodon|Scald|p1a: Resolution","|-resisted|p1a: Resolution","|-damage|p1a: Resolution|278/323","|-status|p1a: Resolution|brn","|","|-damage|p1a: Resolution|238/323 brn|[from] brn","|turn|4","|","|move|p1a: Resolution|Secret Sword|p2a: Gastrodon","|-damage|p2a: Gastrodon|119/426","|move|p2a: Gastrodon|Scald|p1a: Resolution","|-resisted|p1a: Resolution","|-damage|p1a: Resolution|188/323 brn","|","|-heal|p2a: Gastrodon|145/426|[from] item: Leftovers","|-damage|p1a: Resolution|148/323 brn|[from] brn","|turn|5","|","|switch|p2a: Hippowdon|Hippowdon, M|420/420","|-weather|Sandstorm","|move|p1a: Resolution|Secret Sword|p2a: Hippowdon","|-damage|p2a: Hippowdon|269/420","|","|-weather|Sandstorm|[upkeep]","|-damage|p1a: Resolution|128/323 brn|[from] sandstorm","|-heal|p2a: Hippowdon|295/420|[from] item: Leftovers","|-damage|p1a: Resolution|88/323 brn|[from] brn","|turn|6","|","|switch|p1a: Mr. SweepYourTeam|Hawlucha, F, shiny|222/296","|switch|p2a: Gastrodon|Gastrodon, M|145/426","|","|-weather|Sandstorm|[upkeep]","|-damage|p1a: Mr. SweepYourTeam|204/296|[from] sandstorm","|-heal|p2a: Gastrodon|171/426|[from] item: Leftovers","|turn|7","|","|move|p1a: Mr. SweepYourTeam|Substitute|p1a: Mr. SweepYourTeam","|-start|p1a: Mr. SweepYourTeam|Substitute","|-damage|p1a: Mr. SweepYourTeam|130/296","|-enditem|p1a: Mr. SweepYourTeam|Sitrus Berry|[eat]","|-heal|p1a: Mr. SweepYourTeam|204/296|[from] item: Sitrus Berry","|move|p2a: Gastrodon|Scald|p1a: Mr. SweepYourTeam","|-end|p1a: Mr. SweepYourTeam|Substitute","|","|-weather|Sandstorm|[upkeep]","|-damage|p1a: Mr. SweepYourTeam|186/296|[from] sandstorm","|-heal|p2a: Gastrodon|197/426|[from] item: Leftovers","|turn|8","|","|move|p1a: Mr. SweepYourTeam|Acrobatics|p2a: Gastrodon","|-damage|p2a: Gastrodon|5/426","|move|p2a: Gastrodon|Scald|p1a: Mr. SweepYourTeam","|-damage|p1a: Mr. SweepYourTeam|68/296","|-status|p1a: Mr. SweepYourTeam|brn","|","|-weather|Sandstorm|[upkeep]","|-damage|p1a: Mr. SweepYourTeam|50/296 brn|[from] sandstorm","|-heal|p2a: Gastrodon|31/426|[from] item: Leftovers","|-damage|p1a: Mr. SweepYourTeam|13/296 brn|[from] brn","|turn|9","|","|switch|p2a: Hippowdon|Hippowdon, M|295/420","|move|p1a: Mr. SweepYourTeam|Acrobatics|p2a: Hippowdon","|-damage|p2a: Hippowdon|250/420","|","|-weather|none","|-heal|p2a: Hippowdon|276/420|[from] item: Leftovers","|-damage|p1a: Mr. SweepYourTeam|0 fnt|[from] brn","|faint|p1a: Mr. SweepYourTeam","|","|switch|p1a: Resolution|Keldeo-Resolute|88/323 brn","|turn|10","|","|switch|p2a: Gastrodon|Gastrodon, M|31/426","|move|p1a: Resolution|Secret Sword|p2a: Gastrodon","|-crit|p2a: Gastrodon","|-damage|p2a: Gastrodon|0 fnt","|faint|p2a: Gastrodon","|","|-damage|p1a: Resolution|48/323 brn|[from] brn","|","|switch|p2a: Mamoswine|Mamoswine, F|361/361","|turn|11","|","|move|p2a: Mamoswine|Ice Shard|p1a: Resolution","|-resisted|p1a: Resolution","|-damage|p1a: Resolution|0 fnt","|-damage|p2a: Mamoswine|325/361|[from] item: Life Orb","|faint|p1a: Resolution","|","|","|switch|p1a: 'Cham|Medicham, F|261/261","|turn|12","|","|switch|p2a: Hippowdon|Hippowdon, M|276/420","|-weather|Sandstorm","|detailschange|p1a: 'Cham|Medicham-Mega, F","|-mega|p1a: 'Cham|Medicham|Medichamite","|move|p1a: 'Cham|Fake Out|p2a: Hippowdon","|-damage|p2a: Hippowdon|225/420","|","|-weather|Sandstorm|[upkeep]","|-damage|p1a: 'Cham|245/261|[from] sandstorm","|-heal|p2a: Hippowdon|251/420|[from] item: Leftovers","|turn|13","|","|move|p1a: 'Cham|Ice Punch|p2a: Hippowdon","|-supereffective|p2a: Hippowdon","|-damage|p2a: Hippowdon|47/420","|-status|p2a: Hippowdon|frz","|-curestatus|p2a: Hippowdon|frz","|move|p2a: Hippowdon|Slack Off|p2a: Hippowdon","|-heal|p2a: Hippowdon|257/420","|","|-weather|Sandstorm|[upkeep]","|-damage|p1a: 'Cham|229/261|[from] sandstorm","|-heal|p2a: Hippowdon|283/420|[from] item: Leftovers","|turn|14","|","|move|p1a: 'Cham|Ice Punch|p2a: Hippowdon","|-supereffective|p2a: Hippowdon","|-damage|p2a: Hippowdon|107/420","|move|p2a: Hippowdon|Earthquake|p1a: 'Cham","|-damage|p1a: 'Cham|91/261","|","|-weather|Sandstorm|[upkeep]","|-damage|p1a: 'Cham|75/261|[from] sandstorm","|-heal|p2a: Hippowdon|133/420|[from] item: Leftovers","|turn|15","|","|move|p1a: 'Cham|Ice Punch|p2a: Hippowdon","|-supereffective|p2a: Hippowdon","|-damage|p2a: Hippowdon|0 fnt","|faint|p2a: Hippowdon","|","|-weather|Sandstorm|[upkeep]","|-damage|p1a: 'Cham|59/261|[from] sandstorm","|","|switch|p2a: Excadrill|Excadrill, M|361/361","|turn|16","|","|move|p2a: Excadrill|Earthquake|p1a: 'Cham","|-damage|p1a: 'Cham|0 fnt","|faint|p1a: 'Cham","|","|-weather|none","|","|switch|p1a: BetterMachamp|Conkeldurr, F|351/351","|turn|17","|","|switch|p2a: Garchomp|Garchomp, M|357/357","|move|p1a: BetterMachamp|Bulk Up|p1a: BetterMachamp","|-boost|p1a: BetterMachamp|atk|1","|-boost|p1a: BetterMachamp|def|1","|","|turn|18","|","|detailschange|p2a: Garchomp|Garchomp-Mega, M","|-mega|p2a: Garchomp|Garchomp|Garchompite","|move|p2a: Garchomp|Draco Meteor|p1a: BetterMachamp","|-damage|p1a: BetterMachamp|42/351","|-unboost|p2a: Garchomp|spa|2","|move|p1a: BetterMachamp|Ice Punch|p2a: Garchomp","|-supereffective|p2a: Garchomp","|-damage|p2a: Garchomp|0 fnt","|-damage|p1a: BetterMachamp|7/351|[from] item: Life Orb","|faint|p2a: Garchomp","|","|","|switch|p2a: Mamoswine|Mamoswine, F|325/361","|turn|19","|","|move|p2a: Mamoswine|Ice Shard|p1a: BetterMachamp","|-damage|p1a: BetterMachamp|0 fnt","|-damage|p2a: Mamoswine|289/361|[from] item: Life Orb","|faint|p1a: BetterMachamp","|","|","|switch|p1a: Twobirdsonestoneed|Terrakion|323/323","|turn|20","|","|move|p2a: Mamoswine|Ice Shard|p1a: Twobirdsonestoneed","|-damage|p1a: Twobirdsonestoneed|224/323","|-damage|p2a: Mamoswine|253/361|[from] item: Life Orb","|move|p1a: Twobirdsonestoneed|Substitute|p1a: Twobirdsonestoneed","|-start|p1a: Twobirdsonestoneed|Substitute","|-damage|p1a: Twobirdsonestoneed|144/323","|","|-heal|p1a: Twobirdsonestoneed|164/323|[from] item: Leftovers","|turn|21","|","|move|p2a: Mamoswine|Ice Shard|p1a: Twobirdsonestoneed","|-end|p1a: Twobirdsonestoneed|Substitute","|-damage|p2a: Mamoswine|217/361|[from] item: Life Orb","|move|p1a: Twobirdsonestoneed|Stone Edge|p2a: Mamoswine","|-damage|p2a: Mamoswine|21/361","|","|-heal|p1a: Twobirdsonestoneed|184/323|[from] item: Leftovers","|turn|22","|","|move|p2a: Mamoswine|Ice Shard|p1a: Twobirdsonestoneed","|-damage|p1a: Twobirdsonestoneed|75/323","|-damage|p2a: Mamoswine|0 fnt|[from] item: Life Orb","|faint|p2a: Mamoswine","|move|p1a: Twobirdsonestoneed|Stone Edge|p2: Mamoswine|[notarget]","|-notarget","|","|-heal|p1a: Twobirdsonestoneed|95/323|[from] item: Leftovers","|","|switch|p2a: Landorus|Landorus, M|319/319","|turn|23","|","|move|p1a: Twobirdsonestoneed|Stone Edge|p2a: Landorus","|-damage|p2a: Landorus|135/319","|move|p2a: Landorus|Earth Power|p1a: Twobirdsonestoneed","|-supereffective|p1a: Twobirdsonestoneed","|-damage|p1a: Twobirdsonestoneed|0 fnt","|faint|p1a: Twobirdsonestoneed","|","|","|switch|p1a: The mighty Coba|Cobalion|324/324","|turn|24","|","|move|p1a: The mighty Coba|Stone Edge|p2a: Landorus","|-damage|p2a: Landorus|36/319","|move|p2a: Landorus|Earth Power|p1a: The mighty Coba","|-supereffective|p1a: The mighty Coba","|-enditem|p1a: The mighty Coba|Focus Sash","|-damage|p1a: The mighty Coba|1/324","|","|turn|25","|","|move|p1a: The mighty Coba|Stone Edge|p2a: Landorus","|-damage|p2a: Landorus|0 fnt","|faint|p2a: Landorus","|","|","|switch|p2a: Excadrill|Excadrill, M|361/361","|turn|26","|","|move|p2a: Excadrill|Earthquake|p1a: The mighty Coba","|-supereffective|p1a: The mighty Coba","|-damage|p1a: The mighty Coba|0 fnt","|faint|p1a: The mighty Coba","|","|win|KeDaro"],"p1rating":{"entryid":"492069","serverid":"eos","formatid":"monotype","userid":"nexustyler","username":"nexustyler","w":"4","l":11,"t":"0","gxe":34.7,"r":"1391.5911605261","rd":"78.80081454248","sigma":"0","rptime":"1440666000","rpr":1378.3468965312,"rprd":77.146760831118,"rpsigma":"0","acre":1024.9782235904,"lacre":1024.9782235904,"oldacre":"1043.5783476499"},"p2rating":{"entryid":"392386","serverid":"eos","formatid":"monotype","userid":"kedaro","username":"KeDaro","w":1,"l":"1","t":"0","gxe":48.3,"r":"1455.5984007376","rd":"123.10343238854","sigma":"0","rptime":"1440666000","rpr":1486.8527643676,"rprd":116.61068691649,"rpsigma":"0","acre":1044.9909967654,"lacre":1044.9909967654,"oldacre":"1000"},"endType":"normal"}