{"seed":[16075,17282,46020,35862],"turns":28,"p1":"GTX♅Bzumzum","p2":"V Ѕtun","p1team":[{"name":"Thorns","species":"ferrothorn","item":"focussash","ability":"Iron Barbs","moves":["stealthrock","gyroball","leechseed","protect"],"nature":"Jolly","evs":{"hp":128,"atk":100,"def":116,"spa":0,"spd":120,"spe":44},"gender":"M","ivs":{"hp":31,"atk":31,"def":31,"spa":31,"spd":31,"spe":0}},{"name":"Brawloom","species":"breloom","item":"focussash","ability":"Technician","moves":["swordsdance","rocktomb","machpunch","spore"],"nature":"Jolly","evs":{"hp":4,"atk":252,"def":0,"spa":0,"spd":0,"spe":252},"gender":"M","shiny":true,"ivs":{"hp":31,"atk":31,"def":31,"spa":31,"spd":31,"spe":31}},{"name":"Healer","species":"shaymin","item":"leftovers","ability":"Natural Cure","moves":["aromatherapy","earthpower","airslash","seedflare"],"nature":"Calm","evs":{"hp":0,"atk":0,"def":0,"spa":252,"spd":4,"spe":252},"shiny":true,"ivs":{"hp":31,"atk":31,"def":31,"spa":31,"spd":31,"spe":31}},{"name":"Ludicool","species":"ludicolo","item":"leftovers","ability":"Swift Swim","moves":["icebeam","scald","gigadrain","raindance"],"nature":"Modest","evs":{"hp":200,"atk":0,"def":0,"spa":184,"spd":4,"spe":120},"gender":"M","shiny":true,"ivs":{"hp":31,"atk":31,"def":31,"spa":31,"spd":31,"spe":31}},{"name":"Great-ily","species":"cradily","item":"leftovers","ability":"Storm Drain","moves":["ancientpower","earthpower","recover","toxic"],"nature":"Calm","evs":{"hp":232,"atk":24,"def":0,"spa":0,"spd":252,"spe":0},"gender":"M","shiny":true,"ivs":{"hp":31,"atk":31,"def":31,"spa":31,"spd":31,"spe":31}},{"name":"Plantasaurus","species":"venusaur","item":"venusaurite","ability":"Chlorophyll","moves":["gigadrain","hiddenpowerrock","sludgebomb","synthesis"],"nature":"Modest","evs":{"hp":0,"atk":0,"def":68,"spa":188,"spd":0,"spe":252},"gender":"M","ivs":{"hp":31,"atk":31,"def":30,"spa":31,"spd":30,"spe":30},"shiny":true}],"p2team":[{"name":"Aggron","species":"Aggron","item":"aggronite","ability":"Sturdy","moves":["stealthrock","thunderwave","seismictoss","metalburst"],"nature":"Careful","evs":{"hp":248,"atk":0,"def":16,"spa":0,"spd":244,"spe":0},"ivs":{"hp":31,"atk":31,"def":31,"spa":31,"spd":31,"spe":31}},{"name":"Empoleon","species":"Empoleon","item":"assaultvest","ability":"Defiant","moves":["scald","aquajet","grassknot","icebeam"],"nature":"Mild","evs":{"hp":248,"atk":0,"def":0,"spa":252,"spd":8,"spe":0},"ivs":{"hp":31,"atk":31,"def":31,"spa":31,"spd":31,"spe":31}},{"name":"Heatran","species":"Heatran","item":"choicescarf","ability":"Flash Fire","moves":["fireblast","earthpower","stoneedge","hiddenpowerice"],"nature":"Mild","evs":{"hp":0,"atk":0,"def":0,"spa":252,"spd":52,"spe":204},"ivs":{"hp":31,"atk":30,"def":30,"spa":31,"spd":31,"spe":31}},{"name":"Skarmory","species":"Skarmory","item":"rockyhelmet","ability":"Sturdy","moves":["bravebird","spikes","whirlwind","roost"],"nature":"Impish","evs":{"hp":200,"atk":0,"def":212,"spa":0,"spd":96,"spe":0},"ivs":{"hp":31,"atk":31,"def":31,"spa":31,"spd":31,"spe":31}},{"name":"Bisharp","species":"Bisharp","item":"lifeorb","ability":"Defiant","moves":["knockoff","ironhead","suckerpunch","swordsdance"],"nature":"Adamant","evs":{"hp":0,"atk":252,"def":0,"spa":0,"spd":4,"spe":252},"ivs":{"hp":31,"atk":31,"def":31,"spa":31,"spd":31,"spe":31}},{"name":"Bronzong","species":"Bronzong","item":"choiceband","ability":"Levitate","moves":["zenheadbutt","gyroball","earthquake","trick"],"nature":"Brave","evs":{"hp":248,"atk":252,"def":0,"spa":0,"spd":8,"spe":0},"ivs":{"hp":31,"atk":31,"def":31,"spa":31,"spd":31,"spe":0}}],"log":["|player|p1|GTX♅Bzumzum|225","|player|p2|V Ѕtun|266","|gametype|singles","|gen|6","|tier|Monotype","|rated","|rule|Baton Pass Clause: Limit one Baton Passer, can't pass Spe and other stats simultaneously","|rule|Swagger Clause: Swagger is banned","|rule|Same Type Clause: Pokémon in a team must share a type","|clearpoke","|poke|p1|Ferrothorn, M","|poke|p1|Breloom, M, shiny","|poke|p1|Shaymin, shiny","|poke|p1|Ludicolo, M, shiny","|poke|p1|Cradily, M, shiny","|poke|p1|Venusaur, M, shiny","|poke|p2|Aggron, M","|poke|p2|Empoleon, M","|poke|p2|Heatran, M","|poke|p2|Skarmory, M","|poke|p2|Bisharp, F","|poke|p2|Bronzong","|rule|Sleep Clause Mod: Limit one foe put to sleep","|rule|Species Clause: Limit one of each Pokémon","|rule|OHKO Clause: OHKO moves are banned","|rule|Moody Clause: Moody is banned","|rule|Evasion Moves Clause: Evasion moves are banned","|rule|Endless Battle Clause: Forcing endless battles is banned","|rule|HP Percentage Mod: HP is shown in percentages","|teampreview","|","|start","|switch|p1a: Thorns|Ferrothorn, M|321/321","|switch|p2a: Aggron|Aggron, M|343/343","|turn|1","|","|detailschange|p2a: Aggron|Aggron-Mega, M","|-mega|p2a: Aggron|Aggron|Aggronite","|move|p2a: Aggron|Stealth Rock|p1a: Thorns","|-sidestart|p1: GTX♅Bzumzum|move: Stealth Rock","|move|p1a: Thorns|Stealth Rock|p2a: Aggron","|-sidestart|p2: V Ѕtun|move: Stealth Rock","|","|turn|2","|","|switch|p2a: Skarmory|Skarmory, M|321/321","|-damage|p2a: Skarmory|281/321|[from] Stealth Rock","|move|p1a: Thorns|Leech Seed|p2a: Skarmory","|-start|p2a: Skarmory|move: Leech Seed","|","|-damage|p2a: Skarmory|241/321|[from] Leech Seed|[of] p1a: Thorns","|turn|3","|","|switch|p1a: Brawloom|Breloom, M, shiny|262/262","|-damage|p1a: Brawloom|246/262|[from] Stealth Rock","|move|p2a: Skarmory|Spikes|p1a: Brawloom","|-sidestart|p1: GTX♅Bzumzum|Spikes","|","|-damage|p2a: Skarmory|201/321|[from] Leech Seed|[of] p1a: Brawloom","|-heal|p1a: Brawloom|262/262|[silent]","|turn|4","|","|switch|p2a: Aggron|Aggron-Mega, M|343/343","|-damage|p2a: Aggron|322/343|[from] Stealth Rock","|move|p1a: Brawloom|Spore|p2a: Aggron","|-status|p2a: Aggron|slp","|","|turn|5","|","|switch|p2a: Empoleon|Empoleon, M|371/371","|-damage|p2a: Empoleon|348/371|[from] Stealth Rock","|move|p1a: Brawloom|Swords Dance|p1a: Brawloom","|-boost|p1a: Brawloom|atk|2","|","|turn|6","|","|move|p1a: Brawloom|Swords Dance|p1a: Brawloom","|-boost|p1a: Brawloom|atk|2","|move|p2a: Empoleon|Ice Beam|p1a: Brawloom","|-supereffective|p1a: Brawloom","|-enditem|p1a: Brawloom|Focus Sash","|-damage|p1a: Brawloom|1/262","|","|turn|7","|","|move|p1a: Brawloom|Mach Punch|p2a: Empoleon","|-supereffective|p2a: Empoleon","|-damage|p2a: Empoleon|0 fnt","|faint|p2a: Empoleon","|","|","|switch|p2a: Skarmory|Skarmory, M|201/321","|-damage|p2a: Skarmory|161/321|[from] Stealth Rock","|turn|8","|","|move|p1a: Brawloom|Spore|p2a: Skarmory","|-message|Sleep Clause Mod activated.","|-immune|p2a: Skarmory|[msg]","|move|p2a: Skarmory|Roost|p2a: Skarmory","|-heal|p2a: Skarmory|321/321","|","|turn|9","|","|move|p1a: Brawloom|Rock Tomb|p2a: Skarmory","|-damage|p2a: Skarmory|123/321","|-unboost|p2a: Skarmory|spe|1","|move|p2a: Skarmory|Roost|p2a: Skarmory","|-heal|p2a: Skarmory|284/321","|","|turn|10","|","|move|p1a: Brawloom|Rock Tomb|p2a: Skarmory","|-damage|p2a: Skarmory|104/321","|-unboost|p2a: Skarmory|spe|1","|move|p2a: Skarmory|Brave Bird|p1a: Brawloom","|-supereffective|p1a: Brawloom","|-damage|p1a: Brawloom|0 fnt","|-damage|p2a: Skarmory|103/321|[from] recoil|[of] p1a: Brawloom","|faint|p1a: Brawloom","|","|","|switch|p1a: Thorns|Ferrothorn, M|321/321","|-damage|p1a: Thorns|301/321|[from] Stealth Rock","|-damage|p1a: Thorns|261/321|[from] Spikes","|turn|11","|","|move|p2a: Skarmory|Roost|p2a: Skarmory","|-heal|p2a: Skarmory|264/321","|move|p1a: Thorns|Leech Seed|p2a: Skarmory","|-start|p2a: Skarmory|move: Leech Seed","|","|-damage|p2a: Skarmory|224/321|[from] Leech Seed|[of] p1a: Thorns","|-heal|p1a: Thorns|301/321|[silent]","|turn|12","|","|switch|p2a: Heatran|Heatran, M|323/323","|-damage|p2a: Heatran|283/323|[from] Stealth Rock","|move|p1a: Thorns|Gyro Ball|p2a: Heatran","|-resisted|p2a: Heatran","|-damage|p2a: Heatran|232/323","|","|turn|13","|","|switch|p1a: Great-ily|Cradily, M, shiny|371/371","|-damage|p1a: Great-ily|325/371|[from] Spikes","|-damage|p1a: Great-ily|279/371|[from] Stealth Rock","|move|p2a: Heatran|Fire Blast|p1a: Great-ily","|-damage|p1a: Great-ily|122/371","|","|-heal|p1a: Great-ily|145/371|[from] item: Leftovers","|turn|14","|","|move|p2a: Heatran|Fire Blast|p1a: Great-ily|[miss]","|-miss|p2a: Heatran|p1a: Great-ily","|move|p1a: Great-ily|Recover|p1a: Great-ily","|-heal|p1a: Great-ily|331/371","|","|-heal|p1a: Great-ily|354/371|[from] item: Leftovers","|turn|15","|","|switch|p2a: Bisharp|Bisharp, F|271/271","|-damage|p2a: Bisharp|255/271|[from] Stealth Rock","|move|p1a: Great-ily|Ancient Power|p2a: Bisharp","|-resisted|p2a: Bisharp","|-damage|p2a: Bisharp|214/271","|","|-heal|p1a: Great-ily|371/371|[from] item: Leftovers","|turn|16","|","|move|p2a: Bisharp|Swords Dance|p2a: Bisharp","|-boost|p2a: Bisharp|atk|2","|move|p1a: Great-ily|Earth Power|p2a: Bisharp","|-supereffective|p2a: Bisharp","|-damage|p2a: Bisharp|56/271","|","|turn|17","|","|move|p2a: Bisharp|Iron Head|p1a: Great-ily","|-supereffective|p1a: Great-ily","|-damage|p1a: Great-ily|0 fnt","|-damage|p2a: Bisharp|29/271|[from] item: Life Orb","|faint|p1a: Great-ily","|","|","|switch|p1a: Thorns|Ferrothorn, M|301/321","|-damage|p1a: Thorns|281/321|[from] Stealth Rock","|-damage|p1a: Thorns|241/321|[from] Spikes","|turn|18","|","|move|p2a: Bisharp|Knock Off|p1a: Thorns","|-damage|p1a: Thorns|0 fnt","|-damage|p2a: Bisharp|0 fnt|[from] ability: Iron Barbs|[of] p1a: Thorns","|faint|p2a: Bisharp","|faint|p1a: Thorns","|","|","|switch|p1a: Plantasaurus|Venusaur, M, shiny|301/301","|switch|p2a: Bronzong|Bronzong|337/337","|-damage|p1a: Plantasaurus|264/301|[from] Spikes","|-damage|p1a: Plantasaurus|227/301|[from] Stealth Rock","|-damage|p2a: Bronzong|316/337|[from] Stealth Rock","|turn|19","|","|detailschange|p1a: Plantasaurus|Venusaur-Mega, M, shiny","|-mega|p1a: Plantasaurus|Venusaur|Venusaurite","|move|p1a: Plantasaurus|Giga Drain|p2a: Bronzong","|-resisted|p2a: Bronzong","|-damage|p2a: Bronzong|261/337","|-heal|p1a: Plantasaurus|255/301|[from] drain|[of] p2a: Bronzong","|move|p2a: Bronzong|Zen Headbutt|p1a: Plantasaurus","|-supereffective|p1a: Plantasaurus","|-damage|p1a: Plantasaurus|0 fnt","|faint|p1a: Plantasaurus","|","|","|switch|p1a: Ludicool|Ludicolo, M, shiny|351/351","|-damage|p1a: Ludicool|308/351|[from] Stealth Rock","|-damage|p1a: Ludicool|265/351|[from] Spikes","|turn|20","|","|move|p1a: Ludicool|Rain Dance|p1a: Ludicool","|-weather|RainDance","|move|p2a: Bronzong|Zen Headbutt|p1a: Ludicool|[miss]","|-miss|p2a: Bronzong|p1a: Ludicool","|","|-weather|RainDance|[upkeep]","|-heal|p1a: Ludicool|286/351|[from] item: Leftovers","|turn|21","|","|move|p1a: Ludicool|Scald|p2a: Bronzong","|-damage|p2a: Bronzong|122/337","|-status|p2a: Bronzong|brn","|move|p2a: Bronzong|Zen Headbutt|p1a: Ludicool","|-damage|p1a: Ludicool|157/351","|","|-weather|RainDance|[upkeep]","|-heal|p1a: Ludicool|178/351|[from] item: Leftovers","|-damage|p2a: Bronzong|80/337 brn|[from] brn","|turn|22","|","|move|p1a: Ludicool|Giga Drain|p2a: Bronzong","|-resisted|p2a: Bronzong","|-damage|p2a: Bronzong|31/337 brn","|-heal|p1a: Ludicool|203/351|[from] drain|[of] p2a: Bronzong","|move|p2a: Bronzong|Zen Headbutt|p1a: Ludicool","|-damage|p1a: Ludicool|83/351","|","|-weather|RainDance|[upkeep]","|-heal|p1a: Ludicool|104/351|[from] item: Leftovers","|-damage|p2a: Bronzong|0 fnt|[from] brn","|faint|p2a: Bronzong","|","|switch|p2a: Aggron|Aggron-Mega, M|322/343 slp","|-damage|p2a: Aggron|301/343 slp|[from] Stealth Rock","|turn|23","|","|move|p1a: Ludicool|Scald|p2a: Aggron","|-damage|p2a: Aggron|153/343 slp","|cant|p2a: Aggron|slp","|","|-weather|RainDance|[upkeep]","|-heal|p1a: Ludicool|125/351|[from] item: Leftovers","|turn|24","|","|move|p1a: Ludicool|Giga Drain|p2a: Aggron","|-resisted|p2a: Aggron","|-damage|p2a: Aggron|111/343 slp","|-heal|p1a: Ludicool|146/351|[from] drain|[of] p2a: Aggron","|cant|p2a: Aggron|slp","|","|-weather|none","|-heal|p1a: Ludicool|167/351|[from] item: Leftovers","|turn|25","|","|move|p1a: Ludicool|Scald|p2a: Aggron","|-damage|p2a: Aggron|6/343 slp","|-curestatus|p2a: Aggron|slp","|move|p2a: Aggron|Seismic Toss|p1a: Ludicool","|-damage|p1a: Ludicool|67/351","|","|-heal|p1a: Ludicool|88/351|[from] item: Leftovers","|turn|26","|","|move|p1a: Ludicool|Giga Drain|p2a: Aggron","|-resisted|p2a: Aggron","|-damage|p2a: Aggron|0 fnt","|-heal|p1a: Ludicool|91/351|[from] drain|[of] p2a: Aggron","|faint|p2a: Aggron","|","|-heal|p1a: Ludicool|112/351|[from] item: Leftovers","|","|switch|p2a: Heatran|Heatran, M|232/323","|-damage|p2a: Heatran|192/323|[from] Stealth Rock","|turn|27","|","|move|p2a: Heatran|Fire Blast|p1a: Ludicool","|-damage|p1a: Ludicool|0 fnt","|faint|p1a: Ludicool","|","|","|switch|p1a: Healer|Shaymin, shiny|341/341","|-damage|p1a: Healer|299/341|[from] Spikes","|-damage|p1a: Healer|257/341|[from] Stealth Rock","|turn|28","|","|move|p2a: Heatran|Fire Blast|p1a: Healer","|-supereffective|p1a: Healer","|-damage|p1a: Healer|0 fnt","|faint|p1a: Healer","|","|win|V Ѕtun"],"p1rating":{"entryid":"1463","serverid":"eos","formatid":"monotype","userid":"gtxbzumzum","username":"GTX♅Bzumzum","w":"20","l":54,"t":"0","gxe":28.7,"r":"1325.6404049447","rd":"44.217342731616","sigma":"0","rptime":"1440666000","rpr":1327.5265411524,"rprd":43.447108669344,"rpsigma":"0","acre":1042.038281392,"lacre":1042.038281392,"oldacre":"1061.8596362824"},"p2rating":{"entryid":"534681","serverid":"eos","formatid":"monotype","userid":"vtun","username":"V Ѕtun","w":2,"l":"0","t":"0","gxe":57.2,"r":"1500","rd":"130","sigma":"0","rptime":"1440666000","rpr":1557.8132098673,"rprd":117.31637985978,"rpsigma":"0","acre":1085.1753134099,"lacre":1085.1753134099,"oldacre":"1052.0820220124"},"endType":"normal"}