{"seed":[23417,22893,14030,65277],"turns":22,"p1":"DJ Gible","p2":"Guard Quilluminati","p1team":[{"name":"Calamari","species":"malamar","item":"choicescarf","ability":"Contrary","moves":["rockslide","psychocut","superpower","nightslash"],"nature":"Jolly","evs":{"hp":4,"atk":252,"def":0,"spa":0,"spd":0,"spe":252},"ivs":{"hp":31,"atk":31,"def":31,"spa":31,"spd":31,"spe":31}},{"name":"Hoodlum","species":"scrafty","item":"focussash","ability":"Moxie","moves":["dragondance","crunch","drainpunch","icepunch"],"nature":"Adamant","evs":{"hp":4,"atk":252,"def":0,"spa":0,"spd":0,"spe":252},"ivs":{"hp":31,"atk":31,"def":31,"spa":31,"spd":31,"spe":31}},{"name":"Tyrant","species":"tyranitar","item":"tyranitarite","ability":"Sand Stream","moves":["dragondance","stoneedge","earthquake","crunch"],"nature":"Adamant","evs":{"hp":0,"atk":252,"def":0,"spa":0,"spd":4,"spe":252},"ivs":{"hp":31,"atk":31,"def":31,"spa":31,"spd":31,"spe":31}},{"name":"Cpt. Buzz","species":"mandibuzz","item":"leftovers","ability":"Big Pecks","moves":["foulplay","roost","defog","whirlwind"],"nature":"Bold","evs":{"hp":252,"atk":0,"def":252,"spa":0,"spd":4,"spe":0},"ivs":{"hp":31,"atk":31,"def":31,"spa":31,"spd":31,"spe":31}},{"name":"Hoopa-Unbound","species":"Hoopa-Unbound","item":"lifeorb","ability":"Magician","moves":["zenheadbutt","hyperspacefury","gunkshot","substitute"],"nature":"Jolly","evs":{"hp":0,"atk":252,"def":0,"spa":0,"spd":4,"spe":252},"ivs":{"hp":31,"atk":31,"def":31,"spa":31,"spd":31,"spe":31}},{"name":"Hydreigon","species":"Hydreigon","item":"choicescarf","ability":"Levitate","moves":["dracometeor","hiddenpowergrass","darkpulse","flashcannon"],"nature":"Timid","evs":{"hp":0,"atk":0,"def":0,"spa":252,"spd":4,"spe":252},"ivs":{"hp":31,"atk":30,"def":31,"spa":30,"spd":31,"spe":31}}],"p2team":[{"name":"Allen Iverson","species":"diancie","item":"diancite","ability":"Clear Body","moves":["protect","moonblast","earthpower","diamondstorm"],"nature":"Hasty","evs":{"hp":0,"atk":120,"def":0,"spa":128,"spd":8,"spe":252},"ivs":{"hp":31,"atk":31,"def":31,"spa":31,"spd":31,"spe":31}},{"name":"Fuckle","species":"shuckle","item":"redcard","ability":"Sturdy","moves":["stickyweb","stealthrock","knockoff","toxic"],"nature":"Sassy","evs":{"hp":0,"atk":0,"def":120,"spa":0,"spd":120,"spe":0},"shiny":true,"ivs":{"hp":31,"atk":31,"def":31,"spa":31,"spd":31,"spe":31}},{"name":"Omastar","species":"Omastar","item":"focussash","ability":"Shell Armor","moves":["shellsmash","icebeam","scald","earthpower"],"nature":"Modest","evs":{"hp":0,"atk":0,"def":0,"spa":252,"spd":4,"spe":252},"ivs":{"hp":31,"atk":31,"def":31,"spa":31,"spd":31,"spe":31}},{"name":"Cradily","species":"Cradily","item":"rockyhelmet","ability":"Storm Drain","moves":["barrier","gigadrain","recover","amnesia"],"nature":"Calm","evs":{"hp":248,"atk":0,"def":0,"spa":40,"spd":216,"spe":0},"shiny":true,"ivs":{"hp":31,"atk":31,"def":31,"spa":31,"spd":31,"spe":31}},{"name":"Terrakion","species":"Terrakion","item":"choicescarf","ability":"Justified","moves":["closecombat","earthquake","stoneedge","ironhead"],"nature":"Jolly","evs":{"hp":0,"atk":252,"def":0,"spa":0,"spd":4,"spe":252},"ivs":{"hp":31,"atk":31,"def":31,"spa":31,"spd":31,"spe":31}},{"name":"Tyranitar","species":"Tyranitar","item":"assaultvest","ability":"Sand Stream","moves":["crunch","stoneedge","fireblast","earthquake"],"nature":"Naughty","evs":{"hp":248,"atk":252,"def":0,"spa":8,"spd":0,"spe":0},"ivs":{"hp":31,"atk":31,"def":31,"spa":31,"spd":31,"spe":31}}],"log":["|player|p1|DJ Gible|198","|player|p2|Guard Quilluminati|65","|gametype|singles","|gen|6","|tier|Monotype","|rated","|rule|Baton Pass Clause: Limit one Baton Passer, can't pass Spe and other stats simultaneously","|rule|Swagger Clause: Swagger is banned","|rule|Same Type Clause: Pokémon in a team must share a type","|clearpoke","|poke|p1|Malamar, F","|poke|p1|Scrafty, M","|poke|p1|Tyranitar, F","|poke|p1|Mandibuzz, F","|poke|p1|Hoopa-Unbound","|poke|p1|Hydreigon, M","|poke|p2|Diancie","|poke|p2|Shuckle, M, shiny","|poke|p2|Omastar, M","|poke|p2|Cradily, M, shiny","|poke|p2|Terrakion","|poke|p2|Tyranitar, F","|rule|Sleep Clause Mod: Limit one foe put to sleep","|rule|Species Clause: Limit one of each Pokémon","|rule|OHKO Clause: OHKO moves are banned","|rule|Moody Clause: Moody is banned","|rule|Evasion Moves Clause: Evasion moves are banned","|rule|Endless Battle Clause: Forcing endless battles is banned","|rule|HP Percentage Mod: HP is shown in percentages","|teampreview","|","|start","|switch|p1a: Tyrant|Tyranitar, F|341/341","|switch|p2a: Fuckle|Shuckle, M, shiny|181/181","|-weather|Sandstorm","|turn|1","|","|detailschange|p1a: Tyrant|Tyranitar-Mega, F","|-mega|p1a: Tyrant|Tyranitar|Tyranitarite","|move|p1a: Tyrant|Dragon Dance|p1a: Tyrant","|-boost|p1a: Tyrant|atk|1","|-boost|p1a: Tyrant|spe|1","|move|p2a: Fuckle|Sticky Web|p1a: Tyrant","|-sidestart|p1: DJ Gible|move: Sticky Web","|","|-weather|Sandstorm|[upkeep]","|turn|2","|","|move|p1a: Tyrant|Dragon Dance|p1a: Tyrant","|-boost|p1a: Tyrant|atk|1","|-boost|p1a: Tyrant|spe|1","|move|p2a: Fuckle|Stealth Rock|p1a: Tyrant","|-sidestart|p1: DJ Gible|move: Stealth Rock","|","|-weather|Sandstorm|[upkeep]","|turn|3","|","|move|p1a: Tyrant|Earthquake|p2a: Fuckle","|-crit|p2a: Fuckle","|-ability|p2a: Fuckle|Sturdy","|-damage|p2a: Fuckle|1/181","|-enditem|p2a: Fuckle|Red Card|[of] p1a: Tyrant","|drag|p1a: Cpt. Buzz|Mandibuzz, F|424/424","|-damage|p1a: Cpt. Buzz|318/424|[from] Stealth Rock","|move|p2a: Fuckle|Toxic|p1a: Cpt. Buzz","|-status|p1a: Cpt. Buzz|tox","|","|-weather|Sandstorm|[upkeep]","|-damage|p1a: Cpt. Buzz|292/424 tox|[from] sandstorm","|-heal|p1a: Cpt. Buzz|318/424 tox|[from] item: Leftovers","|-damage|p1a: Cpt. Buzz|292/424 tox|[from] psn","|turn|4","|","|move|p1a: Cpt. Buzz|Foul Play|p2a: Fuckle","|-damage|p2a: Fuckle|0 fnt","|faint|p2a: Fuckle","|","|-weather|Sandstorm|[upkeep]","|-damage|p1a: Cpt. Buzz|266/424 tox|[from] sandstorm","|-heal|p1a: Cpt. Buzz|292/424 tox|[from] item: Leftovers","|-damage|p1a: Cpt. Buzz|240/424 tox|[from] psn","|","|switch|p2a: Allen Iverson|Diancie|241/241","|turn|5","|","|detailschange|p2a: Allen Iverson|Diancie-Mega","|-mega|p2a: Allen Iverson|Diancie|Diancite","|move|p2a: Allen Iverson|Moonblast|p1a: Cpt. Buzz","|-supereffective|p1a: Cpt. Buzz","|-damage|p1a: Cpt. Buzz|0 fnt","|faint|p1a: Cpt. Buzz","|","|-weather|none","|","|switch|p1a: Hydreigon|Hydreigon, M|325/325","|-damage|p1a: Hydreigon|285/325|[from] Stealth Rock","|turn|6","|","|switch|p2a: Omastar|Omastar, M|281/281","|move|p1a: Hydreigon|Flash Cannon|p2a: Omastar","|-damage|p2a: Omastar|164/281","|","|turn|7","|","|switch|p1a: Calamari|Malamar, F|314/314","|-activate|p1a: Calamari|move: Sticky Web","|-boost|p1a: Calamari|spe|1","|-damage|p1a: Calamari|275/314|[from] Stealth Rock","|move|p2a: Omastar|Shell Smash|p2a: Omastar","|-unboost|p2a: Omastar|def|1","|-unboost|p2a: Omastar|spd|1","|-boost|p2a: Omastar|atk|2","|-boost|p2a: Omastar|spa|2","|-boost|p2a: Omastar|spe|2","|","|turn|8","|","|move|p1a: Calamari|Superpower|p2a: Omastar","|-supereffective|p2a: Omastar","|-damage|p2a: Omastar|0 fnt","|-boost|p1a: Calamari|atk|1","|-boost|p1a: Calamari|def|1","|faint|p2a: Omastar","|","|","|switch|p2a: Allen Iverson|Diancie-Mega|241/241","|turn|9","|","|move|p1a: Calamari|Superpower|p2a: Allen Iverson","|-crit|p2a: Allen Iverson","|-damage|p2a: Allen Iverson|1/241","|-boost|p1a: Calamari|atk|1","|-boost|p1a: Calamari|def|1","|move|p2a: Allen Iverson|Moonblast|p1a: Calamari","|-supereffective|p1a: Calamari","|-damage|p1a: Calamari|0 fnt","|faint|p1a: Calamari","|","|","|switch|p1a: Hydreigon|Hydreigon, M|285/325","|-damage|p1a: Hydreigon|245/325|[from] Stealth Rock","|turn|10","|","|switch|p2a: Tyranitar|Tyranitar, F|403/403","|-weather|Sandstorm","|move|p1a: Hydreigon|Flash Cannon|p2a: Tyranitar","|-supereffective|p2a: Tyranitar","|-damage|p2a: Tyranitar|311/403","|","|-weather|Sandstorm|[upkeep]","|-damage|p1a: Hydreigon|225/325|[from] sandstorm","|turn|11","|","|switch|p1a: Hoodlum|Scrafty, M|272/272","|-activate|p1a: Hoodlum|move: Sticky Web","|-unboost|p1a: Hoodlum|spe|1","|-damage|p1a: Hoodlum|255/272|[from] Stealth Rock","|move|p2a: Tyranitar|Crunch|p1a: Hoodlum","|-resisted|p1a: Hoodlum","|-damage|p1a: Hoodlum|220/272","|","|-weather|Sandstorm|[upkeep]","|-damage|p1a: Hoodlum|203/272|[from] sandstorm","|turn|12","|","|switch|p2a: Cradily|Cradily, M, shiny|375/375","|move|p1a: Hoodlum|Dragon Dance|p1a: Hoodlum","|-boost|p1a: Hoodlum|atk|1","|-boost|p1a: Hoodlum|spe|1","|","|-weather|Sandstorm|[upkeep]","|-damage|p1a: Hoodlum|186/272|[from] sandstorm","|turn|13","|","|move|p1a: Hoodlum|Dragon Dance|p1a: Hoodlum","|-boost|p1a: Hoodlum|atk|1","|-boost|p1a: Hoodlum|spe|1","|move|p2a: Cradily|Barrier|p2a: Cradily","|-boost|p2a: Cradily|def|2","|","|-weather|Sandstorm|[upkeep]","|-damage|p1a: Hoodlum|169/272|[from] sandstorm","|turn|14","|","|move|p1a: Hoodlum|Drain Punch|p2a: Cradily","|-supereffective|p2a: Cradily","|-damage|p2a: Cradily|121/375","|-heal|p1a: Hoodlum|272/272|[from] drain|[of] p2a: Cradily","|-damage|p1a: Hoodlum|227/272|[from] item: Rocky Helmet|[of] p2a: Cradily","|move|p2a: Cradily|Giga Drain|p1a: Hoodlum","|-crit|p1a: Hoodlum","|-damage|p1a: Hoodlum|115/272","|-heal|p2a: Cradily|177/375|[from] drain|[of] p1a: Hoodlum","|","|-weather|none","|turn|15","|","|move|p1a: Hoodlum|Drain Punch|p2a: Cradily","|-supereffective|p2a: Cradily","|-damage|p2a: Cradily|0 fnt","|-heal|p1a: Hoodlum|204/272|[from] drain|[of] p2a: Cradily","|-damage|p1a: Hoodlum|159/272|[from] item: Rocky Helmet|[of] p2a: Cradily","|faint|p2a: Cradily","|-boost|p1a: Hoodlum|atk|1|[from] ability: Moxie","|","|","|switch|p2a: Allen Iverson|Diancie-Mega|1/241","|turn|16","|","|move|p2a: Allen Iverson|Moonblast|p1a: Hoodlum","|-crit|p1a: Hoodlum","|-supereffective|p1a: Hoodlum","|-damage|p1a: Hoodlum|0 fnt","|faint|p1a: Hoodlum","|","|","|switch|p1a: Hoopa-Unbound|Hoopa-Unbound|301/301","|-activate|p1a: Hoopa-Unbound|move: Sticky Web","|-unboost|p1a: Hoopa-Unbound|spe|1","|-damage|p1a: Hoopa-Unbound|264/301|[from] Stealth Rock","|turn|17","|","|move|p2a: Allen Iverson|Moonblast|p1a: Hoopa-Unbound","|-supereffective|p1a: Hoopa-Unbound","|-damage|p1a: Hoopa-Unbound|0 fnt","|faint|p1a: Hoopa-Unbound","|","|","|switch|p1a: Hydreigon|Hydreigon, M|225/325","|-damage|p1a: Hydreigon|185/325|[from] Stealth Rock","|turn|18","|","|switch|p2a: Tyranitar|Tyranitar, F|311/403","|-weather|Sandstorm","|move|p1a: Hydreigon|Flash Cannon|p2a: Tyranitar","|-supereffective|p2a: Tyranitar","|-damage|p2a: Tyranitar|219/403","|","|-weather|Sandstorm|[upkeep]","|-damage|p1a: Hydreigon|165/325|[from] sandstorm","|turn|19","|","|move|p1a: Hydreigon|Flash Cannon|p2a: Tyranitar","|-supereffective|p2a: Tyranitar","|-damage|p2a: Tyranitar|125/403","|move|p2a: Tyranitar|Stone Edge|p1a: Hydreigon","|-damage|p1a: Hydreigon|0 fnt","|faint|p1a: Hydreigon","|","|-weather|Sandstorm|[upkeep]","|","|switch|p1a: Tyrant|Tyranitar-Mega, F|341/341","|-damage|p1a: Tyrant|299/341|[from] Stealth Rock","|-activate|p1a: Tyrant|move: Sticky Web","|-unboost|p1a: Tyrant|spe|1","|turn|20","|","|move|p1a: Tyrant|Dragon Dance|p1a: Tyrant","|-boost|p1a: Tyrant|atk|1","|-boost|p1a: Tyrant|spe|1","|move|p2a: Tyranitar|Earthquake|p1a: Tyrant","|-supereffective|p1a: Tyrant","|-damage|p1a: Tyrant|105/341","|","|-weather|Sandstorm|[upkeep]","|turn|21","|","|move|p1a: Tyrant|Earthquake|p2a: Tyranitar","|-supereffective|p2a: Tyranitar","|-damage|p2a: Tyranitar|0 fnt","|faint|p2a: Tyranitar","|","|-weather|Sandstorm|[upkeep]","|","|switch|p2a: Allen Iverson|Diancie-Mega|1/241","|turn|22","|","|move|p2a: Allen Iverson|Moonblast|p1a: Tyrant","|-supereffective|p1a: Tyrant","|-damage|p1a: Tyrant|0 fnt","|faint|p1a: Tyrant","|","|win|Guard Quilluminati"],"p1rating":{"entryid":"166635","serverid":"eos","formatid":"monotype","userid":"djgible","username":"DJ Gible","w":"12","l":14,"t":"0","gxe":48,"r":"1479.0789926504","rd":"71.240140853422","sigma":"0","rptime":"1440666000","rpr":1484.4083896239,"rprd":64.488703803696,"rpsigma":"0","acre":1097.2279516437,"lacre":1097.2279516437,"oldacre":"1129.5408090946"},"p2rating":{"entryid":"265729","serverid":"eos","formatid":"monotype","userid":"guardquilluminati","username":"Guard Quilluminati","w":9,"l":"14","t":"0","gxe":45,"r":"1447.5985178479","rd":"68.506568982547","sigma":"0","rptime":"1440666000","rpr":1461.4277699317,"rprd":67.283021672865,"rpsigma":"0","acre":1071.7357346301,"lacre":1071.7357346301,"oldacre":"1024.8537336177"},"endType":"normal"}