{"seed":[9353,64883,63426,62764],"turns":40,"p1":"Aрex✦Loνуxe","p2":"Neowulf - ⓓⓔⓐⓓⓜⓐⓝ","p1team":[{"name":"Torkoal","species":"Torkoal","item":"leftovers","ability":"Shell Armor","moves":["clearsmog","eruption","rapidspin","stealthrock"],"nature":"Bold","evs":{"hp":252,"atk":0,"def":252,"spa":4,"spd":0,"spe":0},"gender":"M","ivs":{"hp":31,"atk":31,"def":31,"spa":31,"spd":31,"spe":31}},{"name":"Heatran","species":"Heatran","item":"leftovers","ability":"Flash Fire","moves":["eruption","protect","toxic","roar"],"nature":"Quiet","evs":{"hp":252,"atk":0,"def":0,"spa":0,"spd":252,"spe":0},"gender":"M","shiny":true,"ivs":{"hp":31,"atk":31,"def":31,"spa":31,"spd":31,"spe":31}},{"name":"Charizard","species":"Charizard","item":"charizarditey","ability":"Solar Power","moves":["airslash","dragonpulse","fireblast","solarbeam"],"nature":"Timid","evs":{"hp":0,"atk":0,"def":0,"spa":252,"spd":0,"spe":252},"ivs":{"hp":31,"atk":31,"def":31,"spa":31,"spd":31,"spe":31}},{"name":"Volcarona","species":"Volcarona","item":"focussash","ability":"Swarm","moves":["bugbuzz","fierydance","quiverdance","morningsun"],"nature":"Timid","evs":{"hp":0,"atk":0,"def":0,"spa":252,"spd":0,"spe":252},"ivs":{"hp":31,"atk":31,"def":31,"spa":31,"spd":31,"spe":31}},{"name":"choice scarf","species":"darmanitan","item":"lifeorb","ability":"Sheer Force","moves":["zenheadbutt","flareblitz","earthquake","brickbreak"],"nature":"Jolly","evs":{"hp":0,"atk":252,"def":0,"spa":0,"spd":0,"spe":252},"shiny":true,"ivs":{"hp":31,"atk":31,"def":31,"spa":31,"spd":31,"spe":31}},{"name":"Infernape","species":"Infernape","item":"choiceband","ability":"Iron Fist","moves":["poweruppunch","machpunch","firepunch","thunderpunch"],"nature":"Jolly","evs":{"hp":0,"atk":252,"def":0,"spa":0,"spd":0,"spe":252},"ivs":{"hp":31,"atk":31,"def":31,"spa":31,"spd":31,"spe":31}}],"p2team":[{"name":"Reuniclus","species":"Reuniclus","item":"lifeorb","ability":"Magic Guard","moves":["trickroom","psychic","shadowball","focusblast"],"nature":"Quiet","evs":{"hp":248,"atk":0,"def":0,"spa":252,"spd":8,"spe":0},"ivs":{"hp":31,"atk":31,"def":31,"spa":31,"spd":31,"spe":0}},{"name":"Slowbro","species":"Slowbro","item":"leftovers","ability":"Regenerator","moves":["scald","flamethrower","slackoff","thunderwave"],"nature":"Bold","evs":{"hp":252,"atk":0,"def":252,"spa":4,"spd":0,"spe":0},"ivs":{"hp":31,"atk":31,"def":31,"spa":31,"spd":31,"spe":31}},{"name":"Meloetta","species":"Meloetta","item":"leftovers","ability":"Serene Grace","moves":["dazzlinggleam","hypervoice","healbell","thunderwave"],"nature":"Calm","evs":{"hp":252,"atk":0,"def":4,"spa":0,"spd":252,"spe":0},"ivs":{"hp":31,"atk":31,"def":31,"spa":31,"spd":31,"spe":31}},{"name":"Gardevoir","species":"Gardevoir","item":"gardevoirite","ability":"Trace","moves":["hypervoice","substitute","focusblast","thunderbolt"],"nature":"Timid","evs":{"hp":0,"atk":0,"def":4,"spa":252,"spd":0,"spe":252},"ivs":{"hp":31,"atk":31,"def":31,"spa":31,"spd":31,"spe":31}},{"name":"Hoopa-Unbound","species":"Hoopa-Unbound","item":"choicescarf","ability":"Magician","moves":["hyperspacefury","drainpunch","knockoff","firepunch"],"nature":"Jolly","evs":{"hp":0,"atk":252,"def":0,"spa":0,"spd":4,"spe":252},"ivs":{"hp":31,"atk":31,"def":31,"spa":31,"spd":31,"spe":31}},{"name":"Latios","species":"Latios","item":"choicespecs","ability":"Levitate","moves":["dracometeor","psyshock","hiddenpowerfire","trick"],"nature":"Timid","evs":{"hp":0,"atk":0,"def":0,"spa":252,"spd":4,"spe":252},"ivs":{"hp":31,"atk":30,"def":31,"spa":30,"spd":31,"spe":30}}],"log":["|player|p1|Aрex✦Loνуxe|209","|player|p2|Neowulf - ⓓⓔⓐⓓⓜⓐⓝ|143","|gametype|singles","|gen|6","|tier|Monotype","|rated","|rule|Baton Pass Clause: Limit one Baton Passer, can't pass Spe and other stats simultaneously","|rule|Swagger Clause: Swagger is banned","|rule|Same Type Clause: Pokémon in a team must share a type","|clearpoke","|poke|p1|Torkoal, M","|poke|p1|Heatran, M, shiny","|poke|p1|Charizard, M","|poke|p1|Volcarona, M","|poke|p1|Darmanitan, M, shiny","|poke|p1|Infernape, M","|poke|p2|Reuniclus, F","|poke|p2|Slowbro, M","|poke|p2|Meloetta","|poke|p2|Gardevoir, M","|poke|p2|Hoopa-Unbound","|poke|p2|Latios, M","|rule|Sleep Clause Mod: Limit one foe put to sleep","|rule|Species Clause: Limit one of each Pokémon","|rule|OHKO Clause: OHKO moves are banned","|rule|Moody Clause: Moody is banned","|rule|Evasion Moves Clause: Evasion moves are banned","|rule|Endless Battle Clause: Forcing endless battles is banned","|rule|HP Percentage Mod: HP is shown in percentages","|teampreview","|","|start","|switch|p1a: Torkoal|Torkoal, M|344/344","|switch|p2a: Latios|Latios, M|301/301","|turn|1","|","|switch|p1a: Heatran|Heatran, M, shiny|386/386","|move|p2a: Latios|Draco Meteor|p1a: Heatran|[miss]","|-miss|p2a: Latios|p1a: Heatran","|","|turn|2","|","|switch|p2a: Meloetta|Meloetta|404/404","|move|p1a: Heatran|Toxic|p2a: Meloetta","|-status|p2a: Meloetta|tox","|","|-damage|p2a: Meloetta|379/404 tox|[from] psn","|turn|3","|","|move|p1a: Heatran|Protect|p1a: Heatran","|-singleturn|p1a: Heatran|Protect","|move|p2a: Meloetta|Heal Bell|p2a: Meloetta","|-cureteam|p2a: Meloetta|[from] move: HealBell","|","|-heal|p2a: Meloetta|404/404|[from] item: Leftovers","|turn|4","|","|switch|p2a: Reuniclus|Reuniclus, F|423/423","|move|p1a: Heatran|Roar|p2a: Reuniclus","|drag|p2a: Latios|Latios, M|301/301","|","|turn|5","|","|switch|p2a: Reuniclus|Reuniclus, F|423/423","|move|p1a: Heatran|Eruption|p2a: Reuniclus","|-damage|p2a: Reuniclus|162/423","|","|turn|6","|","|move|p1a: Heatran|Eruption|p2a: Reuniclus","|-damage|p2a: Reuniclus|0 fnt","|faint|p2a: Reuniclus","|","|","|switch|p2a: Hoopa-Unbound|Hoopa-Unbound|301/301","|turn|7","|","|switch|p1a: Torkoal|Torkoal, M|344/344","|move|p2a: Hoopa-Unbound|Drain Punch|p1a: Torkoal","|-damage|p1a: Torkoal|283/344","|","|-heal|p1a: Torkoal|304/344|[from] item: Leftovers","|turn|8","|","|switch|p2a: Gardevoir|Gardevoir, M|277/277","|-ability|p2a: Gardevoir|Shell Armor|[from] ability: Trace|[of] p1a: Torkoal","|move|p1a: Torkoal|Stealth Rock|p2a: Gardevoir","|-sidestart|p2: Neowulf - ⓓⓔⓐⓓⓜⓐⓝ|move: Stealth Rock","|","|-heal|p1a: Torkoal|325/344|[from] item: Leftovers","|turn|9","|","|detailschange|p2a: Gardevoir|Gardevoir-Mega, M","|-mega|p2a: Gardevoir|Gardevoir|Gardevoirite","|move|p2a: Gardevoir|Substitute|p2a: Gardevoir","|-start|p2a: Gardevoir|Substitute","|-damage|p2a: Gardevoir|208/277","|move|p1a: Torkoal|Eruption|p2a: Gardevoir","|-end|p2a: Gardevoir|Substitute","|","|-heal|p1a: Torkoal|344/344|[from] item: Leftovers","|turn|10","|","|move|p2a: Gardevoir|Focus Blast|p1a: Torkoal|[miss]","|-miss|p2a: Gardevoir|p1a: Torkoal","|move|p1a: Torkoal|Eruption|p2a: Gardevoir","|-damage|p2a: Gardevoir|88/277","|","|turn|11","|","|move|p2a: Gardevoir|Focus Blast|p1a: Torkoal","|-damage|p1a: Torkoal|132/344","|move|p1a: Torkoal|Eruption|p2a: Gardevoir","|-damage|p2a: Gardevoir|39/277","|","|-heal|p1a: Torkoal|153/344|[from] item: Leftovers","|turn|12","|","|switch|p1a: Heatran|Heatran, M, shiny|386/386","|move|p2a: Gardevoir|Focus Blast|p1a: Heatran|[miss]","|-miss|p2a: Gardevoir|p1a: Heatran","|","|turn|13","|","|move|p1a: Heatran|Protect|p1a: Heatran","|-singleturn|p1a: Heatran|Protect","|move|p2a: Gardevoir|Focus Blast|p1a: Heatran","|-activate|p1a: Heatran|Protect","|","|turn|14","|","|move|p2a: Gardevoir|Focus Blast|p1a: Heatran|[miss]","|-miss|p2a: Gardevoir|p1a: Heatran","|move|p1a: Heatran|Roar|p2a: Gardevoir","|drag|p2a: Meloetta|Meloetta|404/404","|-damage|p2a: Meloetta|354/404|[from] Stealth Rock","|","|-heal|p2a: Meloetta|379/404|[from] item: Leftovers","|turn|15","|","|move|p2a: Meloetta|Thunder Wave|p1a: Heatran","|-status|p1a: Heatran|par","|move|p1a: Heatran|Eruption|p2a: Meloetta","|-damage|p2a: Meloetta|235/404","|","|-heal|p2a: Meloetta|260/404|[from] item: Leftovers","|turn|16","|","|switch|p2a: Slowbro|Slowbro, M|394/394","|-damage|p2a: Slowbro|345/394|[from] Stealth Rock","|move|p1a: Heatran|Toxic|p2a: Slowbro","|-status|p2a: Slowbro|tox","|","|-heal|p2a: Slowbro|369/394 tox|[from] item: Leftovers","|-damage|p2a: Slowbro|345/394 tox|[from] psn","|turn|17","|","|move|p2a: Slowbro|Scald|p1a: Heatran","|-supereffective|p1a: Heatran","|-damage|p1a: Heatran|242/386 par","|cant|p1a: Heatran|par","|","|-heal|p2a: Slowbro|369/394 tox|[from] item: Leftovers","|-heal|p1a: Heatran|266/386 par|[from] item: Leftovers","|-damage|p2a: Slowbro|321/394 tox|[from] psn","|turn|18","|","|cant|p1a: Heatran|par","|move|p2a: Slowbro|Scald|p1a: Heatran","|-supereffective|p1a: Heatran","|-damage|p1a: Heatran|132/386 par","|","|-heal|p2a: Slowbro|345/394 tox|[from] item: Leftovers","|-heal|p1a: Heatran|156/386 par|[from] item: Leftovers","|-damage|p2a: Slowbro|273/394 tox|[from] psn","|turn|19","|","|switch|p1a: Torkoal|Torkoal, M|153/344","|move|p2a: Slowbro|Scald|p1a: Torkoal","|-supereffective|p1a: Torkoal","|-damage|p1a: Torkoal|0 fnt","|faint|p1a: Torkoal","|","|-heal|p2a: Slowbro|297/394 tox|[from] item: Leftovers","|-damage|p2a: Slowbro|201/394 tox|[from] psn","|","|switch|p1a: Heatran|Heatran, M, shiny|156/386 par","|turn|20","|","|switch|p2a: Meloetta|Meloetta|260/404","|-damage|p2a: Meloetta|210/404|[from] Stealth Rock","|move|p1a: Heatran|Protect|p1a: Heatran","|-fail|p1a: Heatran","|","|-heal|p2a: Meloetta|235/404|[from] item: Leftovers","|-heal|p1a: Heatran|180/386 par|[from] item: Leftovers","|turn|21","|","|move|p2a: Meloetta|Heal Bell|p2a: Meloetta","|-cureteam|p2a: Meloetta|[from] move: HealBell","|move|p1a: Heatran|Toxic|p2a: Meloetta","|-status|p2a: Meloetta|tox","|","|-heal|p2a: Meloetta|260/404 tox|[from] item: Leftovers","|-heal|p1a: Heatran|204/386 par|[from] item: Leftovers","|-damage|p2a: Meloetta|235/404 tox|[from] psn","|turn|22","|","|move|p2a: Meloetta|Heal Bell|p2a: Meloetta","|-cureteam|p2a: Meloetta|[from] move: HealBell","|move|p1a: Heatran|Toxic|p2a: Meloetta","|-status|p2a: Meloetta|tox","|","|-heal|p2a: Meloetta|260/404 tox|[from] item: Leftovers","|-heal|p1a: Heatran|228/386 par|[from] item: Leftovers","|-damage|p2a: Meloetta|235/404 tox|[from] psn","|turn|23","|","|move|p2a: Meloetta|Heal Bell|p2a: Meloetta","|-cureteam|p2a: Meloetta|[from] move: HealBell","|move|p1a: Heatran|Roar|p2a: Meloetta","|drag|p2a: Slowbro|Slowbro, M|332/394","|-damage|p2a: Slowbro|283/394|[from] Stealth Rock","|","|-heal|p2a: Slowbro|307/394|[from] item: Leftovers","|-heal|p1a: Heatran|252/386 par|[from] item: Leftovers","|turn|24","|","|move|p1a: Heatran|Protect|p1a: Heatran","|-singleturn|p1a: Heatran|Protect","|move|p2a: Slowbro|Scald|p1a: Heatran","|-activate|p1a: Heatran|Protect","|","|-heal|p2a: Slowbro|331/394|[from] item: Leftovers","|-heal|p1a: Heatran|276/386 par|[from] item: Leftovers","|turn|25","|","|move|p2a: Slowbro|Scald|p1a: Heatran","|-supereffective|p1a: Heatran","|-damage|p1a: Heatran|118/386 par","|move|p1a: Heatran|Toxic|p2a: Slowbro","|-status|p2a: Slowbro|tox","|","|-heal|p2a: Slowbro|355/394 tox|[from] item: Leftovers","|-heal|p1a: Heatran|142/386 par|[from] item: Leftovers","|-damage|p2a: Slowbro|331/394 tox|[from] psn","|turn|26","|","|move|p1a: Heatran|Protect|p1a: Heatran","|-singleturn|p1a: Heatran|Protect","|move|p2a: Slowbro|Scald|p1a: Heatran","|-activate|p1a: Heatran|Protect","|","|-heal|p2a: Slowbro|355/394 tox|[from] item: Leftovers","|-heal|p1a: Heatran|166/386 par|[from] item: Leftovers","|-damage|p2a: Slowbro|307/394 tox|[from] psn","|turn|27","|","|move|p2a: Slowbro|Scald|p1a: Heatran","|-supereffective|p1a: Heatran","|-damage|p1a: Heatran|14/386 par","|move|p1a: Heatran|Roar|p2a: Slowbro","|drag|p2a: Hoopa-Unbound|Hoopa-Unbound|301/301","|-damage|p2a: Hoopa-Unbound|264/301|[from] Stealth Rock","|","|-heal|p1a: Heatran|38/386 par|[from] item: Leftovers","|turn|28","|","|move|p2a: Hoopa-Unbound|Knock Off|p1a: Heatran","|-damage|p1a: Heatran|0 fnt","|-enditem|p1a: Heatran|Leftovers|[from] move: Knock Off|[of] p2a: Hoopa-Unbound","|faint|p1a: Heatran","|","|","|switch|p1a: Infernape|Infernape, M|293/293","|turn|29","|","|switch|p2a: Slowbro|Slowbro, M|394/394 tox","|-damage|p2a: Slowbro|345/394 tox|[from] Stealth Rock","|move|p1a: Infernape|Power-Up Punch|p2a: Slowbro","|-resisted|p2a: Slowbro","|-damage|p2a: Slowbro|307/394 tox","|-boost|p1a: Infernape|atk|1","|","|-heal|p2a: Slowbro|331/394 tox|[from] item: Leftovers","|-damage|p2a: Slowbro|307/394 tox|[from] psn","|turn|30","|","|move|p1a: Infernape|Power-Up Punch|p2a: Slowbro","|-resisted|p2a: Slowbro","|-damage|p2a: Slowbro|247/394 tox","|-boost|p1a: Infernape|atk|1","|move|p2a: Slowbro|Thunder Wave|p1a: Infernape","|-status|p1a: Infernape|par","|","|-heal|p2a: Slowbro|271/394 tox|[from] item: Leftovers","|-damage|p2a: Slowbro|223/394 tox|[from] psn","|turn|31","|","|switch|p2a: Gardevoir|Gardevoir-Mega, M|39/277","|-damage|p2a: Gardevoir|5/277|[from] Stealth Rock","|move|p1a: Infernape|Power-Up Punch|p2a: Gardevoir","|-crit|p2a: Gardevoir","|-resisted|p2a: Gardevoir","|-damage|p2a: Gardevoir|0 fnt","|-boost|p1a: Infernape|atk|1","|faint|p2a: Gardevoir","|","|","|switch|p2a: Latios|Latios, M|301/301","|-damage|p2a: Latios|264/301|[from] Stealth Rock","|turn|32","|","|move|p2a: Latios|Psyshock|p1a: Infernape","|-supereffective|p1a: Infernape","|-damage|p1a: Infernape|0 fnt","|faint|p1a: Infernape","|","|","|switch|p1a: Volcarona|Volcarona, M|311/311","|turn|33","|","|switch|p2a: Meloetta|Meloetta|235/404","|-damage|p2a: Meloetta|185/404|[from] Stealth Rock","|move|p1a: Volcarona|Quiver Dance|p1a: Volcarona","|-boost|p1a: Volcarona|spa|1","|-boost|p1a: Volcarona|spd|1","|-boost|p1a: Volcarona|spe|1","|","|-heal|p2a: Meloetta|210/404|[from] item: Leftovers","|turn|34","|","|move|p1a: Volcarona|Quiver Dance|p1a: Volcarona","|-boost|p1a: Volcarona|spa|1","|-boost|p1a: Volcarona|spd|1","|-boost|p1a: Volcarona|spe|1","|move|p2a: Meloetta|Thunder Wave|p1a: Volcarona","|-status|p1a: Volcarona|par","|","|-heal|p2a: Meloetta|235/404|[from] item: Leftovers","|turn|35","|","|move|p2a: Meloetta|Heal Bell|p2a: Meloetta","|-cureteam|p2a: Meloetta|[from] move: HealBell","|move|p1a: Volcarona|Quiver Dance|p1a: Volcarona","|-boost|p1a: Volcarona|spa|1","|-boost|p1a: Volcarona|spd|1","|-boost|p1a: Volcarona|spe|1","|","|-heal|p2a: Meloetta|260/404|[from] item: Leftovers","|turn|36","|","|move|p2a: Meloetta|Hyper Voice|p1a: Volcarona","|-crit|p1a: Volcarona","|-damage|p1a: Volcarona|124/311 par","|move|p1a: Volcarona|Bug Buzz|p2a: Meloetta","|-supereffective|p2a: Meloetta","|-damage|p2a: Meloetta|0 fnt","|faint|p2a: Meloetta","|","|","|switch|p2a: Hoopa-Unbound|Hoopa-Unbound|264/301","|-damage|p2a: Hoopa-Unbound|227/301|[from] Stealth Rock","|turn|37","|","|move|p2a: Hoopa-Unbound|Hyperspace Fury|p1a: Volcarona","|-damage|p1a: Volcarona|0 fnt","|-unboost|p2a: Hoopa-Unbound|def|1","|faint|p1a: Volcarona","|","|","|switch|p1a: Charizard|Charizard, M|297/297","|turn|38","|","|detailschange|p1a: Charizard|Charizard-Mega-Y, M","|-mega|p1a: Charizard|Charizard|Charizardite Y","|-weather|SunnyDay","|move|p2a: Hoopa-Unbound|Hyperspace Fury|p1a: Charizard","|-damage|p1a: Charizard|39/297","|-unboost|p2a: Hoopa-Unbound|def|1","|move|p1a: Charizard|Fire Blast|p2a: Hoopa-Unbound","|-damage|p2a: Hoopa-Unbound|0 fnt","|faint|p2a: Hoopa-Unbound","|","|-weather|SunnyDay|[upkeep]","|","|switch|p2a: Latios|Latios, M|264/301","|-damage|p2a: Latios|227/301|[from] Stealth Rock","|turn|39","|","|move|p2a: Latios|Psyshock|p1a: Charizard","|-damage|p1a: Charizard|0 fnt","|faint|p1a: Charizard","|","|-weather|SunnyDay|[upkeep]","|","|switch|p1a: choice scarf|Darmanitan, M, shiny|351/351","|turn|40","|","|move|p2a: Latios|Psyshock|p1a: choice scarf","|-damage|p1a: choice scarf|0 fnt","|faint|p1a: choice scarf","|","|win|Neowulf - ⓓⓔⓐⓓⓜⓐⓝ"],"p1rating":{"entryid":"529626","serverid":"eos","formatid":"monotype","userid":"aexloxe","username":"Aрex✦Loνуxe","w":"3","l":8,"t":"0","gxe":37.4,"r":"1500","rd":"130","sigma":"0","rptime":"1440666000","rpr":1400.5957808,"rprd":85.51432010184,"rpsigma":"0","acre":1012.397260472,"lacre":1012.397260472,"oldacre":"1018.0431077339"},"p2rating":{"entryid":"94659","serverid":"eos","formatid":"monotype","userid":"neowulf","username":"Neowulf","w":18,"l":"7","t":"0","gxe":67.3,"r":"1627.6527794141","rd":"71.939203516544","sigma":"0","rptime":"1440666000","rpr":1637.6872061847,"rprd":65.229905126132,"rpsigma":"0","acre":1246.8367270394,"lacre":1246.8367270394,"oldacre":"1235.728510186"},"endType":"normal"}