{"seed":[39950,10319,23154,61039],"turns":27,"p1":"Vin Sarkany","p2":"DSV","p1team":[{"name":"Sugarloaf","species":"tyranitar","item":"leftovers","ability":"Sand Stream","moves":["thunderwave","stealthrock","stoneedge","fireblast"],"nature":"Sassy","evs":{"hp":252,"atk":4,"def":0,"spa":0,"spd":252,"spe":0},"gender":"F","ivs":{"hp":31,"atk":31,"def":31,"spa":31,"spd":31,"spe":31}},{"name":"pika","species":"sableye","item":"leftovers","ability":"Prankster","moves":["willowisp","taunt","recover","confide"],"nature":"Calm","evs":{"hp":252,"atk":0,"def":0,"spa":0,"spd":252,"spe":4},"gender":"F","ivs":{"hp":31,"atk":0,"def":31,"spa":31,"spd":31,"spe":31}},{"name":"Fianchetto","species":"bisharp","item":"lifeorb","ability":"Defiant","moves":["swordsdance","ironhead","knockoff","suckerpunch"],"nature":"Adamant","evs":{"hp":4,"atk":252,"def":0,"spa":0,"spd":0,"spe":252},"gender":"M","ivs":{"hp":31,"atk":31,"def":31,"spa":31,"spd":31,"spe":31}},{"name":"Open Water","species":"sharpedo","item":"sharpedonite","ability":"Speed Boost","moves":["protect","crunch","hydropump","icefang"],"nature":"Lonely","evs":{"hp":0,"atk":252,"def":0,"spa":4,"spd":0,"spe":252},"ivs":{"hp":31,"atk":31,"def":31,"spa":31,"spd":31,"spe":31}},{"name":"Abdur-Rahkman","species":"hoopaunbound","item":"choicescarf","ability":"Magician","moves":["hyperspacefury","energyball","hyperspacehole","gunkshot"],"nature":"Naive","evs":{"hp":0,"atk":4,"def":0,"spa":252,"spd":0,"spe":252},"ivs":{"hp":31,"atk":31,"def":31,"spa":31,"spd":31,"spe":31}},{"name":"Christy Mack","species":"mandibuzz","item":"rockyhelmet","ability":"Overcoat","moves":["foulplay","taunt","roost","toxic"],"nature":"Bold","evs":{"hp":240,"atk":0,"def":252,"spa":0,"spd":0,"spe":16},"ivs":{"hp":31,"atk":0,"def":31,"spa":31,"spd":31,"spe":31},"shiny":true}],"p2team":[{"name":"Roserade","species":"Roserade","item":"lifeorb","ability":"Technician","moves":["hiddenpowerrock","sludgebomb","gigadrain","extrasensory"],"nature":"Timid","evs":{"hp":0,"atk":0,"def":0,"spa":252,"spd":4,"spe":252},"ivs":{"hp":31,"atk":31,"def":30,"spa":31,"spd":30,"spe":30}},{"name":"Ferrothorn","species":"Ferrothorn","item":"leftovers","ability":"Iron Barbs","moves":["thunderwave","leechseed","gyroball","stealthrock"],"nature":"Relaxed","evs":{"hp":252,"atk":0,"def":88,"spa":0,"spd":168,"spe":0},"ivs":{"hp":31,"atk":31,"def":31,"spa":31,"spd":31,"spe":0}},{"name":"Venusaur","species":"Venusaur","item":"venusaurite","ability":"Chlorophyll","moves":["hiddenpowerfire","leechseed","sludgebomb","synthesis"],"nature":"Bold","evs":{"hp":248,"atk":0,"def":96,"spa":0,"spd":144,"spe":20},"ivs":{"hp":31,"atk":30,"def":31,"spa":30,"spd":31,"spe":30}},{"name":"Cradily","species":"Cradily","item":"leftovers","ability":"Storm Drain","moves":["rockslide","recover","earthpower","toxic"],"nature":"Sassy","evs":{"hp":248,"atk":8,"def":0,"spa":0,"spd":252,"spe":0},"ivs":{"hp":31,"atk":31,"def":31,"spa":31,"spd":31,"spe":31}},{"name":"Rotom-Mow","species":"Rotom-Mow","item":"choicescarf","ability":"Levitate","moves":["thunderbolt","voltswitch","leafstorm","hiddenpowerice"],"nature":"Modest","evs":{"hp":0,"atk":0,"def":0,"spa":252,"spd":4,"spe":252},"ivs":{"hp":31,"atk":30,"def":30,"spa":31,"spd":31,"spe":31}},{"name":"Breloom","species":"Breloom","item":"focussash","ability":"Technician","moves":["swordsdance","spore","rocktomb","machpunch"],"nature":"Jolly","evs":{"hp":0,"atk":252,"def":0,"spa":0,"spd":4,"spe":252},"ivs":{"hp":31,"atk":31,"def":31,"spa":31,"spd":31,"spe":31}}],"log":["|player|p1|Vin Sarkany|165","|player|p2|DSV|dsv.png","|gametype|singles","|gen|6","|tier|Monotype","|rated","|rule|Baton Pass Clause: Limit one Baton Passer, can't pass Spe and other stats simultaneously","|rule|Swagger Clause: Swagger is banned","|rule|Same Type Clause: Pokémon in a team must share a type","|clearpoke","|poke|p1|Tyranitar, F","|poke|p1|Sableye, F","|poke|p1|Bisharp, M","|poke|p1|Sharpedo, M","|poke|p1|Hoopa-Unbound","|poke|p1|Mandibuzz, F, shiny","|poke|p2|Roserade, F","|poke|p2|Ferrothorn, M","|poke|p2|Venusaur, M","|poke|p2|Cradily, M","|poke|p2|Rotom-Mow","|poke|p2|Breloom, F","|rule|Sleep Clause Mod: Limit one foe put to sleep","|rule|Species Clause: Limit one of each Pokémon","|rule|OHKO Clause: OHKO moves are banned","|rule|Moody Clause: Moody is banned","|rule|Evasion Moves Clause: Evasion moves are banned","|rule|Endless Battle Clause: Forcing endless battles is banned","|rule|HP Percentage Mod: HP is shown in percentages","|teampreview","|","|start","|switch|p1a: pika|Sableye, F|304/304","|switch|p2a: Ferrothorn|Ferrothorn, M|352/352","|turn|1","|","|switch|p2a: Rotom-Mow|Rotom-Mow|241/241","|move|p1a: pika|Will-O-Wisp|p2a: Rotom-Mow","|-status|p2a: Rotom-Mow|brn","|","|-damage|p2a: Rotom-Mow|211/241 brn|[from] brn","|turn|2","|","|switch|p1a: Sugarloaf|Tyranitar, F|404/404","|-weather|Sandstorm","|move|p2a: Rotom-Mow|Volt Switch|p1a: Sugarloaf","|-damage|p1a: Sugarloaf|350/404","|","|switch|p2a: Ferrothorn|Ferrothorn, M|352/352","|","|-weather|Sandstorm|[upkeep]","|-heal|p1a: Sugarloaf|375/404|[from] item: Leftovers","|turn|3","|","|switch|p1a: pika|Sableye, F|304/304","|move|p2a: Ferrothorn|Thunder Wave|p1a: pika","|-status|p1a: pika|par","|","|-weather|Sandstorm|[upkeep]","|-damage|p1a: pika|285/304 par|[from] sandstorm","|-heal|p1a: pika|304/304 par|[from] item: Leftovers","|turn|4","|","|cant|p1a: pika|par","|move|p2a: Ferrothorn|Leech Seed|p1a: pika","|-start|p1a: pika|move: Leech Seed","|","|-weather|Sandstorm|[upkeep]","|-damage|p1a: pika|285/304 par|[from] sandstorm","|-heal|p1a: pika|304/304 par|[from] item: Leftovers","|-damage|p1a: pika|266/304 par|[from] Leech Seed|[of] p2a: Ferrothorn","|turn|5","|","|move|p1a: pika|Taunt|p2a: Ferrothorn","|-start|p2a: Ferrothorn|move: Taunt","|cant|p2a: Ferrothorn|move: Taunt|Stealth Rock","|","|-weather|Sandstorm|[upkeep]","|-damage|p1a: pika|247/304 par|[from] sandstorm","|-heal|p1a: pika|266/304 par|[from] item: Leftovers","|-damage|p1a: pika|228/304 par|[from] Leech Seed|[of] p2a: Ferrothorn","|turn|6","|","|switch|p2a: Rotom-Mow|Rotom-Mow|211/241 brn","|cant|p1a: pika|par","|","|-weather|none","|-heal|p1a: pika|247/304 par|[from] item: Leftovers","|-damage|p1a: pika|209/304 par|[from] Leech Seed|[of] p2a: Rotom-Mow","|-heal|p2a: Rotom-Mow|241/241 brn|[silent]","|-damage|p2a: Rotom-Mow|211/241 brn|[from] brn","|turn|7","|","|switch|p1a: Sugarloaf|Tyranitar, F|375/404","|-weather|Sandstorm","|move|p2a: Rotom-Mow|Leaf Storm|p1a: Sugarloaf","|-supereffective|p1a: Sugarloaf","|-damage|p1a: Sugarloaf|165/404","|-unboost|p2a: Rotom-Mow|spa|2","|","|-weather|Sandstorm|[upkeep]","|-damage|p2a: Rotom-Mow|196/241 brn|[from] sandstorm","|-heal|p1a: Sugarloaf|190/404|[from] item: Leftovers","|-damage|p2a: Rotom-Mow|166/241 brn|[from] brn","|turn|8","|","|switch|p2a: Cradily|Cradily, M|375/375","|move|p1a: Sugarloaf|Fire Blast|p2a: Cradily|[miss]","|-miss|p1a: Sugarloaf|p2a: Cradily","|","|-weather|Sandstorm|[upkeep]","|-heal|p1a: Sugarloaf|215/404|[from] item: Leftovers","|turn|9","|","|move|p1a: Sugarloaf|Thunder Wave|p2a: Cradily","|-status|p2a: Cradily|par","|move|p2a: Cradily|Toxic|p1a: Sugarloaf","|-status|p1a: Sugarloaf|tox","|","|-weather|Sandstorm|[upkeep]","|-heal|p1a: Sugarloaf|240/404 tox|[from] item: Leftovers","|-damage|p1a: Sugarloaf|215/404 tox|[from] psn","|turn|10","|","|switch|p2a: Venusaur|Venusaur, M|363/363","|move|p1a: Sugarloaf|Stealth Rock|p2a: Venusaur","|-sidestart|p2: DSV|move: Stealth Rock","|","|-weather|Sandstorm|[upkeep]","|-damage|p2a: Venusaur|341/363|[from] sandstorm","|-heal|p1a: Sugarloaf|240/404 tox|[from] item: Leftovers","|-damage|p1a: Sugarloaf|190/404 tox|[from] psn","|turn|11","|","|switch|p1a: Abdur-Rahkman|Hoopa-Unbound|301/301","|detailschange|p2a: Venusaur|Venusaur-Mega, M","|-mega|p2a: Venusaur|Venusaur|Venusaurite","|move|p2a: Venusaur|Leech Seed|p1a: Abdur-Rahkman","|-start|p1a: Abdur-Rahkman|move: Leech Seed","|","|-weather|none","|-damage|p1a: Abdur-Rahkman|264/301|[from] Leech Seed|[of] p2a: Venusaur","|-heal|p2a: Venusaur|363/363|[silent]","|turn|12","|","|switch|p2a: Cradily|Cradily, M|375/375 par","|-damage|p2a: Cradily|329/375 par|[from] Stealth Rock","|move|p1a: Abdur-Rahkman|Hyperspace Hole|p2a: Cradily","|-damage|p2a: Cradily|209/375 par","|","|-heal|p2a: Cradily|232/375 par|[from] item: Leftovers","|-damage|p1a: Abdur-Rahkman|227/301|[from] Leech Seed|[of] p2a: Cradily","|-heal|p2a: Cradily|269/375 par|[silent]","|turn|13","|","|switch|p1a: Christy Mack|Mandibuzz, F, shiny|421/421","|cant|p2a: Cradily|par","|","|-heal|p2a: Cradily|292/375 par|[from] item: Leftovers","|turn|14","|","|move|p1a: Christy Mack|Taunt|p2a: Cradily","|-start|p2a: Cradily|move: Taunt","|cant|p2a: Cradily|move: Taunt|Toxic","|","|-heal|p2a: Cradily|315/375 par|[from] item: Leftovers","|turn|15","|","|switch|p1a: Fianchetto|Bisharp, M|272/272","|switch|p2a: Rotom-Mow|Rotom-Mow|166/241 brn","|-damage|p2a: Rotom-Mow|136/241 brn|[from] Stealth Rock","|","|-damage|p2a: Rotom-Mow|106/241 brn|[from] brn","|turn|16","|","|move|p1a: Fianchetto|Sucker Punch|p2a: Rotom-Mow","|-damage|p2a: Rotom-Mow|0 fnt","|-damage|p1a: Fianchetto|245/272|[from] item: Life Orb","|faint|p2a: Rotom-Mow","|","|","|switch|p2a: Ferrothorn|Ferrothorn, M|352/352","|-damage|p2a: Ferrothorn|330/352|[from] Stealth Rock","|turn|17","|","|switch|p1a: Sugarloaf|Tyranitar, F|190/404 tox","|-weather|Sandstorm","|move|p2a: Ferrothorn|Stealth Rock|p1a: Sugarloaf","|-sidestart|p1: Vin Sarkany|move: Stealth Rock","|","|-weather|Sandstorm|[upkeep]","|-heal|p1a: Sugarloaf|215/404 tox|[from] item: Leftovers","|-heal|p2a: Ferrothorn|352/352|[from] item: Leftovers","|-damage|p1a: Sugarloaf|190/404 tox|[from] psn","|turn|18","|","|move|p1a: Sugarloaf|Fire Blast|p2a: Ferrothorn","|-crit|p2a: Ferrothorn","|-supereffective|p2a: Ferrothorn","|-damage|p2a: Ferrothorn|0 fnt","|faint|p2a: Ferrothorn","|","|-weather|Sandstorm|[upkeep]","|-heal|p1a: Sugarloaf|215/404 tox|[from] item: Leftovers","|-damage|p1a: Sugarloaf|165/404 tox|[from] psn","|","|switch|p2a: Roserade|Roserade, F|261/261","|-damage|p2a: Roserade|229/261|[from] Stealth Rock","|turn|19","|","|move|p2a: Roserade|Giga Drain|p1a: Sugarloaf","|-supereffective|p1a: Sugarloaf","|-damage|p1a: Sugarloaf|0 fnt","|-heal|p2a: Roserade|261/261|[from] drain|[of] p1a: Sugarloaf","|-damage|p2a: Roserade|235/261|[from] item: Life Orb","|faint|p1a: Sugarloaf","|","|-weather|Sandstorm|[upkeep]","|-damage|p2a: Roserade|219/261|[from] sandstorm","|","|switch|p1a: Abdur-Rahkman|Hoopa-Unbound|227/301","|-damage|p1a: Abdur-Rahkman|190/301|[from] Stealth Rock","|turn|20","|","|move|p1a: Abdur-Rahkman|Hyperspace Hole|p2a: Roserade","|-supereffective|p2a: Roserade","|-damage|p2a: Roserade|0 fnt","|faint|p2a: Roserade","|","|-weather|Sandstorm|[upkeep]","|-damage|p1a: Abdur-Rahkman|172/301|[from] sandstorm","|","|switch|p2a: Cradily|Cradily, M|315/375 par","|-damage|p2a: Cradily|269/375 par|[from] Stealth Rock","|turn|21","|","|switch|p1a: Fianchetto|Bisharp, M|245/272","|-damage|p1a: Fianchetto|228/272|[from] Stealth Rock","|cant|p2a: Cradily|par","|","|-weather|none","|-heal|p2a: Cradily|292/375 par|[from] item: Leftovers","|turn|22","|","|move|p1a: Fianchetto|Swords Dance|p1a: Fianchetto","|-boost|p1a: Fianchetto|atk|2","|move|p2a: Cradily|Earth Power|p1a: Fianchetto","|-supereffective|p1a: Fianchetto","|-damage|p1a: Fianchetto|70/272","|-unboost|p1a: Fianchetto|spd|1","|-boost|p1a: Fianchetto|atk|2|[from] ability: Defiant","|","|-heal|p2a: Cradily|315/375 par|[from] item: Leftovers","|turn|23","|","|move|p1a: Fianchetto|Iron Head|p2a: Cradily","|-crit|p2a: Cradily","|-supereffective|p2a: Cradily","|-damage|p2a: Cradily|0 fnt","|-damage|p1a: Fianchetto|43/272|[from] item: Life Orb","|faint|p2a: Cradily","|","|","|switch|p2a: Breloom|Breloom, F|261/261","|-damage|p2a: Breloom|245/261|[from] Stealth Rock","|turn|24","|","|switch|p2a: Venusaur|Venusaur-Mega, M|363/363","|-damage|p2a: Venusaur|318/363|[from] Stealth Rock","|move|p1a: Fianchetto|Knock Off|p2a: Venusaur","|-damage|p2a: Venusaur|5/363","|-damage|p1a: Fianchetto|16/272|[from] item: Life Orb","|","|turn|25","|","|move|p1a: Fianchetto|Knock Off|p2a: Venusaur","|-damage|p2a: Venusaur|0 fnt","|-damage|p1a: Fianchetto|0 fnt|[from] item: Life Orb","|faint|p2a: Venusaur","|faint|p1a: Fianchetto","|","|","|switch|p2a: Breloom|Breloom, F|245/261","|switch|p1a: Christy Mack|Mandibuzz, F, shiny|421/421","|-damage|p2a: Breloom|229/261|[from] Stealth Rock","|-damage|p1a: Christy Mack|316/421|[from] Stealth Rock","|turn|26","|","|move|p2a: Breloom|Swords Dance|p2a: Breloom","|-boost|p2a: Breloom|atk|2","|move|p1a: Christy Mack|Foul Play|p2a: Breloom","|-resisted|p2a: Breloom","|-damage|p2a: Breloom|13/261","|","|turn|27","|","|move|p2a: Breloom|Rock Tomb|p1a: Christy Mack","|-supereffective|p1a: Christy Mack","|-damage|p1a: Christy Mack|38/421","|-unboost|p1a: Christy Mack|spe|1","|move|p1a: Christy Mack|Foul Play|p2a: Breloom","|-resisted|p2a: Breloom","|-damage|p2a: Breloom|0 fnt","|faint|p2a: Breloom","|","|win|Vin Sarkany"],"p1rating":{"entryid":"546592","serverid":"eos","formatid":"monotype","userid":"vinsarkany","username":"Vin Sarkany","w":4,"l":"1","t":"0","gxe":61.6,"r":"1500","rd":"130","sigma":"0","rptime":"1440666000","rpr":1592.8565751443,"rprd":102.29651771733,"rpsigma":"0","acre":1122.289649221,"lacre":1122.289649221,"oldacre":"1082.9508083658"},"p2rating":{"entryid":"159982","serverid":"eos","formatid":"monotype","userid":"dsv","username":"DSV","w":"16","l":8,"t":"0","gxe":62.6,"r":"1611.3486873583","rd":"70.341325600167","sigma":"0","rptime":"1440666000","rpr":1598.7510880912,"rprd":66.13323577634,"rpsigma":"0","acre":1205.9934715636,"lacre":1205.9934715636,"oldacre":"1241.6815909046"},"endType":"normal"}