{"seed":[29565,44081,62916,43846],"turns":36,"p1":"V Icarus","p2":"spacial judgement","p1team":[{"name":"Glalie","species":"Glalie","item":"glalitite","ability":"Inner Focus","moves":["iceshard","bodyslam","protect","earthquake"],"nature":"Jolly","evs":{"hp":4,"atk":252,"def":0,"spa":0,"spd":0,"spe":252},"shiny":true,"ivs":{"hp":31,"atk":31,"def":31,"spa":31,"spd":31,"spe":31}},{"name":"Walrein","species":"Walrein","item":"choicespecs","ability":"Thick Fat","moves":["surf","hiddenpowergrass","icebeam","signalbeam"],"nature":"Modest","evs":{"hp":32,"atk":0,"def":116,"spa":244,"spd":116,"spe":0},"ivs":{"hp":31,"atk":30,"def":31,"spa":30,"spd":31,"spe":31}},{"name":"Avalugg","species":"Avalugg","item":"leftovers","ability":"Sturdy","moves":["gyroball","rapidspin","recover","roar"],"nature":"Brave","evs":{"hp":236,"atk":0,"def":184,"spa":0,"spd":88,"spe":0},"ivs":{"hp":31,"atk":31,"def":31,"spa":31,"spd":31,"spe":0}},{"name":"Kyurem-Black","species":"Kyurem-Black","item":"lifeorb","ability":"Teravolt","moves":["roost","fusionbolt","icebeam","earthpower"],"nature":"Mild","evs":{"hp":0,"atk":4,"def":0,"spa":252,"spd":0,"spe":252},"shiny":true,"ivs":{"hp":31,"atk":31,"def":31,"spa":31,"spd":31,"spe":31}},{"name":"Mamoswine","species":"Mamoswine","item":"focussash","ability":"Thick Fat","moves":["earthquake","iciclecrash","knockoff","stealthrock"],"nature":"Jolly","evs":{"hp":36,"atk":216,"def":4,"spa":0,"spd":0,"spe":252},"shiny":true,"ivs":{"hp":31,"atk":31,"def":31,"spa":31,"spd":31,"spe":31}},{"name":"Weavile","species":"Weavile","item":"focussash","ability":"Pickpocket","moves":["iciclecrash","knockoff","lowkick","swordsdance"],"nature":"Jolly","evs":{"hp":0,"atk":216,"def":40,"spa":0,"spd":0,"spe":252},"shiny":true,"ivs":{"hp":31,"atk":31,"def":31,"spa":31,"spd":31,"spe":31}}],"p2team":[{"name":"Scizor","species":"Scizor","item":"scizorite","ability":"Technician","moves":["bulletpunch","uturn","knockoff","bugbite"],"nature":"Adamant","evs":{"hp":248,"atk":252,"def":0,"spa":0,"spd":8,"spe":0},"ivs":{"hp":31,"atk":31,"def":31,"spa":31,"spd":31,"spe":31}},{"name":"Heatran","species":"Heatran","item":"airballoon","ability":"Flash Fire","moves":["stealthrock","lavaplume","dragonpulse","earthpower"],"nature":"Modest","evs":{"hp":248,"atk":0,"def":0,"spa":252,"spd":8,"spe":0},"ivs":{"hp":31,"atk":31,"def":31,"spa":31,"spd":31,"spe":31}},{"name":"Empoleon","species":"Empoleon","item":"assaultvest","ability":"Defiant","moves":["scald","flashcannon","icebeam","hiddenpowerghost"],"nature":"Modest","evs":{"hp":144,"atk":0,"def":0,"spa":252,"spd":112,"spe":0},"ivs":{"hp":31,"atk":31,"def":30,"spa":31,"spd":30,"spe":31}},{"name":"Ferrothorn","species":"Ferrothorn","item":"rockyhelmet","ability":"Iron Barbs","moves":["leechseed","swordsdance","knockoff","gyroball"],"nature":"Relaxed","evs":{"hp":248,"atk":8,"def":252,"spa":0,"spd":0,"spe":0},"ivs":{"hp":31,"atk":31,"def":31,"spa":31,"spd":31,"spe":0}},{"name":"Metagross","species":"Metagross","item":"choicescarf","ability":"Clear Body","moves":["zenheadbutt","brickbreak","icepunch","meteormash"],"nature":"Jolly","evs":{"hp":4,"atk":252,"def":0,"spa":0,"spd":0,"spe":252},"ivs":{"hp":31,"atk":31,"def":31,"spa":31,"spd":31,"spe":31}},{"name":"Skarmory","species":"Skarmory","item":"rockyhelmet","ability":"Sturdy","moves":["bravebird","toxic","roost","tailwind"],"nature":"Impish","evs":{"hp":248,"atk":0,"def":236,"spa":0,"spd":0,"spe":24},"ivs":{"hp":31,"atk":31,"def":31,"spa":31,"spd":31,"spe":31}}],"log":["|player|p1|V Icarus|vicarus.png","|player|p2|spacial judgement|80","|gametype|singles","|gen|6","|tier|Monotype","|rated","|rule|Baton Pass Clause: Limit one Baton Passer, can't pass Spe and other stats simultaneously","|rule|Swagger Clause: Swagger is banned","|rule|Same Type Clause: Pokémon in a team must share a type","|clearpoke","|poke|p1|Glalie, F, shiny","|poke|p1|Walrein, F","|poke|p1|Avalugg, F","|poke|p1|Kyurem-Black, shiny","|poke|p1|Mamoswine, M, shiny","|poke|p1|Weavile, M, shiny","|poke|p2|Scizor, F","|poke|p2|Heatran, M","|poke|p2|Empoleon, M","|poke|p2|Ferrothorn, M","|poke|p2|Metagross","|poke|p2|Skarmory, F","|rule|Sleep Clause Mod: Limit one foe put to sleep","|rule|Species Clause: Limit one of each Pokémon","|rule|OHKO Clause: OHKO moves are banned","|rule|Moody Clause: Moody is banned","|rule|Evasion Moves Clause: Evasion moves are banned","|rule|Endless Battle Clause: Forcing endless battles is banned","|rule|HP Percentage Mod: HP is shown in percentages","|teampreview","|","|start","|switch|p1a: Mamoswine|Mamoswine, M, shiny|370/370","|switch|p2a: Heatran|Heatran, M|385/385","|-item|p2a: Heatran|Air Balloon","|turn|1","|","|move|p1a: Mamoswine|Knock Off|p2a: Heatran","|-damage|p2a: Heatran|278/385","|-enditem|p2a: Heatran|Air Balloon","|move|p2a: Heatran|Lava Plume|p1a: Mamoswine","|-supereffective|p1a: Mamoswine","|-damage|p1a: Mamoswine|140/370","|","|turn|2","|","|switch|p2a: Skarmory|Skarmory, F|333/333","|move|p1a: Mamoswine|Earthquake|p2a: Skarmory","|-immune|p2a: Skarmory|[msg]","|","|turn|3","|","|move|p1a: Mamoswine|Stealth Rock|p2a: Skarmory","|-sidestart|p2: spacial judgement|move: Stealth Rock","|move|p2a: Skarmory|Toxic|p1a: Mamoswine|[miss]","|-miss|p2a: Skarmory|p1a: Mamoswine","|","|turn|4","|","|switch|p1a: Walrein|Walrein, F|369/369","|move|p2a: Skarmory|Tailwind|p2a: Skarmory","|-sidestart|p2: spacial judgement|move: Tailwind","|","|turn|5","|","|move|p2a: Skarmory|Toxic|p1a: Walrein","|-status|p1a: Walrein|tox","|move|p1a: Walrein|Ice Beam|p2a: Skarmory","|-damage|p2a: Skarmory|68/333","|","|-damage|p1a: Walrein|346/369 tox|[from] psn","|turn|6","|","|switch|p2a: Empoleon|Empoleon, M|345/345","|-damage|p2a: Empoleon|324/345|[from] Stealth Rock","|switch|p1a: Kyurem-Black|Kyurem-Black, shiny|391/391","|-ability|p1a: Kyurem-Black|Teravolt","|","|turn|7","|","|switch|p2a: Skarmory|Skarmory, F|68/333","|-damage|p2a: Skarmory|27/333|[from] Stealth Rock","|move|p1a: Kyurem-Black|Fusion Bolt|p2a: Skarmory","|-supereffective|p2a: Skarmory","|-damage|p2a: Skarmory|0 fnt","|-damage|p1a: Kyurem-Black|352/391|[from] item: Life Orb","|faint|p2a: Skarmory","|","|-sideend|p2: spacial judgement|move: Tailwind","|","|switch|p2a: Heatran|Heatran, M|278/385","|-damage|p2a: Heatran|230/385|[from] Stealth Rock","|turn|8","|","|move|p1a: Kyurem-Black|Earth Power|p2a: Heatran","|-supereffective|p2a: Heatran","|-damage|p2a: Heatran|0 fnt","|-damage|p1a: Kyurem-Black|313/391|[from] item: Life Orb","|faint|p2a: Heatran","|","|","|switch|p2a: Metagross|Metagross|302/302","|-damage|p2a: Metagross|284/302|[from] Stealth Rock","|turn|9","|","|switch|p1a: Walrein|Walrein, F|346/369 tox","|move|p2a: Metagross|Meteor Mash|p1a: Walrein","|-damage|p1a: Walrein|174/369 tox","|-boost|p2a: Metagross|atk|1","|","|-damage|p1a: Walrein|151/369 tox|[from] psn","|turn|10","|","|move|p2a: Metagross|Meteor Mash|p1a: Walrein","|-damage|p1a: Walrein|0 fnt","|faint|p1a: Walrein","|","|","|switch|p1a: Weavile|Weavile, M, shiny|281/281","|turn|11","|","|switch|p2a: Empoleon|Empoleon, M|324/345","|-damage|p2a: Empoleon|303/345|[from] Stealth Rock","|move|p1a: Weavile|Knock Off|p2a: Empoleon","|-damage|p2a: Empoleon|135/345","|-enditem|p2a: Empoleon|Assault Vest|[from] move: Knock Off|[of] p1a: Weavile","|","|turn|12","|","|move|p1a: Weavile|Low Kick|p2a: Empoleon","|-supereffective|p2a: Empoleon","|-damage|p2a: Empoleon|0 fnt","|faint|p2a: Empoleon","|","|","|switch|p2a: Scizor|Scizor, F|343/343","|-damage|p2a: Scizor|301/343|[from] Stealth Rock","|turn|13","|","|switch|p1a: Avalugg|Avalugg, F|390/390","|move|p2a: Scizor|Bullet Punch|p1a: Avalugg","|-supereffective|p1a: Avalugg","|-damage|p1a: Avalugg|270/390","|","|-heal|p1a: Avalugg|294/390|[from] item: Leftovers","|turn|14","|","|switch|p2a: Ferrothorn|Ferrothorn, M|351/351","|-damage|p2a: Ferrothorn|330/351|[from] Stealth Rock","|move|p1a: Avalugg|Roar|p2a: Ferrothorn","|drag|p2a: Scizor|Scizor, F|301/343","|-damage|p2a: Scizor|259/343|[from] Stealth Rock","|","|-heal|p1a: Avalugg|318/390|[from] item: Leftovers","|turn|15","|","|move|p2a: Scizor|U-turn|p1a: Avalugg","|-damage|p1a: Avalugg|249/390","|","|switch|p2a: Ferrothorn|Ferrothorn, M|330/351","|-damage|p2a: Ferrothorn|309/351|[from] Stealth Rock","|move|p1a: Avalugg|Roar|p2a: Ferrothorn","|drag|p2a: Scizor|Scizor, F|259/343","|-damage|p2a: Scizor|217/343|[from] Stealth Rock","|","|-heal|p1a: Avalugg|273/390|[from] item: Leftovers","|turn|16","|","|move|p2a: Scizor|Knock Off|p1a: Avalugg","|-damage|p1a: Avalugg|207/390","|-enditem|p1a: Avalugg|Leftovers|[from] move: Knock Off|[of] p2a: Scizor","|move|p1a: Avalugg|Recover|p1a: Avalugg","|-heal|p1a: Avalugg|390/390","|","|turn|17","|","|switch|p2a: Ferrothorn|Ferrothorn, M|309/351","|-damage|p2a: Ferrothorn|288/351|[from] Stealth Rock","|move|p1a: Avalugg|Roar|p2a: Ferrothorn","|drag|p2a: Scizor|Scizor, F|217/343","|-damage|p2a: Scizor|175/343|[from] Stealth Rock","|","|turn|18","|","|move|p2a: Scizor|Bullet Punch|p1a: Avalugg","|-supereffective|p1a: Avalugg","|-damage|p1a: Avalugg|274/390","|move|p1a: Avalugg|Roar|p2a: Scizor","|drag|p2a: Metagross|Metagross|284/302","|-damage|p2a: Metagross|266/302|[from] Stealth Rock","|","|turn|19","|","|switch|p1a: Mamoswine|Mamoswine, M, shiny|140/370","|move|p2a: Metagross|Meteor Mash|p1a: Mamoswine","|-supereffective|p1a: Mamoswine","|-damage|p1a: Mamoswine|0 fnt","|faint|p1a: Mamoswine","|","|","|switch|p1a: Weavile|Weavile, M, shiny|281/281","|turn|20","|","|switch|p2a: Ferrothorn|Ferrothorn, M|288/351","|-damage|p2a: Ferrothorn|267/351|[from] Stealth Rock","|move|p1a: Weavile|Knock Off|p2a: Ferrothorn","|-damage|p2a: Ferrothorn|174/351","|-damage|p1a: Weavile|246/281|[from] ability: Iron Barbs|[of] p2a: Ferrothorn","|-damage|p1a: Weavile|200/281|[from] item: Rocky Helmet|[of] p2a: Ferrothorn","|-enditem|p2a: Ferrothorn|Rocky Helmet|[from] move: Knock Off|[of] p1a: Weavile","|","|turn|21","|","|move|p1a: Weavile|Low Kick|p2a: Ferrothorn","|-supereffective|p2a: Ferrothorn","|-damage|p2a: Ferrothorn|52/351","|-damage|p1a: Weavile|165/281|[from] ability: Iron Barbs|[of] p2a: Ferrothorn","|move|p2a: Ferrothorn|Gyro Ball|p1a: Weavile","|-supereffective|p1a: Weavile","|-damage|p1a: Weavile|0 fnt","|faint|p1a: Weavile","|","|","|switch|p1a: Glalie|Glalie, F, shiny|302/302","|turn|22","|","|detailschange|p1a: Glalie|Glalie-Mega, F, shiny","|-mega|p1a: Glalie|Glalie|Glalitite","|move|p1a: Glalie|Protect|p1a: Glalie","|-singleturn|p1a: Glalie|Protect","|move|p2a: Ferrothorn|Gyro Ball|p1a: Glalie","|-activate|p1a: Glalie|Protect","|","|turn|23","|","|move|p1a: Glalie|Earthquake|p2a: Ferrothorn","|-damage|p2a: Ferrothorn|0 fnt","|faint|p2a: Ferrothorn","|","|","|switch|p2a: Scizor|Scizor, F|175/343","|-damage|p2a: Scizor|133/343|[from] Stealth Rock","|turn|24","|","|switch|p1a: Avalugg|Avalugg, F|274/390","|move|p2a: Scizor|Bullet Punch|p1a: Avalugg","|-supereffective|p1a: Avalugg","|-damage|p1a: Avalugg|154/390","|","|turn|25","|","|move|p2a: Scizor|Bullet Punch|p1a: Avalugg","|-supereffective|p1a: Avalugg","|-damage|p1a: Avalugg|26/390","|move|p1a: Avalugg|Recover|p1a: Avalugg","|-heal|p1a: Avalugg|221/390","|","|turn|26","|","|switch|p2a: Metagross|Metagross|266/302","|-damage|p2a: Metagross|248/302|[from] Stealth Rock","|move|p1a: Avalugg|Recover|p1a: Avalugg","|-heal|p1a: Avalugg|390/390","|","|turn|27","|","|move|p2a: Metagross|Meteor Mash|p1a: Avalugg","|-supereffective|p1a: Avalugg","|-damage|p1a: Avalugg|208/390","|move|p1a: Avalugg|Roar|p2a: Metagross","|drag|p2a: Scizor|Scizor, F|133/343","|-damage|p2a: Scizor|91/343|[from] Stealth Rock","|","|turn|28","|","|move|p2a: Scizor|Bullet Punch|p1a: Avalugg","|-supereffective|p1a: Avalugg","|-damage|p1a: Avalugg|86/390","|move|p1a: Avalugg|Recover|p1a: Avalugg","|-heal|p1a: Avalugg|281/390","|","|turn|29","|","|move|p2a: Scizor|Bullet Punch|p1a: Avalugg","|-supereffective|p1a: Avalugg","|-damage|p1a: Avalugg|159/390","|move|p1a: Avalugg|Recover|p1a: Avalugg","|-heal|p1a: Avalugg|354/390","|","|turn|30","|","|move|p2a: Scizor|Bullet Punch|p1a: Avalugg","|-supereffective|p1a: Avalugg","|-damage|p1a: Avalugg|232/390","|move|p1a: Avalugg|Roar|p2a: Scizor","|drag|p2a: Metagross|Metagross|248/302","|-damage|p2a: Metagross|230/302|[from] Stealth Rock","|","|turn|31","|","|move|p2a: Metagross|Meteor Mash|p1a: Avalugg","|-supereffective|p1a: Avalugg","|-damage|p1a: Avalugg|50/390","|move|p1a: Avalugg|Roar|p2a: Metagross","|drag|p2a: Scizor|Scizor, F|91/343","|-damage|p2a: Scizor|49/343|[from] Stealth Rock","|","|turn|32","|","|move|p2a: Scizor|Bullet Punch|p1a: Avalugg","|-supereffective|p1a: Avalugg","|-damage|p1a: Avalugg|0 fnt","|faint|p1a: Avalugg","|","|","|switch|p1a: Glalie|Glalie-Mega, F, shiny|302/302","|turn|33","|","|move|p1a: Glalie|Ice Shard|p2a: Scizor","|-resisted|p2a: Scizor","|-damage|p2a: Scizor|14/343","|move|p2a: Scizor|Bullet Punch|p1a: Glalie","|-supereffective|p1a: Glalie","|-damage|p1a: Glalie|2/302","|","|turn|34","|","|move|p1a: Glalie|Ice Shard|p2a: Scizor","|-resisted|p2a: Scizor","|-damage|p2a: Scizor|0 fnt","|faint|p2a: Scizor","|","|","|switch|p2a: Metagross|Metagross|230/302","|-damage|p2a: Metagross|212/302|[from] Stealth Rock","|turn|35","|","|move|p2a: Metagross|Meteor Mash|p1a: Glalie","|-supereffective|p1a: Glalie","|-damage|p1a: Glalie|0 fnt","|faint|p1a: Glalie","|","|","|switch|p1a: Kyurem-Black|Kyurem-Black, shiny|313/391","|-ability|p1a: Kyurem-Black|Teravolt","|turn|36","|","|move|p2a: Metagross|Meteor Mash|p1a: Kyurem-Black","|-supereffective|p1a: Kyurem-Black","|-damage|p1a: Kyurem-Black|0 fnt","|faint|p1a: Kyurem-Black","|","|win|spacial judgement"],"p1rating":{"entryid":"312374","serverid":"eos","formatid":"monotype","userid":"vicarus","username":"V Icarus","w":"6","l":4,"t":"0","gxe":55.9,"r":"1596.7075873025","rd":"91.849684188865","sigma":"0","rptime":"1440666000","rpr":1546.1661453235,"rprd":87.106391026645,"rpsigma":"0","acre":1074.233312321,"lacre":1074.233312321,"oldacre":"1103.7711709688"},"p2rating":{"entryid":"550390","serverid":"eos","formatid":"monotype","userid":"spacialjudgement","username":"spacial judgement","w":2,"l":"0","t":"0","gxe":60.4,"r":"1500","rd":"130","sigma":"0","rptime":"1440666000","rpr":1583.7611131844,"rprd":116.74893622004,"rpsigma":"0","acre":1080.171487761,"lacre":1080.171487761,"oldacre":"1040"},"endType":"normal"}