{"seed":[23629,24956,28088,46566],"turns":21,"p1":"Crystal Mafetan","p2":"GTX♅PBR","p1team":[{"name":"PopGoesTheWeasel","species":"weavile","item":"focussash","ability":"Pressure","moves":["fakeout","knockoff","icepunch","lowkick"],"nature":"Jolly","evs":{"hp":0,"atk":252,"def":0,"spa":0,"spd":4,"spe":252},"gender":"M","ivs":{"hp":31,"atk":31,"def":31,"spa":31,"spd":31,"spe":31}},{"name":"Clitoris","species":"cloyster","item":"focussash","ability":"Shell Armor","moves":["iciclecrash","razorshell","shellsmash","rapidspin"],"nature":"","gender":"F","evs":{"hp":0,"atk":0,"def":0,"spa":0,"spd":0,"spe":0},"ivs":{"hp":31,"atk":31,"def":31,"spa":31,"spd":31,"spe":31}},{"name":"Snuffleupagus","species":"mamoswine","item":"leftovers","ability":"Snow Cloak","moves":["stealthrock","stoneedge","earthquake","ironhead"],"nature":"Jolly","evs":{"hp":160,"atk":160,"def":0,"spa":0,"spd":8,"spe":160},"gender":"M","ivs":{"hp":31,"atk":31,"def":31,"spa":31,"spd":31,"spe":31}},{"name":"Snow Peas","species":"abomasnow","item":"abomasite","ability":"Snow Warning","moves":["leechseed","gigadrain","icebeam","synthesis"],"nature":"","gender":"F","shiny":true,"evs":{"hp":0,"atk":0,"def":0,"spa":0,"spd":0,"spe":0},"ivs":{"hp":31,"atk":31,"def":31,"spa":31,"spd":31,"spe":31}},{"name":"Watermelon","species":"rotomfrost","item":"wiseglasses","ability":"Levitate","moves":["voltswitch","willowisp","painsplit","shadowball"],"nature":"Modest","evs":{"hp":248,"atk":0,"def":0,"spa":8,"spd":252,"spe":0},"shiny":true,"ivs":{"hp":31,"atk":31,"def":31,"spa":31,"spd":31,"spe":31}},{"name":"Spanish","species":"articuno","item":"lifeorb","ability":"Pressure","moves":["hurricane","roost","freezedry","healbell"],"nature":"Modest","evs":{"hp":252,"atk":0,"def":0,"spa":128,"spd":128,"spe":0},"shiny":true,"ivs":{"hp":31,"atk":31,"def":31,"spa":31,"spd":31,"spe":31}}],"p2team":[{"name":"Aerodactyl","species":"Aerodactyl","item":"aerodactylite","ability":"Pressure","moves":["stoneedge","firefang","earthquake","aerialace"],"nature":"Jolly","evs":{"hp":0,"atk":252,"def":0,"spa":0,"spd":4,"spe":252},"gender":"M","shiny":true,"ivs":{"hp":31,"atk":31,"def":31,"spa":31,"spd":31,"spe":31}},{"name":"Thundurus","species":"Thundurus","item":"lifeorb","ability":"Prankster","moves":["thunderwave","thunderbolt","taunt","hiddenpowerice"],"nature":"Timid","evs":{"hp":0,"atk":0,"def":0,"spa":252,"spd":4,"spe":252},"ivs":{"hp":31,"atk":30,"def":30,"spa":31,"spd":31,"spe":31},"shiny":true},{"name":"Tornadus-Therian","species":"Tornadus-Therian","item":"assaultvest","ability":"Regenerator","moves":["airslash","uturn","knockoff","heatwave"],"nature":"Mild","evs":{"hp":0,"atk":4,"def":0,"spa":252,"spd":0,"spe":252},"shiny":true,"ivs":{"hp":31,"atk":31,"def":31,"spa":31,"spd":31,"spe":31}},{"name":"Gyarados","species":"Gyarados","item":"leftovers","ability":"Intimidate","moves":["dragondance","taunt","waterfall","earthquake"],"nature":"Adamant","evs":{"hp":0,"atk":252,"def":0,"spa":0,"spd":4,"spe":252},"gender":"F","shiny":true,"ivs":{"hp":31,"atk":31,"def":31,"spa":31,"spd":31,"spe":31}},{"name":"Landorus","species":"Landorus","item":"lifeorb","ability":"Sheer Force","moves":["earthpower","psychic","calmmind","focusblast"],"nature":"Timid","evs":{"hp":0,"atk":0,"def":0,"spa":252,"spd":4,"spe":252},"shiny":true,"ivs":{"hp":31,"atk":31,"def":31,"spa":31,"spd":31,"spe":31}},{"name":"Skarmory","species":"Skarmory","item":"rockyhelmet","ability":"Sturdy","moves":["stealthrock","bravebird","roost","defog"],"nature":"Impish","evs":{"hp":248,"atk":0,"def":236,"spa":0,"spd":0,"spe":24},"gender":"F","shiny":true,"ivs":{"hp":31,"atk":31,"def":31,"spa":31,"spd":31,"spe":31}}],"log":["|player|p1|Crystal Mafetan|266","|player|p2|GTX♅PBR|267","|gametype|singles","|gen|6","|tier|Monotype","|rated","|rule|Baton Pass Clause: Limit one Baton Passer, can't pass Spe and other stats simultaneously","|rule|Swagger Clause: Swagger is banned","|rule|Same Type Clause: Pokémon in a team must share a type","|clearpoke","|poke|p1|Weavile, M","|poke|p1|Cloyster, F","|poke|p1|Mamoswine, M","|poke|p1|Abomasnow, F, shiny","|poke|p1|Rotom-Frost, shiny","|poke|p1|Articuno, shiny","|poke|p2|Aerodactyl, M, shiny","|poke|p2|Thundurus, M, shiny","|poke|p2|Tornadus-Therian, M, shiny","|poke|p2|Gyarados, F, shiny","|poke|p2|Landorus, M, shiny","|poke|p2|Skarmory, F, shiny","|rule|Sleep Clause Mod: Limit one foe put to sleep","|rule|Species Clause: Limit one of each Pokémon","|rule|OHKO Clause: OHKO moves are banned","|rule|Moody Clause: Moody is banned","|rule|Evasion Moves Clause: Evasion moves are banned","|rule|Endless Battle Clause: Forcing endless battles is banned","|rule|HP Percentage Mod: HP is shown in percentages","|teampreview","|","|start","|switch|p1a: Snuffleupagus|Mamoswine, M|401/401","|switch|p2a: Aerodactyl|Aerodactyl, M, shiny|301/301","|-ability|p2a: Aerodactyl|Pressure","|turn|1","|","|switch|p2a: Gyarados|Gyarados, F, shiny|331/331","|-ability|p2a: Gyarados|Intimidate","|-unboost|p1a: Snuffleupagus|atk|1","|move|p1a: Snuffleupagus|Stealth Rock|p2a: Gyarados","|-sidestart|p2: GTX♅PBR|move: Stealth Rock","|","|turn|2","|","|move|p2a: Gyarados|Dragon Dance|p2a: Gyarados","|-boost|p2a: Gyarados|atk|1","|-boost|p2a: Gyarados|spe|1","|move|p1a: Snuffleupagus|Stone Edge|p2a: Gyarados","|-supereffective|p2a: Gyarados","|-damage|p2a: Gyarados|147/331","|","|-heal|p2a: Gyarados|167/331|[from] item: Leftovers","|turn|3","|","|switch|p1a: Snow Peas|Abomasnow, F, shiny|321/321","|-weather|Hail","|move|p2a: Gyarados|Waterfall|p1a: Snow Peas","|-resisted|p1a: Snow Peas","|-damage|p1a: Snow Peas|168/321","|","|-weather|Hail|[upkeep]","|-damage|p2a: Gyarados|147/331|[from] hail","|-heal|p2a: Gyarados|167/331|[from] item: Leftovers","|turn|4","|","|move|p2a: Gyarados|Dragon Dance|p2a: Gyarados","|-boost|p2a: Gyarados|atk|1","|-boost|p2a: Gyarados|spe|1","|move|p1a: Snow Peas|Ice Beam|p2a: Gyarados","|-damage|p2a: Gyarados|73/331","|","|-weather|Hail|[upkeep]","|-damage|p2a: Gyarados|53/331|[from] hail","|-heal|p2a: Gyarados|73/331|[from] item: Leftovers","|turn|5","|","|detailschange|p1a: Snow Peas|Abomasnow-Mega, F, shiny","|-mega|p1a: Snow Peas|Abomasnow|Abomasite","|move|p2a: Gyarados|Waterfall|p1a: Snow Peas","|-resisted|p1a: Snow Peas","|-damage|p1a: Snow Peas|18/321","|move|p1a: Snow Peas|Ice Beam|p2a: Gyarados","|-damage|p2a: Gyarados|0 fnt","|faint|p2a: Gyarados","|","|-weather|Hail|[upkeep]","|","|switch|p2a: Tornadus-Therian|Tornadus-Therian, M, shiny|299/299","|-damage|p2a: Tornadus-Therian|225/299|[from] Stealth Rock","|turn|6","|","|move|p2a: Tornadus-Therian|U-turn|p1a: Snow Peas","|-supereffective|p1a: Snow Peas","|-damage|p1a: Snow Peas|0 fnt","|faint|p1a: Snow Peas","|","|switch|p2a: Aerodactyl|Aerodactyl, M, shiny|301/301","|-damage|p2a: Aerodactyl|226/301|[from] Stealth Rock","|-ability|p2a: Aerodactyl|Pressure","|","|-weather|Hail|[upkeep]","|-damage|p2a: Aerodactyl|208/301|[from] hail","|","|switch|p1a: Snuffleupagus|Mamoswine, M|401/401","|turn|7","|","|switch|p2a: Skarmory|Skarmory, F, shiny|333/333","|-damage|p2a: Skarmory|292/333|[from] Stealth Rock","|move|p1a: Snuffleupagus|Iron Head|p2a: Skarmory","|-resisted|p2a: Skarmory","|-damage|p2a: Skarmory|268/333","|-damage|p1a: Snuffleupagus|335/401|[from] item: Rocky Helmet|[of] p2a: Skarmory","|","|-weather|none","|-heal|p1a: Snuffleupagus|360/401|[from] item: Leftovers","|turn|8","|","|switch|p1a: Watermelon|Rotom-Frost, shiny|303/303","|move|p2a: Skarmory|Defog|p1a: Watermelon","|-unboost|p1a: Watermelon|evasion|1","|-sideend|p2: GTX♅PBR|Stealth Rock|[from] move: Defog|[of] p2a: Skarmory","|","|turn|9","|","|switch|p2a: Tornadus-Therian|Tornadus-Therian, M, shiny|299/299","|move|p1a: Watermelon|Will-O-Wisp|p2a: Tornadus-Therian","|-status|p2a: Tornadus-Therian|brn","|","|-damage|p2a: Tornadus-Therian|262/299 brn|[from] brn","|turn|10","|","|move|p2a: Tornadus-Therian|U-turn|p1a: Watermelon","|-damage|p1a: Watermelon|277/303","|","|switch|p2a: Landorus|Landorus, M, shiny|319/319","|move|p1a: Watermelon|Volt Switch|p2a: Landorus","|-immune|p2a: Landorus|[msg]","|","|turn|11","|","|move|p2a: Landorus|Focus Blast|p1a: Watermelon|[miss]","|-miss|p2a: Landorus|p1a: Watermelon","|move|p1a: Watermelon|Shadow Ball|p2a: Landorus","|-damage|p2a: Landorus|215/319","|","|turn|12","|","|move|p2a: Landorus|Focus Blast|p1a: Watermelon","|-supereffective|p1a: Watermelon","|-damage|p1a: Watermelon|0 fnt","|faint|p1a: Watermelon","|","|","|switch|p1a: Spanish|Articuno, shiny|384/384","|-ability|p1a: Spanish|Pressure","|turn|13","|","|switch|p2a: Skarmory|Skarmory, F, shiny|268/333","|move|p1a: Spanish|Freeze-Dry|p2a: Skarmory","|-damage|p2a: Skarmory|81/333","|-damage|p1a: Spanish|346/384|[from] item: Life Orb","|","|turn|14","|","|move|p1a: Spanish|Freeze-Dry|p2a: Skarmory","|-damage|p2a: Skarmory|0 fnt","|-damage|p1a: Spanish|308/384|[from] item: Life Orb","|faint|p2a: Skarmory","|","|","|switch|p2a: Thundurus|Thundurus, M, shiny|299/299","|turn|15","|","|move|p2a: Thundurus|Thunderbolt|p1a: Spanish","|-supereffective|p1a: Spanish","|-damage|p1a: Spanish|0 fnt","|-damage|p2a: Thundurus|270/299|[from] item: Life Orb","|faint|p1a: Spanish","|","|","|switch|p1a: Snuffleupagus|Mamoswine, M|360/401","|turn|16","|","|move|p2a: Thundurus|Hidden Power|p1a: Snuffleupagus","|-damage|p1a: Snuffleupagus|229/401","|-damage|p2a: Thundurus|241/299|[from] item: Life Orb","|move|p1a: Snuffleupagus|Stone Edge|p2a: Thundurus","|-supereffective|p2a: Thundurus","|-damage|p2a: Thundurus|0 fnt","|faint|p2a: Thundurus","|","|-heal|p1a: Snuffleupagus|254/401|[from] item: Leftovers","|","|switch|p2a: Tornadus-Therian|Tornadus-Therian, M, shiny|299/299 brn","|turn|17","|","|move|p2a: Tornadus-Therian|Heat Wave|p1a: Snuffleupagus","|-supereffective|p1a: Snuffleupagus","|-damage|p1a: Snuffleupagus|0 fnt","|faint|p1a: Snuffleupagus","|","|-damage|p2a: Tornadus-Therian|262/299 brn|[from] brn","|","|switch|p1a: PopGoesTheWeasel|Weavile, M|281/281","|-ability|p1a: PopGoesTheWeasel|Pressure","|turn|18","|","|move|p1a: PopGoesTheWeasel|Fake Out|p2a: Tornadus-Therian","|-damage|p2a: Tornadus-Therian|196/299 brn","|cant|p2a: Tornadus-Therian|flinch","|","|-damage|p2a: Tornadus-Therian|159/299 brn|[from] brn","|turn|19","|","|move|p1a: PopGoesTheWeasel|Ice Punch|p2a: Tornadus-Therian","|-supereffective|p2a: Tornadus-Therian","|-damage|p2a: Tornadus-Therian|0 fnt","|faint|p2a: Tornadus-Therian","|","|","|switch|p2a: Aerodactyl|Aerodactyl, M, shiny|208/301","|-ability|p2a: Aerodactyl|Pressure","|turn|20","|","|detailschange|p2a: Aerodactyl|Aerodactyl-Mega, M, shiny","|-mega|p2a: Aerodactyl|Aerodactyl|Aerodactylite","|move|p2a: Aerodactyl|Fire Fang|p1a: PopGoesTheWeasel","|-crit|p1a: PopGoesTheWeasel","|-supereffective|p1a: PopGoesTheWeasel","|-enditem|p1a: PopGoesTheWeasel|Focus Sash","|-damage|p1a: PopGoesTheWeasel|1/281","|move|p1a: PopGoesTheWeasel|Ice Punch|p2a: Aerodactyl","|-supereffective|p2a: Aerodactyl","|-damage|p2a: Aerodactyl|0 fnt","|faint|p2a: Aerodactyl","|","|","|switch|p2a: Landorus|Landorus, M, shiny|215/319","|turn|21","|","|win|Crystal Mafetan"],"p1rating":{"entryid":"171443","serverid":"eos","formatid":"monotype","userid":"crystalmafetan","username":"Crystal Mafetan","w":10,"l":"21","t":"0","gxe":37.7,"r":"1398.7851128022","rd":"62.31203734436","sigma":"0","rptime":"1440666000","rpr":1403.9540641948,"rprd":60.77640694058,"rpsigma":"0","acre":1066.2603341005,"lacre":1066.2603341005,"oldacre":"1034.9989415189"},"p2rating":{"entryid":555355,"formatid":"monotype","userid":"gtxpbr","username":"GTX♅PBR","r":1500,"rd":130,"sigma":0,"rpr":1445.7481189574,"rprd":122.60319579298,"rpsigma":0,"rptime":1440666000,"w":0,"l":1,"t":0,"gxe":43.3,"acre":1000,"lacre":1000,"oldacre":1000},"endType":"forfeit"}