{"seed":[24528,7428,13627,36978],"turns":24,"p1":"Alliance ♋ akaFila","p2":"Apex Salamence","p1team":[{"name":"Landorus","species":"Landorus","item":"lifeorb","ability":"Sheer Force","moves":["earthpower","focusblast","psychic","gravity"],"nature":"Timid","evs":{"hp":0,"atk":0,"def":0,"spa":252,"spd":4,"spe":252},"ivs":{"hp":31,"atk":31,"def":31,"spa":31,"spd":31,"spe":31}},{"name":"Zygarde","species":"Zygarde","item":"leftovers","ability":"Aura Break","moves":["coil","earthquake","crunch","extremespeed"],"nature":"Impish","evs":{"hp":200,"atk":0,"def":252,"spa":0,"spd":0,"spe":56},"ivs":{"hp":31,"atk":31,"def":31,"spa":31,"spd":31,"spe":31}},{"name":"Mamoswine","species":"Mamoswine","item":"focussash","ability":"Thick Fat","moves":["stealthrock","freezedry","earthquake","iceshard"],"nature":"Naive","evs":{"hp":0,"atk":252,"def":0,"spa":6,"spd":0,"spe":252},"ivs":{"hp":31,"atk":31,"def":31,"spa":31,"spd":31,"spe":31}},{"name":"Gastrodon","species":"Gastrodon","item":"leftovers","ability":"Storm Drain","moves":["scald","stockpile","toxic","recover"],"nature":"Calm","evs":{"hp":252,"atk":0,"def":120,"spa":0,"spd":136,"spe":0},"gender":"F","shiny":true,"ivs":{"hp":31,"atk":31,"def":31,"spa":31,"spd":31,"spe":31}},{"name":"Torterra","species":"Torterra","item":"salacberry","ability":"Overgrow","moves":["rockpolish","seedbomb","earthquake","stoneedge"],"nature":"Adamant","evs":{"hp":0,"atk":252,"def":0,"spa":0,"spd":4,"spe":252},"happiness":0,"ivs":{"hp":31,"atk":31,"def":31,"spa":31,"spd":31,"spe":31}},{"name":"Excadrill","species":"Excadrill","item":"choicescarf","ability":"Mold Breaker","moves":["earthquake","ironhead","rockslide","xscissor"],"nature":"Jolly","evs":{"hp":0,"atk":252,"def":0,"spa":0,"spd":4,"spe":252},"ivs":{"hp":31,"atk":31,"def":31,"spa":31,"spd":31,"spe":31}}],"p2team":[{"name":"Bird Jesus 2.0","species":"aerodactyl","item":"aerodactylite","ability":"Pressure","moves":["aquatail","stealthrock","taunt","stoneedge"],"nature":"Jolly","evs":{"hp":0,"atk":252,"def":0,"spa":0,"spd":4,"spe":252},"gender":"M","shiny":true,"ivs":{"hp":31,"atk":31,"def":31,"spa":31,"spd":31,"spe":31}},{"name":"Jupiter","species":"thundurus","item":"lifeorb","ability":"Prankster","moves":["taunt","thunderwave","thunderbolt","flashcannon"],"nature":"Timid","evs":{"hp":0,"atk":0,"def":0,"spa":252,"spd":4,"spe":252},"shiny":true,"ivs":{"hp":31,"atk":31,"def":31,"spa":31,"spd":31,"spe":31}},{"name":"Porunga","species":"dragonite","item":"weaknesspolicy","ability":"Multiscale","moves":["dragonclaw","dragondance","extremespeed","thunderpunch"],"nature":"Adamant","evs":{"hp":0,"atk":252,"def":0,"spa":0,"spd":4,"spe":252},"shiny":true,"ivs":{"hp":31,"atk":31,"def":31,"spa":31,"spd":31,"spe":31}},{"name":"Gaea 2.0","species":"gliscor","item":"toxicorb","ability":"Poison Heal","moves":["acrobatics","fling","facade","protect"],"nature":"Adamant","evs":{"hp":184,"atk":252,"def":0,"spa":0,"spd":0,"spe":72},"gender":"M","shiny":true,"ivs":{"hp":31,"atk":31,"def":31,"spa":31,"spd":31,"spe":31}},{"name":"DEATH","species":"togekiss","item":"leftovers","ability":"Serene Grace","moves":["airslash","thunderwave","nastyplot","wish"],"nature":"Calm","evs":{"hp":252,"atk":0,"def":0,"spa":4,"spd":252,"spe":0},"gender":"F","shiny":true,"ivs":{"hp":31,"atk":31,"def":31,"spa":31,"spd":31,"spe":31}},{"name":"Nacho Libre","species":"hawlucha","item":"sitrusberry","ability":"Unburden","moves":["acrobatics","substitute","swordsdance","highjumpkick"],"nature":"Adamant","evs":{"hp":4,"atk":252,"def":0,"spa":0,"spd":0,"spe":252},"gender":"M","shiny":true,"ivs":{"hp":31,"atk":31,"def":31,"spa":31,"spd":31,"spe":31}}],"log":["|player|p1|Alliance ♋ akaFila|allianceakafila.gif","|player|p2|Apex Salamence|153","|gametype|singles","|gen|6","|tier|Monotype","|rated","|rule|Baton Pass Clause: Limit one Baton Passer, can't pass Spe and other stats simultaneously","|rule|Swagger Clause: Swagger is banned","|rule|Same Type Clause: Pokémon in a team must share a type","|clearpoke","|poke|p1|Landorus, M","|poke|p1|Zygarde","|poke|p1|Mamoswine, M","|poke|p1|Gastrodon, F, shiny","|poke|p1|Torterra, M","|poke|p1|Excadrill, F","|poke|p2|Aerodactyl, M, shiny","|poke|p2|Thundurus, M, shiny","|poke|p2|Dragonite, M, shiny","|poke|p2|Gliscor, M, shiny","|poke|p2|Togekiss, F, shiny","|poke|p2|Hawlucha, M, shiny","|rule|Sleep Clause Mod: Limit one foe put to sleep","|rule|Species Clause: Limit one of each Pokémon","|rule|OHKO Clause: OHKO moves are banned","|rule|Moody Clause: Moody is banned","|rule|Evasion Moves Clause: Evasion moves are banned","|rule|Endless Battle Clause: Forcing endless battles is banned","|rule|HP Percentage Mod: HP is shown in percentages","|teampreview","|","|start","|switch|p1a: Gastrodon|Gastrodon, F, shiny|426/426","|switch|p2a: Jupiter|Thundurus, M, shiny|299/299","|turn|1","|","|move|p2a: Jupiter|Taunt|p1a: Gastrodon","|-start|p1a: Gastrodon|move: Taunt","|cant|p1a: Gastrodon|move: Taunt|Toxic","|","|turn|2","|","|move|p2a: Jupiter|Flash Cannon|p1a: Gastrodon","|-resisted|p1a: Gastrodon","|-damage|p1a: Gastrodon|373/426","|-damage|p2a: Jupiter|270/299|[from] item: Life Orb","|move|p1a: Gastrodon|Scald|p2a: Jupiter","|-crit|p2a: Jupiter","|-damage|p2a: Jupiter|123/299","|-status|p2a: Jupiter|brn","|","|-heal|p1a: Gastrodon|399/426|[from] item: Leftovers","|-damage|p2a: Jupiter|86/299 brn|[from] brn","|turn|3","|","|move|p2a: Jupiter|Flash Cannon|p1a: Gastrodon","|-resisted|p1a: Gastrodon","|-damage|p1a: Gastrodon|348/426","|-damage|p2a: Jupiter|57/299 brn|[from] item: Life Orb","|move|p1a: Gastrodon|Scald|p2a: Jupiter","|-damage|p2a: Jupiter|0 fnt","|faint|p2a: Jupiter","|","|-heal|p1a: Gastrodon|374/426|[from] item: Leftovers","|-end|p1a: Gastrodon|move: Taunt","|","|switch|p2a: DEATH|Togekiss, F, shiny|374/374","|turn|4","|","|move|p2a: DEATH|Air Slash|p1a: Gastrodon|[miss]","|-miss|p2a: DEATH|p1a: Gastrodon","|move|p1a: Gastrodon|Toxic|p2a: DEATH","|-status|p2a: DEATH|tox","|","|-heal|p1a: Gastrodon|400/426|[from] item: Leftovers","|-damage|p2a: DEATH|351/374 tox|[from] psn","|turn|5","|","|move|p2a: DEATH|Air Slash|p1a: Gastrodon","|-damage|p1a: Gastrodon|310/426","|cant|p1a: Gastrodon|flinch","|","|-heal|p2a: DEATH|374/374 tox|[from] item: Leftovers","|-heal|p1a: Gastrodon|336/426|[from] item: Leftovers","|-damage|p2a: DEATH|328/374 tox|[from] psn","|turn|6","|","|move|p2a: DEATH|Nasty Plot|p2a: DEATH","|-boost|p2a: DEATH|spa|2","|move|p1a: Gastrodon|Stockpile|p1a: Gastrodon","|-start|p1a: Gastrodon|stockpile1","|-boost|p1a: Gastrodon|def|1","|-boost|p1a: Gastrodon|spd|1","|","|-heal|p2a: DEATH|351/374 tox|[from] item: Leftovers","|-heal|p1a: Gastrodon|362/426|[from] item: Leftovers","|-damage|p2a: DEATH|282/374 tox|[from] psn","|turn|7","|","|move|p2a: DEATH|Wish|p2a: DEATH","|move|p1a: Gastrodon|Recover|p1a: Gastrodon","|-heal|p1a: Gastrodon|426/426","|","|-heal|p2a: DEATH|305/374 tox|[from] item: Leftovers","|-damage|p2a: DEATH|213/374 tox|[from] psn","|turn|8","|","|move|p2a: DEATH|Air Slash|p1a: Gastrodon","|-damage|p1a: Gastrodon|296/426","|move|p1a: Gastrodon|Scald|p2a: DEATH","|-damage|p2a: DEATH|158/374 tox","|","|-heal|p2a: DEATH|345/374 tox|[from] move: Wish|[wisher] DEATH","|-heal|p2a: DEATH|368/374 tox|[from] item: Leftovers","|-heal|p1a: Gastrodon|322/426|[from] item: Leftovers","|-damage|p2a: DEATH|253/374 tox|[from] psn","|turn|9","|","|move|p2a: DEATH|Wish|p2a: DEATH","|move|p1a: Gastrodon|Recover|p1a: Gastrodon","|-heal|p1a: Gastrodon|426/426","|","|-heal|p2a: DEATH|276/374 tox|[from] item: Leftovers","|-damage|p2a: DEATH|138/374 tox|[from] psn","|turn|10","|","|move|p2a: DEATH|Air Slash|p1a: Gastrodon","|-damage|p1a: Gastrodon|291/426","|cant|p1a: Gastrodon|flinch","|","|-heal|p2a: DEATH|325/374 tox|[from] move: Wish|[wisher] DEATH","|-heal|p2a: DEATH|348/374 tox|[from] item: Leftovers","|-heal|p1a: Gastrodon|317/426|[from] item: Leftovers","|-damage|p2a: DEATH|187/374 tox|[from] psn","|turn|11","|","|move|p2a: DEATH|Air Slash|p1a: Gastrodon","|-damage|p1a: Gastrodon|199/426","|move|p1a: Gastrodon|Stockpile|p1a: Gastrodon","|-start|p1a: Gastrodon|stockpile2","|-boost|p1a: Gastrodon|def|1","|-boost|p1a: Gastrodon|spd|1","|","|-heal|p2a: DEATH|210/374 tox|[from] item: Leftovers","|-heal|p1a: Gastrodon|225/426|[from] item: Leftovers","|-damage|p2a: DEATH|26/374 tox|[from] psn","|turn|12","|","|move|p2a: DEATH|Air Slash|p1a: Gastrodon","|-damage|p1a: Gastrodon|126/426","|move|p1a: Gastrodon|Recover|p1a: Gastrodon","|-heal|p1a: Gastrodon|339/426","|","|-heal|p2a: DEATH|49/374 tox|[from] item: Leftovers","|-heal|p1a: Gastrodon|365/426|[from] item: Leftovers","|-damage|p2a: DEATH|0 fnt|[from] psn","|faint|p2a: DEATH","|","|switch|p2a: Bird Jesus 2.0|Aerodactyl, M, shiny|301/301","|-ability|p2a: Bird Jesus 2.0|Pressure","|turn|13","|","|detailschange|p2a: Bird Jesus 2.0|Aerodactyl-Mega, M, shiny","|-mega|p2a: Bird Jesus 2.0|Aerodactyl|Aerodactylite","|move|p2a: Bird Jesus 2.0|Taunt|p1a: Gastrodon","|-start|p1a: Gastrodon|move: Taunt","|move|p1a: Gastrodon|Scald|p2a: Bird Jesus 2.0","|-supereffective|p2a: Bird Jesus 2.0","|-damage|p2a: Bird Jesus 2.0|109/301","|-status|p2a: Bird Jesus 2.0|brn","|","|-heal|p1a: Gastrodon|391/426|[from] item: Leftovers","|-damage|p2a: Bird Jesus 2.0|72/301 brn|[from] brn","|turn|14","|","|move|p2a: Bird Jesus 2.0|Stone Edge|p1a: Gastrodon","|-resisted|p1a: Gastrodon","|-damage|p1a: Gastrodon|365/426","|move|p1a: Gastrodon|Scald|p2a: Bird Jesus 2.0","|-supereffective|p2a: Bird Jesus 2.0","|-damage|p2a: Bird Jesus 2.0|0 fnt","|faint|p2a: Bird Jesus 2.0","|","|-heal|p1a: Gastrodon|391/426|[from] item: Leftovers","|","|switch|p2a: Gaea 2.0|Gliscor, M, shiny|337/337","|turn|15","|","|move|p2a: Gaea 2.0|Protect|p2a: Gaea 2.0","|-singleturn|p2a: Gaea 2.0|Protect","|move|p1a: Gastrodon|Scald|p2a: Gaea 2.0","|-activate|p2a: Gaea 2.0|Protect","|","|-heal|p1a: Gastrodon|417/426|[from] item: Leftovers","|-end|p1a: Gastrodon|move: Taunt","|-status|p2a: Gaea 2.0|tox|[from] item: Toxic Orb","|turn|16","|","|move|p2a: Gaea 2.0|Fling|p1a: Gastrodon","|-enditem|p2a: Gaea 2.0|Toxic Orb|[from] move: Fling","|-damage|p1a: Gastrodon|398/426","|-status|p1a: Gastrodon|tox","|move|p1a: Gastrodon|Scald|p2a: Gaea 2.0","|-supereffective|p2a: Gaea 2.0","|-damage|p2a: Gaea 2.0|121/337 tox","|","|-heal|p1a: Gastrodon|424/426 tox|[from] item: Leftovers","|-heal|p2a: Gaea 2.0|163/337 tox|[from] ability: Poison Heal","|-damage|p1a: Gastrodon|398/426 tox|[from] psn","|turn|17","|","|switch|p1a: Mamoswine|Mamoswine, M|361/361","|move|p2a: Gaea 2.0|Protect|p2a: Gaea 2.0","|-fail|p2a: Gaea 2.0","|","|-heal|p2a: Gaea 2.0|205/337 tox|[from] ability: Poison Heal","|turn|18","|","|move|p2a: Gaea 2.0|Protect|p2a: Gaea 2.0","|-singleturn|p2a: Gaea 2.0|Protect","|move|p1a: Mamoswine|Stealth Rock|p2a: Gaea 2.0","|-sidestart|p2: Apex Salamence|move: Stealth Rock","|","|-heal|p2a: Gaea 2.0|247/337 tox|[from] ability: Poison Heal","|turn|19","|","|move|p1a: Mamoswine|Freeze-Dry|p2a: Gaea 2.0","|-supereffective|p2a: Gaea 2.0","|-damage|p2a: Gaea 2.0|0 fnt","|faint|p2a: Gaea 2.0","|","|","|switch|p2a: Nacho Libre|Hawlucha, M, shiny|298/298","|-damage|p2a: Nacho Libre|261/298|[from] Stealth Rock","|turn|20","|","|move|p2a: Nacho Libre|High Jump Kick|p1a: Mamoswine","|-supereffective|p1a: Mamoswine","|-enditem|p1a: Mamoswine|Focus Sash","|-damage|p1a: Mamoswine|1/361","|move|p1a: Mamoswine|Freeze-Dry|p2a: Nacho Libre","|-supereffective|p2a: Nacho Libre","|-damage|p2a: Nacho Libre|63/298","|-enditem|p2a: Nacho Libre|Sitrus Berry|[eat]","|-heal|p2a: Nacho Libre|137/298|[from] item: Sitrus Berry","|","|turn|21","|","|move|p1a: Mamoswine|Ice Shard|p2a: Nacho Libre","|-supereffective|p2a: Nacho Libre","|-damage|p2a: Nacho Libre|0 fnt","|faint|p2a: Nacho Libre","|","|","|switch|p2a: Porunga|Dragonite, M, shiny|323/323","|-damage|p2a: Porunga|243/323|[from] Stealth Rock","|turn|22","|","|move|p2a: Porunga|Extreme Speed|p1a: Mamoswine","|-damage|p1a: Mamoswine|0 fnt","|faint|p1a: Mamoswine","|","|","|switch|p1a: Excadrill|Excadrill, F|361/361","|-ability|p1a: Excadrill|Mold Breaker","|turn|23","|","|move|p1a: Excadrill|Rock Slide|p2a: Porunga","|-supereffective|p2a: Porunga","|-damage|p2a: Porunga|53/323","|-enditem|p2a: Porunga|Weakness Policy","|-boost|p2a: Porunga|atk|2|[from] item: Weakness Policy","|-boost|p2a: Porunga|spa|2|[from] item: Weakness Policy","|cant|p2a: Porunga|flinch","|","|turn|24","|","|move|p1a: Excadrill|Rock Slide|p2a: Porunga","|-supereffective|p2a: Porunga","|-damage|p2a: Porunga|0 fnt","|faint|p2a: Porunga","|","|win|Alliance ♋ akaFila"],"p1rating":{"entryid":"126995","serverid":"eos","formatid":"monotype","userid":"allianceakafila","username":"Alliance ♋ akaFila","w":18,"l":"13","t":"0","gxe":55.3,"r":"1529.5030865751","rd":"60.783387894511","sigma":"0","rptime":"1440666000","rpr":1540.6997205954,"rprd":59.897252961584,"rpsigma":"0","acre":1177.3476547787,"lacre":1177.3476547787,"oldacre":"1149.2438014753"},"p2rating":{"entryid":"1755","serverid":"eos","formatid":"monotype","userid":"apexsalamence","username":"Apex Salamence","w":"42","l":32,"t":"0","gxe":57.3,"r":"1562.5099906017","rd":"42.009383620027","sigma":"0","rptime":"1440666000","rpr":1555.6909321037,"rprd":41.200008119734,"rpsigma":"0","acre":1164.4992185017,"lacre":1164.4992185017,"oldacre":"1192.6030718051"},"endType":"normal"}