{"seed":[34873,38874,9621,47820],"turns":30,"p1":"Lytenary","p2":"Primal Mamoswine","p1team":[{"name":"Zoroark","species":"Zoroark","item":"focussash","ability":"Illusion","moves":["snatch","copycat","shadowball","nightdaze"],"nature":"Timid","evs":{"hp":0,"atk":0,"def":0,"spa":252,"spd":4,"spe":252},"ivs":{"hp":31,"atk":31,"def":31,"spa":31,"spd":31,"spe":31}},{"name":"Houndoom","species":"Houndoom","item":"houndoominite","ability":"Early Bird","moves":["nastyplot","flamethrower","darkpulse","sludgebomb"],"nature":"Timid","evs":{"hp":0,"atk":0,"def":0,"spa":252,"spd":4,"spe":252},"ivs":{"hp":31,"atk":31,"def":31,"spa":31,"spd":31,"spe":31}},{"name":"Mandibuzz","species":"Mandibuzz","item":"rockyhelmet","ability":"Overcoat","moves":["roost","defog","foulplay","whirlwind"],"nature":"Bold","evs":{"hp":248,"atk":0,"def":252,"spa":0,"spd":8,"spe":0},"ivs":{"hp":31,"atk":31,"def":31,"spa":31,"spd":31,"spe":31}},{"name":"Hydreigon","species":"Hydreigon","item":"lifeorb","ability":"Levitate","moves":["dracometeor","darkpulse","flashcannon","flamethrower"],"nature":"Timid","evs":{"hp":0,"atk":0,"def":0,"spa":252,"spd":4,"spe":252},"ivs":{"hp":31,"atk":31,"def":31,"spa":31,"spd":31,"spe":31}},{"name":"Sableye","species":"Sableye","item":"leftovers","ability":"Prankster","moves":["recover","willowisp","confuseray","foulplay"],"nature":"Calm","evs":{"hp":252,"atk":0,"def":4,"spa":0,"spd":252,"spe":0},"ivs":{"hp":31,"atk":31,"def":31,"spa":31,"spd":31,"spe":31}},{"name":"Crawdaunt","species":"Crawdaunt","item":"focussash","ability":"Adaptability","moves":["dragondance","waterfall","knockoff","aquajet"],"nature":"Adamant","evs":{"hp":0,"atk":252,"def":0,"spa":0,"spd":4,"spe":252},"ivs":{"hp":31,"atk":31,"def":31,"spa":31,"spd":31,"spe":31}}],"p2team":[{"name":"Heatran","species":"Heatran","item":"airballoon","ability":"Flash Fire","moves":["substitute","ancientpower","earthpower","lavaplume"],"nature":"Modest","evs":{"hp":248,"atk":0,"def":0,"spa":252,"spd":8,"spe":0},"ivs":{"hp":31,"atk":31,"def":31,"spa":31,"spd":31,"spe":31}},{"name":"Ferrothorn","species":"Ferrothorn","item":"leftovers","ability":"Iron Barbs","moves":["spikes","leechseed","gyroball","protect"],"nature":"Sassy","evs":{"hp":252,"atk":4,"def":0,"spa":0,"spd":252,"spe":0},"ivs":{"hp":31,"atk":31,"def":31,"spa":31,"spd":31,"spe":0}},{"name":"Doublade","species":"Doublade","item":"lifeorb","ability":"No Guard","moves":["swordsdance","shadowsneak","ironhead","sacredsword"],"nature":"Adamant","evs":{"hp":248,"atk":252,"def":0,"spa":0,"spd":8,"spe":0},"ivs":{"hp":31,"atk":31,"def":31,"spa":31,"spd":31,"spe":31}},{"name":"Skarmory","species":"Skarmory","item":"leftovers","ability":"Sturdy","moves":["stealthrock","roost","whirlwind","bravebird"],"nature":"Impish","evs":{"hp":252,"atk":0,"def":232,"spa":0,"spd":0,"spe":24},"ivs":{"hp":31,"atk":31,"def":31,"spa":31,"spd":31,"spe":31}},{"name":"Excadrill","species":"Excadrill","item":"choicescarf","ability":"Mold Breaker","moves":["earthquake","rockslide","ironhead","aerialace"],"nature":"Jolly","evs":{"hp":0,"atk":252,"def":0,"spa":0,"spd":4,"spe":252},"ivs":{"hp":31,"atk":31,"def":31,"spa":31,"spd":31,"spe":31}},{"name":"Scizor","species":"Scizor","item":"scizorite","ability":"Technician","moves":["swordsdance","bulletpunch","bugbite","roost"],"nature":"Adamant","evs":{"hp":248,"atk":252,"def":0,"spa":0,"spd":8,"spe":0},"ivs":{"hp":31,"atk":31,"def":31,"spa":31,"spd":31,"spe":31}}],"log":["|player|p1|Lytenary|165","|player|p2|Primal Mamoswine|1","|gametype|singles","|gen|6","|tier|Monotype","|rated","|rule|Baton Pass Clause: Limit one Baton Passer, can't pass Spe and other stats simultaneously","|rule|Swagger Clause: Swagger is banned","|rule|Same Type Clause: Pokémon in a team must share a type","|clearpoke","|poke|p1|Zoroark, M","|poke|p1|Houndoom, F","|poke|p1|Mandibuzz, F","|poke|p1|Hydreigon, F","|poke|p1|Sableye, M","|poke|p1|Crawdaunt, M","|poke|p2|Heatran, M","|poke|p2|Ferrothorn, M","|poke|p2|Doublade, F","|poke|p2|Skarmory, M","|poke|p2|Excadrill, F","|poke|p2|Scizor, M","|rule|Sleep Clause Mod: Limit one foe put to sleep","|rule|Species Clause: Limit one of each Pokémon","|rule|OHKO Clause: OHKO moves are banned","|rule|Moody Clause: Moody is banned","|rule|Evasion Moves Clause: Evasion moves are banned","|rule|Endless Battle Clause: Forcing endless battles is banned","|rule|HP Percentage Mod: HP is shown in percentages","|teampreview","|","|start","|switch|p1a: Crawdaunt|Crawdaunt, M|267/267","|switch|p2a: Skarmory|Skarmory, M|334/334","|turn|1","|","|move|p1a: Crawdaunt|Dragon Dance|p1a: Crawdaunt","|-boost|p1a: Crawdaunt|atk|1","|-boost|p1a: Crawdaunt|spe|1","|move|p2a: Skarmory|Whirlwind|p1a: Crawdaunt","|drag|p1a: Zoroark|Zoroark, M|261/261","|","|turn|2","|","|move|p1a: Zoroark|Night Daze|p2a: Skarmory","|-damage|p2a: Skarmory|156/334","|move|p2a: Skarmory|Stealth Rock|p1a: Zoroark","|-sidestart|p1: Lytenary|move: Stealth Rock","|","|-heal|p2a: Skarmory|176/334|[from] item: Leftovers","|turn|3","|","|switch|p2a: Ferrothorn|Ferrothorn, M|352/352","|move|p1a: Zoroark|Night Daze|p2a: Ferrothorn","|-damage|p2a: Ferrothorn|267/352","|","|-heal|p2a: Ferrothorn|289/352|[from] item: Leftovers","|turn|4","|","|switch|p1a: Mandibuzz|Mandibuzz, F|423/423","|-damage|p1a: Mandibuzz|318/423|[from] Stealth Rock","|move|p2a: Ferrothorn|Leech Seed|p1a: Mandibuzz","|-start|p1a: Mandibuzz|move: Leech Seed","|","|-heal|p2a: Ferrothorn|311/352|[from] item: Leftovers","|-damage|p1a: Mandibuzz|266/423|[from] Leech Seed|[of] p2a: Ferrothorn","|-heal|p2a: Ferrothorn|352/352|[silent]","|turn|5","|","|move|p1a: Mandibuzz|Defog|p2a: Ferrothorn","|-unboost|p2a: Ferrothorn|evasion|1","|-sideend|p1: Lytenary|Stealth Rock|[from] move: Defog|[of] p1a: Mandibuzz","|move|p2a: Ferrothorn|Spikes|p1a: Mandibuzz","|-sidestart|p1: Lytenary|Spikes","|","|-damage|p1a: Mandibuzz|214/423|[from] Leech Seed|[of] p2a: Ferrothorn","|turn|6","|","|move|p1a: Mandibuzz|Roost|p1a: Mandibuzz","|-heal|p1a: Mandibuzz|423/423","|move|p2a: Ferrothorn|Gyro Ball|p1a: Mandibuzz","|-damage|p1a: Mandibuzz|335/423","|-damage|p2a: Ferrothorn|294/352|[from] item: Rocky Helmet|[of] p1a: Mandibuzz","|","|-heal|p2a: Ferrothorn|316/352|[from] item: Leftovers","|-damage|p1a: Mandibuzz|283/423|[from] Leech Seed|[of] p2a: Ferrothorn","|-heal|p2a: Ferrothorn|352/352|[silent]","|turn|7","|","|switch|p1a: Houndoom|Houndoom, F|261/261","|-damage|p1a: Houndoom|229/261|[from] Spikes","|move|p2a: Ferrothorn|Spikes|p1a: Houndoom","|-sidestart|p1: Lytenary|Spikes","|","|turn|8","|","|move|p2a: Ferrothorn|Protect|p2a: Ferrothorn","|-singleturn|p2a: Ferrothorn|Protect","|move|p1a: Houndoom|Copycat|p1a: Houndoom","|-fail|p1a: Houndoom","|","|turn|9","|","|switch|p2a: Heatran|Heatran, M|385/385","|-item|p2a: Heatran|Air Balloon","|move|p1a: Houndoom|Snatch|p1a: Houndoom","|-singleturn|p1a: Houndoom|Snatch","|","|turn|10","|","|move|p1a: Houndoom|Night Daze|p2a: Heatran","|-damage|p2a: Heatran|247/385","|-enditem|p2a: Heatran|Air Balloon","|move|p2a: Heatran|Substitute|p2a: Heatran","|-start|p2a: Heatran|Substitute","|-damage|p2a: Heatran|151/385","|","|turn|11","|","|move|p1a: Houndoom|Night Daze|p2a: Heatran","|-crit|p2a: Heatran","|-end|p2a: Heatran|Substitute","|move|p2a: Heatran|Earth Power|p1a: Houndoom","|replace|p1a: Zoroark|Zoroark, M|229/261","|-damage|p1a: Zoroark|40/261","|","|turn|12","|","|move|p1a: Zoroark|Snatch|p1a: Zoroark","|-singleturn|p1a: Zoroark|Snatch","|move|p2a: Heatran|Earth Power|p1a: Zoroark","|-crit|p1a: Zoroark","|-damage|p1a: Zoroark|0 fnt","|faint|p1a: Zoroark","|","|","|switch|p1a: Hydreigon|Hydreigon, F|325/325","|turn|13","|","|switch|p2a: Ferrothorn|Ferrothorn, M|352/352","|move|p1a: Hydreigon|Dark Pulse|p2a: Ferrothorn","|-damage|p2a: Ferrothorn|226/352","|-damage|p1a: Hydreigon|293/325|[from] item: Life Orb","|","|-heal|p2a: Ferrothorn|248/352|[from] item: Leftovers","|turn|14","|","|move|p1a: Hydreigon|Flamethrower|p2a: Ferrothorn","|-supereffective|p2a: Ferrothorn","|-damage|p2a: Ferrothorn|0 fnt","|-damage|p1a: Hydreigon|261/325|[from] item: Life Orb","|faint|p2a: Ferrothorn","|","|","|switch|p2a: Excadrill|Excadrill, F|361/361","|-ability|p2a: Excadrill|Mold Breaker","|turn|15","|","|switch|p1a: Mandibuzz|Mandibuzz, F|283/423","|move|p2a: Excadrill|Iron Head|p1a: Mandibuzz","|-damage|p1a: Mandibuzz|181/423","|-damage|p2a: Excadrill|301/361|[from] item: Rocky Helmet|[of] p1a: Mandibuzz","|","|turn|16","|","|switch|p2a: Scizor|Scizor, M|343/343","|move|p1a: Mandibuzz|Roost|p1a: Mandibuzz","|-heal|p1a: Mandibuzz|393/423","|","|turn|17","|","|detailschange|p2a: Scizor|Scizor-Mega, M","|-mega|p2a: Scizor|Scizor|Scizorite","|move|p1a: Mandibuzz|Defog|p2a: Scizor","|-unboost|p2a: Scizor|evasion|1","|-sideend|p1: Lytenary|Spikes|[from] move: Defog|[of] p1a: Mandibuzz","|move|p2a: Scizor|Swords Dance|p2a: Scizor","|-boost|p2a: Scizor|atk|2","|","|turn|18","|","|move|p1a: Mandibuzz|Foul Play|p2a: Scizor","|-damage|p2a: Scizor|49/343","|move|p2a: Scizor|Bug Bite|p1a: Mandibuzz","|-damage|p1a: Mandibuzz|107/423","|-damage|p2a: Scizor|0 fnt|[from] item: Rocky Helmet|[of] p1a: Mandibuzz","|faint|p2a: Scizor","|","|","|switch|p2a: Skarmory|Skarmory, M|176/334","|turn|19","|","|move|p1a: Mandibuzz|Roost|p1a: Mandibuzz","|-heal|p1a: Mandibuzz|319/423","|move|p2a: Skarmory|Roost|p2a: Skarmory","|-heal|p2a: Skarmory|334/334","|","|turn|20","|","|switch|p1a: Hydreigon|Hydreigon, F|261/325","|move|p2a: Skarmory|Stealth Rock|p1a: Hydreigon","|-sidestart|p1: Lytenary|move: Stealth Rock","|","|turn|21","|","|move|p1a: Hydreigon|Dark Pulse|p2a: Skarmory","|-damage|p2a: Skarmory|100/334","|-damage|p1a: Hydreigon|229/325|[from] item: Life Orb","|move|p2a: Skarmory|Whirlwind|p1a: Hydreigon","|drag|p1a: Sableye|Sableye, M|304/304","|-damage|p1a: Sableye|266/304|[from] Stealth Rock","|","|-heal|p2a: Skarmory|120/334|[from] item: Leftovers","|-heal|p1a: Sableye|285/304|[from] item: Leftovers","|turn|22","|","|switch|p2a: Heatran|Heatran, M|151/385","|move|p1a: Sableye|Confuse Ray|p2a: Heatran","|-start|p2a: Heatran|confusion","|","|-heal|p1a: Sableye|304/304|[from] item: Leftovers","|turn|23","|","|-activate|p2a: Heatran|confusion","|-damage|p2a: Heatran|126/385|[from] confusion","|move|p1a: Sableye|Foul Play|p2a: Heatran","|-damage|p2a: Heatran|33/385","|","|turn|24","|","|-activate|p2a: Heatran|confusion","|-damage|p2a: Heatran|6/385|[from] confusion","|move|p1a: Sableye|Foul Play|p2a: Heatran","|-damage|p2a: Heatran|0 fnt","|faint|p2a: Heatran","|","|","|switch|p2a: Doublade|Doublade, F|321/321","|turn|25","|","|move|p1a: Sableye|Will-O-Wisp|p2a: Doublade","|-status|p2a: Doublade|brn","|move|p2a: Doublade|Swords Dance|p2a: Doublade","|-boost|p2a: Doublade|atk|2","|","|-damage|p2a: Doublade|281/321 brn|[from] brn","|turn|26","|","|move|p1a: Sableye|Confuse Ray|p2a: Doublade","|-start|p2a: Doublade|confusion","|-activate|p2a: Doublade|confusion","|-damage|p2a: Doublade|238/321 brn|[from] confusion","|","|-damage|p2a: Doublade|198/321 brn|[from] brn","|turn|27","|","|move|p1a: Sableye|Foul Play|p2a: Doublade","|-crit|p2a: Doublade","|-supereffective|p2a: Doublade","|-damage|p2a: Doublade|0 fnt","|faint|p2a: Doublade","|","|","|switch|p2a: Excadrill|Excadrill, F|301/361","|-ability|p2a: Excadrill|Mold Breaker","|turn|28","|","|move|p1a: Sableye|Will-O-Wisp|p2a: Excadrill","|-status|p2a: Excadrill|brn","|move|p2a: Excadrill|Earthquake|p1a: Sableye","|-damage|p1a: Sableye|197/304","|","|-heal|p1a: Sableye|216/304|[from] item: Leftovers","|-damage|p2a: Excadrill|256/361 brn|[from] brn","|turn|29","|","|move|p1a: Sableye|Confuse Ray|p2a: Excadrill","|-start|p2a: Excadrill|confusion","|-activate|p2a: Excadrill|confusion","|-damage|p2a: Excadrill|218/361 brn|[from] confusion","|","|-heal|p1a: Sableye|235/304|[from] item: Leftovers","|-damage|p2a: Excadrill|173/361 brn|[from] brn","|turn|30","|","|-end|p2a: Excadrill|confusion","|move|p2a: Excadrill|Earthquake|p1a: Sableye","|-damage|p1a: Sableye|117/304","|move|p1a: Sableye|Foul Play|p2a: Excadrill","|-damage|p2a: Excadrill|0 fnt","|faint|p2a: Excadrill","|","|-heal|p1a: Sableye|136/304|[from] item: Leftovers","|","|win|Lytenary"],"p1rating":{"entryid":"542309","serverid":"eos","formatid":"monotype","userid":"lytenary","username":"Lytenary","w":2,"l":"1","t":"0","gxe":55.8,"r":"1500","rd":"130","sigma":"0","rptime":"1440666000","rpr":1545.942638145,"rprd":111.679746776,"rpsigma":"0","acre":1080.7423841998,"lacre":1080.7423841998,"oldacre":"1040.369893306"},"p2rating":{"entryid":"535354","serverid":"eos","formatid":"monotype","userid":"primalmamoswine","username":"Primal Mamoswine","w":"4","l":4,"t":"0","gxe":48.9,"r":"1500","rd":"130","sigma":"0","rptime":"1440666000","rpr":1491.6871061982,"rprd":92.351528321643,"rpsigma":"0","acre":1077.2323971459,"lacre":1077.2323971459,"oldacre":"1106.9665748912"},"endType":"forfeit"}