{"seed":[8221,21832,20796,33667],"turns":21,"p1":"Primal Mamoswine","p2":"iQuill","p1team":[{"name":"Heatran","species":"Heatran","item":"airballoon","ability":"Flash Fire","moves":["substitute","ancientpower","earthpower","lavaplume"],"nature":"Modest","evs":{"hp":248,"atk":0,"def":0,"spa":252,"spd":8,"spe":0},"ivs":{"hp":31,"atk":31,"def":31,"spa":31,"spd":31,"spe":31}},{"name":"Magnezone","species":"Magnezone","item":"choicespecs","ability":"Magnet Pull","moves":["thunderbolt","hiddenpowerice","voltswitch","flashcannon"],"nature":"Modest","evs":{"hp":248,"atk":0,"def":0,"spa":252,"spd":8,"spe":0},"ivs":{"hp":31,"atk":30,"def":30,"spa":31,"spd":31,"spe":31}},{"name":"Doublade","species":"Doublade","item":"lifeorb","ability":"No Guard","moves":["swordsdance","shadowsneak","ironhead","sacredsword"],"nature":"Adamant","evs":{"hp":248,"atk":252,"def":0,"spa":0,"spd":8,"spe":0},"ivs":{"hp":31,"atk":31,"def":31,"spa":31,"spd":31,"spe":31}},{"name":"Skarmory","species":"Skarmory","item":"leftovers","ability":"Sturdy","moves":["stealthrock","roost","whirlwind","bravebird"],"nature":"Careful","evs":{"hp":252,"atk":0,"def":0,"spa":0,"spd":232,"spe":24},"ivs":{"hp":31,"atk":31,"def":31,"spa":31,"spd":31,"spe":31}},{"name":"Excadrill","species":"Excadrill","item":"choicescarf","ability":"Mold Breaker","moves":["earthquake","rockslide","ironhead","aerialace"],"nature":"Jolly","evs":{"hp":0,"atk":252,"def":0,"spa":0,"spd":4,"spe":252},"ivs":{"hp":31,"atk":31,"def":31,"spa":31,"spd":31,"spe":31}},{"name":"Scizor","species":"Scizor","item":"scizorite","ability":"Technician","moves":["swordsdance","bulletpunch","bugbite","roost"],"nature":"Adamant","evs":{"hp":248,"atk":252,"def":0,"spa":0,"spd":8,"spe":0},"ivs":{"hp":31,"atk":31,"def":31,"spa":31,"spd":31,"spe":31}}],"p2team":[{"name":"Aerodactyl","species":"Aerodactyl","item":"focussash","ability":"Rock Head","moves":["raindance","honeclaws","aerialace","stoneedge"],"nature":"Jolly","evs":{"hp":0,"atk":252,"def":0,"spa":0,"spd":4,"spe":252},"ivs":{"hp":31,"atk":31,"def":31,"spa":31,"spd":31,"spe":31}},{"name":"Omastar","species":"Omastar","item":"focussash","ability":"Swift Swim","moves":["scald","icebeam","shellsmash","earthpower"],"nature":"Modest","evs":{"hp":0,"atk":0,"def":0,"spa":252,"spd":4,"spe":252},"ivs":{"hp":31,"atk":31,"def":31,"spa":31,"spd":31,"spe":31}},{"name":"Carracosta","species":"Carracosta","item":"weaknesspolicy","ability":"Swift Swim","moves":["shellsmash","hydropump","stoneedge","waterfall"],"nature":"Naughty","evs":{"hp":0,"atk":252,"def":0,"spa":4,"spd":0,"spe":252},"ivs":{"hp":31,"atk":31,"def":31,"spa":31,"spd":31,"spe":31}},{"name":"Cradily","species":"Cradily","item":"rockyhelmet","ability":"Storm Drain","moves":["gigadrain","toxic","recover","stockpile"],"nature":"Calm","evs":{"hp":44,"atk":0,"def":216,"spa":48,"spd":140,"spe":60},"ivs":{"hp":31,"atk":31,"def":31,"spa":31,"spd":31,"spe":31}},{"name":"Aggron","species":"Aggron","item":"aggronite","ability":"Sturdy","moves":["curse","rest","sleeptalk","heavyslam"],"nature":"Impish","evs":{"hp":240,"atk":0,"def":16,"spa":0,"spd":252,"spe":0},"ivs":{"hp":31,"atk":31,"def":31,"spa":31,"spd":31,"spe":31}},{"name":"Terrakion","species":"Terrakion","item":"choicescarf","ability":"Justified","moves":["closecombat","ironhead","stoneedge","earthquake"],"nature":"Jolly","evs":{"hp":0,"atk":252,"def":0,"spa":0,"spd":4,"spe":252},"ivs":{"hp":31,"atk":31,"def":31,"spa":31,"spd":31,"spe":31}}],"log":["|player|p1|Primal Mamoswine|1","|player|p2|iQuill|65","|gametype|singles","|gen|6","|tier|Monotype","|rated","|rule|Baton Pass Clause: Limit one Baton Passer, can't pass Spe and other stats simultaneously","|rule|Swagger Clause: Swagger is banned","|rule|Same Type Clause: Pokémon in a team must share a type","|clearpoke","|poke|p1|Heatran, M","|poke|p1|Magnezone","|poke|p1|Doublade, F","|poke|p1|Skarmory, F","|poke|p1|Excadrill, M","|poke|p1|Scizor, F","|poke|p2|Aerodactyl, F","|poke|p2|Omastar, F","|poke|p2|Carracosta, F","|poke|p2|Cradily, M","|poke|p2|Aggron, F","|poke|p2|Terrakion","|rule|Sleep Clause Mod: Limit one foe put to sleep","|rule|Species Clause: Limit one of each Pokémon","|rule|OHKO Clause: OHKO moves are banned","|rule|Moody Clause: Moody is banned","|rule|Evasion Moves Clause: Evasion moves are banned","|rule|Endless Battle Clause: Forcing endless battles is banned","|rule|HP Percentage Mod: HP is shown in percentages","|teampreview","|","|start","|switch|p1a: Skarmory|Skarmory, F|334/334","|switch|p2a: Aerodactyl|Aerodactyl, F|301/301","|turn|1","|","|move|p2a: Aerodactyl|Rain Dance|p2a: Aerodactyl","|-weather|RainDance","|move|p1a: Skarmory|Stealth Rock|p2a: Aerodactyl","|-sidestart|p2: iQuill|move: Stealth Rock","|","|-weather|RainDance|[upkeep]","|turn|2","|","|switch|p2a: Carracosta|Carracosta, F|289/289","|-damage|p2a: Carracosta|253/289|[from] Stealth Rock","|move|p1a: Skarmory|Whirlwind|p2a: Carracosta","|drag|p2a: Terrakion|Terrakion|323/323","|-damage|p2a: Terrakion|303/323|[from] Stealth Rock","|","|-weather|RainDance|[upkeep]","|turn|3","|","|move|p2a: Terrakion|Stone Edge|p1a: Skarmory","|-damage|p1a: Skarmory|199/334","|move|p1a: Skarmory|Whirlwind|p2a: Terrakion","|drag|p2a: Aerodactyl|Aerodactyl, F|301/301","|-damage|p2a: Aerodactyl|226/301|[from] Stealth Rock","|","|-weather|RainDance|[upkeep]","|-heal|p1a: Skarmory|219/334|[from] item: Leftovers","|turn|4","|","|move|p2a: Aerodactyl|Stone Edge|p1a: Skarmory","|-damage|p1a: Skarmory|110/334","|move|p1a: Skarmory|Whirlwind|p2a: Aerodactyl","|drag|p2a: Aggron|Aggron, F|341/341","|-damage|p2a: Aggron|320/341|[from] Stealth Rock","|","|-weather|RainDance|[upkeep]","|-heal|p1a: Skarmory|130/334|[from] item: Leftovers","|turn|5","|","|detailschange|p2a: Aggron|Aggron-Mega, F","|-mega|p2a: Aggron|Aggron|Aggronite","|move|p2a: Aggron|Heavy Slam|p1a: Skarmory","|-resisted|p1a: Skarmory","|-damage|p1a: Skarmory|59/334","|move|p1a: Skarmory|Whirlwind|p2a: Aggron","|drag|p2a: Terrakion|Terrakion|303/323","|-damage|p2a: Terrakion|283/323|[from] Stealth Rock","|","|-weather|none","|-heal|p1a: Skarmory|79/334|[from] item: Leftovers","|turn|6","|","|switch|p1a: Excadrill|Excadrill, M|361/361","|-ability|p1a: Excadrill|Mold Breaker","|move|p2a: Terrakion|Close Combat|p1a: Excadrill","|-supereffective|p1a: Excadrill","|-damage|p1a: Excadrill|0 fnt","|-unboost|p2a: Terrakion|def|1","|-unboost|p2a: Terrakion|spd|1","|faint|p1a: Excadrill","|","|","|switch|p1a: Doublade|Doublade, F|321/321","|turn|7","|","|switch|p2a: Cradily|Cradily, M|324/324","|-damage|p2a: Cradily|284/324|[from] Stealth Rock","|move|p1a: Doublade|Swords Dance|p1a: Doublade","|-boost|p1a: Doublade|atk|2","|","|turn|8","|","|move|p2a: Cradily|Stockpile|p2a: Cradily","|-start|p2a: Cradily|stockpile1","|-boost|p2a: Cradily|def|1","|-boost|p2a: Cradily|spd|1","|move|p1a: Doublade|Sacred Sword|p2a: Cradily","|-crit|p2a: Cradily","|-supereffective|p2a: Cradily","|-damage|p2a: Cradily|0 fnt","|-damage|p1a: Doublade|268/321|[from] item: Rocky Helmet|[of] p2a: Cradily","|-damage|p1a: Doublade|236/321|[from] item: Life Orb","|faint|p2a: Cradily","|","|","|switch|p2a: Aggron|Aggron-Mega, F|320/341","|-damage|p2a: Aggron|299/341|[from] Stealth Rock","|turn|9","|","|move|p2a: Aggron|Curse|p2a: Aggron","|-unboost|p2a: Aggron|spe|1","|-boost|p2a: Aggron|atk|1","|-boost|p2a: Aggron|def|1","|move|p1a: Doublade|Sacred Sword|p2a: Aggron","|-supereffective|p2a: Aggron","|-damage|p2a: Aggron|116/341","|-damage|p1a: Doublade|204/321|[from] item: Life Orb","|","|turn|10","|","|move|p1a: Doublade|Sacred Sword|p2a: Aggron","|-supereffective|p2a: Aggron","|-damage|p2a: Aggron|0 fnt","|-damage|p1a: Doublade|172/321|[from] item: Life Orb","|faint|p2a: Aggron","|","|","|switch|p2a: Terrakion|Terrakion|283/323","|-damage|p2a: Terrakion|263/323|[from] Stealth Rock","|turn|11","|","|move|p1a: Doublade|Shadow Sneak|p2a: Terrakion","|-damage|p2a: Terrakion|56/323","|-damage|p1a: Doublade|140/321|[from] item: Life Orb","|move|p2a: Terrakion|Earthquake|p1a: Doublade","|-supereffective|p1a: Doublade","|-damage|p1a: Doublade|0 fnt","|faint|p1a: Doublade","|","|","|switch|p1a: Skarmory|Skarmory, F|79/334","|turn|12","|","|switch|p2a: Carracosta|Carracosta, F|253/289","|-damage|p2a: Carracosta|217/289|[from] Stealth Rock","|move|p1a: Skarmory|Roost|p1a: Skarmory","|-heal|p1a: Skarmory|246/334","|","|-heal|p1a: Skarmory|266/334|[from] item: Leftovers","|turn|13","|","|move|p2a: Carracosta|Hydro Pump|p1a: Skarmory","|-damage|p1a: Skarmory|161/334","|move|p1a: Skarmory|Whirlwind|p2a: Carracosta","|drag|p2a: Terrakion|Terrakion|56/323","|-damage|p2a: Terrakion|36/323|[from] Stealth Rock","|","|-heal|p1a: Skarmory|181/334|[from] item: Leftovers","|turn|14","|","|move|p2a: Terrakion|Stone Edge|p1a: Skarmory","|-damage|p1a: Skarmory|49/334","|move|p1a: Skarmory|Brave Bird|p2a: Terrakion","|-damage|p2a: Terrakion|0 fnt","|-damage|p1a: Skarmory|37/334|[from] recoil|[of] p2a: Terrakion","|faint|p2a: Terrakion","|","|-heal|p1a: Skarmory|57/334|[from] item: Leftovers","|","|switch|p2a: Aerodactyl|Aerodactyl, F|226/301","|-damage|p2a: Aerodactyl|151/301|[from] Stealth Rock","|turn|15","|","|move|p2a: Aerodactyl|Rain Dance|p2a: Aerodactyl","|-weather|RainDance","|move|p1a: Skarmory|Brave Bird|p2a: Aerodactyl","|-resisted|p2a: Aerodactyl","|-damage|p2a: Aerodactyl|67/301","|-damage|p1a: Skarmory|29/334|[from] recoil|[of] p2a: Aerodactyl","|","|-weather|RainDance|[upkeep]","|-heal|p1a: Skarmory|49/334|[from] item: Leftovers","|turn|16","|","|move|p2a: Aerodactyl|Stone Edge|p1a: Skarmory","|-damage|p1a: Skarmory|0 fnt","|faint|p1a: Skarmory","|","|-weather|RainDance|[upkeep]","|","|switch|p1a: Scizor|Scizor, F|343/343","|turn|17","|","|detailschange|p1a: Scizor|Scizor-Mega, F","|-mega|p1a: Scizor|Scizor|Scizorite","|move|p2a: Aerodactyl|Stone Edge|p1a: Scizor","|-damage|p1a: Scizor|237/343","|move|p1a: Scizor|Swords Dance|p1a: Scizor","|-boost|p1a: Scizor|atk|2","|","|-weather|RainDance|[upkeep]","|turn|18","|","|move|p1a: Scizor|Bullet Punch|p2a: Aerodactyl","|-supereffective|p2a: Aerodactyl","|-damage|p2a: Aerodactyl|0 fnt","|faint|p2a: Aerodactyl","|","|-weather|RainDance|[upkeep]","|","|switch|p2a: Omastar|Omastar, F|281/281","|-damage|p2a: Omastar|246/281|[from] Stealth Rock","|turn|19","|","|move|p1a: Scizor|Bullet Punch|p2a: Omastar","|-damage|p2a: Omastar|39/281","|move|p2a: Omastar|Scald|p1a: Scizor","|-damage|p1a: Scizor|42/343","|","|-weather|none","|turn|20","|","|move|p1a: Scizor|Bullet Punch|p2a: Omastar","|-damage|p2a: Omastar|0 fnt","|faint|p2a: Omastar","|","|","|switch|p2a: Carracosta|Carracosta, F|217/289","|-damage|p2a: Carracosta|181/289|[from] Stealth Rock","|turn|21","|","|move|p1a: Scizor|Bullet Punch|p2a: Carracosta","|-damage|p2a: Carracosta|0 fnt","|faint|p2a: Carracosta","|","|win|Primal Mamoswine"],"p1rating":{"entryid":"535354","serverid":"eos","formatid":"monotype","userid":"primalmamoswine","username":"Primal Mamoswine","w":3,"l":"3","t":"0","gxe":47.9,"r":"1500","rd":"130","sigma":"0","rptime":"1440666000","rpr":1483.6390990084,"rprd":98.749068364576,"rpsigma":"0","acre":1071.3853111429,"lacre":1071.3853111429,"oldacre":"1035.779219456"},"p2rating":{"entryid":"541843","serverid":"eos","formatid":"monotype","userid":"iquill","username":"iQuill","w":"1","l":2,"t":"0","gxe":45.4,"r":"1500","rd":"130","sigma":"0","rptime":"1440666000","rpr":1463.8274336287,"rprd":111.20356930798,"rpsigma":"0","acre":1028.2383206148,"lacre":1028.2383206148,"oldacre":"1045.5425618191"},"endType":"normal"}