{"seed":[53234,3730,15693,39229],"turns":24,"p1":"Void~Pixie","p2":"spacial judgement","p1team":[{"name":"Cobalion","species":"Cobalion","item":"focussash","ability":"Justified","moves":["thunderwave","taunt","ironhead","stealthrock"],"nature":"Jolly","evs":{"hp":252,"atk":4,"def":0,"spa":0,"spd":0,"spe":252},"ivs":{"hp":31,"atk":31,"def":31,"spa":31,"spd":31,"spe":31}},{"name":"Terrakion","species":"Terrakion","item":"choicescarf","ability":"Justified","moves":["closecombat","earthquake","ironhead","rockslide"],"nature":"Jolly","evs":{"hp":0,"atk":252,"def":0,"spa":0,"spd":4,"spe":252},"ivs":{"hp":31,"atk":31,"def":31,"spa":31,"spd":31,"spe":31}},{"name":"Keldeo","species":"Keldeo","item":"choicespecs","ability":"Justified","moves":["scald","icywind","secretsword","hydropump"],"nature":"Timid","evs":{"hp":0,"atk":0,"def":0,"spa":252,"spd":4,"spe":252},"ivs":{"hp":31,"atk":30,"def":30,"spa":31,"spd":31,"spe":31}},{"name":"Hawlucha","species":"Hawlucha","item":"powerherb","ability":"Unburden","moves":["skyattack","acrobatics","highjumpkick","swordsdance"],"nature":"Adamant","evs":{"hp":0,"atk":252,"def":0,"spa":0,"spd":4,"spe":252},"ivs":{"hp":31,"atk":31,"def":31,"spa":31,"spd":31,"spe":31}},{"name":"Pangoro","species":"Pangoro","item":"assaultvest","ability":"Scrappy","moves":["circlethrow","crunch","knockoff","ironhead"],"nature":"Adamant","evs":{"hp":248,"atk":252,"def":0,"spa":0,"spd":8,"spe":0},"ivs":{"hp":31,"atk":31,"def":31,"spa":31,"spd":31,"spe":31}},{"name":"Medicham","species":"Medicham","item":"medichamite","ability":"Pure Power","moves":["bulletpunch","fakeout","psychocut","highjumpkick"],"nature":"Jolly","evs":{"hp":0,"atk":252,"def":0,"spa":0,"spd":4,"spe":252},"ivs":{"hp":31,"atk":31,"def":31,"spa":31,"spd":31,"spe":31}}],"p2team":[{"name":"Scizor","species":"Scizor","item":"scizorite","ability":"Technician","moves":["bulletpunch","uturn","knockoff","bugbite"],"nature":"Adamant","evs":{"hp":248,"atk":252,"def":0,"spa":0,"spd":8,"spe":0},"ivs":{"hp":31,"atk":31,"def":31,"spa":31,"spd":31,"spe":31}},{"name":"Heatran","species":"Heatran","item":"airballoon","ability":"Flash Fire","moves":["stealthrock","lavaplume","dragonpulse","earthpower"],"nature":"Modest","evs":{"hp":248,"atk":0,"def":0,"spa":252,"spd":8,"spe":0},"ivs":{"hp":31,"atk":31,"def":31,"spa":31,"spd":31,"spe":31}},{"name":"Empoleon","species":"Empoleon","item":"assaultvest","ability":"Defiant","moves":["scald","flashcannon","icebeam","hiddenpowerghost"],"nature":"Modest","evs":{"hp":144,"atk":0,"def":0,"spa":252,"spd":112,"spe":0},"ivs":{"hp":31,"atk":31,"def":30,"spa":31,"spd":30,"spe":31}},{"name":"Ferrothorn","species":"Ferrothorn","item":"rockyhelmet","ability":"Iron Barbs","moves":["leechseed","swordsdance","knockoff","gyroball"],"nature":"Relaxed","evs":{"hp":248,"atk":8,"def":252,"spa":0,"spd":0,"spe":0},"ivs":{"hp":31,"atk":31,"def":31,"spa":31,"spd":31,"spe":0}},{"name":"Metagross","species":"Metagross","item":"choicescarf","ability":"Clear Body","moves":["zenheadbutt","brickbreak","icepunch","meteormash"],"nature":"Jolly","evs":{"hp":4,"atk":252,"def":0,"spa":0,"spd":0,"spe":252},"ivs":{"hp":31,"atk":31,"def":31,"spa":31,"spd":31,"spe":31}},{"name":"Skarmory","species":"Skarmory","item":"rockyhelmet","ability":"Sturdy","moves":["bravebird","toxic","roost","tailwind"],"nature":"Impish","evs":{"hp":248,"atk":0,"def":236,"spa":0,"spd":0,"spe":24},"ivs":{"hp":31,"atk":31,"def":31,"spa":31,"spd":31,"spe":31}}],"log":["|player|p1|Void~Pixie|138","|player|p2|spacial judgement|80","|gametype|singles","|gen|6","|tier|Monotype","|rated","|rule|Baton Pass Clause: Limit one Baton Passer, can't pass Spe and other stats simultaneously","|rule|Swagger Clause: Swagger is banned","|rule|Same Type Clause: Pokémon in a team must share a type","|clearpoke","|poke|p1|Cobalion","|poke|p1|Terrakion","|poke|p1|Keldeo","|poke|p1|Hawlucha, M","|poke|p1|Pangoro, M","|poke|p1|Medicham, M","|poke|p2|Scizor, F","|poke|p2|Heatran, M","|poke|p2|Empoleon, M","|poke|p2|Ferrothorn, M","|poke|p2|Metagross","|poke|p2|Skarmory, M","|rule|Sleep Clause Mod: Limit one foe put to sleep","|rule|Species Clause: Limit one of each Pokémon","|rule|OHKO Clause: OHKO moves are banned","|rule|Moody Clause: Moody is banned","|rule|Evasion Moves Clause: Evasion moves are banned","|rule|Endless Battle Clause: Forcing endless battles is banned","|rule|HP Percentage Mod: HP is shown in percentages","|teampreview","|","|start","|switch|p1a: Cobalion|Cobalion|386/386","|switch|p2a: Ferrothorn|Ferrothorn, M|351/351","|turn|1","|","|switch|p2a: Skarmory|Skarmory, M|333/333","|move|p1a: Cobalion|Taunt|p2a: Skarmory","|-start|p2a: Skarmory|move: Taunt","|","|turn|2","|","|move|p1a: Cobalion|Thunder Wave|p2a: Skarmory","|-status|p2a: Skarmory|par","|cant|p2a: Skarmory|par","|","|turn|3","|","|switch|p2a: Ferrothorn|Ferrothorn, M|351/351","|move|p1a: Cobalion|Stealth Rock|p2a: Ferrothorn","|-sidestart|p2: spacial judgement|move: Stealth Rock","|","|turn|4","|","|move|p1a: Cobalion|Taunt|p2a: Ferrothorn","|-start|p2a: Ferrothorn|move: Taunt","|cant|p2a: Ferrothorn|move: Taunt|Leech Seed","|","|turn|5","|","|move|p1a: Cobalion|Thunder Wave|p2a: Ferrothorn","|-status|p2a: Ferrothorn|par","|cant|p2a: Ferrothorn|par","|","|turn|6","|","|move|p1a: Cobalion|Iron Head|p2a: Ferrothorn","|-resisted|p2a: Ferrothorn","|-damage|p2a: Ferrothorn|326/351 par","|-damage|p1a: Cobalion|338/386|[from] ability: Iron Barbs|[of] p2a: Ferrothorn","|-damage|p1a: Cobalion|274/386|[from] item: Rocky Helmet|[of] p2a: Ferrothorn","|cant|p2a: Ferrothorn|par","|","|-end|p2a: Ferrothorn|move: Taunt","|turn|7","|","|move|p1a: Cobalion|Taunt|p2a: Ferrothorn","|-start|p2a: Ferrothorn|move: Taunt","|move|p2a: Ferrothorn|Gyro Ball|p1a: Cobalion","|-resisted|p1a: Cobalion","|-damage|p1a: Cobalion|203/386","|","|turn|8","|","|switch|p1a: Pangoro|Pangoro, M|393/393","|move|p2a: Ferrothorn|Knock Off|p1a: Pangoro","|-resisted|p1a: Pangoro","|-damage|p1a: Pangoro|372/393","|-enditem|p1a: Pangoro|Assault Vest|[from] move: Knock Off|[of] p2a: Ferrothorn","|","|turn|9","|","|move|p2a: Ferrothorn|Gyro Ball|p1a: Pangoro","|-damage|p1a: Pangoro|159/393","|move|p1a: Pangoro|Circle Throw|p2a: Ferrothorn","|-supereffective|p2a: Ferrothorn","|-damage|p2a: Ferrothorn|200/351 par","|-damage|p1a: Pangoro|110/393|[from] ability: Iron Barbs|[of] p2a: Ferrothorn","|-damage|p1a: Pangoro|45/393|[from] item: Rocky Helmet|[of] p2a: Ferrothorn","|drag|p2a: Scizor|Scizor, F|343/343","|-damage|p2a: Scizor|301/343|[from] Stealth Rock","|","|turn|10","|","|move|p2a: Scizor|Bullet Punch|p1a: Pangoro","|-damage|p1a: Pangoro|0 fnt","|faint|p1a: Pangoro","|","|","|switch|p1a: Cobalion|Cobalion|203/386","|turn|11","|","|switch|p2a: Ferrothorn|Ferrothorn, M|200/351 par","|-damage|p2a: Ferrothorn|179/351 par|[from] Stealth Rock","|move|p1a: Cobalion|Thunder Wave|p2a: Ferrothorn","|-fail|p2a: Ferrothorn|par","|","|turn|12","|","|move|p1a: Cobalion|Taunt|p2a: Ferrothorn","|-start|p2a: Ferrothorn|move: Taunt","|move|p2a: Ferrothorn|Gyro Ball|p1a: Cobalion","|-crit|p1a: Cobalion","|-resisted|p1a: Cobalion","|-damage|p1a: Cobalion|102/386","|","|turn|13","|","|move|p1a: Cobalion|Iron Head|p2a: Ferrothorn","|-resisted|p2a: Ferrothorn","|-damage|p2a: Ferrothorn|155/351 par","|-damage|p1a: Cobalion|54/386|[from] ability: Iron Barbs|[of] p2a: Ferrothorn","|-damage|p1a: Cobalion|0 fnt|[from] item: Rocky Helmet|[of] p2a: Ferrothorn","|faint|p1a: Cobalion","|cant|p2a: Ferrothorn|par","|","|","|switch|p1a: Hawlucha|Hawlucha, M|297/297","|turn|14","|","|move|p1a: Hawlucha|Sky Attack|p2a: Ferrothorn|[still]","|-prepare|p1a: Hawlucha|Sky Attack|p2a: Ferrothorn","|-enditem|p1a: Hawlucha|Power Herb","|-anim|p1a: Hawlucha|Sky Attack|p2a: Ferrothorn","|-crit|p2a: Ferrothorn","|-damage|p2a: Ferrothorn|0 fnt","|faint|p2a: Ferrothorn","|","|","|switch|p2a: Skarmory|Skarmory, M|333/333 par","|-damage|p2a: Skarmory|292/333 par|[from] Stealth Rock","|turn|15","|","|move|p1a: Hawlucha|High Jump Kick|p2a: Skarmory","|-damage|p2a: Skarmory|174/333 par","|-damage|p1a: Hawlucha|248/297|[from] item: Rocky Helmet|[of] p2a: Skarmory","|move|p2a: Skarmory|Toxic|p1a: Hawlucha","|-status|p1a: Hawlucha|tox","|","|-damage|p1a: Hawlucha|230/297 tox|[from] psn","|turn|16","|","|move|p1a: Hawlucha|Swords Dance|p1a: Hawlucha","|-boost|p1a: Hawlucha|atk|2","|move|p2a: Skarmory|Tailwind|p2a: Skarmory","|-sidestart|p2: spacial judgement|move: Tailwind","|","|-damage|p1a: Hawlucha|194/297 tox|[from] psn","|turn|17","|","|move|p1a: Hawlucha|High Jump Kick|p2a: Skarmory","|-crit|p2a: Skarmory","|-damage|p2a: Skarmory|0 fnt","|-damage|p1a: Hawlucha|145/297 tox|[from] item: Rocky Helmet|[of] p2a: Skarmory","|faint|p2a: Skarmory","|","|-damage|p1a: Hawlucha|91/297 tox|[from] psn","|","|switch|p2a: Scizor|Scizor, F|301/343","|-damage|p2a: Scizor|259/343|[from] Stealth Rock","|turn|18","|","|move|p2a: Scizor|Bullet Punch|p1a: Hawlucha","|-damage|p1a: Hawlucha|0 fnt","|faint|p1a: Hawlucha","|","|","|switch|p1a: Keldeo|Keldeo|323/323","|turn|19","|","|switch|p2a: Empoleon|Empoleon, M|345/345","|-damage|p2a: Empoleon|324/345|[from] Stealth Rock","|move|p1a: Keldeo|Secret Sword|p2a: Empoleon","|-supereffective|p2a: Empoleon","|-damage|p2a: Empoleon|0 fnt","|faint|p2a: Empoleon","|","|-sideend|p2: spacial judgement|move: Tailwind","|","|switch|p2a: Metagross|Metagross|302/302","|-damage|p2a: Metagross|284/302|[from] Stealth Rock","|turn|20","|","|switch|p1a: Terrakion|Terrakion|323/323","|move|p2a: Metagross|Zen Headbutt|p1a: Terrakion","|-supereffective|p1a: Terrakion","|-damage|p1a: Terrakion|0 fnt","|faint|p1a: Terrakion","|","|","|switch|p1a: Medicham|Medicham, M|261/261","|turn|21","|","|switch|p2a: Heatran|Heatran, M|385/385","|-damage|p2a: Heatran|337/385|[from] Stealth Rock","|-item|p2a: Heatran|Air Balloon","|detailschange|p1a: Medicham|Medicham-Mega, M","|-mega|p1a: Medicham|Medicham|Medichamite","|move|p1a: Medicham|Fake Out|p2a: Heatran","|-crit|p2a: Heatran","|-resisted|p2a: Heatran","|-damage|p2a: Heatran|280/385","|-enditem|p2a: Heatran|Air Balloon","|","|turn|22","|","|move|p1a: Medicham|High Jump Kick|p2a: Heatran","|-supereffective|p2a: Heatran","|-damage|p2a: Heatran|0 fnt","|faint|p2a: Heatran","|","|","|switch|p2a: Scizor|Scizor, F|259/343","|-damage|p2a: Scizor|217/343|[from] Stealth Rock","|turn|23","|","|move|p1a: Medicham|High Jump Kick|p2a: Scizor","|-damage|p2a: Scizor|0 fnt","|faint|p2a: Scizor","|","|","|switch|p2a: Metagross|Metagross|284/302","|-damage|p2a: Metagross|266/302|[from] Stealth Rock","|turn|24","|","|win|Void~Pixie"],"p1rating":{"entryid":"271156","serverid":"eos","formatid":"monotype","userid":"voidpixie","username":"Void~Pixie","w":33,"l":"18","t":"0","gxe":61.4,"r":"1570.0567762912","rd":"51.881902503038","sigma":"0","rptime":"1440666000","rpr":1587.8326389761,"rprd":48.295400512578,"rpsigma":"0","acre":1258.352697265,"lacre":1258.352697265,"oldacre":"1244.3595597991"},"p2rating":{"entryid":"550390","serverid":"eos","formatid":"monotype","userid":"spacialjudgement","username":"spacial judgement","w":"2","l":1,"t":"0","gxe":56,"r":"1500","rd":"130","sigma":"0","rptime":"1440666000","rpr":1547.6196498107,"rprd":111.02863385706,"rpsigma":"0","acre":1067.8431288801,"lacre":1067.8431288801,"oldacre":"1080.171487761"},"endType":"forfeit"}