{"seed":[8044,2832,43475,57608],"turns":29,"p1":"Seven Swell","p2":"Inferno Sasuke","p1team":[{"name":"Mew","species":"Mew","item":"leftovers","ability":"Synchronize","moves":["roost","toxic","healbell","aurasphere"],"nature":"Calm","evs":{"hp":252,"atk":0,"def":0,"spa":4,"spd":252,"spe":0},"ivs":{"hp":31,"atk":0,"def":31,"spa":31,"spd":31,"spe":31}},{"name":"Slowbro","species":"Slowbro","item":"rockyhelmet","ability":"Regenerator","moves":["scald","yawn","flamethrower","slackoff"],"nature":"Bold","evs":{"hp":252,"atk":0,"def":252,"spa":4,"spd":0,"spe":0},"ivs":{"hp":31,"atk":0,"def":31,"spa":31,"spd":31,"spe":31}},{"name":"Deoxys-Speed","species":"Deoxys-Speed","item":"focussash","ability":"Pressure","moves":["stealthrock","thunderbolt","thunderwave","icebeam"],"nature":"Timid","evs":{"hp":252,"atk":0,"def":0,"spa":44,"spd":0,"spe":212},"ivs":{"hp":31,"atk":0,"def":31,"spa":31,"spd":31,"spe":31}},{"name":"Latias","species":"Latias","item":"leftovers","ability":"Levitate","moves":["dracometeor","psyshock","roost","defog"],"nature":"Timid","evs":{"hp":252,"atk":0,"def":0,"spa":4,"spd":0,"spe":252},"ivs":{"hp":31,"atk":0,"def":31,"spa":31,"spd":31,"spe":31}},{"name":"Hoopa-Unbound","species":"Hoopa-Unbound","item":"focussash","ability":"Magician","moves":["hyperspacefury","drainpunch","firepunch","gunkshot"],"nature":"Adamant","evs":{"hp":0,"atk":252,"def":0,"spa":0,"spd":4,"spe":252},"ivs":{"hp":31,"atk":31,"def":31,"spa":31,"spd":31,"spe":31}},{"name":"Gardevoir","species":"Gardevoir","item":"gardevoirite","ability":"Trace","moves":["hypervoice","psyshock","shadowball","taunt"],"nature":"Timid","evs":{"hp":0,"atk":0,"def":0,"spa":252,"spd":4,"spe":252},"ivs":{"hp":31,"atk":0,"def":31,"spa":31,"spd":31,"spe":31}}],"p2team":[{"name":"Charizard","species":"Charizard","item":"charizarditey","ability":"Blaze","moves":["roost","solarbeam","flamethrower","airslash"],"nature":"Modest","evs":{"hp":248,"atk":0,"def":0,"spa":252,"spd":8,"spe":0},"shiny":true,"ivs":{"hp":31,"atk":31,"def":31,"spa":31,"spd":31,"spe":31}},{"name":"Mandibuzz","species":"Mandibuzz","item":"leftovers","ability":"Overcoat","moves":["taunt","roost","defog","foulplay"],"nature":"Careful","evs":{"hp":196,"atk":0,"def":56,"spa":0,"spd":200,"spe":56},"shiny":true,"ivs":{"hp":31,"atk":31,"def":31,"spa":31,"spd":31,"spe":31}},{"name":"Skarmory","species":"Skarmory","item":"shedshell","ability":"Sturdy","moves":["bravebird","roost","whirlwind","defog"],"nature":"Impish","evs":{"hp":248,"atk":0,"def":236,"spa":0,"spd":0,"spe":24},"shiny":true,"ivs":{"hp":31,"atk":31,"def":31,"spa":31,"spd":31,"spe":31}},{"name":"Gliscor","species":"Gliscor","item":"toxicorb","ability":"Poison Heal","moves":["earthquake","toxic","stealthrock","roost"],"nature":"Careful","evs":{"hp":252,"atk":4,"def":0,"spa":0,"spd":252,"spe":0},"ivs":{"hp":31,"atk":31,"def":31,"spa":31,"spd":31,"spe":31}},{"name":"Tornadus-Therian","species":"Tornadus-Therian","item":"lifeorb","ability":"Regenerator","moves":["knockoff","superpower","heatwave","hurricane"],"nature":"Hasty","evs":{"hp":0,"atk":4,"def":0,"spa":252,"spd":0,"spe":252},"shiny":true,"ivs":{"hp":31,"atk":31,"def":31,"spa":31,"spd":31,"spe":31}},{"name":"Landorus","species":"Landorus","item":"lifeorb","ability":"Sheer Force","moves":["earthpower","sludgewave","psychic","focusblast"],"nature":"Timid","evs":{"hp":0,"atk":0,"def":0,"spa":252,"spd":4,"spe":252},"shiny":true,"ivs":{"hp":31,"atk":31,"def":31,"spa":31,"spd":31,"spe":31}}],"log":["|player|p1|Seven Swell|sevenswell.png","|player|p2|Inferno Sasuke|infernosasuke.png","|gametype|singles","|gen|6","|tier|Monotype","|rated","|rule|Baton Pass Clause: Limit one Baton Passer, can't pass Spe and other stats simultaneously","|rule|Swagger Clause: Swagger is banned","|rule|Same Type Clause: Pokémon in a team must share a type","|clearpoke","|poke|p1|Mew","|poke|p1|Slowbro, F","|poke|p1|Deoxys-Speed","|poke|p1|Latias, F","|poke|p1|Hoopa-Unbound","|poke|p1|Gardevoir, M","|poke|p2|Charizard, F, shiny","|poke|p2|Mandibuzz, F, shiny","|poke|p2|Skarmory, M, shiny","|poke|p2|Gliscor, M","|poke|p2|Tornadus-Therian, M, shiny","|poke|p2|Landorus, M, shiny","|rule|Sleep Clause Mod: Limit one foe put to sleep","|rule|Species Clause: Limit one of each Pokémon","|rule|OHKO Clause: OHKO moves are banned","|rule|Moody Clause: Moody is banned","|rule|Evasion Moves Clause: Evasion moves are banned","|rule|Endless Battle Clause: Forcing endless battles is banned","|rule|HP Percentage Mod: HP is shown in percentages","|teampreview","|","|start","|switch|p1a: Slowbro|Slowbro, F|394/394","|switch|p2a: Tornadus-Therian|Tornadus-Therian, M, shiny|299/299","|turn|1","|","|switch|p1a: Mew|Mew|404/404","|move|p2a: Tornadus-Therian|Knock Off|p1a: Mew","|-supereffective|p1a: Mew","|-damage|p1a: Mew|222/404","|-enditem|p1a: Mew|Leftovers|[from] move: Knock Off|[of] p2a: Tornadus-Therian","|-damage|p2a: Tornadus-Therian|270/299|[from] item: Life Orb","|","|turn|2","|","|move|p2a: Tornadus-Therian|Knock Off|p1a: Mew","|-supereffective|p1a: Mew","|-damage|p1a: Mew|95/404","|-damage|p2a: Tornadus-Therian|241/299|[from] item: Life Orb","|move|p1a: Mew|Roost|p1a: Mew","|-heal|p1a: Mew|297/404","|","|turn|3","|","|move|p2a: Tornadus-Therian|Hurricane|p1a: Mew","|-damage|p1a: Mew|132/404","|-damage|p2a: Tornadus-Therian|212/299|[from] item: Life Orb","|move|p1a: Mew|Toxic|p2a: Tornadus-Therian","|-status|p2a: Tornadus-Therian|tox","|","|-damage|p2a: Tornadus-Therian|194/299 tox|[from] psn","|turn|4","|","|switch|p1a: Latias|Latias, F|364/364","|move|p2a: Tornadus-Therian|Hurricane|p1a: Latias","|-damage|p1a: Latias|187/364","|-start|p1a: Latias|confusion","|-damage|p2a: Tornadus-Therian|165/299 tox|[from] item: Life Orb","|","|-heal|p1a: Latias|209/364|[from] item: Leftovers","|-damage|p2a: Tornadus-Therian|129/299 tox|[from] psn","|turn|5","|","|move|p2a: Tornadus-Therian|Knock Off|p1a: Latias","|-supereffective|p1a: Latias","|-damage|p1a: Latias|0 fnt","|-enditem|p1a: Latias|Leftovers|[from] move: Knock Off|[of] p2a: Tornadus-Therian","|-damage|p2a: Tornadus-Therian|100/299 tox|[from] item: Life Orb","|faint|p1a: Latias","|","|-damage|p2a: Tornadus-Therian|46/299 tox|[from] psn","|","|switch|p1a: Deoxys-Speed|Deoxys-Speed|304/304","|-ability|p1a: Deoxys-Speed|Pressure","|turn|6","|","|move|p1a: Deoxys-Speed|Ice Beam|p2a: Tornadus-Therian","|-supereffective|p2a: Tornadus-Therian","|-damage|p2a: Tornadus-Therian|0 fnt","|faint|p2a: Tornadus-Therian","|","|","|switch|p2a: Skarmory|Skarmory, M, shiny|333/333","|turn|7","|","|switch|p1a: Mew|Mew|132/404","|move|p2a: Skarmory|Brave Bird|p1a: Mew","|-damage|p1a: Mew|14/404","|-damage|p2a: Skarmory|294/333|[from] recoil|[of] p1a: Mew","|","|turn|8","|","|move|p1a: Mew|Roost|p1a: Mew","|-heal|p1a: Mew|216/404","|move|p2a: Skarmory|Brave Bird|p1a: Mew","|-damage|p1a: Mew|98/404","|-damage|p2a: Skarmory|255/333|[from] recoil|[of] p1a: Mew","|","|turn|9","|","|switch|p2a: Mandibuzz|Mandibuzz, F, shiny|410/410","|move|p1a: Mew|Roost|p1a: Mew","|-heal|p1a: Mew|300/404","|","|turn|10","|","|move|p1a: Mew|Roost|p1a: Mew","|-heal|p1a: Mew|404/404","|move|p2a: Mandibuzz|Taunt|p1a: Mew","|-start|p1a: Mew|move: Taunt","|","|turn|11","|","|switch|p1a: Gardevoir|Gardevoir, M|277/277","|-ability|p1a: Gardevoir|Overcoat|[from] ability: Trace|[of] p2a: Mandibuzz","|move|p2a: Mandibuzz|Foul Play|p1a: Gardevoir","|-damage|p1a: Gardevoir|190/277","|","|turn|12","|","|switch|p2a: Skarmory|Skarmory, M, shiny|255/333","|detailschange|p1a: Gardevoir|Gardevoir-Mega, M","|-mega|p1a: Gardevoir|Gardevoir|Gardevoirite","|move|p1a: Gardevoir|Hyper Voice|p2a: Skarmory","|-resisted|p2a: Skarmory","|-damage|p2a: Skarmory|77/333","|","|turn|13","|","|move|p1a: Gardevoir|Hyper Voice|p2a: Skarmory","|-resisted|p2a: Skarmory","|-damage|p2a: Skarmory|0 fnt","|faint|p2a: Skarmory","|","|","|switch|p2a: Gliscor|Gliscor, M|354/354","|turn|14","|","|move|p1a: Gardevoir|Hyper Voice|p2a: Gliscor","|-damage|p2a: Gliscor|143/354","|move|p2a: Gliscor|Earthquake|p1a: Gardevoir","|-damage|p1a: Gardevoir|40/277","|","|-status|p2a: Gliscor|tox|[from] item: Toxic Orb","|turn|15","|","|move|p1a: Gardevoir|Hyper Voice|p2a: Gliscor","|-damage|p2a: Gliscor|0 fnt","|faint|p2a: Gliscor","|","|","|switch|p2a: Landorus|Landorus, M, shiny|319/319","|turn|16","|","|switch|p1a: Hoopa-Unbound|Hoopa-Unbound|301/301","|move|p2a: Landorus|Sludge Wave|p1a: Hoopa-Unbound","|-damage|p1a: Hoopa-Unbound|159/301","|","|turn|17","|","|move|p2a: Landorus|Earth Power|p1a: Hoopa-Unbound","|-damage|p1a: Hoopa-Unbound|0 fnt","|faint|p1a: Hoopa-Unbound","|","|","|switch|p1a: Deoxys-Speed|Deoxys-Speed|304/304","|-ability|p1a: Deoxys-Speed|Pressure","|turn|18","|","|move|p1a: Deoxys-Speed|Ice Beam|p2a: Landorus","|-supereffective|p2a: Landorus","|-damage|p2a: Landorus|0 fnt","|faint|p2a: Landorus","|","|","|switch|p2a: Charizard|Charizard, F, shiny|359/359","|turn|19","|","|detailschange|p2a: Charizard|Charizard-Mega-Y, F, shiny","|-mega|p2a: Charizard|Charizard|Charizardite Y","|-weather|SunnyDay","|move|p1a: Deoxys-Speed|Thunder Wave|p2a: Charizard","|-status|p2a: Charizard|par","|move|p2a: Charizard|Flamethrower|p1a: Deoxys-Speed","|-enditem|p1a: Deoxys-Speed|Focus Sash","|-damage|p1a: Deoxys-Speed|1/304","|","|-weather|SunnyDay|[upkeep]","|turn|20","|","|move|p1a: Deoxys-Speed|Thunderbolt|p2a: Charizard","|-supereffective|p2a: Charizard","|-damage|p2a: Charizard|237/359 par","|move|p2a: Charizard|Air Slash|p1a: Deoxys-Speed","|-damage|p1a: Deoxys-Speed|0 fnt","|faint|p1a: Deoxys-Speed","|","|-weather|SunnyDay|[upkeep]","|","|switch|p1a: Gardevoir|Gardevoir-Mega, M|40/277","|turn|21","|","|move|p1a: Gardevoir|Psyshock|p2a: Charizard","|-damage|p2a: Charizard|9/359 par","|move|p2a: Charizard|Roost|p2a: Charizard","|-heal|p2a: Charizard|189/359 par","|","|-weather|SunnyDay|[upkeep]","|turn|22","|","|move|p1a: Gardevoir|Psyshock|p2a: Charizard","|-damage|p2a: Charizard|0 fnt","|faint|p2a: Charizard","|","|-weather|SunnyDay|[upkeep]","|","|switch|p2a: Mandibuzz|Mandibuzz, F, shiny|410/410","|turn|23","|","|move|p1a: Gardevoir|Hyper Voice|p2a: Mandibuzz","|-supereffective|p2a: Mandibuzz","|-damage|p2a: Mandibuzz|32/410","|move|p2a: Mandibuzz|Foul Play|p1a: Gardevoir","|-damage|p1a: Gardevoir|0 fnt","|faint|p1a: Gardevoir","|","|-weather|none","|-heal|p2a: Mandibuzz|57/410|[from] item: Leftovers","|","|switch|p1a: Mew|Mew|404/404","|turn|24","|","|move|p1a: Mew|Aura Sphere|p2a: Mandibuzz","|-damage|p2a: Mandibuzz|8/410","|move|p2a: Mandibuzz|Roost|p2a: Mandibuzz","|-heal|p2a: Mandibuzz|213/410","|","|-heal|p2a: Mandibuzz|238/410|[from] item: Leftovers","|turn|25","|","|move|p1a: Mew|Toxic|p2a: Mandibuzz","|-status|p2a: Mandibuzz|tox","|move|p2a: Mandibuzz|Roost|p2a: Mandibuzz","|-heal|p2a: Mandibuzz|410/410 tox","|","|-damage|p2a: Mandibuzz|385/410 tox|[from] psn","|turn|26","|","|move|p1a: Mew|Aura Sphere|p2a: Mandibuzz","|-damage|p2a: Mandibuzz|340/410 tox","|move|p2a: Mandibuzz|Foul Play|p1a: Mew","|-supereffective|p1a: Mew","|-damage|p1a: Mew|242/404","|","|-heal|p2a: Mandibuzz|365/410 tox|[from] item: Leftovers","|-damage|p2a: Mandibuzz|315/410 tox|[from] psn","|turn|27","|","|move|p1a: Mew|Aura Sphere|p2a: Mandibuzz","|-damage|p2a: Mandibuzz|267/410 tox","|move|p2a: Mandibuzz|Taunt|p1a: Mew","|-start|p1a: Mew|move: Taunt","|","|-heal|p2a: Mandibuzz|292/410 tox|[from] item: Leftovers","|-damage|p2a: Mandibuzz|217/410 tox|[from] psn","|turn|28","|","|switch|p1a: Slowbro|Slowbro, F|394/394","|move|p2a: Mandibuzz|Foul Play|p1a: Slowbro","|-supereffective|p1a: Slowbro","|-damage|p1a: Slowbro|296/394","|-damage|p2a: Mandibuzz|149/410 tox|[from] item: Rocky Helmet|[of] p1a: Slowbro","|","|-heal|p2a: Mandibuzz|174/410 tox|[from] item: Leftovers","|-damage|p2a: Mandibuzz|74/410 tox|[from] psn","|turn|29","|","|win|Seven Swell"],"p1rating":{"entryid":"86214","serverid":"eos","formatid":"monotype","userid":"sevenswell","username":"Seven Swell","w":57,"l":"23","t":"0","gxe":70.4,"r":"1657.9805982223","rd":"43.1208345499","sigma":"0","rptime":"1440666000","rpr":1664.1513548616,"rprd":41.885113378167,"rpsigma":"0","acre":1258.5870599151,"lacre":1258.5870599151,"oldacre":"1248.9242062918"},"p2rating":{"entryid":"45674","serverid":"eos","formatid":"monotype","userid":"infernosasuke","username":"Inferno Sasuke","w":"27","l":67,"t":"0","gxe":31.5,"r":"1362.5579213548","rd":"39.083021319937","sigma":"0","rptime":"1440666000","rpr":1352.9911781745,"rprd":38.408435635679,"rpsigma":"0","acre":1000,"lacre":1000,"oldacre":"1000.6842981414"},"endType":"forfeit"}