{"seed":[53154,41253,35817,53047],"turns":30,"p1":"unionlazuli","p2":"Twizz","p1team":[{"name":"mexican fag","species":"ludicolo","item":"leftovers","ability":"Swift Swim","moves":["raindance","energyball","surf","icebeam"],"nature":"Mild","evs":{"hp":0,"atk":4,"def":0,"spa":252,"spd":0,"spe":252},"ivs":{"hp":31,"atk":31,"def":31,"spa":31,"spd":31,"spe":31}},{"name":"steroids","species":"swampert","item":"swampertite","ability":"Torrent","moves":["earthquake","waterfall","rockslide","icepunch"],"nature":"Adamant","evs":{"hp":248,"atk":252,"def":0,"spa":0,"spd":8,"spe":0},"ivs":{"hp":31,"atk":31,"def":31,"spa":31,"spd":31,"spe":31}},{"name":"herpy derpy","species":"slowbro","item":"quickclaw","ability":"Regenerator","moves":["scald","calmmind","slackoff","flamethrower"],"nature":"Bold","evs":{"hp":6,"atk":0,"def":252,"spa":4,"spd":248,"spe":0},"ivs":{"hp":31,"atk":31,"def":31,"spa":31,"spd":31,"spe":31}},{"name":"dictator","species":"empoleon","item":"mysticwater","ability":"Torrent","moves":["aquajet","scald","drillpeck","icebeam"],"nature":"Mild","evs":{"hp":248,"atk":0,"def":8,"spa":0,"spd":252,"spe":0},"shiny":true,"ivs":{"hp":31,"atk":31,"def":31,"spa":31,"spd":31,"spe":31}},{"name":"toe fetish","species":"politoed","item":"choicespecs","ability":"Drizzle","moves":["surf","waterfall","icebeam","focusblast"],"nature":"Mild","evs":{"hp":248,"atk":8,"def":0,"spa":252,"spd":0,"spe":0},"ivs":{"hp":31,"atk":31,"def":31,"spa":31,"spd":31,"spe":31}},{"name":"Azumarill","species":"Azumarill","item":"sitrusberry","ability":"Sap Sipper","moves":["bellydrum","playrough","waterfall","aquajet"],"nature":"Adamant","evs":{"hp":248,"atk":0,"def":0,"spa":0,"spd":4,"spe":0},"ivs":{"hp":31,"atk":31,"def":31,"spa":31,"spd":31,"spe":31}}],"p2team":[{"name":"0.F.U","species":"magnezone","item":"leftovers","ability":"Sturdy","moves":["flashcannon","thunderbolt","protect","hiddenpowerice"],"nature":"Modest","evs":{"hp":76,"atk":0,"def":180,"spa":252,"spd":0,"spe":0},"ivs":{"hp":31,"atk":30,"def":30,"spa":31,"spd":31,"spe":31}},{"name":"Nope","species":"zapdos","item":"leftovers","ability":"Pressure","moves":["discharge","heatwave","toxic","roost"],"nature":"Bold","evs":{"hp":4,"atk":0,"def":252,"spa":56,"spd":196,"spe":0},"ivs":{"hp":31,"atk":31,"def":31,"spa":31,"spd":31,"spe":31}},{"name":"Amphabulous","species":"ampharos","item":"ampharosite","ability":"Static","moves":["cottonguard","rest","sleeptalk","dragonpulse"],"nature":"Bold","evs":{"hp":0,"atk":0,"def":252,"spa":136,"spd":120,"spe":0},"ivs":{"hp":31,"atk":31,"def":31,"spa":31,"spd":31,"spe":31}},{"name":"Raikou","species":"Raikou","item":"leftovers","ability":"Pressure","moves":["calmmind","substitute","thunderbolt","extrasensory"],"nature":"Timid","evs":{"hp":0,"atk":0,"def":0,"spa":252,"spd":4,"spe":252},"ivs":{"hp":31,"atk":30,"def":30,"spa":31,"spd":31,"spe":31}},{"name":"Fuck you","species":"rotomwash","item":"choicescarf","ability":"Levitate","moves":["voltswitch","hydropump","willowisp","trick"],"nature":"Timid","evs":{"hp":0,"atk":0,"def":0,"spa":252,"spd":4,"spe":252},"ivs":{"hp":31,"atk":31,"def":31,"spa":31,"spd":31,"spe":31}},{"name":"Thundurus","species":"Thundurus","item":"lifeorb","ability":"Prankster","moves":["thunderwave","thunderbolt","uturn","psychic"],"nature":"Serious","evs":{"hp":4,"atk":96,"def":0,"spa":156,"spd":0,"spe":252},"ivs":{"hp":31,"atk":31,"def":31,"spa":31,"spd":31,"spe":31}}],"log":["|player|p1|unionlazuli|52","|player|p2|Twizz|264","|gametype|singles","|gen|6","|tier|Monotype","|rated","|rule|Baton Pass Clause: Limit one Baton Passer, can't pass Spe and other stats simultaneously","|rule|Swagger Clause: Swagger is banned","|rule|Same Type Clause: Pokémon in a team must share a type","|clearpoke","|poke|p1|Ludicolo, F","|poke|p1|Swampert, F","|poke|p1|Slowbro, M","|poke|p1|Empoleon, M, shiny","|poke|p1|Politoed, F","|poke|p1|Azumarill, F","|poke|p2|Magnezone","|poke|p2|Zapdos","|poke|p2|Ampharos, F","|poke|p2|Raikou","|poke|p2|Rotom-Wash","|poke|p2|Thundurus, M","|rule|Sleep Clause Mod: Limit one foe put to sleep","|rule|Species Clause: Limit one of each Pokémon","|rule|OHKO Clause: OHKO moves are banned","|rule|Moody Clause: Moody is banned","|rule|Evasion Moves Clause: Evasion moves are banned","|rule|Endless Battle Clause: Forcing endless battles is banned","|rule|HP Percentage Mod: HP is shown in percentages","|teampreview","|","|start","|switch|p1a: steroids|Swampert, F|403/403","|switch|p2a: Thundurus|Thundurus, M|300/300","|turn|1","|","|detailschange|p1a: steroids|Swampert-Mega, F","|-mega|p1a: steroids|Swampert|Swampertite","|move|p2a: Thundurus|U-turn|p1a: steroids","|-damage|p1a: steroids|326/403","|-damage|p2a: Thundurus|270/300|[from] item: Life Orb","|","|switch|p2a: Nope|Zapdos|322/322","|-ability|p2a: Nope|Pressure","|move|p1a: steroids|Rock Slide|p2a: Nope","|-supereffective|p2a: Nope","|-damage|p2a: Nope|150/322","|","|-heal|p2a: Nope|170/322|[from] item: Leftovers","|turn|2","|","|switch|p2a: Fuck you|Rotom-Wash|241/241","|move|p1a: steroids|Rock Slide|p2a: Fuck you","|-crit|p2a: Fuck you","|-damage|p2a: Fuck you|95/241","|","|turn|3","|","|move|p2a: Fuck you|Will-O-Wisp|p1a: steroids","|-status|p1a: steroids|brn","|move|p1a: steroids|Rock Slide|p2a: Fuck you","|-damage|p2a: Fuck you|39/241","|","|-damage|p1a: steroids|276/403 brn|[from] brn","|turn|4","|","|switch|p2a: 0.F.U|Magnezone|300/300","|move|p1a: steroids|Waterfall|p2a: 0.F.U","|-damage|p2a: 0.F.U|236/300","|","|-heal|p2a: 0.F.U|254/300|[from] item: Leftovers","|-damage|p1a: steroids|226/403 brn|[from] brn","|turn|5","|","|move|p2a: 0.F.U|Protect|p2a: 0.F.U","|-singleturn|p2a: 0.F.U|Protect","|move|p1a: steroids|Earthquake|p2a: 0.F.U","|-activate|p2a: 0.F.U|Protect","|","|-heal|p2a: 0.F.U|272/300|[from] item: Leftovers","|-damage|p1a: steroids|176/403 brn|[from] brn","|turn|6","|","|switch|p2a: Fuck you|Rotom-Wash|39/241","|move|p1a: steroids|Rock Slide|p2a: Fuck you","|-damage|p2a: Fuck you|0 fnt","|faint|p2a: Fuck you","|","|-damage|p1a: steroids|126/403 brn|[from] brn","|","|switch|p2a: Thundurus|Thundurus, M|270/300","|turn|7","|","|move|p2a: Thundurus|U-turn|p1a: steroids","|-damage|p1a: steroids|48/403 brn","|-damage|p2a: Thundurus|240/300|[from] item: Life Orb","|","|switch|p2a: Raikou|Raikou|321/321","|-ability|p2a: Raikou|Pressure","|move|p1a: steroids|Rock Slide|p2a: Raikou","|-damage|p2a: Raikou|253/321","|","|-heal|p2a: Raikou|273/321|[from] item: Leftovers","|-damage|p1a: steroids|0 fnt|[from] brn","|faint|p1a: steroids","|","|switch|p1a: dictator|Empoleon, M, shiny|371/371","|turn|8","|","|move|p2a: Raikou|Substitute|p2a: Raikou","|-start|p2a: Raikou|Substitute","|-damage|p2a: Raikou|193/321","|move|p1a: dictator|Scald|p2a: Raikou","|-end|p2a: Raikou|Substitute","|","|-heal|p2a: Raikou|213/321|[from] item: Leftovers","|turn|9","|","|move|p2a: Raikou|Calm Mind|p2a: Raikou","|-boost|p2a: Raikou|spa|1","|-boost|p2a: Raikou|spd|1","|move|p1a: dictator|Scald|p2a: Raikou","|-damage|p2a: Raikou|128/321","|","|-heal|p2a: Raikou|148/321|[from] item: Leftovers","|turn|10","|","|move|p2a: Raikou|Calm Mind|p2a: Raikou","|-boost|p2a: Raikou|spa|1","|-boost|p2a: Raikou|spd|1","|move|p1a: dictator|Scald|p2a: Raikou","|-damage|p2a: Raikou|82/321","|-status|p2a: Raikou|brn","|","|-heal|p2a: Raikou|102/321 brn|[from] item: Leftovers","|-damage|p2a: Raikou|62/321 brn|[from] brn","|turn|11","|","|move|p1a: dictator|Aqua Jet|p2a: Raikou","|-damage|p2a: Raikou|0 fnt","|faint|p2a: Raikou","|","|","|switch|p2a: Thundurus|Thundurus, M|240/300","|turn|12","|","|move|p2a: Thundurus|Thunder Wave|p1a: dictator","|-status|p1a: dictator|par","|cant|p1a: dictator|par","|","|turn|13","|","|move|p2a: Thundurus|Thunderbolt|p1a: dictator","|-supereffective|p1a: dictator","|-damage|p1a: dictator|80/371 par","|-damage|p2a: Thundurus|210/300|[from] item: Life Orb","|move|p1a: dictator|Ice Beam|p2a: Thundurus","|-supereffective|p2a: Thundurus","|-damage|p2a: Thundurus|0 fnt","|faint|p2a: Thundurus","|","|","|switch|p2a: 0.F.U|Magnezone|272/300","|turn|14","|","|move|p2a: 0.F.U|Thunderbolt|p1a: dictator","|-supereffective|p1a: dictator","|-damage|p1a: dictator|0 fnt","|faint|p1a: dictator","|","|-heal|p2a: 0.F.U|290/300|[from] item: Leftovers","|","|switch|p1a: herpy derpy|Slowbro, M|332/332","|turn|15","|","|move|p2a: 0.F.U|Thunderbolt|p1a: herpy derpy","|-supereffective|p1a: herpy derpy","|-damage|p1a: herpy derpy|32/332","|move|p1a: herpy derpy|Calm Mind|p1a: herpy derpy","|-boost|p1a: herpy derpy|spa|1","|-boost|p1a: herpy derpy|spd|1","|","|-heal|p2a: 0.F.U|300/300|[from] item: Leftovers","|turn|16","|","|switch|p1a: toe fetish|Politoed, F|383/383","|-weather|RainDance","|move|p2a: 0.F.U|Thunderbolt|p1a: toe fetish","|-supereffective|p1a: toe fetish","|-damage|p1a: toe fetish|27/383","|","|-weather|RainDance|[upkeep]","|turn|17","|","|switch|p2a: Nope|Zapdos|170/322","|-ability|p2a: Nope|Pressure","|move|p1a: toe fetish|Focus Blast|p2a: Nope|[miss]","|-miss|p1a: toe fetish|p2a: Nope","|","|-weather|RainDance|[upkeep]","|-heal|p2a: Nope|190/322|[from] item: Leftovers","|turn|18","|","|switch|p1a: Azumarill|Azumarill, F|403/403","|move|p2a: Nope|Discharge|p1a: Azumarill","|-supereffective|p1a: Azumarill","|-damage|p1a: Azumarill|103/403","|-enditem|p1a: Azumarill|Sitrus Berry|[eat]","|-heal|p1a: Azumarill|203/403|[from] item: Sitrus Berry","|","|-weather|RainDance|[upkeep]","|-heal|p2a: Nope|210/322|[from] item: Leftovers","|turn|19","|","|switch|p1a: mexican fag|Ludicolo, F|301/301","|move|p2a: Nope|Discharge|p1a: mexican fag","|-damage|p1a: mexican fag|184/301","|","|-weather|RainDance|[upkeep]","|-heal|p1a: mexican fag|202/301|[from] item: Leftovers","|-heal|p2a: Nope|230/322|[from] item: Leftovers","|turn|20","|","|switch|p2a: 0.F.U|Magnezone|300/300","|move|p1a: mexican fag|Ice Beam|p2a: 0.F.U","|-resisted|p2a: 0.F.U","|-damage|p2a: 0.F.U|250/300","|","|-weather|none","|-heal|p1a: mexican fag|220/301|[from] item: Leftovers","|-heal|p2a: 0.F.U|268/300|[from] item: Leftovers","|turn|21","|","|switch|p1a: toe fetish|Politoed, F|27/383","|-weather|RainDance","|move|p2a: 0.F.U|Thunderbolt|p1a: toe fetish","|-supereffective|p1a: toe fetish","|-damage|p1a: toe fetish|0 fnt","|faint|p1a: toe fetish","|","|-weather|RainDance|[upkeep]","|-heal|p2a: 0.F.U|286/300|[from] item: Leftovers","|","|switch|p1a: mexican fag|Ludicolo, F|220/301","|turn|22","|","|move|p2a: 0.F.U|Protect|p2a: 0.F.U","|-singleturn|p2a: 0.F.U|Protect","|move|p1a: mexican fag|Surf|p2a: 0.F.U","|-activate|p2a: 0.F.U|Protect","|","|-weather|RainDance|[upkeep]","|-heal|p1a: mexican fag|238/301|[from] item: Leftovers","|-heal|p2a: 0.F.U|300/300|[from] item: Leftovers","|turn|23","|","|switch|p2a: Amphabulous|Ampharos, F|321/321","|move|p1a: mexican fag|Surf|p2a: Amphabulous","|-damage|p2a: Amphabulous|120/321","|","|-weather|RainDance|[upkeep]","|-heal|p1a: mexican fag|256/301|[from] item: Leftovers","|turn|24","|","|detailschange|p2a: Amphabulous|Ampharos-Mega, F","|-mega|p2a: Amphabulous|Ampharos|Ampharosite","|-ability|p2a: Amphabulous|Mold Breaker","|move|p1a: mexican fag|Ice Beam|p2a: Amphabulous","|-supereffective|p2a: Amphabulous","|-damage|p2a: Amphabulous|0 fnt","|faint|p2a: Amphabulous","|","|-weather|RainDance|[upkeep]","|-heal|p1a: mexican fag|274/301|[from] item: Leftovers","|","|switch|p2a: Nope|Zapdos|230/322","|-ability|p2a: Nope|Pressure","|turn|25","|","|switch|p2a: 0.F.U|Magnezone|300/300","|move|p1a: mexican fag|Ice Beam|p2a: 0.F.U","|-resisted|p2a: 0.F.U","|-damage|p2a: 0.F.U|250/300","|","|-weather|none","|-heal|p1a: mexican fag|292/301|[from] item: Leftovers","|-heal|p2a: 0.F.U|268/300|[from] item: Leftovers","|turn|26","|","|move|p1a: mexican fag|Rain Dance|p1a: mexican fag","|-weather|RainDance","|move|p2a: 0.F.U|Thunderbolt|p1a: mexican fag","|-damage|p1a: mexican fag|127/301","|","|-weather|RainDance|[upkeep]","|-heal|p1a: mexican fag|145/301|[from] item: Leftovers","|-heal|p2a: 0.F.U|286/300|[from] item: Leftovers","|turn|27","|","|move|p2a: 0.F.U|Protect|p2a: 0.F.U","|-singleturn|p2a: 0.F.U|Protect","|move|p1a: mexican fag|Surf|p2a: 0.F.U","|-activate|p2a: 0.F.U|Protect","|","|-weather|RainDance|[upkeep]","|-heal|p1a: mexican fag|163/301|[from] item: Leftovers","|-heal|p2a: 0.F.U|300/300|[from] item: Leftovers","|turn|28","|","|move|p1a: mexican fag|Surf|p2a: 0.F.U","|-damage|p2a: 0.F.U|80/300","|move|p2a: 0.F.U|Thunderbolt|p1a: mexican fag","|-damage|p1a: mexican fag|0 fnt","|faint|p1a: mexican fag","|","|-weather|RainDance|[upkeep]","|-heal|p2a: 0.F.U|98/300|[from] item: Leftovers","|","|switch|p1a: herpy derpy|Slowbro, M|142/332","|turn|29","|","|move|p2a: 0.F.U|Thunderbolt|p1a: herpy derpy","|-supereffective|p1a: herpy derpy","|-damage|p1a: herpy derpy|0 fnt","|faint|p1a: herpy derpy","|","|-weather|RainDance|[upkeep]","|-heal|p2a: 0.F.U|116/300|[from] item: Leftovers","|","|switch|p1a: Azumarill|Azumarill, F|203/403","|turn|30","|","|move|p1a: Azumarill|Aqua Jet|p2a: 0.F.U","|-damage|p2a: 0.F.U|77/300","|move|p2a: 0.F.U|Thunderbolt|p1a: Azumarill","|-supereffective|p1a: Azumarill","|-damage|p1a: Azumarill|0 fnt","|faint|p1a: Azumarill","|","|win|Twizz"],"p1rating":{"entryid":"493038","serverid":"eos","formatid":"monotype","userid":"unionlazuli","username":"union lazuli","w":"1","l":4,"t":"0","gxe":39.8,"r":"1466.9108216389","rd":"111.51861011339","sigma":"0","rptime":"1440666000","rpr":1418.9290535327,"rprd":102.13801979133,"rpsigma":"0","acre":1000,"lacre":1000,"oldacre":"1008.2286861851"},"p2rating":{"entryid":"66045","serverid":"eos","formatid":"monotype","userid":"twizz","username":"Twizz","w":21,"l":"16","t":"0","gxe":53,"r":"1507.2067733292","rd":"60.672080174269","sigma":"0","rptime":"1440666000","rpr":1523.045446932,"rprd":56.283425131445,"rpsigma":"0","acre":1121.0021776255,"lacre":1121.0021776255,"oldacre":"1102.6327136683"},"endType":"normal"}