{"seed":[32699,34530,60735,33658],"turns":23,"p1":"Primal Mamoswine","p2":"Inferno Sasuke","p1team":[{"name":"Torkoal","species":"Torkoal","item":"leftovers","ability":"White Smoke","moves":["yawn","stoneedge","earthquake","curse"],"nature":"Brave","evs":{"hp":252,"atk":252,"def":0,"spa":4,"spd":0,"spe":0},"ivs":{"hp":31,"atk":31,"def":31,"spa":31,"spd":31,"spe":0}},{"name":"Heatran","species":"Heatran","item":"airballoon","ability":"Flash Fire","moves":["dragonpulse","earthpower","lavaplume","darkpulse"],"nature":"Quiet","evs":{"hp":248,"atk":0,"def":0,"spa":252,"spd":8,"spe":0},"ivs":{"hp":31,"atk":31,"def":31,"spa":31,"spd":31,"spe":0}},{"name":"Emboar","species":"Emboar","item":"","ability":"Blaze","moves":["hammerarm","earthquake","thunderpunch","bulkup"],"nature":"Brave","evs":{"hp":248,"atk":252,"def":0,"spa":0,"spd":8,"spe":0},"ivs":{"hp":31,"atk":31,"def":31,"spa":31,"spd":31,"spe":0}},{"name":"Chandelure","species":"Chandelure","item":"","ability":"Infiltrator","moves":["trickroom","shadowball","fireblast","energyball"],"nature":"Quiet","evs":{"hp":248,"atk":0,"def":0,"spa":252,"spd":8,"spe":0},"ivs":{"hp":31,"atk":31,"def":31,"spa":31,"spd":31,"spe":0}},{"name":"Victini","species":"Victini","item":"sitrusberry","ability":"Victory Star","moves":["trickroom","boltstrike","vcreate","zenheadbutt"],"nature":"Brave","evs":{"hp":252,"atk":252,"def":0,"spa":0,"spd":4,"spe":0},"ivs":{"hp":31,"atk":31,"def":31,"spa":31,"spd":31,"spe":0}},{"name":"Camerupt","species":"Camerupt","item":"cameruptite","ability":"Solid Rock","moves":["protect","earthpower","fireblast","ancientpower"],"nature":"Quiet","evs":{"hp":248,"atk":0,"def":0,"spa":252,"spd":8,"spe":0},"ivs":{"hp":31,"atk":31,"def":31,"spa":31,"spd":31,"spe":0}}],"p2team":[{"name":"Volcarona","species":"Volcarona","item":"leftovers","ability":"Flame Body","moves":["quiverdance","roost","fierydance","bugbuzz"],"nature":"Bold","evs":{"hp":252,"atk":0,"def":204,"spa":0,"spd":0,"spe":52},"shiny":true,"ivs":{"hp":31,"atk":31,"def":31,"spa":31,"spd":31,"spe":31}},{"name":"Torkoal","species":"Torkoal","item":"leftovers","ability":"White Smoke","moves":["yawn","stealthrock","rapidspin","lavaplume"],"nature":"Bold","evs":{"hp":252,"atk":0,"def":252,"spa":4,"spd":0,"spe":0},"shiny":true,"ivs":{"hp":31,"atk":31,"def":31,"spa":31,"spd":31,"spe":31}},{"name":"Heatran","species":"Heatran","item":"airballoon","ability":"Flash Fire","moves":["earthpower","flashcannon","flamethrower","stoneedge"],"nature":"Mild","evs":{"hp":248,"atk":8,"def":0,"spa":252,"spd":0,"spe":0},"shiny":true,"ivs":{"hp":31,"atk":31,"def":31,"spa":31,"spd":31,"spe":31}},{"name":"Arcanine","species":"Arcanine","item":"lifeorb","ability":"Intimidate","moves":["extremespeed","flareblitz","morningsun","crunch"],"nature":"Jolly","evs":{"hp":0,"atk":252,"def":0,"spa":0,"spd":4,"spe":252},"shiny":true,"ivs":{"hp":31,"atk":31,"def":31,"spa":31,"spd":31,"spe":31}},{"name":"Chandelure","species":"Chandelure","item":"leftovers","ability":"Flash Fire","moves":["calmmind","shadowball","flamethrower","darkpulse"],"nature":"Modest","evs":{"hp":252,"atk":0,"def":0,"spa":252,"spd":4,"spe":0},"shiny":true,"ivs":{"hp":31,"atk":31,"def":31,"spa":31,"spd":31,"spe":31}},{"name":"Charizard","species":"Charizard","item":"charizarditey","ability":"Blaze","moves":["roost","flamethrower","earthquake","airslash"],"nature":"Mild","evs":{"hp":248,"atk":8,"def":0,"spa":252,"spd":0,"spe":0},"shiny":true,"ivs":{"hp":31,"atk":31,"def":31,"spa":31,"spd":31,"spe":31}}],"log":["|player|p1|Primal Mamoswine|170","|player|p2|Inferno Sasuke|infernosasuke.png","|gametype|singles","|gen|6","|tier|Monotype","|rated","|rule|Baton Pass Clause: Limit one Baton Passer, can't pass Spe and other stats simultaneously","|rule|Swagger Clause: Swagger is banned","|rule|Same Type Clause: Pokémon in a team must share a type","|clearpoke","|poke|p1|Torkoal, F","|poke|p1|Heatran, M","|poke|p1|Emboar, M","|poke|p1|Chandelure, F","|poke|p1|Victini","|poke|p1|Camerupt, M","|poke|p2|Volcarona, F, shiny","|poke|p2|Torkoal, M, shiny","|poke|p2|Heatran, F, shiny","|poke|p2|Arcanine, M, shiny","|poke|p2|Chandelure, F, shiny","|poke|p2|Charizard, M, shiny","|rule|Sleep Clause Mod: Limit one foe put to sleep","|rule|Species Clause: Limit one of each Pokémon","|rule|OHKO Clause: OHKO moves are banned","|rule|Moody Clause: Moody is banned","|rule|Evasion Moves Clause: Evasion moves are banned","|rule|Endless Battle Clause: Forcing endless battles is banned","|rule|HP Percentage Mod: HP is shown in percentages","|teampreview","|","|start","|switch|p1a: Chandelure|Chandelure, F|323/323","|switch|p2a: Chandelure|Chandelure, F, shiny|324/324","|turn|1","|","|switch|p2a: Heatran|Heatran, F, shiny|385/385","|-item|p2a: Heatran|Air Balloon","|move|p1a: Chandelure|Trick Room|p1a: Chandelure","|-fieldstart|move: Trick Room|[of] p1a: Chandelure","|","|turn|2","|","|move|p1a: Chandelure|Shadow Ball|p2a: Heatran","|-damage|p2a: Heatran|210/385","|-enditem|p2a: Heatran|Air Balloon","|move|p2a: Heatran|Stone Edge|p1a: Chandelure","|-supereffective|p1a: Chandelure","|-damage|p1a: Chandelure|155/323","|","|turn|3","|","|move|p1a: Chandelure|Shadow Ball|p2a: Heatran","|-damage|p2a: Heatran|53/385","|-unboost|p2a: Heatran|spd|1","|move|p2a: Heatran|Earth Power|p1a: Chandelure","|-supereffective|p1a: Chandelure","|-damage|p1a: Chandelure|0 fnt","|faint|p1a: Chandelure","|","|","|switch|p1a: Emboar|Emboar, M|423/423","|turn|4","|","|move|p1a: Emboar|Hammer Arm|p2a: Heatran","|-supereffective|p2a: Heatran","|-damage|p2a: Heatran|0 fnt","|-unboost|p1a: Emboar|spe|1","|faint|p2a: Heatran","|","|","|switch|p2a: Volcarona|Volcarona, F, shiny|374/374","|turn|5","|","|move|p1a: Emboar|Earthquake|p2a: Volcarona","|-damage|p2a: Volcarona|241/374","|move|p2a: Volcarona|Quiver Dance|p2a: Volcarona","|-boost|p2a: Volcarona|spa|1","|-boost|p2a: Volcarona|spd|1","|-boost|p2a: Volcarona|spe|1","|","|-heal|p2a: Volcarona|264/374|[from] item: Leftovers","|-fieldend|move: Trick Room","|turn|6","|","|move|p2a: Volcarona|Bug Buzz|p1a: Emboar","|-resisted|p1a: Emboar","|-damage|p1a: Emboar|356/423","|-unboost|p1a: Emboar|spd|1","|move|p1a: Emboar|Hammer Arm|p2a: Volcarona","|-crit|p2a: Volcarona","|-resisted|p2a: Volcarona","|-damage|p2a: Volcarona|115/374","|-unboost|p1a: Emboar|spe|1","|","|-heal|p2a: Volcarona|138/374|[from] item: Leftovers","|turn|7","|","|move|p2a: Volcarona|Roost|p2a: Volcarona","|-heal|p2a: Volcarona|325/374","|move|p1a: Emboar|Thunder Punch|p2a: Volcarona","|-damage|p2a: Volcarona|232/374","|","|-heal|p2a: Volcarona|255/374|[from] item: Leftovers","|turn|8","|","|switch|p1a: Camerupt|Camerupt, M|343/343","|move|p2a: Volcarona|Fiery Dance|p1a: Camerupt","|-resisted|p1a: Camerupt","|-damage|p1a: Camerupt|229/343","|-boost|p2a: Volcarona|spa|1","|","|-heal|p2a: Volcarona|278/374|[from] item: Leftovers","|turn|9","|","|detailschange|p1a: Camerupt|Camerupt-Mega, M","|-mega|p1a: Camerupt|Camerupt|Cameruptite","|move|p2a: Volcarona|Fiery Dance|p1a: Camerupt","|-resisted|p1a: Camerupt","|-damage|p1a: Camerupt|106/343","|move|p1a: Camerupt|Ancient Power|p2a: Volcarona","|-supereffective|p2a: Volcarona","|-damage|p2a: Volcarona|0 fnt","|faint|p2a: Volcarona","|","|","|switch|p2a: Arcanine|Arcanine, M, shiny|321/321","|-ability|p2a: Arcanine|Intimidate","|-unboost|p1a: Camerupt|atk|1","|turn|10","|","|switch|p1a: Victini|Victini|404/404","|move|p2a: Arcanine|Extreme Speed|p1a: Victini","|-damage|p1a: Victini|300/404","|-damage|p2a: Arcanine|289/321|[from] item: Life Orb","|","|turn|11","|","|move|p2a: Arcanine|Crunch|p1a: Victini","|-supereffective|p1a: Victini","|-damage|p1a: Victini|84/404","|-damage|p2a: Arcanine|257/321|[from] item: Life Orb","|-enditem|p1a: Victini|Sitrus Berry|[eat]","|-heal|p1a: Victini|185/404|[from] item: Sitrus Berry","|move|p1a: Victini|Trick Room|p1a: Victini","|-fieldstart|move: Trick Room|[of] p1a: Victini","|","|turn|12","|","|switch|p1a: Heatran|Heatran, M|385/385","|-item|p1a: Heatran|Air Balloon","|move|p2a: Arcanine|Crunch|p1a: Heatran","|-damage|p1a: Heatran|272/385","|-enditem|p1a: Heatran|Air Balloon","|-damage|p2a: Arcanine|225/321|[from] item: Life Orb","|","|turn|13","|","|move|p1a: Heatran|Earth Power|p2a: Arcanine","|-supereffective|p2a: Arcanine","|-damage|p2a: Arcanine|0 fnt","|faint|p2a: Arcanine","|","|","|switch|p2a: Charizard|Charizard, M, shiny|359/359","|turn|14","|","|detailschange|p2a: Charizard|Charizard-Mega-Y, M, shiny","|-mega|p2a: Charizard|Charizard|Charizardite Y","|-weather|SunnyDay","|move|p1a: Heatran|Dragon Pulse|p2a: Charizard","|-damage|p2a: Charizard|257/359","|move|p2a: Charizard|Earthquake|p1a: Heatran","|-supereffective|p1a: Heatran","|-damage|p1a: Heatran|0 fnt","|faint|p1a: Heatran","|","|-weather|SunnyDay|[upkeep]","|","|switch|p1a: Camerupt|Camerupt-Mega, M|106/343","|turn|15","|","|move|p1a: Camerupt|Ancient Power|p2a: Charizard","|-supereffective|p2a: Charizard","|-damage|p2a: Charizard|0 fnt","|faint|p2a: Charizard","|","|-weather|SunnyDay|[upkeep]","|-fieldend|move: Trick Room","|","|switch|p2a: Chandelure|Chandelure, F, shiny|324/324","|turn|16","|","|move|p2a: Chandelure|Shadow Ball|p1a: Camerupt","|-damage|p1a: Camerupt|0 fnt","|faint|p1a: Camerupt","|","|-weather|SunnyDay|[upkeep]","|","|switch|p1a: Emboar|Emboar, M|356/423","|turn|17","|","|move|p2a: Chandelure|Shadow Ball|p1a: Emboar","|-damage|p1a: Emboar|112/423","|-unboost|p1a: Emboar|spd|1","|move|p1a: Emboar|Earthquake|p2a: Chandelure","|-supereffective|p2a: Chandelure","|-damage|p2a: Chandelure|62/324","|","|-weather|SunnyDay|[upkeep]","|-heal|p2a: Chandelure|82/324|[from] item: Leftovers","|turn|18","|","|move|p2a: Chandelure|Shadow Ball|p1a: Emboar","|-damage|p1a: Emboar|0 fnt","|faint|p1a: Emboar","|","|-weather|none","|-heal|p2a: Chandelure|102/324|[from] item: Leftovers","|","|switch|p1a: Torkoal|Torkoal, F|344/344","|turn|19","|","|move|p2a: Chandelure|Shadow Ball|p1a: Torkoal","|-damage|p1a: Torkoal|133/344","|move|p1a: Torkoal|Earthquake|p2a: Chandelure","|-supereffective|p2a: Chandelure","|-damage|p2a: Chandelure|0 fnt","|faint|p2a: Chandelure","|","|-heal|p1a: Torkoal|154/344|[from] item: Leftovers","|","|switch|p2a: Torkoal|Torkoal, M, shiny|344/344","|turn|20","|","|move|p2a: Torkoal|Lava Plume|p1a: Torkoal","|-resisted|p1a: Torkoal","|-damage|p1a: Torkoal|97/344","|move|p1a: Torkoal|Yawn|p2a: Torkoal","|-start|p2a: Torkoal|move: Yawn|[of] p1a: Torkoal","|","|-heal|p1a: Torkoal|118/344|[from] item: Leftovers","|turn|21","|","|move|p2a: Torkoal|Lava Plume|p1a: Torkoal","|-resisted|p1a: Torkoal","|-damage|p1a: Torkoal|59/344","|move|p1a: Torkoal|Curse|p1a: Torkoal","|-unboost|p1a: Torkoal|spe|1","|-boost|p1a: Torkoal|atk|1","|-boost|p1a: Torkoal|def|1","|","|-end|p2a: Torkoal|move: Yawn|[silent]","|-status|p2a: Torkoal|slp","|-heal|p1a: Torkoal|80/344|[from] item: Leftovers","|turn|22","|","|cant|p2a: Torkoal|slp","|move|p1a: Torkoal|Curse|p1a: Torkoal","|-unboost|p1a: Torkoal|spe|1","|-boost|p1a: Torkoal|atk|1","|-boost|p1a: Torkoal|def|1","|","|-heal|p1a: Torkoal|101/344|[from] item: Leftovers","|turn|23","|","|-curestatus|p2a: Torkoal|slp","|move|p2a: Torkoal|Lava Plume|p1a: Torkoal","|-resisted|p1a: Torkoal","|-damage|p1a: Torkoal|41/344","|move|p1a: Torkoal|Earthquake|p2a: Torkoal","|-crit|p2a: Torkoal","|-supereffective|p2a: Torkoal","|-damage|p2a: Torkoal|0 fnt","|faint|p2a: Torkoal","|","|win|Primal Mamoswine"],"p1rating":{"entryid":"535354","serverid":"eos","formatid":"monotype","userid":"primalmamoswine","username":"Primal Mamoswine","w":2,"l":"0","t":"0","gxe":57.5,"r":"1500","rd":"130","sigma":"0","rptime":"1440666000","rpr":1559.9725196427,"rprd":116.01266377559,"rpsigma":"0","acre":1086.515223605,"lacre":1086.515223605,"oldacre":"1055.7103406607"},"p2rating":{"entryid":"45674","serverid":"eos","formatid":"monotype","userid":"infernosasuke","username":"Inferno Sasuke","w":"28","l":68,"t":"0","gxe":31.8,"r":"1362.5579213548","rd":"39.083021319937","sigma":"0","rptime":"1440666000","rpr":1355.336014019,"rprd":38.034927915641,"rpsigma":"0","acre":1029.9756835178,"lacre":1029.9756835178,"oldacre":"1046.5009815354"},"endType":"normal"}