{"seed":[30432,14983,48972,40989],"turns":35,"p1":"vOiD ChROnO","p2":"Raiteri","p1team":[{"name":"Flyt","species":"togekiss","item":"choicescarf","ability":"Serene Grace","moves":["trick","defog","airslash","flamethrower"],"nature":"Timid","evs":{"hp":4,"atk":0,"def":0,"spa":252,"spd":0,"spe":252},"ivs":{"hp":31,"atk":31,"def":31,"spa":31,"spd":31,"spe":31}},{"name":"2 Much Screentime","species":"klefki","item":"lightclay","ability":"Prankster","moves":["reflect","lightscreen","foulplay","thunderwave"],"nature":"Bold","evs":{"hp":248,"atk":0,"def":252,"spa":8,"spd":0,"spe":0},"ivs":{"hp":31,"atk":31,"def":31,"spa":31,"spd":31,"spe":31}},{"name":"Pop Rockz","species":"diancie","item":"diancite","ability":"Clear Body","moves":["protect","earthpower","diamondstorm","moonblast"],"nature":"Naive","evs":{"hp":0,"atk":76,"def":0,"spa":180,"spd":0,"spe":252},"ivs":{"hp":31,"atk":31,"def":31,"spa":31,"spd":31,"spe":31}},{"name":"Eon","species":"sylveon","item":"leftovers","ability":"Pixilate","moves":["wish","protect","healbell","hypervoice"],"nature":"Modest","evs":{"hp":252,"atk":0,"def":0,"spa":36,"spd":220,"spe":0},"ivs":{"hp":31,"atk":31,"def":31,"spa":31,"spd":31,"spe":31}},{"name":"Chain Chomp","species":"mawile","item":"focussash","ability":"Intimidate","moves":["stealthrock","taunt","toxic","metalburst"],"nature":"Bold","evs":{"hp":232,"atk":0,"def":252,"spa":0,"spd":0,"spe":24},"ivs":{"hp":31,"atk":31,"def":31,"spa":31,"spd":31,"spe":31}},{"name":"Rattata Confirmed","species":"azumarill","item":"choiceband","ability":"Huge Power","moves":["aquajet","waterfall","superpower","playrough"],"nature":"Adamant","evs":{"hp":248,"atk":252,"def":0,"spa":0,"spd":8,"spe":0},"ivs":{"hp":31,"atk":31,"def":31,"spa":31,"spd":31,"spe":31}}],"p2team":[{"name":"Meowstic","species":"Meowstic","item":"lightclay","ability":"Prankster","moves":["lightscreen","reflect","healbell","thunderwave"],"nature":"Calm","evs":{"hp":248,"atk":0,"def":8,"spa":0,"spd":252,"spe":0},"shiny":true,"ivs":{"hp":31,"atk":31,"def":31,"spa":31,"spd":31,"spe":31}},{"name":"Bronzong","species":"Bronzong","item":"rockyhelmet","ability":"Levitate","moves":["heavyslam","earthquake","stealthrock","confuseray"],"nature":"Impish","evs":{"hp":252,"atk":4,"def":252,"spa":0,"spd":0,"spe":0},"ivs":{"hp":31,"atk":31,"def":31,"spa":31,"spd":31,"spe":31}},{"name":"Swoobat","species":"Swoobat","item":"focussash","ability":"Simple","moves":["calmmind","psyshock","signalbeam","chargebeam"],"nature":"Timid","evs":{"hp":0,"atk":0,"def":0,"spa":252,"spd":4,"spe":252},"gender":"F","ivs":{"hp":31,"atk":31,"def":31,"spa":31,"spd":31,"spe":31}},{"name":"Mr. Mime","species":"Mr. Mime","item":"kingsrock","ability":"Filter","moves":["dazzlinggleam","calmmind","infestation","icywind"],"nature":"Calm","evs":{"hp":120,"atk":0,"def":0,"spa":252,"spd":120,"spe":16},"ivs":{"hp":31,"atk":31,"def":31,"spa":31,"spd":31,"spe":31}},{"name":"Victini","species":"Victini","item":"choicescarf","ability":"Victory Star","moves":["blueflare","shadowball","glaciate","uturn"],"nature":"Timid","evs":{"hp":0,"atk":0,"def":0,"spa":252,"spd":4,"spe":252},"ivs":{"hp":31,"atk":30,"def":30,"spa":31,"spd":31,"spe":31}},{"name":"Starmie","species":"Starmie","item":"focussash","ability":"Natural Cure","moves":["scald","dazzlinggleam","powergem","rapidspin"],"nature":"Timid","evs":{"hp":0,"atk":0,"def":0,"spa":252,"spd":4,"spe":252},"ivs":{"hp":31,"atk":31,"def":31,"spa":31,"spd":31,"spe":31}}],"log":["|player|p1|vOiD ChROnO|voidchrono.png","|player|p2|Raiteri|266","|gametype|singles","|gen|6","|tier|Monotype","|rated","|rule|Baton Pass Clause: Limit one Baton Passer, can't pass Spe and other stats simultaneously","|rule|Swagger Clause: Swagger is banned","|rule|Same Type Clause: Pokémon in a team must share a type","|clearpoke","|poke|p1|Togekiss, F","|poke|p1|Klefki, M","|poke|p1|Diancie","|poke|p1|Sylveon, F","|poke|p1|Mawile, F","|poke|p1|Azumarill, M","|poke|p2|Meowstic, M, shiny","|poke|p2|Bronzong","|poke|p2|Swoobat, F","|poke|p2|Mr. Mime, M","|poke|p2|Victini","|poke|p2|Starmie","|rule|Sleep Clause Mod: Limit one foe put to sleep","|rule|Species Clause: Limit one of each Pokémon","|rule|OHKO Clause: OHKO moves are banned","|rule|Moody Clause: Moody is banned","|rule|Evasion Moves Clause: Evasion moves are banned","|rule|Endless Battle Clause: Forcing endless battles is banned","|rule|HP Percentage Mod: HP is shown in percentages","|teampreview","|","|start","|switch|p1a: 2 Much Screentime|Klefki, M|317/317","|switch|p2a: Meowstic|Meowstic, M, shiny|351/351","|turn|1","|","|move|p2a: Meowstic|Thunder Wave|p1a: 2 Much Screentime","|-status|p1a: 2 Much Screentime|par","|move|p1a: 2 Much Screentime|Light Screen|p1a: 2 Much Screentime","|-sidestart|p1: vOiD ChROnO|move: Light Screen","|","|turn|2","|","|move|p2a: Meowstic|Reflect|p2a: Meowstic","|-sidestart|p2: Raiteri|Reflect","|move|p1a: 2 Much Screentime|Reflect|p1a: 2 Much Screentime","|-sidestart|p1: vOiD ChROnO|Reflect","|","|turn|3","|","|switch|p1a: Pop Rockz|Diancie|241/241","|move|p2a: Meowstic|Light Screen|p2a: Meowstic","|-sidestart|p2: Raiteri|move: Light Screen","|","|turn|4","|","|switch|p2a: Bronzong|Bronzong|338/338","|detailschange|p1a: Pop Rockz|Diancie-Mega","|-mega|p1a: Pop Rockz|Diancie|Diancite","|move|p1a: Pop Rockz|Moonblast|p2a: Bronzong","|-resisted|p2a: Bronzong","|-damage|p2a: Bronzong|294/338","|","|turn|5","|","|switch|p1a: Flyt|Togekiss, F|312/312","|move|p2a: Bronzong|Heavy Slam|p1a: Flyt","|-supereffective|p1a: Flyt","|-damage|p1a: Flyt|194/312","|","|turn|6","|","|move|p1a: Flyt|Defog|p2a: Bronzong","|-unboost|p2a: Bronzong|evasion|1","|-sideend|p2: Raiteri|Reflect","|-sideend|p2: Raiteri|move: Light Screen","|move|p2a: Bronzong|Heavy Slam|p1a: Flyt","|-supereffective|p1a: Flyt","|-damage|p1a: Flyt|83/312","|","|turn|7","|","|switch|p1a: Rattata Confirmed|Azumarill, M|403/403","|move|p2a: Bronzong|Heavy Slam|p1a: Rattata Confirmed","|-damage|p1a: Rattata Confirmed|322/403","|","|turn|8","|","|move|p1a: Rattata Confirmed|Waterfall|p2a: Bronzong","|-crit|p2a: Bronzong","|-damage|p2a: Bronzong|45/338","|-damage|p1a: Rattata Confirmed|255/403|[from] item: Rocky Helmet|[of] p2a: Bronzong","|cant|p2a: Bronzong|flinch","|","|-sideend|p1: vOiD ChROnO|move: Light Screen","|turn|9","|","|switch|p2a: Starmie|Starmie|261/261","|move|p1a: Rattata Confirmed|Waterfall|p2a: Starmie","|-crit|p2a: Starmie","|-resisted|p2a: Starmie","|-damage|p2a: Starmie|45/261","|","|-sideend|p1: vOiD ChROnO|Reflect","|turn|10","|","|move|p2a: Starmie|Power Gem|p1a: Rattata Confirmed","|-damage|p1a: Rattata Confirmed|161/403","|move|p1a: Rattata Confirmed|Waterfall|p2a: Starmie","|-resisted|p2a: Starmie","|-damage|p2a: Starmie|0 fnt","|faint|p2a: Starmie","|","|","|switch|p2a: Meowstic|Meowstic, M, shiny|351/351","|turn|11","|","|move|p2a: Meowstic|Thunder Wave|p1a: Rattata Confirmed","|-status|p1a: Rattata Confirmed|par","|cant|p1a: Rattata Confirmed|par","|","|turn|12","|","|move|p2a: Meowstic|Reflect|p2a: Meowstic","|-sidestart|p2: Raiteri|Reflect","|cant|p1a: Rattata Confirmed|par","|","|turn|13","|","|move|p2a: Meowstic|Light Screen|p2a: Meowstic","|-sidestart|p2: Raiteri|move: Light Screen","|move|p1a: Rattata Confirmed|Waterfall|p2a: Meowstic","|-damage|p2a: Meowstic|191/351","|","|turn|14","|","|switch|p2a: Mr. Mime|Mr. Mime, M|251/251","|switch|p1a: Flyt|Togekiss, F|83/312","|","|turn|15","|","|move|p1a: Flyt|Trick|p2a: Mr. Mime","|-activate|p1a: Flyt|move: Trick|[of] p2a: Mr. Mime","|-item|p2a: Mr. Mime|Choice Scarf|[from] move: Trick","|-item|p1a: Flyt|King's Rock|[from] move: Trick","|move|p2a: Mr. Mime|Calm Mind|p2a: Mr. Mime","|-boost|p2a: Mr. Mime|spa|1","|-boost|p2a: Mr. Mime|spd|1","|","|turn|16","|","|switch|p2a: Meowstic|Meowstic, M, shiny|191/351","|move|p1a: Flyt|Defog|p2a: Meowstic","|-unboost|p2a: Meowstic|evasion|1","|-sideend|p2: Raiteri|Reflect","|-sideend|p2: Raiteri|move: Light Screen","|","|turn|17","|","|switch|p1a: Pop Rockz|Diancie-Mega|241/241","|move|p2a: Meowstic|Thunder Wave|p1a: Pop Rockz","|move|p1a: Pop Rockz|Thunder Wave|p2a: Meowstic|[from]Magic Bounce","|-status|p2a: Meowstic|par","|","|turn|18","|","|move|p2a: Meowstic|Light Screen|p2a: Meowstic","|-sidestart|p2: Raiteri|move: Light Screen","|move|p1a: Pop Rockz|Diamond Storm|p2a: Meowstic","|-damage|p2a: Meowstic|0 fnt","|faint|p2a: Meowstic","|","|","|switch|p2a: Bronzong|Bronzong|45/338","|turn|19","|","|move|p1a: Pop Rockz|Diamond Storm|p2a: Bronzong","|-miss|p1a: Pop Rockz|p2a: Bronzong","|move|p2a: Bronzong|Heavy Slam|p1a: Pop Rockz","|-supereffective|p1a: Pop Rockz","|-damage|p1a: Pop Rockz|0 fnt","|faint|p1a: Pop Rockz","|","|","|switch|p1a: Eon|Sylveon, F|394/394","|turn|20","|","|move|p1a: Eon|Hyper Voice|p2a: Bronzong","|-resisted|p2a: Bronzong","|-damage|p2a: Bronzong|11/338","|move|p2a: Bronzong|Confuse Ray|p1a: Eon","|-start|p1a: Eon|confusion","|","|turn|21","|","|-activate|p1a: Eon|confusion","|move|p1a: Eon|Hyper Voice|p2a: Bronzong","|-resisted|p2a: Bronzong","|-damage|p2a: Bronzong|0 fnt","|faint|p2a: Bronzong","|","|","|switch|p2a: Swoobat|Swoobat, F|275/275","|turn|22","|","|-activate|p1a: Eon|confusion","|move|p1a: Eon|Protect|p1a: Eon","|-singleturn|p1a: Eon|Protect","|move|p2a: Swoobat|Calm Mind|p2a: Swoobat","|-boost|p2a: Swoobat|spa|2","|-boost|p2a: Swoobat|spd|2","|","|turn|23","|","|move|p2a: Swoobat|Charge Beam|p1a: Eon","|-damage|p1a: Eon|337/394","|-boost|p2a: Swoobat|spa|2","|-end|p1a: Eon|confusion","|move|p1a: Eon|Wish|p1a: Eon","|","|-heal|p1a: Eon|361/394|[from] item: Leftovers","|turn|24","|","|switch|p1a: Rattata Confirmed|Azumarill, M|161/403 par","|move|p2a: Swoobat|Psyshock|p1a: Rattata Confirmed","|-damage|p1a: Rattata Confirmed|0 fnt","|faint|p1a: Rattata Confirmed","|","|","|switch|p1a: Chain Chomp|Mawile, F|299/299","|-ability|p1a: Chain Chomp|Intimidate","|-unboost|p2a: Swoobat|atk|2","|turn|25","|","|move|p2a: Swoobat|Psyshock|p1a: Chain Chomp","|-resisted|p1a: Chain Chomp","|-damage|p1a: Chain Chomp|174/299","|move|p1a: Chain Chomp|Metal Burst|p2a: Swoobat","|-damage|p2a: Swoobat|88/275","|","|-sideend|p2: Raiteri|move: Light Screen","|turn|26","|","|move|p2a: Swoobat|Signal Beam|p1a: Chain Chomp","|-resisted|p1a: Chain Chomp","|-damage|p1a: Chain Chomp|94/299","|move|p1a: Chain Chomp|Toxic|p2a: Swoobat","|-status|p2a: Swoobat|tox","|","|-damage|p2a: Swoobat|71/275 tox|[from] psn","|turn|27","|","|move|p2a: Swoobat|Psyshock|p1a: Chain Chomp","|-resisted|p1a: Chain Chomp","|-damage|p1a: Chain Chomp|0 fnt","|faint|p1a: Chain Chomp","|","|-damage|p2a: Swoobat|37/275 tox|[from] psn","|","|switch|p1a: Eon|Sylveon, F|361/394","|turn|28","|","|move|p2a: Swoobat|Psyshock|p1a: Eon","|-damage|p1a: Eon|0 fnt","|faint|p1a: Eon","|","|-damage|p2a: Swoobat|0 fnt|[from] psn","|faint|p2a: Swoobat","|","|switch|p2a: Mr. Mime|Mr. Mime, M|251/251","|switch|p1a: 2 Much Screentime|Klefki, M|317/317 par","|turn|29","|","|move|p2a: Mr. Mime|Infestation|p1a: 2 Much Screentime","|-resisted|p1a: 2 Much Screentime","|-damage|p1a: 2 Much Screentime|312/317 par","|-activate|p1a: 2 Much Screentime|move: Infestation|[of] p2a: Mr. Mime","|move|p1a: 2 Much Screentime|Foul Play|p2a: Mr. Mime","|-damage|p2a: Mr. Mime|199/251","|","|-damage|p1a: 2 Much Screentime|273/317 par|[from] move: Infestation|[partiallytrapped]","|turn|30","|","|switch|p2a: Victini|Victini|341/341","|cant|p1a: 2 Much Screentime|par","|","|turn|31","|","|move|p1a: 2 Much Screentime|Thunder Wave|p2a: Victini","|-status|p2a: Victini|par","|move|p2a: Victini|Blue Flare|p1a: 2 Much Screentime","|-supereffective|p1a: 2 Much Screentime","|-damage|p1a: 2 Much Screentime|0 fnt","|faint|p1a: 2 Much Screentime","|","|","|switch|p1a: Flyt|Togekiss, F|83/312","|turn|32","|","|move|p1a: Flyt|Air Slash|p2a: Victini","|-damage|p2a: Victini|224/341 par","|cant|p2a: Victini|flinch","|","|turn|33","|","|move|p1a: Flyt|Air Slash|p2a: Victini","|-damage|p2a: Victini|86/341 par","|cant|p2a: Victini|flinch","|","|turn|34","|","|move|p1a: Flyt|Air Slash|p2a: Victini","|-damage|p2a: Victini|0 fnt","|faint|p2a: Victini","|","|","|switch|p2a: Mr. Mime|Mr. Mime, M|199/251","|turn|35","|","|move|p2a: Mr. Mime|Icy Wind|p1a: Flyt","|-supereffective|p1a: Flyt","|-damage|p1a: Flyt|0 fnt","|faint|p1a: Flyt","|","|win|Raiteri"],"p1rating":{"entryid":"75443","serverid":"eos","formatid":"monotype","userid":"voidchrono","username":"Void Chrono","w":"9","l":5,"t":"0","gxe":60.7,"r":"1593.1920490052","rd":"83.975853529649","sigma":"0","rptime":"1440666000","rpr":1584.0668024379,"rprd":80.095209746933,"rpsigma":"0","acre":1149.2700023351,"lacre":1149.2700023351,"oldacre":"1184.3700251241"},"p2rating":{"entryid":"386564","serverid":"eos","formatid":"monotype","userid":"raiteri","username":"Raiteri","w":2,"l":"1","t":"0","gxe":54.7,"r":"1493.2813090817","rd":"117.00907100866","sigma":"0","rptime":"1440666000","rpr":1537.3503645514,"rprd":111.65897558096,"rpsigma":"0","acre":1084.200551682,"lacre":1084.200551682,"oldacre":"1035.521307419"},"endType":"normal"}