{"seed":[61378,59781,41278,35738],"turns":22,"p1":"Rain ☆ S.Herbs","p2":"vOiD ChROnO","p1team":[{"name":"Landorus","species":"Landorus","item":"assaultvest","ability":"Sheer Force","moves":["earthpower","stoneedge","sludgewave","grassknot"],"nature":"Naive","evs":{"hp":0,"atk":4,"def":0,"spa":252,"spd":0,"spe":252},"ivs":{"hp":31,"atk":31,"def":31,"spa":31,"spd":31,"spe":31}},{"name":"Hippowdon","species":"Hippowdon","item":"leftovers","ability":"Sand Stream","moves":["earthquake","crunch","stealthrock","toxic"],"nature":"Impish","evs":{"hp":248,"atk":8,"def":252,"spa":0,"spd":0,"spe":0},"ivs":{"hp":31,"atk":31,"def":31,"spa":31,"spd":31,"spe":31}},{"name":"Mamoswine","species":"Mamoswine","item":"lifeorb","ability":"Thick Fat","moves":["iceshard","iciclecrash","earthquake","rockslide"],"nature":"Jolly","evs":{"hp":0,"atk":252,"def":0,"spa":0,"spd":4,"spe":252},"ivs":{"hp":31,"atk":31,"def":31,"spa":31,"spd":31,"spe":31}},{"name":"Garchomp","species":"Garchomp","item":"garchompite","ability":"Rough Skin","moves":["flamethrower","earthquake","dracometeor","ironhead"],"nature":"Rash","evs":{"hp":0,"atk":252,"def":0,"spa":4,"spd":0,"spe":252},"ivs":{"hp":31,"atk":31,"def":31,"spa":31,"spd":31,"spe":31}},{"name":"Gastrodon","species":"Gastrodon","item":"leftovers","ability":"Storm Drain","moves":["icebeam","earthpower","toxic","recover"],"nature":"Bold","evs":{"hp":252,"atk":0,"def":0,"spa":4,"spd":252,"spe":0},"ivs":{"hp":31,"atk":31,"def":31,"spa":31,"spd":31,"spe":31}},{"name":"Excadrill","species":"Excadrill","item":"airballoon","ability":"Sand Rush","moves":["ironhead","earthquake","swordsdance","rockslide"],"nature":"Adamant","evs":{"hp":0,"atk":252,"def":0,"spa":0,"spd":4,"spe":252},"shiny":true,"ivs":{"hp":31,"atk":31,"def":31,"spa":31,"spd":31,"spe":31}}],"p2team":[{"name":"Chesnaught","species":"Chesnaught","item":"leftovers","ability":"Bulletproof","moves":["substitute","roar","spikyshield","drainpunch"],"nature":"Impish","evs":{"hp":248,"atk":0,"def":252,"spa":0,"spd":8,"spe":0},"ivs":{"hp":31,"atk":31,"def":31,"spa":31,"spd":31,"spe":31}},{"name":"Breloom","species":"Breloom","item":"focussash","ability":"Technician","moves":["machpunch","bulletseed","rocktomb","spore"],"nature":"Adamant","evs":{"hp":0,"atk":252,"def":0,"spa":0,"spd":4,"spe":252},"ivs":{"hp":31,"atk":31,"def":31,"spa":31,"spd":31,"spe":31}},{"name":"Ferrothorn","species":"Ferrothorn","item":"rockyhelmet","ability":"Iron Barbs","moves":["gyroball","stealthrock","spikes","leechseed"],"nature":"Relaxed","evs":{"hp":248,"atk":0,"def":252,"spa":0,"spd":8,"spe":0},"ivs":{"hp":31,"atk":31,"def":31,"spa":31,"spd":31,"spe":0}},{"name":"Venusaur","species":"Venusaur","item":"venusaurite","ability":"Chlorophyll","moves":["sludgebomb","gigadrain","roar","synthesis"],"nature":"Calm","evs":{"hp":252,"atk":0,"def":64,"spa":72,"spd":120,"spe":0},"ivs":{"hp":31,"atk":0,"def":31,"spa":30,"spd":31,"spe":30}},{"name":"Cradily","species":"Cradily","item":"leftovers","ability":"Storm Drain","moves":["earthquake","rockslide","recover","curse"],"nature":"Careful","evs":{"hp":248,"atk":0,"def":8,"spa":0,"spd":252,"spe":0},"ivs":{"hp":31,"atk":31,"def":31,"spa":31,"spd":31,"spe":31}},{"name":"Rotom-Mow","species":"Rotom-Mow","item":"choicescarf","ability":"Levitate","moves":["trick","willowisp","voltswitch","leafstorm"],"nature":"Timid","evs":{"hp":0,"atk":0,"def":0,"spa":252,"spd":4,"spe":252},"ivs":{"hp":31,"atk":0,"def":31,"spa":31,"spd":31,"spe":31}}],"log":["|player|p1|Rain ☆ S.Herbs|154","|player|p2|vOiD ChROnO|voidchrono.png","|gametype|singles","|gen|6","|tier|Monotype","|rated","|rule|Baton Pass Clause: Limit one Baton Passer, can't pass Spe and other stats simultaneously","|rule|Swagger Clause: Swagger is banned","|rule|Same Type Clause: Pokémon in a team must share a type","|clearpoke","|poke|p1|Landorus, M","|poke|p1|Hippowdon, F","|poke|p1|Mamoswine, F","|poke|p1|Garchomp, M","|poke|p1|Gastrodon, F","|poke|p1|Excadrill, M, shiny","|poke|p2|Chesnaught, M","|poke|p2|Breloom, M","|poke|p2|Ferrothorn, M","|poke|p2|Venusaur, F","|poke|p2|Cradily, M","|poke|p2|Rotom-Mow","|rule|Sleep Clause Mod: Limit one foe put to sleep","|rule|Species Clause: Limit one of each Pokémon","|rule|OHKO Clause: OHKO moves are banned","|rule|Moody Clause: Moody is banned","|rule|Evasion Moves Clause: Evasion moves are banned","|rule|Endless Battle Clause: Forcing endless battles is banned","|rule|HP Percentage Mod: HP is shown in percentages","|teampreview","|","|start","|switch|p1a: Garchomp|Garchomp, M|357/357","|switch|p2a: Ferrothorn|Ferrothorn, M|351/351","|turn|1","|","|detailschange|p1a: Garchomp|Garchomp-Mega, M","|-mega|p1a: Garchomp|Garchomp|Garchompite","|move|p1a: Garchomp|Flamethrower|p2a: Ferrothorn","|-supereffective|p2a: Ferrothorn","|-damage|p2a: Ferrothorn|51/351","|move|p2a: Ferrothorn|Spikes|p1a: Garchomp","|-sidestart|p1: Rain ☆ S.Herbs|Spikes","|","|turn|2","|","|move|p1a: Garchomp|Earthquake|p2a: Ferrothorn","|-damage|p2a: Ferrothorn|0 fnt","|faint|p2a: Ferrothorn","|","|","|switch|p2a: Rotom-Mow|Rotom-Mow|241/241","|turn|3","|","|move|p2a: Rotom-Mow|Will-O-Wisp|p1a: Garchomp","|-status|p1a: Garchomp|brn","|move|p1a: Garchomp|Flamethrower|p2a: Rotom-Mow","|-supereffective|p2a: Rotom-Mow","|-damage|p2a: Rotom-Mow|65/241","|","|-damage|p1a: Garchomp|313/357 brn|[from] brn","|turn|4","|","|switch|p2a: Cradily|Cradily, M|375/375","|move|p1a: Garchomp|Flamethrower|p2a: Cradily","|-damage|p2a: Cradily|310/375","|","|-heal|p2a: Cradily|333/375|[from] item: Leftovers","|-damage|p1a: Garchomp|269/357 brn|[from] brn","|turn|5","|","|move|p1a: Garchomp|Iron Head|p2a: Cradily","|-supereffective|p2a: Cradily","|-damage|p2a: Cradily|215/375","|move|p2a: Cradily|Earthquake|p1a: Garchomp","|-damage|p1a: Garchomp|211/357 brn","|","|-heal|p2a: Cradily|238/375|[from] item: Leftovers","|-damage|p1a: Garchomp|167/357 brn|[from] brn","|turn|6","|","|move|p1a: Garchomp|Draco Meteor|p2a: Cradily","|-crit|p2a: Cradily","|-damage|p2a: Cradily|25/375","|-unboost|p1a: Garchomp|spa|2","|move|p2a: Cradily|Recover|p2a: Cradily","|-heal|p2a: Cradily|213/375","|","|-heal|p2a: Cradily|236/375|[from] item: Leftovers","|-damage|p1a: Garchomp|123/357 brn|[from] brn","|turn|7","|","|switch|p1a: Hippowdon|Hippowdon, F|419/419","|-damage|p1a: Hippowdon|367/419|[from] Spikes","|-weather|Sandstorm","|move|p2a: Cradily|Recover|p2a: Cradily","|-heal|p2a: Cradily|375/375","|","|-weather|Sandstorm|[upkeep]","|-heal|p1a: Hippowdon|393/419|[from] item: Leftovers","|turn|8","|","|switch|p2a: Rotom-Mow|Rotom-Mow|65/241","|move|p1a: Hippowdon|Toxic|p2a: Rotom-Mow","|-status|p2a: Rotom-Mow|tox","|","|-weather|Sandstorm|[upkeep]","|-damage|p2a: Rotom-Mow|50/241 tox|[from] sandstorm","|-heal|p1a: Hippowdon|419/419|[from] item: Leftovers","|-damage|p2a: Rotom-Mow|35/241 tox|[from] psn","|turn|9","|","|switch|p1a: Landorus|Landorus, M|319/319","|move|p2a: Rotom-Mow|Leaf Storm|p1a: Landorus","|-damage|p1a: Landorus|132/319","|-unboost|p2a: Rotom-Mow|spa|2","|","|-weather|Sandstorm|[upkeep]","|-damage|p2a: Rotom-Mow|20/241 tox|[from] sandstorm","|-damage|p2a: Rotom-Mow|0 fnt|[from] psn","|faint|p2a: Rotom-Mow","|","|switch|p2a: Venusaur|Venusaur, F|364/364","|turn|10","|","|detailschange|p2a: Venusaur|Venusaur-Mega, F","|-mega|p2a: Venusaur|Venusaur|Venusaurite","|move|p1a: Landorus|Earth Power|p2a: Venusaur","|-damage|p2a: Venusaur|217/364","|move|p2a: Venusaur|Giga Drain|p1a: Landorus","|-damage|p1a: Landorus|30/319","|-heal|p2a: Venusaur|268/364|[from] drain|[of] p1a: Landorus","|","|-weather|Sandstorm|[upkeep]","|-damage|p2a: Venusaur|246/364|[from] sandstorm","|turn|11","|","|move|p1a: Landorus|Earth Power|p2a: Venusaur","|-damage|p2a: Venusaur|122/364","|move|p2a: Venusaur|Giga Drain|p1a: Landorus","|-damage|p1a: Landorus|0 fnt","|-heal|p2a: Venusaur|137/364|[from] drain|[of] p1a: Landorus","|faint|p1a: Landorus","|","|-weather|none","|","|switch|p1a: Hippowdon|Hippowdon, F|419/419","|-damage|p1a: Hippowdon|367/419|[from] Spikes","|-weather|Sandstorm","|turn|12","|","|switch|p1a: Excadrill|Excadrill, M, shiny|361/361","|-item|p1a: Excadrill|Air Balloon","|move|p2a: Venusaur|Giga Drain|p1a: Excadrill","|-crit|p1a: Excadrill","|-damage|p1a: Excadrill|118/361","|-heal|p2a: Venusaur|259/364|[from] drain|[of] p1a: Excadrill","|-enditem|p1a: Excadrill|Air Balloon","|","|-weather|Sandstorm|[upkeep]","|-damage|p2a: Venusaur|237/364|[from] sandstorm","|turn|13","|","|move|p1a: Excadrill|Earthquake|p2a: Venusaur","|-damage|p2a: Venusaur|77/364","|move|p2a: Venusaur|Giga Drain|p1a: Excadrill","|-damage|p1a: Excadrill|0 fnt","|-heal|p2a: Venusaur|136/364|[from] drain|[of] p1a: Excadrill","|faint|p1a: Excadrill","|","|-weather|Sandstorm|[upkeep]","|-damage|p2a: Venusaur|114/364|[from] sandstorm","|","|switch|p1a: Garchomp|Garchomp-Mega, M|123/357 brn","|-damage|p1a: Garchomp|79/357 brn|[from] Spikes","|turn|14","|","|move|p1a: Garchomp|Draco Meteor|p2a: Venusaur|[miss]","|-miss|p1a: Garchomp|p2a: Venusaur","|move|p2a: Venusaur|Giga Drain|p1a: Garchomp","|-damage|p1a: Garchomp|0 fnt","|-heal|p2a: Venusaur|154/364|[from] drain|[of] p1a: Garchomp","|faint|p1a: Garchomp","|","|-weather|Sandstorm|[upkeep]","|-damage|p2a: Venusaur|132/364|[from] sandstorm","|","|switch|p1a: Mamoswine|Mamoswine, F|361/361","|-damage|p1a: Mamoswine|316/361|[from] Spikes","|turn|15","|","|move|p1a: Mamoswine|Icicle Crash|p2a: Venusaur","|-supereffective|p2a: Venusaur","|-damage|p2a: Venusaur|0 fnt","|-damage|p1a: Mamoswine|280/361|[from] item: Life Orb","|faint|p2a: Venusaur","|","|-weather|Sandstorm|[upkeep]","|","|switch|p2a: Cradily|Cradily, M|375/375","|turn|16","|","|switch|p1a: Hippowdon|Hippowdon, F|367/419","|-damage|p1a: Hippowdon|315/419|[from] Spikes","|move|p2a: Cradily|Rock Slide|p1a: Hippowdon","|-resisted|p1a: Hippowdon","|-damage|p1a: Hippowdon|292/419","|","|-weather|none","|-heal|p1a: Hippowdon|318/419|[from] item: Leftovers","|turn|17","|","|switch|p2a: Breloom|Breloom, M|261/261","|move|p1a: Hippowdon|Toxic|p2a: Breloom","|-status|p2a: Breloom|tox","|","|-heal|p1a: Hippowdon|344/419|[from] item: Leftovers","|-damage|p2a: Breloom|245/261 tox|[from] psn","|turn|18","|","|move|p2a: Breloom|Spore|p1a: Hippowdon","|-status|p1a: Hippowdon|slp","|cant|p1a: Hippowdon|slp","|","|-heal|p1a: Hippowdon|370/419 slp|[from] item: Leftovers","|-damage|p2a: Breloom|213/261 tox|[from] psn","|turn|19","|","|switch|p1a: Gastrodon|Gastrodon, F|426/426","|-damage|p1a: Gastrodon|373/426|[from] Spikes","|move|p2a: Breloom|Bullet Seed|p1a: Gastrodon","|-supereffective|p1a: Gastrodon","|-damage|p1a: Gastrodon|21/426","|-supereffective|p1a: Gastrodon","|-damage|p1a: Gastrodon|0 fnt","|-hitcount|p1a: Gastrodon|2","|faint|p1a: Gastrodon","|","|-damage|p2a: Breloom|165/261 tox|[from] psn","|","|switch|p1a: Hippowdon|Hippowdon, F|370/419 slp","|-damage|p1a: Hippowdon|318/419 slp|[from] Spikes","|-weather|Sandstorm","|turn|20","|","|move|p2a: Breloom|Bullet Seed|p1a: Hippowdon","|-crit|p1a: Hippowdon","|-supereffective|p1a: Hippowdon","|-damage|p1a: Hippowdon|184/419 slp","|-supereffective|p1a: Hippowdon","|-damage|p1a: Hippowdon|94/419 slp","|-supereffective|p1a: Hippowdon","|-damage|p1a: Hippowdon|4/419 slp","|-hitcount|p1a: Hippowdon|3","|-curestatus|p1a: Hippowdon|slp","|move|p1a: Hippowdon|Earthquake|p2a: Breloom","|-resisted|p2a: Breloom","|-damage|p2a: Breloom|80/261 tox","|","|-weather|Sandstorm|[upkeep]","|-damage|p2a: Breloom|64/261 tox|[from] sandstorm","|-heal|p1a: Hippowdon|30/419|[from] item: Leftovers","|-damage|p2a: Breloom|0 fnt|[from] psn","|faint|p2a: Breloom","|","|switch|p2a: Chesnaught|Chesnaught, M|379/379","|turn|21","|","|move|p2a: Chesnaught|Drain Punch|p1a: Hippowdon","|-damage|p1a: Hippowdon|0 fnt","|faint|p1a: Hippowdon","|","|-weather|Sandstorm|[upkeep]","|-damage|p2a: Chesnaught|356/379|[from] sandstorm","|-heal|p2a: Chesnaught|379/379|[from] item: Leftovers","|","|switch|p1a: Mamoswine|Mamoswine, F|280/361","|-damage|p1a: Mamoswine|235/361|[from] Spikes","|turn|22","|","|move|p1a: Mamoswine|Icicle Crash|p2a: Chesnaught","|-supereffective|p2a: Chesnaught","|-damage|p2a: Chesnaught|137/379","|-damage|p1a: Mamoswine|199/361|[from] item: Life Orb","|move|p2a: Chesnaught|Drain Punch|p1a: Mamoswine","|-supereffective|p1a: Mamoswine","|-damage|p1a: Mamoswine|0 fnt","|-heal|p2a: Chesnaught|237/379|[from] drain|[of] p1a: Mamoswine","|faint|p1a: Mamoswine","|","|win|vOiD ChROnO"],"p1rating":{"entryid":"61538","serverid":"eos","formatid":"monotype","userid":"rainsherbs","username":"Rain ☆ S.Herbs","w":"16","l":19,"t":"0","gxe":46.4,"r":"1484.4870629498","rd":"58.185426103244","sigma":"0","rptime":"1440666000","rpr":1472.5170033065,"rprd":56.872317068984,"rpsigma":"0","acre":1047.2742538863,"lacre":1047.2742538863,"oldacre":"1060.7251077635"},"p2rating":{"entryid":"75443","serverid":"eos","formatid":"monotype","userid":"voidchrono","username":"Void Chrono","w":9,"l":"4","t":"0","gxe":63.4,"r":"1593.1920490052","rd":"83.975853529649","sigma":"0","rptime":"1440666000","rpr":1606.5118038217,"rprd":81.894902666663,"rpsigma":"0","acre":1184.3700251241,"lacre":1184.3700251241,"oldacre":"1166.7722721329"},"endType":"normal"}