{"seed":[22044,35413,5431,29033],"turns":19,"p1":"Guard Quilluminati","p2":"Jake1079","p1team":[{"name":"Allen Iverson","species":"diancie","item":"diancite","ability":"Clear Body","moves":["protect","moonblast","earthpower","diamondstorm"],"nature":"Hasty","evs":{"hp":0,"atk":120,"def":0,"spa":128,"spd":8,"spe":252},"ivs":{"hp":31,"atk":31,"def":31,"spa":31,"spd":31,"spe":31}},{"name":"Fuckle","species":"shuckle","item":"redcard","ability":"Sturdy","moves":["stickyweb","stealthrock","knockoff","toxic"],"nature":"Sassy","evs":{"hp":0,"atk":0,"def":120,"spa":0,"spd":120,"spe":0},"shiny":true,"ivs":{"hp":31,"atk":31,"def":31,"spa":31,"spd":31,"spe":31}},{"name":"Omastar","species":"Omastar","item":"focussash","ability":"Shell Armor","moves":["shellsmash","icebeam","scald","earthpower"],"nature":"Modest","evs":{"hp":0,"atk":0,"def":0,"spa":252,"spd":4,"spe":252},"ivs":{"hp":31,"atk":31,"def":31,"spa":31,"spd":31,"spe":31}},{"name":"Cradily","species":"Cradily","item":"rockyhelmet","ability":"Storm Drain","moves":["barrier","gigadrain","recover","amnesia"],"nature":"Calm","evs":{"hp":248,"atk":0,"def":0,"spa":40,"spd":216,"spe":0},"shiny":true,"ivs":{"hp":31,"atk":31,"def":31,"spa":31,"spd":31,"spe":31}},{"name":"Terrakion","species":"Terrakion","item":"choicescarf","ability":"Justified","moves":["closecombat","earthquake","stoneedge","ironhead"],"nature":"Jolly","evs":{"hp":0,"atk":252,"def":0,"spa":0,"spd":4,"spe":252},"ivs":{"hp":31,"atk":31,"def":31,"spa":31,"spd":31,"spe":31}},{"name":"Tyranitar","species":"Tyranitar","item":"assaultvest","ability":"Sand Stream","moves":["crunch","stoneedge","fireblast","earthquake"],"nature":"Naughty","evs":{"hp":248,"atk":252,"def":0,"spa":8,"spd":0,"spe":0},"ivs":{"hp":31,"atk":31,"def":31,"spa":31,"spd":31,"spe":31}}],"p2team":[{"name":"Abomasnow","species":"Abomasnow","item":"abomasite","ability":"Snow Warning","moves":["iceshard","rockslide","seedbomb","earthquake"],"nature":"Adamant","evs":{"hp":252,"atk":252,"def":0,"spa":0,"spd":4,"spe":0},"ivs":{"hp":31,"atk":31,"def":31,"spa":31,"spd":31,"spe":31}},{"name":"Kyurem","species":"Kyurem","item":"choicescarf","ability":"Pressure","moves":["icebeam","focusblast","earthpower","dragonpulse"],"nature":"Modest","evs":{"hp":0,"atk":0,"def":0,"spa":252,"spd":4,"spe":252},"ivs":{"hp":31,"atk":31,"def":31,"spa":31,"spd":31,"spe":31}},{"name":"Rotom-Frost","species":"Rotom-Frost","item":"choicescarf","ability":"Levitate","moves":["voltswitch","blizzard","willowisp","trick"],"nature":"Timid","evs":{"hp":0,"atk":0,"def":0,"spa":252,"spd":4,"spe":252},"ivs":{"hp":31,"atk":31,"def":31,"spa":31,"spd":31,"spe":31}},{"name":"Weavile","species":"Weavile","item":"lifeorb","ability":"Pressure","moves":["iceshard","iciclecrash","fakeout","knockoff"],"nature":"Jolly","evs":{"hp":0,"atk":252,"def":0,"spa":0,"spd":4,"spe":252},"ivs":{"hp":31,"atk":31,"def":31,"spa":31,"spd":31,"spe":31}},{"name":"Mamoswine","species":"Mamoswine","item":"assaultvest","ability":"Thick Fat","moves":["iceshard","freezedry","earthquake","knockoff"],"nature":"Naughty","evs":{"hp":248,"atk":252,"def":0,"spa":8,"spd":0,"spe":0},"ivs":{"hp":31,"atk":31,"def":31,"spa":31,"spd":31,"spe":31}},{"name":"Froslass","species":"Froslass","item":"focussash","ability":"Cursed Body","moves":["destinybond","thunderwave","taunt","spikes"],"nature":"Timid","evs":{"hp":248,"atk":0,"def":0,"spa":0,"spd":8,"spe":252},"ivs":{"hp":31,"atk":31,"def":31,"spa":31,"spd":31,"spe":31}}],"log":["|player|p1|Guard Quilluminati|65","|player|p2|Jake1079|169","|gametype|singles","|gen|6","|tier|Monotype","|rated","|rule|Baton Pass Clause: Limit one Baton Passer, can't pass Spe and other stats simultaneously","|rule|Swagger Clause: Swagger is banned","|rule|Same Type Clause: Pokémon in a team must share a type","|clearpoke","|poke|p1|Diancie","|poke|p1|Shuckle, M, shiny","|poke|p1|Omastar, M","|poke|p1|Cradily, F, shiny","|poke|p1|Terrakion","|poke|p1|Tyranitar, F","|poke|p2|Abomasnow, M","|poke|p2|Kyurem","|poke|p2|Rotom-Frost","|poke|p2|Weavile, M","|poke|p2|Mamoswine, M","|poke|p2|Froslass, F","|rule|Sleep Clause Mod: Limit one foe put to sleep","|rule|Species Clause: Limit one of each Pokémon","|rule|OHKO Clause: OHKO moves are banned","|rule|Moody Clause: Moody is banned","|rule|Evasion Moves Clause: Evasion moves are banned","|rule|Endless Battle Clause: Forcing endless battles is banned","|rule|HP Percentage Mod: HP is shown in percentages","|teampreview","|","|start","|switch|p1a: Fuckle|Shuckle, M, shiny|181/181","|switch|p2a: Froslass|Froslass, F|343/343","|turn|1","|","|switch|p1a: Allen Iverson|Diancie|241/241","|move|p2a: Froslass|Taunt|p1a: Allen Iverson","|-start|p1a: Allen Iverson|move: Taunt","|","|turn|2","|","|detailschange|p1a: Allen Iverson|Diancie-Mega","|-mega|p1a: Allen Iverson|Diancie|Diancite","|move|p2a: Froslass|Spikes|p1a: Allen Iverson","|move|p1a: Allen Iverson|Spikes|p2a: Froslass|[from]Magic Bounce","|-sidestart|p2: Jake1079|Spikes","|move|p1a: Allen Iverson|Diamond Storm|p2a: Froslass","|-supereffective|p2a: Froslass","|-enditem|p2a: Froslass|Focus Sash","|-damage|p2a: Froslass|1/343","|-start|p1a: Allen Iverson|Disable|Diamond Storm","|","|turn|3","|","|move|p1a: Allen Iverson|Moonblast|p2a: Froslass","|-damage|p2a: Froslass|0 fnt","|faint|p2a: Froslass","|","|-end|p1a: Allen Iverson|move: Taunt","|","|switch|p2a: Kyurem|Kyurem|391/391","|-damage|p2a: Kyurem|343/391|[from] Spikes","|-ability|p2a: Kyurem|Pressure","|turn|4","|","|move|p2a: Kyurem|Earth Power|p1a: Allen Iverson","|-supereffective|p1a: Allen Iverson","|-damage|p1a: Allen Iverson|27/241","|-unboost|p1a: Allen Iverson|spd|1","|move|p1a: Allen Iverson|Moonblast|p2a: Kyurem","|-supereffective|p2a: Kyurem","|-damage|p2a: Kyurem|0 fnt","|faint|p2a: Kyurem","|","|","|switch|p2a: Weavile|Weavile, M|281/281","|-damage|p2a: Weavile|246/281|[from] Spikes","|-ability|p2a: Weavile|Pressure","|turn|5","|","|move|p2a: Weavile|Ice Shard|p1a: Allen Iverson","|-damage|p1a: Allen Iverson|0 fnt","|-damage|p2a: Weavile|218/281|[from] item: Life Orb","|faint|p1a: Allen Iverson","|","|","|switch|p1a: Fuckle|Shuckle, M, shiny|181/181","|turn|6","|","|switch|p2a: Rotom-Frost|Rotom-Frost|241/241","|move|p1a: Fuckle|Stealth Rock|p2a: Rotom-Frost","|-sidestart|p2: Jake1079|move: Stealth Rock","|","|turn|7","|","|move|p2a: Rotom-Frost|Trick|p1a: Fuckle","|-activate|p2a: Rotom-Frost|move: Trick|[of] p1a: Fuckle","|-item|p1a: Fuckle|Choice Scarf|[from] move: Trick","|-item|p2a: Rotom-Frost|Red Card|[from] move: Trick","|move|p1a: Fuckle|Sticky Web|p2a: Rotom-Frost","|-sidestart|p2: Jake1079|move: Sticky Web","|","|turn|8","|","|switch|p1a: Cradily|Cradily, F, shiny|375/375","|move|p2a: Rotom-Frost|Will-O-Wisp|p1a: Cradily","|-status|p1a: Cradily|brn","|","|-damage|p1a: Cradily|329/375 brn|[from] brn","|turn|9","|","|move|p2a: Rotom-Frost|Blizzard|p1a: Cradily","|-supereffective|p1a: Cradily","|-damage|p1a: Cradily|81/375 brn","|move|p1a: Cradily|Barrier|p1a: Cradily","|-boost|p1a: Cradily|def|2","|","|-damage|p1a: Cradily|35/375 brn|[from] brn","|turn|10","|","|move|p2a: Rotom-Frost|Volt Switch|p1a: Cradily","|-resisted|p1a: Cradily","|-damage|p1a: Cradily|0 fnt","|faint|p1a: Cradily","|","|switch|p2a: Abomasnow|Abomasnow, M|384/384","|-damage|p2a: Abomasnow|336/384|[from] Spikes","|-activate|p2a: Abomasnow|move: Sticky Web","|-unboost|p2a: Abomasnow|spe|1","|-damage|p2a: Abomasnow|240/384|[from] Stealth Rock","|-weather|Hail","|","|-weather|Hail|[upkeep]","|","|switch|p1a: Terrakion|Terrakion|323/323","|turn|11","|","|detailschange|p2a: Abomasnow|Abomasnow-Mega, M","|-mega|p2a: Abomasnow|Abomasnow|Abomasite","|move|p2a: Abomasnow|Ice Shard|p1a: Terrakion","|-damage|p1a: Terrakion|232/323","|move|p1a: Terrakion|Close Combat|p2a: Abomasnow","|-supereffective|p2a: Abomasnow","|-damage|p2a: Abomasnow|0 fnt","|-unboost|p1a: Terrakion|def|1","|-unboost|p1a: Terrakion|spd|1","|faint|p2a: Abomasnow","|","|-weather|Hail|[upkeep]","|-damage|p1a: Terrakion|212/323|[from] hail","|","|switch|p2a: Weavile|Weavile, M|218/281","|-activate|p2a: Weavile|move: Sticky Web","|-unboost|p2a: Weavile|spe|1","|-damage|p2a: Weavile|148/281|[from] Stealth Rock","|-damage|p2a: Weavile|113/281|[from] Spikes","|-ability|p2a: Weavile|Pressure","|turn|12","|","|move|p2a: Weavile|Fake Out|p1a: Terrakion","|-resisted|p1a: Terrakion","|-damage|p1a: Terrakion|165/323","|-damage|p2a: Weavile|85/281|[from] item: Life Orb","|cant|p1a: Terrakion|flinch","|","|-weather|Hail|[upkeep]","|-damage|p1a: Terrakion|145/323|[from] hail","|turn|13","|","|move|p2a: Weavile|Ice Shard|p1a: Terrakion","|-damage|p1a: Terrakion|5/323","|-damage|p2a: Weavile|57/281|[from] item: Life Orb","|move|p1a: Terrakion|Close Combat|p2a: Weavile","|-supereffective|p2a: Weavile","|-damage|p2a: Weavile|0 fnt","|-unboost|p1a: Terrakion|def|1","|-unboost|p1a: Terrakion|spd|1","|faint|p2a: Weavile","|","|-weather|Hail|[upkeep]","|-damage|p1a: Terrakion|0 fnt|[from] hail","|faint|p1a: Terrakion","|","|switch|p1a: Omastar|Omastar, M|281/281","|switch|p2a: Mamoswine|Mamoswine, M|423/423","|-activate|p2a: Mamoswine|move: Sticky Web","|-unboost|p2a: Mamoswine|spe|1","|-damage|p2a: Mamoswine|371/423|[from] Stealth Rock","|-damage|p2a: Mamoswine|319/423|[from] Spikes","|turn|14","|","|move|p1a: Omastar|Shell Smash|p1a: Omastar","|-unboost|p1a: Omastar|def|1","|-unboost|p1a: Omastar|spd|1","|-boost|p1a: Omastar|atk|2","|-boost|p1a: Omastar|spa|2","|-boost|p1a: Omastar|spe|2","|move|p2a: Mamoswine|Freeze-Dry|p1a: Omastar","|-supereffective|p1a: Omastar","|-damage|p1a: Omastar|39/281","|","|-weather|none","|turn|15","|","|move|p2a: Mamoswine|Ice Shard|p1a: Omastar","|-resisted|p1a: Omastar","|-damage|p1a: Omastar|0 fnt","|faint|p1a: Omastar","|","|","|switch|p1a: Tyranitar|Tyranitar, F|403/403","|-weather|Sandstorm","|turn|16","|","|move|p1a: Tyranitar|Fire Blast|p2a: Mamoswine","|-supereffective|p2a: Mamoswine","|-damage|p2a: Mamoswine|225/423","|move|p2a: Mamoswine|Earthquake|p1a: Tyranitar","|-crit|p1a: Tyranitar","|-supereffective|p1a: Tyranitar","|-damage|p1a: Tyranitar|0 fnt","|faint|p1a: Tyranitar","|","|-weather|Sandstorm|[upkeep]","|","|switch|p1a: Fuckle|Shuckle, M, shiny|181/181","|turn|17","|","|move|p2a: Mamoswine|Earthquake|p1a: Fuckle","|-damage|p1a: Fuckle|94/181","|move|p1a: Fuckle|Knock Off|p2a: Mamoswine","|-damage|p2a: Mamoswine|203/423","|-enditem|p2a: Mamoswine|Assault Vest|[from] move: Knock Off|[of] p1a: Fuckle","|","|-weather|Sandstorm|[upkeep]","|turn|18","|","|move|p2a: Mamoswine|Earthquake|p1a: Fuckle","|-damage|p1a: Fuckle|7/181","|move|p1a: Fuckle|Knock Off|p2a: Mamoswine","|-damage|p2a: Mamoswine|189/423","|","|-weather|Sandstorm|[upkeep]","|turn|19","|","|move|p2a: Mamoswine|Earthquake|p1a: Fuckle","|-damage|p1a: Fuckle|0 fnt","|faint|p1a: Fuckle","|","|win|Jake1079"],"p1rating":{"entryid":"265729","serverid":"eos","formatid":"monotype","userid":"guardquilluminati","username":"Guard Quilluminati","w":"9","l":16,"t":"0","gxe":42.4,"r":"1447.5985178479","rd":"68.506568982547","sigma":"0","rptime":"1440666000","rpr":1441.3268226788,"rprd":65.191891548228,"rpsigma":"0","acre":1038.907074451,"lacre":1038.907074451,"oldacre":"1059.5035499881"},"p2rating":{"entryid":"56288","serverid":"eos","formatid":"monotype","userid":"jake1079","username":"Jake1079","w":13,"l":"20","t":"0","gxe":42.9,"r":"1434.4298073112","rd":"61.720684835893","sigma":"0","rptime":"1440666000","rpr":1445.2160117743,"rprd":60.812467648197,"rpsigma":"0","acre":1067.5868897089,"lacre":1067.5868897089,"oldacre":"1028.7482380458"},"endType":"normal"}