{"seed":[23450,33874,64156,24064],"turns":33,"p1":"Twizz","p2":"SWL Roy","p1team":[{"name":"0.F.U","species":"magnezone","item":"leftovers","ability":"Sturdy","moves":["flashcannon","thunderbolt","protect","hiddenpowerice"],"nature":"Modest","evs":{"hp":76,"atk":0,"def":180,"spa":252,"spd":0,"spe":0},"ivs":{"hp":31,"atk":30,"def":30,"spa":31,"spd":31,"spe":31}},{"name":"Nope","species":"zapdos","item":"leftovers","ability":"Pressure","moves":["discharge","heatwave","toxic","roost"],"nature":"Bold","evs":{"hp":4,"atk":0,"def":252,"spa":56,"spd":196,"spe":0},"ivs":{"hp":31,"atk":31,"def":31,"spa":31,"spd":31,"spe":31}},{"name":"Amphabulous","species":"ampharos","item":"ampharosite","ability":"Static","moves":["cottonguard","rest","sleeptalk","dragonpulse"],"nature":"Bold","evs":{"hp":0,"atk":0,"def":252,"spa":136,"spd":120,"spe":0},"ivs":{"hp":31,"atk":31,"def":31,"spa":31,"spd":31,"spe":31}},{"name":"Raikou","species":"Raikou","item":"leftovers","ability":"Pressure","moves":["calmmind","substitute","thunderbolt","extrasensory"],"nature":"Timid","evs":{"hp":0,"atk":0,"def":0,"spa":252,"spd":4,"spe":252},"ivs":{"hp":31,"atk":30,"def":30,"spa":31,"spd":31,"spe":31}},{"name":"Fuck you","species":"rotomwash","item":"choicescarf","ability":"Levitate","moves":["voltswitch","hydropump","willowisp","trick"],"nature":"Timid","evs":{"hp":0,"atk":0,"def":0,"spa":252,"spd":4,"spe":252},"ivs":{"hp":31,"atk":31,"def":31,"spa":31,"spd":31,"spe":31}},{"name":"Condom","species":"eelektross","item":"assaultvest","ability":"Levitate","moves":["flamethrower","thunderbolt","drainpunch","knockoff"],"nature":"Quiet","evs":{"hp":3,"atk":136,"def":0,"spa":108,"spd":252,"spe":0},"ivs":{"hp":31,"atk":31,"def":31,"spa":31,"spd":31,"spe":31}}],"p2team":[{"name":"Terrakion","species":"Terrakion","item":"choicescarf","ability":"Justified","moves":["closecombat","earthquake","rockslide","ironhead"],"nature":"Jolly","evs":{"hp":0,"atk":252,"def":0,"spa":0,"spd":4,"spe":252},"ivs":{"hp":31,"atk":31,"def":31,"spa":31,"spd":31,"spe":31}},{"name":"Aggron","species":"Aggron","item":"aggronite","ability":"Sturdy","moves":["firepunch","ironhead","rest","avalanche"],"nature":"Impish","evs":{"hp":252,"atk":4,"def":252,"spa":0,"spd":0,"spe":0},"ivs":{"hp":31,"atk":31,"def":31,"spa":31,"spd":31,"spe":31}},{"name":"Cradily","species":"Cradily","item":"leftovers","ability":"Storm Drain","moves":["gigadrain","recover","stockpile","toxic"],"nature":"Calm","evs":{"hp":252,"atk":0,"def":0,"spa":4,"spd":252,"spe":0},"ivs":{"hp":31,"atk":31,"def":31,"spa":31,"spd":31,"spe":31}},{"name":"Tyranitar","species":"Tyranitar","item":"choiceband","ability":"Sand Stream","moves":["crunch","pursuit","stoneedge","earthquake"],"nature":"Adamant","evs":{"hp":248,"atk":252,"def":0,"spa":0,"spd":8,"spe":0},"ivs":{"hp":31,"atk":31,"def":31,"spa":31,"spd":31,"spe":31}},{"name":"Omastar","species":"Omastar","item":"focussash","ability":"Weak Armor","moves":["shellsmash","icebeam","scald","hiddenpowergrass"],"nature":"Modest","evs":{"hp":0,"atk":0,"def":0,"spa":252,"spd":4,"spe":252},"ivs":{"hp":31,"atk":30,"def":31,"spa":30,"spd":31,"spe":31}},{"name":"Diancie","species":"Diancie","item":"leftovers","ability":"Clear Body","moves":["stealthrock","moonblast","trickroom","healbell"],"nature":"Sassy","evs":{"hp":252,"atk":0,"def":0,"spa":4,"spd":252,"spe":0},"ivs":{"hp":31,"atk":31,"def":31,"spa":31,"spd":31,"spe":0}}],"log":["|player|p1|Twizz|264","|player|p2|SWL Roy|swlroy.png","|gametype|singles","|gen|6","|tier|Monotype","|rated","|rule|Baton Pass Clause: Limit one Baton Passer, can't pass Spe and other stats simultaneously","|rule|Swagger Clause: Swagger is banned","|rule|Same Type Clause: Pokémon in a team must share a type","|clearpoke","|poke|p1|Magnezone","|poke|p1|Zapdos","|poke|p1|Ampharos, F","|poke|p1|Raikou","|poke|p1|Rotom-Wash","|poke|p1|Eelektross, F","|poke|p2|Terrakion","|poke|p2|Aggron, M","|poke|p2|Cradily, M","|poke|p2|Tyranitar, M","|poke|p2|Omastar, F","|poke|p2|Diancie","|rule|Sleep Clause Mod: Limit one foe put to sleep","|rule|Species Clause: Limit one of each Pokémon","|rule|OHKO Clause: OHKO moves are banned","|rule|Moody Clause: Moody is banned","|rule|Evasion Moves Clause: Evasion moves are banned","|rule|Endless Battle Clause: Forcing endless battles is banned","|rule|HP Percentage Mod: HP is shown in percentages","|teampreview","|","|start","|switch|p1a: Fuck you|Rotom-Wash|241/241","|switch|p2a: Tyranitar|Tyranitar, M|403/403","|-weather|Sandstorm","|turn|1","|","|switch|p2a: Diancie|Diancie|304/304","|move|p1a: Fuck you|Will-O-Wisp|p2a: Diancie","|-status|p2a: Diancie|brn","|","|-weather|Sandstorm|[upkeep]","|-damage|p1a: Fuck you|226/241|[from] sandstorm","|-damage|p2a: Diancie|266/304 brn|[from] brn","|turn|2","|","|switch|p1a: Condom|Eelektross, F|311/311","|move|p2a: Diancie|Stealth Rock|p1a: Condom","|-sidestart|p1: Twizz|move: Stealth Rock","|","|-weather|Sandstorm|[upkeep]","|-damage|p1a: Condom|292/311|[from] sandstorm","|-heal|p2a: Diancie|285/304 brn|[from] item: Leftovers","|-damage|p2a: Diancie|247/304 brn|[from] brn","|turn|3","|","|switch|p2a: Cradily|Cradily, M|376/376","|move|p1a: Condom|Thunderbolt|p2a: Cradily","|-resisted|p2a: Cradily","|-damage|p2a: Cradily|345/376","|","|-weather|Sandstorm|[upkeep]","|-damage|p1a: Condom|273/311|[from] sandstorm","|-heal|p2a: Cradily|368/376|[from] item: Leftovers","|turn|4","|","|move|p2a: Cradily|Toxic|p1a: Condom","|-status|p1a: Condom|tox","|move|p1a: Condom|Knock Off|p2a: Cradily","|-damage|p2a: Cradily|271/376","|-enditem|p2a: Cradily|Leftovers|[from] move: Knock Off|[of] p1a: Condom","|","|-weather|Sandstorm|[upkeep]","|-damage|p1a: Condom|254/311 tox|[from] sandstorm","|-damage|p1a: Condom|235/311 tox|[from] psn","|turn|5","|","|switch|p1a: 0.F.U|Magnezone|300/300","|-damage|p1a: 0.F.U|282/300|[from] Stealth Rock","|move|p2a: Cradily|Stockpile|p2a: Cradily","|-start|p2a: Cradily|stockpile1","|-boost|p2a: Cradily|def|1","|-boost|p2a: Cradily|spd|1","|","|-weather|none","|-heal|p1a: 0.F.U|300/300|[from] item: Leftovers","|turn|6","|","|move|p1a: 0.F.U|Flash Cannon|p2a: Cradily","|-supereffective|p2a: Cradily","|-damage|p2a: Cradily|131/376","|move|p2a: Cradily|Stockpile|p2a: Cradily","|-start|p2a: Cradily|stockpile2","|-boost|p2a: Cradily|def|1","|-boost|p2a: Cradily|spd|1","|","|turn|7","|","|move|p1a: 0.F.U|Flash Cannon|p2a: Cradily","|-supereffective|p2a: Cradily","|-damage|p2a: Cradily|27/376","|move|p2a: Cradily|Recover|p2a: Cradily","|-heal|p2a: Cradily|215/376","|","|turn|8","|","|switch|p1a: Fuck you|Rotom-Wash|226/241","|-damage|p1a: Fuck you|196/241|[from] Stealth Rock","|move|p2a: Cradily|Giga Drain|p1a: Fuck you","|-supereffective|p1a: Fuck you","|-damage|p1a: Fuck you|46/241","|-heal|p2a: Cradily|290/376|[from] drain|[of] p1a: Fuck you","|","|turn|9","|","|move|p1a: Fuck you|Trick|p2a: Cradily","|-activate|p1a: Fuck you|move: Trick|[of] p2a: Cradily","|-item|p2a: Cradily|Choice Scarf|[from] move: Trick","|move|p2a: Cradily|Giga Drain|p1a: Fuck you","|-supereffective|p1a: Fuck you","|-damage|p1a: Fuck you|0 fnt","|-heal|p2a: Cradily|313/376|[from] drain|[of] p1a: Fuck you","|faint|p1a: Fuck you","|","|","|switch|p1a: Raikou|Raikou|321/321","|-damage|p1a: Raikou|281/321|[from] Stealth Rock","|-ability|p1a: Raikou|Pressure","|turn|10","|","|move|p1a: Raikou|Calm Mind|p1a: Raikou","|-boost|p1a: Raikou|spa|1","|-boost|p1a: Raikou|spd|1","|move|p2a: Cradily|Giga Drain|p1a: Raikou","|-damage|p1a: Raikou|233/321","|-heal|p2a: Cradily|337/376|[from] drain|[of] p1a: Raikou","|","|-heal|p1a: Raikou|253/321|[from] item: Leftovers","|turn|11","|","|switch|p2a: Terrakion|Terrakion|323/323","|move|p1a: Raikou|Substitute|p1a: Raikou","|-start|p1a: Raikou|Substitute","|-damage|p1a: Raikou|173/321","|","|-heal|p1a: Raikou|193/321|[from] item: Leftovers","|turn|12","|","|move|p2a: Terrakion|Earthquake|p1a: Raikou","|-supereffective|p1a: Raikou","|-end|p1a: Raikou|Substitute","|move|p1a: Raikou|Thunderbolt|p2a: Terrakion","|-damage|p2a: Terrakion|101/323","|","|-heal|p1a: Raikou|213/321|[from] item: Leftovers","|turn|13","|","|switch|p1a: Condom|Eelektross, F|235/311 tox","|-damage|p1a: Condom|197/311 tox|[from] Stealth Rock","|move|p2a: Terrakion|Earthquake|p1a: Condom","|-immune|p1a: Condom|[msg]","|","|-damage|p1a: Condom|178/311 tox|[from] psn","|turn|14","|","|switch|p2a: Cradily|Cradily, M|337/376","|move|p1a: Condom|Drain Punch|p2a: Cradily","|-supereffective|p2a: Cradily","|-damage|p2a: Cradily|191/376","|-heal|p1a: Condom|251/311 tox|[from] drain|[of] p2a: Cradily","|","|-damage|p1a: Condom|213/311 tox|[from] psn","|turn|15","|","|switch|p1a: 0.F.U|Magnezone|300/300","|-damage|p1a: 0.F.U|282/300|[from] Stealth Rock","|move|p2a: Cradily|Recover|p2a: Cradily","|-heal|p2a: Cradily|376/376","|","|-heal|p1a: 0.F.U|300/300|[from] item: Leftovers","|turn|16","|","|move|p2a: Cradily|Recover|p2a: Cradily","|-fail|p2a: Cradily","|move|p1a: 0.F.U|Flash Cannon|p2a: Cradily","|-supereffective|p2a: Cradily","|-damage|p2a: Cradily|172/376","|","|turn|17","|","|move|p2a: Cradily|Recover|p2a: Cradily","|-heal|p2a: Cradily|360/376","|move|p1a: 0.F.U|Thunderbolt|p2a: Cradily","|-resisted|p2a: Cradily","|-damage|p2a: Cradily|296/376","|-status|p2a: Cradily|par","|","|turn|18","|","|move|p1a: 0.F.U|Flash Cannon|p2a: Cradily","|-supereffective|p2a: Cradily","|-damage|p2a: Cradily|74/376 par","|cant|p2a: Cradily|par","|","|turn|19","|","|move|p1a: 0.F.U|Flash Cannon|p2a: Cradily","|-supereffective|p2a: Cradily","|-damage|p2a: Cradily|0 fnt","|faint|p2a: Cradily","|","|","|switch|p2a: Tyranitar|Tyranitar, M|403/403","|-weather|Sandstorm","|turn|20","|","|switch|p1a: Condom|Eelektross, F|213/311 tox","|-damage|p1a: Condom|175/311 tox|[from] Stealth Rock","|move|p2a: Tyranitar|Crunch|p1a: Condom","|-damage|p1a: Condom|0 fnt","|faint|p1a: Condom","|","|-weather|Sandstorm|[upkeep]","|","|switch|p1a: 0.F.U|Magnezone|300/300","|-damage|p1a: 0.F.U|282/300|[from] Stealth Rock","|turn|21","|","|move|p1a: 0.F.U|Protect|p1a: 0.F.U","|-singleturn|p1a: 0.F.U|Protect","|move|p2a: Tyranitar|Crunch|p1a: 0.F.U","|-activate|p1a: 0.F.U|Protect","|","|-weather|Sandstorm|[upkeep]","|-heal|p1a: 0.F.U|300/300|[from] item: Leftovers","|turn|22","|","|move|p2a: Tyranitar|Crunch|p1a: 0.F.U","|-damage|p1a: 0.F.U|126/300","|move|p1a: 0.F.U|Flash Cannon|p2a: Tyranitar","|-supereffective|p2a: Tyranitar","|-damage|p2a: Tyranitar|197/403","|","|-weather|Sandstorm|[upkeep]","|-heal|p1a: 0.F.U|144/300|[from] item: Leftovers","|turn|23","|","|move|p1a: 0.F.U|Protect|p1a: 0.F.U","|-singleturn|p1a: 0.F.U|Protect","|move|p2a: Tyranitar|Crunch|p1a: 0.F.U","|-activate|p1a: 0.F.U|Protect","|","|-weather|Sandstorm|[upkeep]","|-heal|p1a: 0.F.U|162/300|[from] item: Leftovers","|turn|24","|","|move|p2a: Tyranitar|Crunch|p1a: 0.F.U","|-damage|p1a: 0.F.U|0 fnt","|faint|p1a: 0.F.U","|","|-weather|none","|","|switch|p1a: Amphabulous|Ampharos, F|321/321","|-damage|p1a: Amphabulous|281/321|[from] Stealth Rock","|turn|25","|","|switch|p2a: Diancie|Diancie|247/304 brn","|detailschange|p1a: Amphabulous|Ampharos-Mega, F","|-mega|p1a: Amphabulous|Ampharos|Ampharosite","|-ability|p1a: Amphabulous|Mold Breaker","|move|p1a: Amphabulous|Cotton Guard|p1a: Amphabulous","|-boost|p1a: Amphabulous|def|3","|","|-heal|p2a: Diancie|266/304 brn|[from] item: Leftovers","|-damage|p2a: Diancie|228/304 brn|[from] brn","|turn|26","|","|switch|p1a: Raikou|Raikou|213/321","|-damage|p1a: Raikou|173/321|[from] Stealth Rock","|-ability|p1a: Raikou|Pressure","|move|p2a: Diancie|Moonblast|p1a: Raikou","|-damage|p1a: Raikou|65/321","|","|-heal|p1a: Raikou|85/321|[from] item: Leftovers","|-heal|p2a: Diancie|247/304 brn|[from] item: Leftovers","|-damage|p2a: Diancie|209/304 brn|[from] brn","|turn|27","|","|move|p1a: Raikou|Thunderbolt|p2a: Diancie","|-damage|p2a: Diancie|133/304 brn","|move|p2a: Diancie|Moonblast|p1a: Raikou","|-crit|p1a: Raikou","|-damage|p1a: Raikou|0 fnt","|faint|p1a: Raikou","|","|-heal|p2a: Diancie|152/304 brn|[from] item: Leftovers","|-damage|p2a: Diancie|114/304 brn|[from] brn","|","|switch|p1a: Nope|Zapdos|322/322","|-damage|p1a: Nope|242/322|[from] Stealth Rock","|-ability|p1a: Nope|Pressure","|turn|28","|","|move|p1a: Nope|Roost|p1a: Nope","|-heal|p1a: Nope|322/322","|move|p2a: Diancie|Trick Room|p2a: Diancie","|-fieldstart|move: Trick Room|[of] p2a: Diancie","|","|-heal|p2a: Diancie|133/304 brn|[from] item: Leftovers","|-damage|p2a: Diancie|95/304 brn|[from] brn","|turn|29","|","|move|p2a: Diancie|Heal Bell|p2a: Diancie","|-cureteam|p2a: Diancie|[from] move: HealBell","|move|p1a: Nope|Discharge|p2a: Diancie","|-damage|p2a: Diancie|34/304","|-status|p2a: Diancie|par","|","|-heal|p2a: Diancie|53/304 par|[from] item: Leftovers","|turn|30","|","|switch|p2a: Tyranitar|Tyranitar, M|197/403","|-weather|Sandstorm","|move|p1a: Nope|Discharge|p2a: Tyranitar","|-damage|p2a: Tyranitar|118/403","|","|-weather|Sandstorm|[upkeep]","|-damage|p1a: Nope|302/322|[from] sandstorm","|-heal|p1a: Nope|322/322|[from] item: Leftovers","|turn|31","|","|move|p2a: Tyranitar|Stone Edge|p1a: Nope","|-supereffective|p1a: Nope","|-damage|p1a: Nope|0 fnt","|faint|p1a: Nope","|","|-weather|Sandstorm|[upkeep]","|","|switch|p1a: Amphabulous|Ampharos-Mega, F|281/321","|-damage|p1a: Amphabulous|241/321|[from] Stealth Rock","|-ability|p1a: Amphabulous|Mold Breaker","|turn|32","|","|move|p1a: Amphabulous|Dragon Pulse|p2a: Tyranitar","|-damage|p2a: Tyranitar|3/403","|move|p2a: Tyranitar|Stone Edge|p1a: Amphabulous","|-damage|p1a: Amphabulous|40/321","|","|-weather|Sandstorm|[upkeep]","|-damage|p1a: Amphabulous|20/321|[from] sandstorm","|-fieldend|move: Trick Room","|turn|33","|","|win|SWL Roy"],"p1rating":{"entryid":"66045","serverid":"eos","formatid":"monotype","userid":"twizz","username":"Twizz","w":"18","l":15,"t":"0","gxe":50.9,"r":"1507.2067733292","rd":"60.672080174269","sigma":"0","rptime":"1440666000","rpr":1506.849811885,"rprd":59.150790030048,"rpsigma":"0","acre":1060.3880953499,"lacre":1060.3880953499,"oldacre":"1087.1443218411"},"p2rating":{"entryid":"540430","serverid":"eos","formatid":"monotype","userid":"swlroy","username":"SWL Roy","w":2,"l":"1","t":"0","gxe":54.3,"r":"1500","rd":"130","sigma":"0","rptime":"1440666000","rpr":1533.934613953,"rprd":110.46113620149,"rpsigma":"0","acre":1072.1435172627,"lacre":1072.1435172627,"oldacre":"1031.1792483078"},"endType":"forfeit"}