{"seed":[63886,9528,59341,47629],"turns":20,"p1":"SS Moltres","p2":"Guard Darkrai","p1team":[{"name":"Kyurem-Black","species":"Kyurem-Black","item":"choicescarf","ability":"Teravolt","moves":["stoneedge","dragonclaw","fusionbolt","ironhead"],"nature":"Jolly","evs":{"hp":0,"atk":252,"def":0,"spa":0,"spd":4,"spe":252},"ivs":{"hp":31,"atk":31,"def":31,"spa":31,"spd":31,"spe":31}},{"name":"Froslass","species":"Froslass","item":"choicescarf","ability":"Cursed Body","moves":["psychic","icebeam","waterpulse","destinybond"],"nature":"Timid","evs":{"hp":0,"atk":0,"def":0,"spa":252,"spd":4,"spe":252},"ivs":{"hp":31,"atk":31,"def":31,"spa":31,"spd":31,"spe":31}},{"name":"Jynx","species":"Jynx","item":"choicescarf","ability":"Forewarn","moves":["psychic","focusblast","icebeam","trick"],"nature":"Timid","evs":{"hp":0,"atk":0,"def":0,"spa":252,"spd":4,"spe":252},"ivs":{"hp":31,"atk":31,"def":31,"spa":31,"spd":31,"spe":31}},{"name":"Weavile","species":"Weavile","item":"choiceband","ability":"Pressure","moves":["aerialace","knockoff","iciclecrash","nightslash"],"nature":"Jolly","evs":{"hp":0,"atk":252,"def":0,"spa":0,"spd":4,"spe":252},"ivs":{"hp":31,"atk":31,"def":31,"spa":31,"spd":31,"spe":31}},{"name":"Mamoswine","species":"Mamoswine","item":"choicescarf","ability":"Thick Fat","moves":["stoneedge","earthquake","iciclecrash","superpower"],"nature":"Jolly","evs":{"hp":0,"atk":252,"def":0,"spa":0,"spd":4,"spe":252},"ivs":{"hp":31,"atk":31,"def":31,"spa":31,"spd":31,"spe":31}},{"name":"Avalugg","species":"Avalugg","item":"leftovers","ability":"Sturdy","moves":["rapidspin","recover","stoneedge","earthquake"],"nature":"Impish","evs":{"hp":252,"atk":4,"def":252,"spa":0,"spd":0,"spe":0},"ivs":{"hp":31,"atk":31,"def":31,"spa":31,"spd":31,"spe":31}}],"p2team":[{"name":"Marowak","species":"Marowak","item":"thickclub","ability":"Battle Armor","moves":["bonemerang","stoneedge","swordsdance","knockoff"],"nature":"","evs":{"hp":0,"atk":0,"def":0,"spa":0,"spd":0,"spe":0},"ivs":{"hp":31,"atk":31,"def":31,"spa":31,"spd":31,"spe":31}},{"name":"Hippopotas","species":"Hippopotas","item":"eviolite","ability":"Sand Stream","moves":["stealthrock","whirlwind","toxic","slackoff"],"nature":"Bold","evs":{"hp":248,"atk":0,"def":252,"spa":0,"spd":8,"spe":0},"ivs":{"hp":31,"atk":31,"def":31,"spa":31,"spd":31,"spe":31}},{"name":"Excadrill","species":"Excadrill","item":"lifeorb","ability":"Sand Rush","moves":["earthquake","rockslide","ironhead","honeclaws"],"nature":"Adamant","evs":{"hp":0,"atk":252,"def":0,"spa":0,"spd":4,"spe":252},"ivs":{"hp":31,"atk":31,"def":31,"spa":31,"spd":31,"spe":31}},{"name":"Landorus","species":"Landorus","item":"lumberry","ability":"Sheer Force","moves":["gravity","earthpower","psychic","grassknot"],"nature":"Timid","evs":{"hp":0,"atk":0,"def":0,"spa":252,"spd":4,"spe":252},"ivs":{"hp":31,"atk":31,"def":31,"spa":31,"spd":31,"spe":31}},{"name":"Gastrodon","species":"Gastrodon","item":"leftovers","ability":"Storm Drain","moves":["scald","earthpower","recover","toxic"],"nature":"Bold","evs":{"hp":252,"atk":0,"def":252,"spa":4,"spd":0,"spe":0},"ivs":{"hp":31,"atk":31,"def":31,"spa":31,"spd":31,"spe":31}},{"name":"Camerupt","species":"Camerupt","item":"cameruptite","ability":"Anger Point","moves":["fireblast","willowisp","earthpower","ancientpower"],"nature":"Modest","evs":{"hp":248,"atk":0,"def":0,"spa":252,"spd":8,"spe":0},"ivs":{"hp":31,"atk":31,"def":31,"spa":31,"spd":31,"spe":31}}],"log":["|player|p1|SS Moltres|268","|player|p2|Guard Darkrai|guarddarkrai.png","|gametype|singles","|gen|6","|tier|Monotype","|rated","|rule|Baton Pass Clause: Limit one Baton Passer, can't pass Spe and other stats simultaneously","|rule|Swagger Clause: Swagger is banned","|rule|Same Type Clause: Pokémon in a team must share a type","|clearpoke","|poke|p1|Kyurem-Black","|poke|p1|Froslass, F","|poke|p1|Jynx, F","|poke|p1|Weavile, M","|poke|p1|Mamoswine, F","|poke|p1|Avalugg, M","|poke|p2|Marowak, F","|poke|p2|Hippopotas, F","|poke|p2|Excadrill, M","|poke|p2|Landorus, M","|poke|p2|Gastrodon, M","|poke|p2|Camerupt, M","|rule|Sleep Clause Mod: Limit one foe put to sleep","|rule|Species Clause: Limit one of each Pokémon","|rule|OHKO Clause: OHKO moves are banned","|rule|Moody Clause: Moody is banned","|rule|Evasion Moves Clause: Evasion moves are banned","|rule|Endless Battle Clause: Forcing endless battles is banned","|rule|HP Percentage Mod: HP is shown in percentages","|teampreview","|","|start","|switch|p1a: Froslass|Froslass, F|281/281","|switch|p2a: Hippopotas|Hippopotas, F|339/339","|-weather|Sandstorm","|turn|1","|","|move|p1a: Froslass|Ice Beam|p2a: Hippopotas","|-supereffective|p2a: Hippopotas","|-damage|p2a: Hippopotas|43/339","|move|p2a: Hippopotas|Stealth Rock|p1a: Froslass","|-sidestart|p1: SS Moltres|move: Stealth Rock","|","|-weather|Sandstorm|[upkeep]","|-damage|p1a: Froslass|264/281|[from] sandstorm","|turn|2","|","|switch|p2a: Camerupt|Camerupt, M|343/343","|move|p1a: Froslass|Ice Beam|p2a: Camerupt","|-damage|p2a: Camerupt|192/343","|","|-weather|Sandstorm|[upkeep]","|-damage|p1a: Froslass|247/281|[from] sandstorm","|turn|3","|","|switch|p1a: Kyurem-Black|Kyurem-Black|391/391","|-damage|p1a: Kyurem-Black|294/391|[from] Stealth Rock","|-ability|p1a: Kyurem-Black|Teravolt","|detailschange|p2a: Camerupt|Camerupt-Mega, M","|-mega|p2a: Camerupt|Camerupt|Cameruptite","|move|p2a: Camerupt|Ancient Power|p1a: Kyurem-Black","|-supereffective|p1a: Kyurem-Black","|-damage|p1a: Kyurem-Black|50/391","|","|-weather|Sandstorm|[upkeep]","|-damage|p1a: Kyurem-Black|26/391|[from] sandstorm","|turn|4","|","|switch|p2a: Landorus|Landorus, M|319/319","|move|p1a: Kyurem-Black|Stone Edge|p2a: Landorus","|-damage|p2a: Landorus|170/319","|","|-weather|Sandstorm|[upkeep]","|-damage|p1a: Kyurem-Black|2/391|[from] sandstorm","|turn|5","|","|move|p1a: Kyurem-Black|Stone Edge|p2a: Landorus|[miss]","|-miss|p1a: Kyurem-Black|p2a: Landorus","|move|p2a: Landorus|Earth Power|p1a: Kyurem-Black","|-damage|p1a: Kyurem-Black|0 fnt","|faint|p1a: Kyurem-Black","|","|-weather|none","|","|switch|p1a: Jynx|Jynx, F|271/271","|-damage|p1a: Jynx|204/271|[from] Stealth Rock","|-activate|p1a: Jynx|ability: Forewarn|Psychic|[of] p2a: Landorus","|turn|6","|","|switch|p2a: Hippopotas|Hippopotas, F|43/339","|-weather|Sandstorm","|move|p1a: Jynx|Ice Beam|p2a: Hippopotas","|-supereffective|p2a: Hippopotas","|-damage|p2a: Hippopotas|0 fnt","|faint|p2a: Hippopotas","|","|-weather|Sandstorm|[upkeep]","|-damage|p1a: Jynx|188/271|[from] sandstorm","|","|switch|p2a: Excadrill|Excadrill, M|361/361","|turn|7","|","|move|p2a: Excadrill|Iron Head|p1a: Jynx","|-supereffective|p1a: Jynx","|-damage|p1a: Jynx|0 fnt","|-damage|p2a: Excadrill|325/361|[from] item: Life Orb","|faint|p1a: Jynx","|","|-weather|Sandstorm|[upkeep]","|","|switch|p1a: Avalugg|Avalugg, M|394/394","|-damage|p1a: Avalugg|296/394|[from] Stealth Rock","|turn|8","|","|move|p2a: Excadrill|Iron Head|p1a: Avalugg","|-supereffective|p1a: Avalugg","|-damage|p1a: Avalugg|98/394","|-damage|p2a: Excadrill|289/361|[from] item: Life Orb","|move|p1a: Avalugg|Earthquake|p2a: Excadrill","|-supereffective|p2a: Excadrill","|-damage|p2a: Excadrill|25/361","|","|-weather|Sandstorm|[upkeep]","|-damage|p1a: Avalugg|74/394|[from] sandstorm","|-heal|p1a: Avalugg|98/394|[from] item: Leftovers","|turn|9","|","|move|p2a: Excadrill|Iron Head|p1a: Avalugg","|-supereffective|p1a: Avalugg","|-damage|p1a: Avalugg|0 fnt","|-damage|p2a: Excadrill|0 fnt|[from] item: Life Orb","|faint|p1a: Avalugg","|faint|p2a: Excadrill","|","|-weather|Sandstorm|[upkeep]","|","|switch|p1a: Froslass|Froslass, F|247/281","|switch|p2a: Landorus|Landorus, M|170/319","|-damage|p1a: Froslass|177/281|[from] Stealth Rock","|turn|10","|","|switch|p2a: Gastrodon|Gastrodon, M|426/426","|move|p1a: Froslass|Ice Beam|p2a: Gastrodon","|-damage|p2a: Gastrodon|293/426","|","|-weather|none","|-heal|p2a: Gastrodon|319/426|[from] item: Leftovers","|turn|11","|","|move|p1a: Froslass|Ice Beam|p2a: Gastrodon","|-damage|p2a: Gastrodon|193/426","|move|p2a: Gastrodon|Toxic|p1a: Froslass","|-status|p1a: Froslass|tox","|","|-heal|p2a: Gastrodon|219/426|[from] item: Leftovers","|-damage|p1a: Froslass|160/281 tox|[from] psn","|turn|12","|","|move|p1a: Froslass|Ice Beam|p2a: Gastrodon","|-damage|p2a: Gastrodon|84/426","|move|p2a: Gastrodon|Recover|p2a: Gastrodon","|-heal|p2a: Gastrodon|297/426","|","|-heal|p2a: Gastrodon|323/426|[from] item: Leftovers","|-damage|p1a: Froslass|126/281 tox|[from] psn","|turn|13","|","|move|p1a: Froslass|Ice Beam|p2a: Gastrodon","|-damage|p2a: Gastrodon|178/426","|move|p2a: Gastrodon|Recover|p2a: Gastrodon","|-heal|p2a: Gastrodon|391/426","|","|-heal|p2a: Gastrodon|417/426|[from] item: Leftovers","|-damage|p1a: Froslass|75/281 tox|[from] psn","|turn|14","|","|move|p1a: Froslass|Ice Beam|p2a: Gastrodon","|-damage|p2a: Gastrodon|285/426","|move|p2a: Gastrodon|Scald|p1a: Froslass","|-crit|p1a: Froslass","|-damage|p1a: Froslass|0 fnt","|faint|p1a: Froslass","|","|-heal|p2a: Gastrodon|311/426|[from] item: Leftovers","|","|switch|p1a: Weavile|Weavile, M|281/281","|-damage|p1a: Weavile|211/281|[from] Stealth Rock","|-ability|p1a: Weavile|Pressure","|turn|15","|","|move|p1a: Weavile|Icicle Crash|p2a: Gastrodon","|-damage|p2a: Gastrodon|122/426","|move|p2a: Gastrodon|Recover|p2a: Gastrodon","|-heal|p2a: Gastrodon|335/426","|","|-heal|p2a: Gastrodon|361/426|[from] item: Leftovers","|turn|16","|","|switch|p2a: Marowak|Marowak, F|261/261","|move|p1a: Weavile|Icicle Crash|p2a: Marowak","|-supereffective|p2a: Marowak","|-damage|p2a: Marowak|0 fnt","|faint|p2a: Marowak","|","|","|switch|p2a: Camerupt|Camerupt-Mega, M|192/343","|turn|17","|","|move|p1a: Weavile|Icicle Crash|p2a: Camerupt","|-damage|p2a: Camerupt|0 fnt","|faint|p2a: Camerupt","|","|","|switch|p2a: Landorus|Landorus, M|170/319","|turn|18","|","|move|p1a: Weavile|Icicle Crash|p2a: Landorus","|-supereffective|p2a: Landorus","|-damage|p2a: Landorus|0 fnt","|faint|p2a: Landorus","|","|","|switch|p2a: Gastrodon|Gastrodon, M|361/426","|turn|19","|","|move|p1a: Weavile|Icicle Crash|p2a: Gastrodon","|-damage|p2a: Gastrodon|166/426","|cant|p2a: Gastrodon|flinch","|","|-heal|p2a: Gastrodon|192/426|[from] item: Leftovers","|turn|20","|","|move|p1a: Weavile|Icicle Crash|p2a: Gastrodon","|-damage|p2a: Gastrodon|0 fnt","|faint|p2a: Gastrodon","|","|win|SS Moltres"],"p1rating":{"entryid":"440278","serverid":"eos","formatid":"monotype","userid":"ssmoltres","username":"SS Moltres","w":11,"l":"16","t":"0","gxe":43.8,"r":"1397.1621342881","rd":"67.333278257985","sigma":"0","rptime":"1440666000","rpr":1452.5067155167,"rprd":63.518783363952,"rpsigma":"0","acre":1127.3800513322,"lacre":1127.3800513322,"oldacre":"1099.5162982913"},"p2rating":{"entryid":"154049","serverid":"eos","formatid":"monotype","userid":"guarddarkrai","username":"Guard Darkrai","w":"7","l":6,"t":"0","gxe":50.9,"r":"1553.4774948277","rd":"85.218391099535","sigma":"0","rptime":"1440666000","rpr":1507.0792927654,"rprd":81.323773226223,"rpsigma":"0","acre":1110.5723640932,"lacre":1110.5723640932,"oldacre":"1138.3554846767"},"endType":"normal"}