{"seed":[34290,5496,36817,31533],"turns":36,"p1":"Seven Swell","p2":"Neowulf","p1team":[{"name":"Mew","species":"Mew","item":"leftovers","ability":"Synchronize","moves":["roost","toxic","healbell","aurasphere"],"nature":"Calm","evs":{"hp":252,"atk":0,"def":0,"spa":4,"spd":252,"spe":0},"ivs":{"hp":31,"atk":0,"def":31,"spa":31,"spd":31,"spe":31}},{"name":"Slowbro","species":"Slowbro","item":"rockyhelmet","ability":"Regenerator","moves":["scald","yawn","flamethrower","slackoff"],"nature":"Bold","evs":{"hp":252,"atk":0,"def":252,"spa":4,"spd":0,"spe":0},"ivs":{"hp":31,"atk":0,"def":31,"spa":31,"spd":31,"spe":31}},{"name":"Deoxys-Speed","species":"Deoxys-Speed","item":"focussash","ability":"Pressure","moves":["stealthrock","thunderbolt","thunderwave","icebeam"],"nature":"Timid","evs":{"hp":252,"atk":0,"def":0,"spa":44,"spd":0,"spe":212},"ivs":{"hp":31,"atk":0,"def":31,"spa":31,"spd":31,"spe":31}},{"name":"Latias","species":"Latias","item":"leftovers","ability":"Levitate","moves":["dracometeor","psyshock","roost","defog"],"nature":"Timid","evs":{"hp":252,"atk":0,"def":0,"spa":4,"spd":0,"spe":252},"ivs":{"hp":31,"atk":0,"def":31,"spa":31,"spd":31,"spe":31}},{"name":"Hoopa-Unbound","species":"Hoopa-Unbound","item":"focussash","ability":"Magician","moves":["hyperspacefury","drainpunch","firepunch","gunkshot"],"nature":"Adamant","evs":{"hp":0,"atk":252,"def":0,"spa":0,"spd":4,"spe":252},"ivs":{"hp":31,"atk":31,"def":31,"spa":31,"spd":31,"spe":31}},{"name":"Gardevoir","species":"Gardevoir","item":"gardevoirite","ability":"Trace","moves":["hypervoice","psyshock","shadowball","taunt"],"nature":"Timid","evs":{"hp":0,"atk":0,"def":0,"spa":252,"spd":4,"spe":252},"ivs":{"hp":31,"atk":0,"def":31,"spa":31,"spd":31,"spe":31}}],"p2team":[{"name":"Reuniclus","species":"Reuniclus","item":"lifeorb","ability":"Magic Guard","moves":["trickroom","psychic","shadowball","focusblast"],"nature":"Quiet","evs":{"hp":248,"atk":0,"def":0,"spa":252,"spd":8,"spe":0},"ivs":{"hp":31,"atk":31,"def":31,"spa":31,"spd":31,"spe":0}},{"name":"Slowbro","species":"Slowbro","item":"leftovers","ability":"Regenerator","moves":["scald","flamethrower","slackoff","thunderwave"],"nature":"Bold","evs":{"hp":252,"atk":0,"def":252,"spa":4,"spd":0,"spe":0},"ivs":{"hp":31,"atk":31,"def":31,"spa":31,"spd":31,"spe":31}},{"name":"Meloetta","species":"Meloetta","item":"leftovers","ability":"Serene Grace","moves":["dazzlinggleam","hypervoice","healbell","thunderwave"],"nature":"Calm","evs":{"hp":252,"atk":0,"def":4,"spa":0,"spd":252,"spe":0},"ivs":{"hp":31,"atk":31,"def":31,"spa":31,"spd":31,"spe":31}},{"name":"Gardevoir","species":"Gardevoir","item":"gardevoirite","ability":"Trace","moves":["hypervoice","substitute","focusblast","thunderbolt"],"nature":"Timid","evs":{"hp":0,"atk":0,"def":4,"spa":252,"spd":0,"spe":252},"ivs":{"hp":31,"atk":31,"def":31,"spa":31,"spd":31,"spe":31}},{"name":"Hoopa-Unbound","species":"Hoopa-Unbound","item":"choicescarf","ability":"Magician","moves":["hyperspacefury","drainpunch","knockoff","firepunch"],"nature":"Jolly","evs":{"hp":0,"atk":252,"def":0,"spa":0,"spd":4,"spe":252},"ivs":{"hp":31,"atk":31,"def":31,"spa":31,"spd":31,"spe":31}},{"name":"Latios","species":"Latios","item":"choicespecs","ability":"Levitate","moves":["dracometeor","psyshock","hiddenpowerfire","trick"],"nature":"Timid","evs":{"hp":0,"atk":0,"def":0,"spa":252,"spd":4,"spe":252},"ivs":{"hp":31,"atk":30,"def":31,"spa":30,"spd":31,"spe":30}}],"log":["|player|p1|Seven Swell|sevenswell.png","|player|p2|Neowulf|143","|gametype|singles","|gen|6","|tier|Monotype","|rated","|rule|Baton Pass Clause: Limit one Baton Passer, can't pass Spe and other stats simultaneously","|rule|Swagger Clause: Swagger is banned","|rule|Same Type Clause: Pokémon in a team must share a type","|clearpoke","|poke|p1|Mew","|poke|p1|Slowbro, M","|poke|p1|Deoxys-Speed","|poke|p1|Latias, F","|poke|p1|Hoopa-Unbound","|poke|p1|Gardevoir, F","|poke|p2|Reuniclus, M","|poke|p2|Slowbro, F","|poke|p2|Meloetta","|poke|p2|Gardevoir, M","|poke|p2|Hoopa-Unbound","|poke|p2|Latios, M","|rule|Sleep Clause Mod: Limit one foe put to sleep","|rule|Species Clause: Limit one of each Pokémon","|rule|OHKO Clause: OHKO moves are banned","|rule|Moody Clause: Moody is banned","|rule|Evasion Moves Clause: Evasion moves are banned","|rule|Endless Battle Clause: Forcing endless battles is banned","|rule|HP Percentage Mod: HP is shown in percentages","|teampreview","|","|start","|switch|p1a: Hoopa-Unbound|Hoopa-Unbound|301/301","|switch|p2a: Hoopa-Unbound|Hoopa-Unbound|301/301","|turn|1","|","|move|p2a: Hoopa-Unbound|Hyperspace Fury|p1a: Hoopa-Unbound","|-crit|p1a: Hoopa-Unbound","|-enditem|p1a: Hoopa-Unbound|Focus Sash","|-damage|p1a: Hoopa-Unbound|1/301","|-unboost|p2a: Hoopa-Unbound|def|1","|move|p1a: Hoopa-Unbound|Hyperspace Fury|p2a: Hoopa-Unbound","|-damage|p2a: Hoopa-Unbound|0 fnt","|-item|p1a: Hoopa-Unbound|Choice Scarf|[from] ability: Magician|[of] p2a: Hoopa-Unbound","|-unboost|p1a: Hoopa-Unbound|def|1","|faint|p2a: Hoopa-Unbound","|","|","|switch|p2a: Latios|Latios, M|301/301","|turn|2","|","|switch|p1a: Mew|Mew|404/404","|move|p2a: Latios|Draco Meteor|p1a: Mew","|-damage|p1a: Mew|167/404","|-unboost|p2a: Latios|spa|2","|","|-heal|p1a: Mew|192/404|[from] item: Leftovers","|turn|3","|","|switch|p2a: Reuniclus|Reuniclus, M|423/423","|move|p1a: Mew|Toxic|p2a: Reuniclus","|-status|p2a: Reuniclus|tox","|","|-heal|p1a: Mew|217/404|[from] item: Leftovers","|turn|4","|","|switch|p1a: Gardevoir|Gardevoir, F|277/277","|-ability|p1a: Gardevoir|Magic Guard|[from] ability: Trace|[of] p2a: Reuniclus","|move|p2a: Reuniclus|Trick Room|p2a: Reuniclus","|-fieldstart|move: Trick Room|[of] p2a: Reuniclus","|","|turn|5","|","|detailschange|p1a: Gardevoir|Gardevoir-Mega, F","|-mega|p1a: Gardevoir|Gardevoir|Gardevoirite","|move|p2a: Reuniclus|Shadow Ball|p1a: Gardevoir","|-supereffective|p1a: Gardevoir","|-damage|p1a: Gardevoir|74/277","|move|p1a: Gardevoir|Shadow Ball|p2a: Reuniclus","|-supereffective|p2a: Reuniclus","|-damage|p2a: Reuniclus|181/423 tox","|","|turn|6","|","|switch|p1a: Latias|Latias, F|364/364","|move|p2a: Reuniclus|Shadow Ball|p1a: Latias","|-supereffective|p1a: Latias","|-damage|p1a: Latias|159/364","|","|-heal|p1a: Latias|181/364|[from] item: Leftovers","|turn|7","|","|move|p2a: Reuniclus|Shadow Ball|p1a: Latias","|-supereffective|p1a: Latias","|-damage|p1a: Latias|0 fnt","|faint|p1a: Latias","|","|","|switch|p1a: Slowbro|Slowbro, M|394/394","|turn|8","|","|move|p2a: Reuniclus|Shadow Ball|p1a: Slowbro","|-supereffective|p1a: Slowbro","|-damage|p1a: Slowbro|100/394","|move|p1a: Slowbro|Scald|p2a: Reuniclus","|-damage|p2a: Reuniclus|79/423 tox","|","|-fieldend|move: Trick Room","|turn|9","|","|move|p1a: Slowbro|Scald|p2a: Reuniclus","|-crit|p2a: Reuniclus","|-damage|p2a: Reuniclus|0 fnt","|faint|p2a: Reuniclus","|","|","|switch|p2a: Gardevoir|Gardevoir, M|277/277","|-ability|p2a: Gardevoir|Regenerator|[from] ability: Trace|[of] p1a: Slowbro","|turn|10","|","|detailschange|p2a: Gardevoir|Gardevoir-Mega, M","|-mega|p2a: Gardevoir|Gardevoir|Gardevoirite","|move|p2a: Gardevoir|Thunderbolt|p1a: Slowbro","|-supereffective|p1a: Slowbro","|-damage|p1a: Slowbro|0 fnt","|faint|p1a: Slowbro","|","|","|switch|p1a: Hoopa-Unbound|Hoopa-Unbound|1/301","|turn|11","|","|switch|p2a: Meloetta|Meloetta|404/404","|move|p1a: Hoopa-Unbound|Hyperspace Fury|p2a: Meloetta","|-supereffective|p2a: Meloetta","|-damage|p2a: Meloetta|0 fnt","|-unboost|p1a: Hoopa-Unbound|def|1","|faint|p2a: Meloetta","|","|","|switch|p2a: Slowbro|Slowbro, F|394/394","|turn|12","|","|switch|p1a: Mew|Mew|217/404","|move|p2a: Slowbro|Thunder Wave|p1a: Mew","|-status|p1a: Mew|par","|-status|p2a: Slowbro|par","|","|-heal|p1a: Mew|242/404 par|[from] item: Leftovers","|turn|13","|","|switch|p2a: Latios|Latios, M|301/301","|cant|p1a: Mew|par","|","|-heal|p1a: Mew|267/404 par|[from] item: Leftovers","|turn|14","|","|move|p2a: Latios|Trick|p1a: Mew","|-activate|p2a: Latios|move: Trick|[of] p1a: Mew","|-item|p1a: Mew|Choice Specs|[from] move: Trick","|-item|p2a: Latios|Leftovers|[from] move: Trick","|move|p1a: Mew|Roost|p1a: Mew","|-heal|p1a: Mew|404/404 par","|","|turn|15","|","|switch|p2a: Gardevoir|Gardevoir-Mega, M|277/277","|move|p1a: Mew|Roost|p1a: Mew","|-fail|p1a: Mew","|","|turn|16","|","|switch|p1a: Deoxys-Speed|Deoxys-Speed|304/304","|-ability|p1a: Deoxys-Speed|Pressure","|move|p2a: Gardevoir|Hyper Voice|p1a: Deoxys-Speed","|-damage|p1a: Deoxys-Speed|21/304","|","|turn|17","|","|move|p1a: Deoxys-Speed|Thunder Wave|p2a: Gardevoir","|-status|p2a: Gardevoir|par","|move|p2a: Gardevoir|Hyper Voice|p1a: Deoxys-Speed","|-damage|p1a: Deoxys-Speed|0 fnt","|faint|p1a: Deoxys-Speed","|","|","|switch|p1a: Gardevoir|Gardevoir-Mega, F|74/277","|turn|18","|","|move|p1a: Gardevoir|Hyper Voice|p2a: Gardevoir","|-damage|p2a: Gardevoir|100/277 par","|cant|p2a: Gardevoir|par","|","|turn|19","|","|move|p1a: Gardevoir|Hyper Voice|p2a: Gardevoir","|-damage|p2a: Gardevoir|0 fnt","|faint|p2a: Gardevoir","|","|","|switch|p2a: Latios|Latios, M|301/301","|turn|20","|","|switch|p1a: Mew|Mew|404/404 par","|move|p2a: Latios|Psyshock|p1a: Mew","|-resisted|p1a: Mew","|-damage|p1a: Mew|337/404 par","|","|turn|21","|","|switch|p2a: Slowbro|Slowbro, F|394/394 par","|move|p1a: Mew|Toxic|p2a: Slowbro","|-fail|p2a: Slowbro","|","|turn|22","|","|move|p1a: Mew|Toxic|p2a: Slowbro","|-fail|p2a: Slowbro","|move|p2a: Slowbro|Thunder Wave|p1a: Mew","|-fail|p1a: Mew|par","|","|turn|23","|","|move|p1a: Mew|Toxic|p2a: Slowbro","|-fail|p2a: Slowbro","|move|p2a: Slowbro|Thunder Wave|p1a: Mew","|-fail|p1a: Mew|par","|","|turn|24","|","|move|p1a: Mew|Toxic|p2a: Slowbro","|-fail|p2a: Slowbro","|move|p2a: Slowbro|Thunder Wave|p1a: Mew","|-fail|p1a: Mew|par","|","|turn|25","|","|move|p1a: Mew|Toxic|p2a: Slowbro","|-fail|p2a: Slowbro","|move|p2a: Slowbro|Scald|p1a: Mew","|-damage|p1a: Mew|265/404 par","|","|turn|26","|","|move|p1a: Mew|Toxic|p2a: Slowbro","|-fail|p2a: Slowbro","|move|p2a: Slowbro|Scald|p1a: Mew","|-damage|p1a: Mew|202/404 par","|","|turn|27","|","|move|p1a: Mew|Toxic|p2a: Slowbro","|-fail|p2a: Slowbro","|move|p2a: Slowbro|Thunder Wave|p1a: Mew","|-fail|p1a: Mew|par","|","|turn|28","|","|move|p1a: Mew|Toxic|p2a: Slowbro","|-fail|p2a: Slowbro","|move|p2a: Slowbro|Thunder Wave|p1a: Mew","|-fail|p1a: Mew|par","|","|turn|29","|","|move|p1a: Mew|Toxic|p2a: Slowbro","|-fail|p2a: Slowbro","|move|p2a: Slowbro|Scald|p1a: Mew","|-damage|p1a: Mew|132/404 par","|","|turn|30","|","|cant|p1a: Mew|par","|cant|p2a: Slowbro|par","|","|turn|31","|","|move|p1a: Mew|Toxic|p2a: Slowbro","|-fail|p2a: Slowbro","|move|p2a: Slowbro|Scald|p1a: Mew","|-damage|p1a: Mew|59/404 par","|","|turn|32","|","|move|p1a: Mew|Toxic|p2a: Slowbro","|-fail|p2a: Slowbro","|move|p2a: Slowbro|Scald|p1a: Mew","|-damage|p1a: Mew|0 fnt","|faint|p1a: Mew","|","|","|switch|p1a: Gardevoir|Gardevoir-Mega, F|74/277","|turn|33","|","|move|p1a: Gardevoir|Hyper Voice|p2a: Slowbro","|-damage|p2a: Slowbro|76/394 par","|move|p2a: Slowbro|Thunder Wave|p1a: Gardevoir","|-status|p1a: Gardevoir|par","|","|-heal|p2a: Slowbro|100/394 par|[from] item: Leftovers","|turn|34","|","|move|p1a: Gardevoir|Hyper Voice|p2a: Slowbro","|-damage|p2a: Slowbro|0 fnt","|faint|p2a: Slowbro","|","|","|switch|p2a: Latios|Latios, M|301/301","|turn|35","|","|move|p2a: Latios|Psyshock|p1a: Gardevoir","|-resisted|p1a: Gardevoir","|-damage|p1a: Gardevoir|0 fnt","|faint|p1a: Gardevoir","|","|","|switch|p1a: Hoopa-Unbound|Hoopa-Unbound|1/301","|turn|36","|","|move|p1a: Hoopa-Unbound|Hyperspace Fury|p2a: Latios","|-supereffective|p2a: Latios","|-damage|p2a: Latios|0 fnt","|-unboost|p1a: Hoopa-Unbound|def|1","|faint|p2a: Latios","|","|win|Seven Swell"],"p1rating":{"entryid":"86214","serverid":"eos","formatid":"monotype","userid":"sevenswell","username":"Seven Swell","w":55,"l":"22","t":"0","gxe":70.6,"r":"1657.9805982223","rd":"43.1208345499","sigma":"0","rptime":"1440666000","rpr":1665.5435732886,"rprd":42.578822805927,"rpsigma":"0","acre":1259.2909762784,"lacre":1259.2909762784,"oldacre":"1233.7766186776"},"p2rating":{"entryid":"94659","serverid":"eos","formatid":"monotype","userid":"neowulf","username":"Neowulf","w":"15","l":6,"t":"0","gxe":65.2,"r":"1627.6527794141","rd":"71.939203516544","sigma":"0","rptime":"1440666000","rpr":1620.0081809735,"rprd":69.652730188552,"rpsigma":"0","acre":1215.4115153226,"lacre":1215.4115153226,"oldacre":"1240.9258729234"},"endType":"normal"}