{"seed":[56435,36467,7178,36226],"turns":22,"p1":"Void KGBeast","p2":"Lytenary","p1team":[{"name":"Charizard","species":"Charizard","item":"charizarditey","ability":"Blaze","moves":["defog","focusblast","fireblast","solarbeam"],"nature":"Timid","evs":{"hp":0,"atk":0,"def":0,"spa":252,"spd":4,"spe":252},"ivs":{"hp":31,"atk":0,"def":31,"spa":31,"spd":31,"spe":31}},{"name":"Infernape","species":"Infernape","item":"focussash","ability":"Blaze","moves":["taunt","closecombat","fireblast","hiddenpowerice"],"nature":"Naive","evs":{"hp":0,"atk":252,"def":0,"spa":4,"spd":0,"spe":252},"ivs":{"hp":31,"atk":30,"def":30,"spa":31,"spd":31,"spe":31}},{"name":"Victini","species":"Victini","item":"choicescarf","ability":"Victory Star","moves":["vcreate","boltstrike","uturn","energyball"],"nature":"Naive","evs":{"hp":0,"atk":252,"def":0,"spa":4,"spd":0,"spe":252},"ivs":{"hp":31,"atk":31,"def":31,"spa":31,"spd":31,"spe":31}},{"name":"Heatran","species":"Heatran","item":"leftovers","ability":"Flash Fire","moves":["lavaplume","toxic","earthpower","flashcannon"],"nature":"Calm","evs":{"hp":248,"atk":0,"def":0,"spa":0,"spd":252,"spe":8},"ivs":{"hp":31,"atk":0,"def":31,"spa":31,"spd":31,"spe":31}},{"name":"Volcarona","species":"Volcarona","item":"leftovers","ability":"Flame Body","moves":["quiverdance","fierydance","bugbuzz","gigadrain"],"nature":"Bold","evs":{"hp":248,"atk":0,"def":252,"spa":0,"spd":0,"spe":8},"ivs":{"hp":31,"atk":0,"def":31,"spa":31,"spd":31,"spe":31}},{"name":"Torkoal","species":"Torkoal","item":"leftovers","ability":"White Smoke","moves":["stealthrock","lavaplume","rapidspin","yawn"],"nature":"Bold","evs":{"hp":248,"atk":0,"def":252,"spa":8,"spd":0,"spe":0},"ivs":{"hp":31,"atk":0,"def":31,"spa":31,"spd":31,"spe":31}}],"p2team":[{"name":"Zoroark","species":"Zoroark","item":"focussash","ability":"Illusion","moves":["snatch","copycat","shadowball","nightdaze"],"nature":"Timid","evs":{"hp":0,"atk":0,"def":0,"spa":252,"spd":4,"spe":252},"ivs":{"hp":31,"atk":31,"def":31,"spa":31,"spd":31,"spe":31}},{"name":"Houndoom","species":"Houndoom","item":"houndoominite","ability":"Early Bird","moves":["nastyplot","flamethrower","darkpulse","sludgebomb"],"nature":"Timid","evs":{"hp":0,"atk":0,"def":0,"spa":252,"spd":4,"spe":252},"ivs":{"hp":31,"atk":31,"def":31,"spa":31,"spd":31,"spe":31}},{"name":"Mandibuzz","species":"Mandibuzz","item":"rockyhelmet","ability":"Overcoat","moves":["roost","defog","foulplay","whirlwind"],"nature":"Bold","evs":{"hp":248,"atk":0,"def":252,"spa":0,"spd":8,"spe":0},"ivs":{"hp":31,"atk":31,"def":31,"spa":31,"spd":31,"spe":31}},{"name":"Hydreigon","species":"Hydreigon","item":"lifeorb","ability":"Levitate","moves":["dracometeor","darkpulse","flashcannon","flamethrower"],"nature":"Timid","evs":{"hp":0,"atk":0,"def":0,"spa":252,"spd":4,"spe":252},"ivs":{"hp":31,"atk":31,"def":31,"spa":31,"spd":31,"spe":31}},{"name":"Sableye","species":"Sableye","item":"leftovers","ability":"Prankster","moves":["recover","willowisp","confuseray","foulplay"],"nature":"Calm","evs":{"hp":252,"atk":0,"def":4,"spa":0,"spd":252,"spe":0},"ivs":{"hp":31,"atk":31,"def":31,"spa":31,"spd":31,"spe":31}},{"name":"Crawdaunt","species":"Crawdaunt","item":"focussash","ability":"Adaptability","moves":["dragondance","waterfall","knockoff","aquajet"],"nature":"Adamant","evs":{"hp":0,"atk":252,"def":0,"spa":0,"spd":4,"spe":252},"ivs":{"hp":31,"atk":31,"def":31,"spa":31,"spd":31,"spe":31}}],"log":["|player|p1|Void KGBeast|voidkgbeast.png","|player|p2|Lytenary|165","|gametype|singles","|gen|6","|tier|Monotype","|rated","|rule|Baton Pass Clause: Limit one Baton Passer, can't pass Spe and other stats simultaneously","|rule|Swagger Clause: Swagger is banned","|rule|Same Type Clause: Pokémon in a team must share a type","|clearpoke","|poke|p1|Charizard, F","|poke|p1|Infernape, F","|poke|p1|Victini","|poke|p1|Heatran, M","|poke|p1|Volcarona, M","|poke|p1|Torkoal, M","|poke|p2|Zoroark, F","|poke|p2|Houndoom, F","|poke|p2|Mandibuzz, F","|poke|p2|Hydreigon, F","|poke|p2|Sableye, F","|poke|p2|Crawdaunt, M","|rule|Sleep Clause Mod: Limit one foe put to sleep","|rule|Species Clause: Limit one of each Pokémon","|rule|OHKO Clause: OHKO moves are banned","|rule|Moody Clause: Moody is banned","|rule|Evasion Moves Clause: Evasion moves are banned","|rule|Endless Battle Clause: Forcing endless battles is banned","|rule|HP Percentage Mod: HP is shown in percentages","|teampreview","|","|start","|switch|p1a: Charizard|Charizard, F|297/297","|switch|p2a: Crawdaunt|Crawdaunt, M|261/261","|turn|1","|","|switch|p2a: Hydreigon|Hydreigon, F|325/325","|detailschange|p1a: Charizard|Charizard-Mega-Y, F","|-mega|p1a: Charizard|Charizard|Charizardite Y","|-weather|SunnyDay","|move|p1a: Charizard|Solar Beam|p2a: Hydreigon|[still]","|-prepare|p1a: Charizard|Solar Beam|p2a: Hydreigon","|-anim|p1a: Charizard|Solar Beam|p2a: Hydreigon","|-resisted|p2a: Hydreigon","|-damage|p2a: Hydreigon|240/325","|","|-weather|SunnyDay|[upkeep]","|turn|2","|","|switch|p1a: Heatran|Heatran, M|385/385","|move|p2a: Hydreigon|Draco Meteor|p1a: Heatran","|-resisted|p1a: Heatran","|-damage|p1a: Heatran|282/385","|-unboost|p2a: Hydreigon|spa|2","|-damage|p2a: Hydreigon|208/325|[from] item: Life Orb","|","|-weather|SunnyDay|[upkeep]","|-heal|p1a: Heatran|306/385|[from] item: Leftovers","|turn|3","|","|switch|p2a: Sableye|Sableye, F|304/304","|move|p1a: Heatran|Flash Cannon|p2a: Sableye","|-damage|p2a: Sableye|186/304","|","|-weather|SunnyDay|[upkeep]","|-heal|p1a: Heatran|330/385|[from] item: Leftovers","|-heal|p2a: Sableye|205/304|[from] item: Leftovers","|turn|4","|","|switch|p1a: Volcarona|Volcarona, M|373/373","|move|p2a: Sableye|Confuse Ray|p1a: Volcarona","|-start|p1a: Volcarona|confusion","|","|-weather|SunnyDay|[upkeep]","|-heal|p2a: Sableye|224/304|[from] item: Leftovers","|turn|5","|","|switch|p2a: Crawdaunt|Crawdaunt, M|261/261","|-activate|p1a: Volcarona|confusion","|move|p1a: Volcarona|Fiery Dance|p2a: Crawdaunt","|-enditem|p2a: Crawdaunt|Focus Sash","|replace|p2a: Zoroark|Zoroark, F|261/261","|-damage|p2a: Zoroark|1/261","|-boost|p1a: Volcarona|spa|1","|","|-weather|none","|turn|6","|","|move|p2a: Zoroark|Snatch|p2a: Zoroark","|-singleturn|p2a: Zoroark|Snatch","|-activate|p1a: Volcarona|confusion","|move|p1a: Volcarona|Fiery Dance|p2a: Zoroark","|-damage|p2a: Zoroark|0 fnt","|faint|p2a: Zoroark","|","|","|switch|p2a: Crawdaunt|Crawdaunt, M|267/267","|turn|7","|","|-end|p1a: Volcarona|confusion","|move|p1a: Volcarona|Giga Drain|p2a: Crawdaunt","|-crit|p2a: Crawdaunt","|-supereffective|p2a: Crawdaunt","|-enditem|p2a: Crawdaunt|Focus Sash","|-damage|p2a: Crawdaunt|1/267","|move|p2a: Crawdaunt|Dragon Dance|p2a: Crawdaunt","|-boost|p2a: Crawdaunt|atk|1","|-boost|p2a: Crawdaunt|spe|1","|","|turn|8","|","|move|p2a: Crawdaunt|Aqua Jet|p1a: Volcarona","|-supereffective|p1a: Volcarona","|-damage|p1a: Volcarona|73/373","|move|p1a: Volcarona|Giga Drain|p2a: Crawdaunt","|-supereffective|p2a: Crawdaunt","|-damage|p2a: Crawdaunt|0 fnt","|-heal|p1a: Volcarona|74/373|[from] drain|[of] p2a: Crawdaunt","|faint|p2a: Crawdaunt","|","|-heal|p1a: Volcarona|97/373|[from] item: Leftovers","|","|switch|p2a: Houndoom|Houndoom, F|291/291","|turn|9","|","|detailschange|p2a: Houndoom|Houndoom-Mega, F","|-mega|p2a: Houndoom|Houndoom|Houndoominite","|move|p2a: Houndoom|Flamethrower|p1a: Volcarona","|-damage|p1a: Volcarona|0 fnt","|faint|p1a: Volcarona","|","|","|switch|p1a: Infernape|Infernape, F|293/293","|turn|10","|","|switch|p2a: Sableye|Sableye, F|224/304","|switch|p1a: Charizard|Charizard-Mega-Y, F|297/297","|-weather|SunnyDay","|","|-weather|SunnyDay|[upkeep]","|-heal|p2a: Sableye|243/304|[from] item: Leftovers","|turn|11","|","|move|p2a: Sableye|Confuse Ray|p1a: Charizard","|-start|p1a: Charizard|confusion","|-activate|p1a: Charizard|confusion","|move|p1a: Charizard|Fire Blast|p2a: Sableye","|-damage|p2a: Sableye|0 fnt","|faint|p2a: Sableye","|","|-weather|SunnyDay|[upkeep]","|","|switch|p2a: Houndoom|Houndoom-Mega, F|291/291","|turn|12","|","|switch|p1a: Heatran|Heatran, M|330/385","|move|p2a: Houndoom|Nasty Plot|p2a: Houndoom","|-boost|p2a: Houndoom|spa|2","|","|-weather|SunnyDay|[upkeep]","|-damage|p2a: Houndoom|255/291|[from] ability: Solar Power","|-heal|p1a: Heatran|354/385|[from] item: Leftovers","|turn|13","|","|switch|p1a: Torkoal|Torkoal, M|343/343","|move|p2a: Houndoom|Dark Pulse|p1a: Torkoal","|-damage|p1a: Torkoal|0 fnt","|faint|p1a: Torkoal","|","|-weather|SunnyDay|[upkeep]","|-damage|p2a: Houndoom|219/291|[from] ability: Solar Power","|","|switch|p1a: Infernape|Infernape, F|293/293","|turn|14","|","|move|p2a: Houndoom|Dark Pulse|p1a: Infernape","|-resisted|p1a: Infernape","|-enditem|p1a: Infernape|Focus Sash","|-damage|p1a: Infernape|1/293","|cant|p1a: Infernape|flinch","|","|-weather|none","|turn|15","|","|move|p2a: Houndoom|Dark Pulse|p1a: Infernape","|-resisted|p1a: Infernape","|-damage|p1a: Infernape|0 fnt","|faint|p1a: Infernape","|","|","|switch|p1a: Heatran|Heatran, M|354/385","|turn|16","|","|move|p2a: Houndoom|Dark Pulse|p1a: Heatran","|-damage|p1a: Heatran|159/385","|move|p1a: Heatran|Earth Power|p2a: Houndoom","|-supereffective|p2a: Houndoom","|-damage|p2a: Houndoom|33/291","|","|-heal|p1a: Heatran|183/385|[from] item: Leftovers","|turn|17","|","|move|p2a: Houndoom|Dark Pulse|p1a: Heatran","|-damage|p1a: Heatran|0 fnt","|faint|p1a: Heatran","|","|","|switch|p1a: Victini|Victini|341/341","|turn|18","|","|switch|p2a: Mandibuzz|Mandibuzz, F|423/423","|move|p1a: Victini|U-turn|p2a: Mandibuzz","|-damage|p2a: Mandibuzz|371/423","|-damage|p1a: Victini|285/341|[from] item: Rocky Helmet|[of] p2a: Mandibuzz","|","|switch|p1a: Charizard|Charizard-Mega-Y, F|297/297","|-weather|SunnyDay","|","|-weather|SunnyDay|[upkeep]","|turn|19","|","|switch|p2a: Hydreigon|Hydreigon, F|208/325","|move|p1a: Charizard|Fire Blast|p2a: Hydreigon","|-resisted|p2a: Hydreigon","|-damage|p2a: Hydreigon|14/325","|","|-weather|SunnyDay|[upkeep]","|turn|20","|","|move|p1a: Charizard|Solar Beam|p2a: Hydreigon|[still]","|-prepare|p1a: Charizard|Solar Beam|p2a: Hydreigon","|-anim|p1a: Charizard|Solar Beam|p2a: Hydreigon","|-resisted|p2a: Hydreigon","|-damage|p2a: Hydreigon|0 fnt","|faint|p2a: Hydreigon","|","|-weather|SunnyDay|[upkeep]","|","|switch|p2a: Houndoom|Houndoom-Mega, F|33/291","|turn|21","|","|move|p2a: Houndoom|Dark Pulse|p1a: Charizard","|-damage|p1a: Charizard|81/297","|move|p1a: Charizard|Solar Beam|p2a: Houndoom|[still]","|-prepare|p1a: Charizard|Solar Beam|p2a: Houndoom","|-anim|p1a: Charizard|Solar Beam|p2a: Houndoom","|-resisted|p2a: Houndoom","|-damage|p2a: Houndoom|0 fnt","|faint|p2a: Houndoom","|","|-weather|SunnyDay|[upkeep]","|","|switch|p2a: Mandibuzz|Mandibuzz, F|371/423","|turn|22","|","|move|p1a: Charizard|Fire Blast|p2a: Mandibuzz","|-damage|p2a: Mandibuzz|23/423","|-status|p2a: Mandibuzz|brn","|move|p2a: Mandibuzz|Foul Play|p1a: Charizard","|-crit|p1a: Charizard","|-damage|p1a: Charizard|0 fnt","|faint|p1a: Charizard","|","|-weather|none","|-damage|p2a: Mandibuzz|0 fnt|[from] brn","|faint|p2a: Mandibuzz","|","|win|Void KGBeast"],"p1rating":{"entryid":"129714","serverid":"eos","formatid":"monotype","userid":"voidkgbeast","username":"Void KGBeast","w":30,"l":"13","t":"0","gxe":68.6,"r":"1671.883675972","rd":"55.91373048286","sigma":"0","rptime":"1440666000","rpr":1648.8419232638,"rprd":53.384210616987,"rpsigma":"0","acre":1241.7686896353,"lacre":1241.7686896353,"oldacre":"1228.6233597393"},"p2rating":{"entryid":"542309","serverid":"eos","formatid":"monotype","userid":"lytenary","username":"Lytenary","w":"1","l":1,"t":"0","gxe":51.8,"r":"1500","rd":"130","sigma":"0","rptime":"1440666000","rpr":1513.993291912,"rprd":116.96260299145,"rpsigma":"0","acre":1040.369893306,"lacre":1040.369893306,"oldacre":"1049.5349443756"},"endType":"normal"}