{"seed":[43805,7062,15756,11709],"turns":29,"p1":"GTX♅Bzumzum","p2":"SL Espeon","p1team":[{"name":"Thorns","species":"ferrothorn","item":"focussash","ability":"Iron Barbs","moves":["stealthrock","gyroball","leechseed","protect"],"nature":"Jolly","evs":{"hp":128,"atk":100,"def":116,"spa":0,"spd":120,"spe":44},"gender":"M","ivs":{"hp":31,"atk":31,"def":31,"spa":31,"spd":31,"spe":0}},{"name":"Brawloom","species":"breloom","item":"focussash","ability":"Technician","moves":["swordsdance","rocktomb","machpunch","spore"],"nature":"Jolly","evs":{"hp":4,"atk":252,"def":0,"spa":0,"spd":0,"spe":252},"gender":"M","shiny":true,"ivs":{"hp":31,"atk":31,"def":31,"spa":31,"spd":31,"spe":31}},{"name":"Healer","species":"shaymin","item":"leftovers","ability":"Natural Cure","moves":["aromatherapy","earthpower","airslash","seedflare"],"nature":"Calm","evs":{"hp":0,"atk":0,"def":0,"spa":252,"spd":4,"spe":252},"shiny":true,"ivs":{"hp":31,"atk":31,"def":31,"spa":31,"spd":31,"spe":31}},{"name":"Ludicool","species":"ludicolo","item":"leftovers","ability":"Swift Swim","moves":["icebeam","scald","gigadrain","raindance"],"nature":"Modest","evs":{"hp":200,"atk":0,"def":0,"spa":184,"spd":4,"spe":120},"gender":"M","shiny":true,"ivs":{"hp":31,"atk":31,"def":31,"spa":31,"spd":31,"spe":31}},{"name":"Great-ily","species":"cradily","item":"leftovers","ability":"Storm Drain","moves":["ancientpower","earthpower","recover","toxic"],"nature":"Calm","evs":{"hp":232,"atk":24,"def":0,"spa":0,"spd":252,"spe":0},"gender":"M","shiny":true,"ivs":{"hp":31,"atk":31,"def":31,"spa":31,"spd":31,"spe":31}},{"name":"Plantasaurus","species":"venusaur","item":"venusaurite","ability":"Chlorophyll","moves":["gigadrain","hiddenpowerrock","sludgebomb","synthesis"],"nature":"Modest","evs":{"hp":0,"atk":0,"def":68,"spa":188,"spd":0,"spe":252},"gender":"M","ivs":{"hp":31,"atk":31,"def":30,"spa":31,"spd":30,"spe":30},"shiny":true}],"p2team":[{"name":"Jirachi","species":"Jirachi","item":"choicescarf","ability":"Serene Grace","moves":["ironhead","uturn","zenheadbutt","icepunch"],"nature":"Jolly","evs":{"hp":0,"atk":252,"def":0,"spa":0,"spd":4,"spe":252},"ivs":{"hp":31,"atk":31,"def":31,"spa":31,"spd":31,"spe":31}},{"name":"Magnezone","species":"Magnezone","item":"choicescarf","ability":"Sturdy","moves":["voltswitch","thunderbolt","hiddenpowerice","flashcannon"],"nature":"Timid","evs":{"hp":0,"atk":0,"def":0,"spa":252,"spd":4,"spe":252},"ivs":{"hp":31,"atk":30,"def":30,"spa":31,"spd":31,"spe":31}},{"name":"Excadrill","species":"Excadrill","item":"choicescarf","ability":"Mold Breaker","moves":["rockslide","ironhead","xscissor","earthquake"],"nature":"Jolly","evs":{"hp":0,"atk":252,"def":0,"spa":0,"spd":4,"spe":252},"ivs":{"hp":31,"atk":31,"def":31,"spa":31,"spd":31,"spe":31}},{"name":"Lucario","species":"Lucario","item":"lifeorb","ability":"Inner Focus","moves":["vacuumwave","aurasphere","flashcannon","shadowball"],"nature":"Timid","evs":{"hp":0,"atk":0,"def":0,"spa":252,"spd":4,"spe":252},"ivs":{"hp":31,"atk":31,"def":31,"spa":31,"spd":31,"spe":31}},{"name":"Skarmory","species":"Skarmory","item":"rockyhelmet","ability":"Sturdy","moves":["bravebird","roost","stealthrock","defog"],"nature":"Impish","evs":{"hp":248,"atk":0,"def":236,"spa":0,"spd":0,"spe":24},"ivs":{"hp":31,"atk":31,"def":31,"spa":31,"spd":31,"spe":31}},{"name":"Heatran","species":"Heatran","item":"airballoon","ability":"Flash Fire","moves":["lavaplume","earthpower","protect","willowisp"],"nature":"Calm","evs":{"hp":248,"atk":0,"def":0,"spa":8,"spd":252,"spe":0},"ivs":{"hp":31,"atk":31,"def":31,"spa":31,"spd":31,"spe":31}}],"log":["|player|p1|GTX♅Bzumzum|225","|player|p2|SL Espeon|70","|gametype|singles","|gen|6","|tier|Monotype","|rated","|rule|Baton Pass Clause: Limit one Baton Passer, can't pass Spe and other stats simultaneously","|rule|Swagger Clause: Swagger is banned","|rule|Same Type Clause: Pokémon in a team must share a type","|clearpoke","|poke|p1|Ferrothorn, M","|poke|p1|Breloom, M, shiny","|poke|p1|Shaymin, shiny","|poke|p1|Ludicolo, M, shiny","|poke|p1|Cradily, M, shiny","|poke|p1|Venusaur, M, shiny","|poke|p2|Jirachi","|poke|p2|Magnezone","|poke|p2|Excadrill, F","|poke|p2|Lucario, M","|poke|p2|Skarmory, F","|poke|p2|Heatran, F","|rule|Sleep Clause Mod: Limit one foe put to sleep","|rule|Species Clause: Limit one of each Pokémon","|rule|OHKO Clause: OHKO moves are banned","|rule|Moody Clause: Moody is banned","|rule|Evasion Moves Clause: Evasion moves are banned","|rule|Endless Battle Clause: Forcing endless battles is banned","|rule|HP Percentage Mod: HP is shown in percentages","|teampreview","|","|start","|switch|p1a: Great-ily|Cradily, M, shiny|371/371","|switch|p2a: Jirachi|Jirachi|341/341","|turn|1","|","|switch|p1a: Thorns|Ferrothorn, M|321/321","|move|p2a: Jirachi|Iron Head|p1a: Thorns","|-resisted|p1a: Thorns","|-damage|p1a: Thorns|277/321","|-damage|p2a: Jirachi|299/341|[from] ability: Iron Barbs|[of] p1a: Thorns","|","|turn|2","|","|switch|p2a: Skarmory|Skarmory, F|333/333","|move|p1a: Thorns|Leech Seed|p2a: Skarmory","|-start|p2a: Skarmory|move: Leech Seed","|","|-damage|p2a: Skarmory|292/333|[from] Leech Seed|[of] p1a: Thorns","|-heal|p1a: Thorns|318/321|[silent]","|turn|3","|","|switch|p2a: Heatran|Heatran, F|385/385","|-item|p2a: Heatran|Air Balloon","|move|p1a: Thorns|Protect|p1a: Thorns","|-fail|p1a: Thorns","|","|turn|4","|","|move|p2a: Heatran|Lava Plume|p1a: Thorns","|-supereffective|p1a: Thorns","|-damage|p1a: Thorns|0 fnt","|faint|p1a: Thorns","|","|","|switch|p1a: Ludicool|Ludicolo, M, shiny|351/351","|turn|5","|","|move|p1a: Ludicool|Scald|p2a: Heatran","|-supereffective|p2a: Heatran","|-damage|p2a: Heatran|227/385","|-enditem|p2a: Heatran|Air Balloon","|move|p2a: Heatran|Lava Plume|p1a: Ludicool","|-damage|p1a: Ludicool|240/351","|","|-heal|p1a: Ludicool|261/351|[from] item: Leftovers","|turn|6","|","|move|p1a: Ludicool|Rain Dance|p1a: Ludicool","|-weather|RainDance","|move|p2a: Heatran|Lava Plume|p1a: Ludicool","|-damage|p1a: Ludicool|206/351","|","|-weather|RainDance|[upkeep]","|-heal|p1a: Ludicool|227/351|[from] item: Leftovers","|turn|7","|","|move|p2a: Heatran|Protect|p2a: Heatran","|-singleturn|p2a: Heatran|Protect","|move|p1a: Ludicool|Scald|p2a: Heatran","|-activate|p2a: Heatran|Protect","|","|-weather|RainDance|[upkeep]","|-heal|p1a: Ludicool|248/351|[from] item: Leftovers","|turn|8","|","|move|p1a: Ludicool|Scald|p2a: Heatran","|-supereffective|p2a: Heatran","|-damage|p2a: Heatran|5/385","|move|p2a: Heatran|Lava Plume|p1a: Ludicool","|-damage|p1a: Ludicool|191/351","|-status|p1a: Ludicool|brn","|","|-weather|RainDance|[upkeep]","|-heal|p1a: Ludicool|212/351 brn|[from] item: Leftovers","|-damage|p1a: Ludicool|169/351 brn|[from] brn","|turn|9","|","|switch|p1a: Healer|Shaymin, shiny|341/341","|move|p2a: Heatran|Protect|p2a: Heatran","|-fail|p2a: Heatran","|","|-weather|RainDance|[upkeep]","|turn|10","|","|move|p1a: Healer|Air Slash|p2a: Heatran","|-resisted|p2a: Heatran","|-damage|p2a: Heatran|0 fnt","|faint|p2a: Heatran","|","|-weather|none","|","|switch|p2a: Jirachi|Jirachi|299/341","|turn|11","|","|move|p2a: Jirachi|U-turn|p1a: Healer","|-supereffective|p1a: Healer","|-damage|p1a: Healer|195/341","|","|switch|p2a: Magnezone|Magnezone|281/281","|move|p1a: Healer|Earth Power|p2a: Magnezone","|-supereffective|p2a: Magnezone","|-ability|p2a: Magnezone|Sturdy","|-damage|p2a: Magnezone|1/281","|-unboost|p2a: Magnezone|spd|1","|","|-heal|p1a: Healer|216/341|[from] item: Leftovers","|turn|12","|","|move|p2a: Magnezone|Hidden Power|p1a: Healer","|-supereffective|p1a: Healer","|-damage|p1a: Healer|88/341","|move|p1a: Healer|Aromatherapy|p1a: Healer","|-cureteam|p1a: Healer|[from] move: Aromatherapy","|","|-heal|p1a: Healer|109/341|[from] item: Leftovers","|turn|13","|","|move|p2a: Magnezone|Hidden Power|p1a: Healer","|-supereffective|p1a: Healer","|-damage|p1a: Healer|0 fnt","|faint|p1a: Healer","|","|","|switch|p1a: Great-ily|Cradily, M, shiny|371/371","|turn|14","|","|switch|p2a: Jirachi|Jirachi|299/341","|move|p1a: Great-ily|Ancient Power|p2a: Jirachi","|-resisted|p2a: Jirachi","|-damage|p2a: Jirachi|269/341","|","|turn|15","|","|move|p2a: Jirachi|Iron Head|p1a: Great-ily","|-supereffective|p1a: Great-ily","|-damage|p1a: Great-ily|131/371","|cant|p1a: Great-ily|flinch","|","|-heal|p1a: Great-ily|154/371|[from] item: Leftovers","|turn|16","|","|switch|p1a: Ludicool|Ludicolo, M, shiny|169/351","|move|p2a: Jirachi|Iron Head|p1a: Ludicool","|-resisted|p1a: Ludicool","|-damage|p1a: Ludicool|90/351","|","|-heal|p1a: Ludicool|111/351|[from] item: Leftovers","|turn|17","|","|move|p2a: Jirachi|Iron Head|p1a: Ludicool","|-resisted|p1a: Ludicool","|-damage|p1a: Ludicool|29/351","|cant|p1a: Ludicool|flinch","|","|-heal|p1a: Ludicool|50/351|[from] item: Leftovers","|turn|18","|","|move|p2a: Jirachi|Iron Head|p1a: Ludicool","|-resisted|p1a: Ludicool","|-damage|p1a: Ludicool|0 fnt","|faint|p1a: Ludicool","|","|","|switch|p1a: Brawloom|Breloom, M, shiny|262/262","|turn|19","|","|switch|p2a: Magnezone|Magnezone|1/281","|move|p1a: Brawloom|Mach Punch|p2a: Magnezone","|-supereffective|p2a: Magnezone","|-damage|p2a: Magnezone|0 fnt","|faint|p2a: Magnezone","|","|","|switch|p2a: Lucario|Lucario, M|281/281","|turn|20","|","|move|p2a: Lucario|Vacuum Wave|p1a: Brawloom","|-damage|p1a: Brawloom|136/262","|-damage|p2a: Lucario|253/281|[from] item: Life Orb","|move|p1a: Brawloom|Spore|p2a: Lucario","|-status|p2a: Lucario|slp","|","|turn|21","|","|switch|p2a: Skarmory|Skarmory, F|292/333","|move|p1a: Brawloom|Swords Dance|p1a: Brawloom","|-boost|p1a: Brawloom|atk|2","|","|turn|22","|","|move|p1a: Brawloom|Rock Tomb|p2a: Skarmory","|-damage|p2a: Skarmory|161/333","|-unboost|p2a: Skarmory|spe|1","|move|p2a: Skarmory|Brave Bird|p1a: Brawloom","|-supereffective|p1a: Brawloom","|-damage|p1a: Brawloom|0 fnt","|-damage|p2a: Skarmory|116/333|[from] recoil|[of] p1a: Brawloom","|faint|p1a: Brawloom","|","|","|switch|p1a: Great-ily|Cradily, M, shiny|154/371","|turn|23","|","|move|p1a: Great-ily|Recover|p1a: Great-ily","|-heal|p1a: Great-ily|340/371","|move|p2a: Skarmory|Brave Bird|p1a: Great-ily","|-crit|p1a: Great-ily","|-damage|p1a: Great-ily|168/371","|-damage|p2a: Skarmory|59/333|[from] recoil|[of] p1a: Great-ily","|","|-heal|p1a: Great-ily|191/371|[from] item: Leftovers","|turn|24","|","|switch|p2a: Jirachi|Jirachi|269/341","|move|p1a: Great-ily|Recover|p1a: Great-ily","|-heal|p1a: Great-ily|371/371","|","|turn|25","|","|move|p2a: Jirachi|Iron Head|p1a: Great-ily","|-supereffective|p1a: Great-ily","|-damage|p1a: Great-ily|107/371","|move|p1a: Great-ily|Earth Power|p2a: Jirachi","|-supereffective|p2a: Jirachi","|-damage|p2a: Jirachi|145/341","|-unboost|p2a: Jirachi|spd|1","|","|-heal|p1a: Great-ily|130/371|[from] item: Leftovers","|turn|26","|","|move|p2a: Jirachi|Iron Head|p1a: Great-ily","|-supereffective|p1a: Great-ily","|-damage|p1a: Great-ily|0 fnt","|faint|p1a: Great-ily","|","|","|switch|p1a: Plantasaurus|Venusaur, M, shiny|301/301","|turn|27","|","|switch|p2a: Skarmory|Skarmory, F|59/333","|detailschange|p1a: Plantasaurus|Venusaur-Mega, M, shiny","|-mega|p1a: Plantasaurus|Venusaur|Venusaurite","|move|p1a: Plantasaurus|Giga Drain|p2a: Skarmory","|-crit|p2a: Skarmory","|-resisted|p2a: Skarmory","|-damage|p2a: Skarmory|0 fnt","|faint|p2a: Skarmory","|","|","|switch|p2a: Jirachi|Jirachi|145/341","|turn|28","|","|move|p2a: Jirachi|Zen Headbutt|p1a: Plantasaurus","|-supereffective|p1a: Plantasaurus","|-damage|p1a: Plantasaurus|127/301","|move|p1a: Plantasaurus|Hidden Power|p2a: Jirachi","|-resisted|p2a: Jirachi","|-damage|p2a: Jirachi|108/341","|","|turn|29","|","|move|p2a: Jirachi|Zen Headbutt|p1a: Plantasaurus","|-supereffective|p1a: Plantasaurus","|-damage|p1a: Plantasaurus|0 fnt","|faint|p1a: Plantasaurus","|","|win|SL Espeon"],"p1rating":{"entryid":"1463","serverid":"eos","formatid":"monotype","userid":"gtxbzumzum","username":"GTX♅Bzumzum","w":"20","l":57,"t":"0","gxe":27.7,"r":"1325.6404049447","rd":"44.217342731616","sigma":"0","rptime":"1440666000","rpr":1318.2841403955,"rprd":42.695244026916,"rpsigma":"0","acre":1005.9005282547,"lacre":1005.9005282547,"oldacre":"1015.1372420322"},"p2rating":{"entryid":"208929","serverid":"eos","formatid":"monotype","userid":"slespeon","username":"SL Espeon","w":5,"l":"5","t":"0","gxe":49,"r":"1453.7699721641","rd":"94.170740260406","sigma":"0","rptime":"1440666000","rpr":1491.9170051788,"rprd":88.782260895619,"rpsigma":"0","acre":1121.676249565,"lacre":1121.676249565,"oldacre":"1102.8574385725"},"endType":"normal"}