{"seed":[22688,5771,12385,16906],"turns":30,"p1":"Seven Swell","p2":"LightOfAKnowing","p1team":[{"name":"Mew","species":"Mew","item":"leftovers","ability":"Synchronize","moves":["roost","toxic","healbell","aurasphere"],"nature":"Calm","evs":{"hp":252,"atk":0,"def":0,"spa":4,"spd":252,"spe":0},"ivs":{"hp":31,"atk":0,"def":31,"spa":31,"spd":31,"spe":31}},{"name":"Slowbro","species":"Slowbro","item":"rockyhelmet","ability":"Regenerator","moves":["scald","yawn","flamethrower","slackoff"],"nature":"Bold","evs":{"hp":252,"atk":0,"def":252,"spa":4,"spd":0,"spe":0},"ivs":{"hp":31,"atk":0,"def":31,"spa":31,"spd":31,"spe":31}},{"name":"Deoxys-Speed","species":"Deoxys-Speed","item":"focussash","ability":"Pressure","moves":["stealthrock","thunderbolt","thunderwave","icebeam"],"nature":"Timid","evs":{"hp":252,"atk":0,"def":0,"spa":44,"spd":0,"spe":212},"ivs":{"hp":31,"atk":0,"def":31,"spa":31,"spd":31,"spe":31}},{"name":"Latias","species":"Latias","item":"leftovers","ability":"Levitate","moves":["dracometeor","psyshock","roost","defog"],"nature":"Timid","evs":{"hp":252,"atk":0,"def":0,"spa":4,"spd":0,"spe":252},"ivs":{"hp":31,"atk":0,"def":31,"spa":31,"spd":31,"spe":31}},{"name":"Hoopa-Unbound","species":"Hoopa-Unbound","item":"focussash","ability":"Magician","moves":["hyperspacefury","drainpunch","firepunch","gunkshot"],"nature":"Adamant","evs":{"hp":0,"atk":252,"def":0,"spa":0,"spd":4,"spe":252},"ivs":{"hp":31,"atk":31,"def":31,"spa":31,"spd":31,"spe":31}},{"name":"Gardevoir","species":"Gardevoir","item":"gardevoirite","ability":"Trace","moves":["hypervoice","psyshock","shadowball","taunt"],"nature":"Timid","evs":{"hp":0,"atk":0,"def":0,"spa":252,"spd":4,"spe":252},"ivs":{"hp":31,"atk":0,"def":31,"spa":31,"spd":31,"spe":31}}],"p2team":[{"name":"Sharpedo","species":"Sharpedo","item":"sharpedonite","ability":"Speed Boost","moves":["protect","substitute","crunch","waterfall"],"nature":"Adamant","evs":{"hp":0,"atk":252,"def":0,"spa":0,"spd":4,"spe":252},"ivs":{"hp":31,"atk":31,"def":31,"spa":31,"spd":31,"spe":31}},{"name":"Starmie","species":"Starmie","item":"lightclay","ability":"Natural Cure","moves":["rapidspin","scald","lightscreen","reflect"],"nature":"Timid","evs":{"hp":252,"atk":0,"def":0,"spa":4,"spd":0,"spe":252},"ivs":{"hp":31,"atk":31,"def":31,"spa":31,"spd":31,"spe":31}},{"name":"Azumarill","species":"Azumarill","item":"sitrusberry","ability":"Huge Power","moves":["bellydrum","aquajet","playrough","bodyslam"],"nature":"Adamant","evs":{"hp":252,"atk":252,"def":0,"spa":0,"spd":4,"spe":0},"ivs":{"hp":31,"atk":31,"def":31,"spa":31,"spd":31,"spe":31}},{"name":"Poliwrath","species":"Poliwrath","item":"leftovers","ability":"Water Absorb","moves":["substitute","focuspunch","poisonjab","waterfall"],"nature":"Adamant","evs":{"hp":252,"atk":252,"def":0,"spa":0,"spd":4,"spe":0},"ivs":{"hp":31,"atk":31,"def":31,"spa":31,"spd":31,"spe":31}},{"name":"Milotic","species":"Milotic","item":"leftovers","ability":"Competitive","moves":["mirrorcoat","scald","recover","magiccoat"],"nature":"Bold","evs":{"hp":248,"atk":0,"def":252,"spa":0,"spd":8,"spe":0},"ivs":{"hp":31,"atk":31,"def":31,"spa":31,"spd":31,"spe":31}},{"name":"Clawitzer","species":"Clawitzer","item":"choicescarf","ability":"Mega Launcher","moves":["waterpulse","aurasphere","darkpulse","dragonpulse"],"nature":"Timid","evs":{"hp":0,"atk":0,"def":0,"spa":252,"spd":4,"spe":252},"ivs":{"hp":31,"atk":31,"def":31,"spa":31,"spd":31,"spe":31}}],"log":["|player|p1|Seven Swell|sevenswell.png","|player|p2|LightOfAKnowing|lightofaknowing.png","|gametype|singles","|gen|6","|tier|Monotype","|rated","|rule|Baton Pass Clause: Limit one Baton Passer, can't pass Spe and other stats simultaneously","|rule|Swagger Clause: Swagger is banned","|rule|Same Type Clause: Pokémon in a team must share a type","|clearpoke","|poke|p1|Mew","|poke|p1|Slowbro, F","|poke|p1|Deoxys-Speed","|poke|p1|Latias, F","|poke|p1|Hoopa-Unbound","|poke|p1|Gardevoir, M","|poke|p2|Sharpedo, M","|poke|p2|Starmie","|poke|p2|Azumarill, F","|poke|p2|Poliwrath, M","|poke|p2|Milotic, M","|poke|p2|Clawitzer, M","|rule|Sleep Clause Mod: Limit one foe put to sleep","|rule|Species Clause: Limit one of each Pokémon","|rule|OHKO Clause: OHKO moves are banned","|rule|Moody Clause: Moody is banned","|rule|Evasion Moves Clause: Evasion moves are banned","|rule|Endless Battle Clause: Forcing endless battles is banned","|rule|HP Percentage Mod: HP is shown in percentages","|teampreview","|","|start","|switch|p1a: Gardevoir|Gardevoir, M|277/277","|switch|p2a: Starmie|Starmie|324/324","|-ability|p1a: Gardevoir|Natural Cure|[from] ability: Trace|[of] p2a: Starmie","|turn|1","|","|detailschange|p1a: Gardevoir|Gardevoir-Mega, M","|-mega|p1a: Gardevoir|Gardevoir|Gardevoirite","|move|p2a: Starmie|Light Screen|p2a: Starmie","|-sidestart|p2: LightOfAKnowing|move: Light Screen","|move|p1a: Gardevoir|Shadow Ball|p2a: Starmie","|-supereffective|p2a: Starmie","|-damage|p2a: Starmie|200/324","|","|turn|2","|","|move|p2a: Starmie|Reflect|p2a: Starmie","|-sidestart|p2: LightOfAKnowing|Reflect","|move|p1a: Gardevoir|Hyper Voice|p2a: Starmie","|-damage|p2a: Starmie|46/324","|","|turn|3","|","|move|p2a: Starmie|Scald|p1a: Gardevoir","|-damage|p1a: Gardevoir|201/277","|move|p1a: Gardevoir|Hyper Voice|p2a: Starmie","|-damage|p2a: Starmie|0 fnt","|faint|p2a: Starmie","|","|","|switch|p2a: Milotic|Milotic, M|393/393","|turn|4","|","|move|p1a: Gardevoir|Taunt|p2a: Milotic","|-start|p2a: Milotic|move: Taunt","|move|p2a: Milotic|Mirror Coat|p1a: Gardevoir","|-fail|p1a: Gardevoir","|","|turn|5","|","|switch|p1a: Mew|Mew|404/404","|move|p2a: Milotic|Mirror Coat|p1a: Mew","|-fail|p1a: Mew","|","|turn|6","|","|move|p1a: Mew|Toxic|p2a: Milotic","|-status|p2a: Milotic|tox","|move|p2a: Milotic|Scald|p1a: Mew","|-damage|p1a: Mew|338/404","|-status|p1a: Mew|brn","|","|-heal|p1a: Mew|363/404 brn|[from] item: Leftovers","|-damage|p1a: Mew|313/404 brn|[from] brn","|-damage|p2a: Milotic|369/393 tox|[from] psn","|-end|p2a: Milotic|move: Taunt","|turn|7","|","|switch|p2a: Sharpedo|Sharpedo, M|281/281","|move|p1a: Mew|Heal Bell|p1a: Mew","|-cureteam|p1a: Mew|[from] move: HealBell","|","|-heal|p1a: Mew|338/404|[from] item: Leftovers","|turn|8","|","|switch|p1a: Deoxys-Speed|Deoxys-Speed|304/304","|-ability|p1a: Deoxys-Speed|Pressure","|move|p2a: Sharpedo|Substitute|p2a: Sharpedo","|-start|p2a: Sharpedo|Substitute","|-damage|p2a: Sharpedo|211/281","|","|-sideend|p2: LightOfAKnowing|move: Light Screen","|-boost|p2a: Sharpedo|spe|1|[from] ability: Speed Boost","|turn|9","|","|move|p1a: Deoxys-Speed|Thunderbolt|p2a: Sharpedo","|-supereffective|p2a: Sharpedo","|-end|p2a: Sharpedo|Substitute","|move|p2a: Sharpedo|Crunch|p1a: Deoxys-Speed","|-supereffective|p1a: Deoxys-Speed","|-enditem|p1a: Deoxys-Speed|Focus Sash","|-damage|p1a: Deoxys-Speed|1/304","|","|-sideend|p2: LightOfAKnowing|Reflect","|-boost|p2a: Sharpedo|spe|1|[from] ability: Speed Boost","|turn|10","|","|move|p2a: Sharpedo|Protect|p2a: Sharpedo","|-singleturn|p2a: Sharpedo|Protect","|move|p1a: Deoxys-Speed|Thunderbolt|p2a: Sharpedo","|-activate|p2a: Sharpedo|Protect","|","|-boost|p2a: Sharpedo|spe|1|[from] ability: Speed Boost","|turn|11","|","|detailschange|p2a: Sharpedo|Sharpedo-Mega, M","|-mega|p2a: Sharpedo|Sharpedo|Sharpedonite","|move|p2a: Sharpedo|Crunch|p1a: Deoxys-Speed","|-supereffective|p1a: Deoxys-Speed","|-damage|p1a: Deoxys-Speed|0 fnt","|faint|p1a: Deoxys-Speed","|","|","|switch|p1a: Hoopa-Unbound|Hoopa-Unbound|301/301","|turn|12","|","|move|p2a: Sharpedo|Crunch|p1a: Hoopa-Unbound","|-enditem|p1a: Hoopa-Unbound|Focus Sash","|-damage|p1a: Hoopa-Unbound|1/301","|-unboost|p1a: Hoopa-Unbound|def|1","|move|p1a: Hoopa-Unbound|Drain Punch|p2a: Sharpedo","|-supereffective|p2a: Sharpedo","|-damage|p2a: Sharpedo|0 fnt","|-heal|p1a: Hoopa-Unbound|107/301|[from] drain|[of] p2a: Sharpedo","|faint|p2a: Sharpedo","|","|","|switch|p2a: Azumarill|Azumarill, F|404/404","|turn|13","|","|move|p2a: Azumarill|Aqua Jet|p1a: Hoopa-Unbound","|-damage|p1a: Hoopa-Unbound|0 fnt","|faint|p1a: Hoopa-Unbound","|","|","|switch|p1a: Slowbro|Slowbro, F|394/394","|turn|14","|","|move|p2a: Azumarill|Belly Drum|p2a: Azumarill","|-damage|p2a: Azumarill|202/404","|-setboost|p2a: Azumarill|atk|6|[from] move: Belly Drum","|-enditem|p2a: Azumarill|Sitrus Berry|[eat]","|-heal|p2a: Azumarill|303/404|[from] item: Sitrus Berry","|move|p1a: Slowbro|Yawn|p2a: Azumarill","|-start|p2a: Azumarill|move: Yawn|[of] p1a: Slowbro","|","|turn|15","|","|move|p2a: Azumarill|Play Rough|p1a: Slowbro","|-damage|p1a: Slowbro|0 fnt","|-damage|p2a: Azumarill|236/404|[from] item: Rocky Helmet|[of] p1a: Slowbro","|faint|p1a: Slowbro","|","|-end|p2a: Azumarill|move: Yawn|[silent]","|-status|p2a: Azumarill|slp","|","|switch|p1a: Gardevoir|Gardevoir-Mega, M|201/277","|turn|16","|","|cant|p2a: Azumarill|slp","|move|p1a: Gardevoir|Hyper Voice|p2a: Azumarill","|-damage|p2a: Azumarill|0 fnt","|faint|p2a: Azumarill","|","|","|switch|p2a: Milotic|Milotic, M|369/393 tox","|turn|17","|","|switch|p1a: Mew|Mew|338/404","|move|p2a: Milotic|Magic Coat|p2a: Milotic","|-singleturn|p2a: Milotic|move: Magic Coat","|","|-heal|p1a: Mew|363/404|[from] item: Leftovers","|-heal|p2a: Milotic|393/393 tox|[from] item: Leftovers","|-damage|p2a: Milotic|369/393 tox|[from] psn","|turn|18","|","|move|p1a: Mew|Toxic|p2a: Milotic","|-fail|p2a: Milotic|tox","|move|p2a: Milotic|Scald|p1a: Mew","|-damage|p1a: Mew|293/404","|","|-heal|p1a: Mew|318/404|[from] item: Leftovers","|-heal|p2a: Milotic|393/393 tox|[from] item: Leftovers","|-damage|p2a: Milotic|345/393 tox|[from] psn","|turn|19","|","|move|p2a: Milotic|Magic Coat|p2a: Milotic","|-singleturn|p2a: Milotic|move: Magic Coat","|move|p1a: Mew|Aura Sphere|p2a: Milotic","|-damage|p2a: Milotic|293/393 tox","|","|-heal|p1a: Mew|343/404|[from] item: Leftovers","|-heal|p2a: Milotic|317/393 tox|[from] item: Leftovers","|-damage|p2a: Milotic|245/393 tox|[from] psn","|turn|20","|","|move|p1a: Mew|Roost|p1a: Mew","|-heal|p1a: Mew|404/404","|move|p2a: Milotic|Mirror Coat|p1a: Mew","|-fail|p1a: Mew","|","|-heal|p2a: Milotic|269/393 tox|[from] item: Leftovers","|-damage|p2a: Milotic|173/393 tox|[from] psn","|turn|21","|","|move|p1a: Mew|Toxic|p2a: Milotic","|-fail|p2a: Milotic|tox","|move|p2a: Milotic|Scald|p1a: Mew","|-damage|p1a: Mew|340/404","|","|-heal|p1a: Mew|365/404|[from] item: Leftovers","|-heal|p2a: Milotic|197/393 tox|[from] item: Leftovers","|-damage|p2a: Milotic|77/393 tox|[from] psn","|turn|22","|","|move|p1a: Mew|Roost|p1a: Mew","|-heal|p1a: Mew|404/404","|move|p2a: Milotic|Mirror Coat|p1a: Mew","|-fail|p1a: Mew","|","|-heal|p2a: Milotic|101/393 tox|[from] item: Leftovers","|-damage|p2a: Milotic|0 fnt|[from] psn","|faint|p2a: Milotic","|","|switch|p2a: Clawitzer|Clawitzer, M|283/283","|turn|23","|","|move|p2a: Clawitzer|Dark Pulse|p1a: Mew","|-supereffective|p1a: Mew","|-damage|p1a: Mew|208/404","|move|p1a: Mew|Roost|p1a: Mew","|-heal|p1a: Mew|404/404","|","|turn|24","|","|move|p2a: Clawitzer|Dark Pulse|p1a: Mew","|-supereffective|p1a: Mew","|-damage|p1a: Mew|222/404","|move|p1a: Mew|Toxic|p2a: Clawitzer","|-status|p2a: Clawitzer|tox","|","|-heal|p1a: Mew|247/404|[from] item: Leftovers","|-damage|p2a: Clawitzer|266/283 tox|[from] psn","|turn|25","|","|move|p2a: Clawitzer|Dark Pulse|p1a: Mew","|-supereffective|p1a: Mew","|-damage|p1a: Mew|41/404","|move|p1a: Mew|Roost|p1a: Mew","|-heal|p1a: Mew|243/404","|","|-heal|p1a: Mew|268/404|[from] item: Leftovers","|-damage|p2a: Clawitzer|232/283 tox|[from] psn","|turn|26","|","|move|p2a: Clawitzer|Dark Pulse|p1a: Mew","|-supereffective|p1a: Mew","|-damage|p1a: Mew|68/404","|move|p1a: Mew|Roost|p1a: Mew","|-heal|p1a: Mew|270/404","|","|-heal|p1a: Mew|295/404|[from] item: Leftovers","|-damage|p2a: Clawitzer|181/283 tox|[from] psn","|turn|27","|","|move|p2a: Clawitzer|Dark Pulse|p1a: Mew","|-supereffective|p1a: Mew","|-damage|p1a: Mew|105/404","|move|p1a: Mew|Roost|p1a: Mew","|-heal|p1a: Mew|307/404","|","|-heal|p1a: Mew|332/404|[from] item: Leftovers","|-damage|p2a: Clawitzer|113/283 tox|[from] psn","|turn|28","|","|move|p2a: Clawitzer|Dark Pulse|p1a: Mew","|-supereffective|p1a: Mew","|-damage|p1a: Mew|124/404","|cant|p1a: Mew|flinch","|","|-heal|p1a: Mew|149/404|[from] item: Leftovers","|-damage|p2a: Clawitzer|28/283 tox|[from] psn","|turn|29","|","|switch|p1a: Gardevoir|Gardevoir-Mega, M|201/277","|move|p2a: Clawitzer|Dark Pulse|p1a: Gardevoir","|-damage|p1a: Gardevoir|88/277","|","|-damage|p2a: Clawitzer|0 fnt|[from] psn","|faint|p2a: Clawitzer","|","|switch|p2a: Poliwrath|Poliwrath, M|384/384","|turn|30","|","|move|p1a: Gardevoir|Hyper Voice|p2a: Poliwrath","|-supereffective|p2a: Poliwrath","|-damage|p2a: Poliwrath|0 fnt","|faint|p2a: Poliwrath","|","|win|Seven Swell"],"p1rating":{"entryid":"86214","serverid":"eos","formatid":"monotype","userid":"sevenswell","username":"Seven Swell","w":56,"l":"22","t":"0","gxe":70.8,"r":"1657.9805982223","rd":"43.1208345499","sigma":"0","rptime":"1440666000","rpr":1668.143792264,"rprd":42.33748037999,"rpsigma":"0","acre":1279.1448787836,"lacre":1279.1448787836,"oldacre":"1259.2909762784"},"p2rating":{"entryid":"386","serverid":"eos","formatid":"monotype","userid":"lightofaknowing","username":"LightOfAKnowing","w":"37","l":45,"t":"0","gxe":47.3,"r":"1477.0084457048","rd":"41.434222905381","sigma":"0","rptime":"1440666000","rpr":1479.2324666373,"rprd":40.967325449638,"rpsigma":"0","acre":1166.8829879893,"lacre":1166.8829879893,"oldacre":"1186.7368904945"},"endType":"normal"}