{"seed":[62865,30136,59184,2562],"turns":38,"p1":"Guard Quilluminati","p2":"DSV","p1team":[{"name":"Allen Iverson","species":"diancie","item":"diancite","ability":"Clear Body","moves":["protect","moonblast","earthpower","diamondstorm"],"nature":"Hasty","evs":{"hp":0,"atk":120,"def":0,"spa":128,"spd":8,"spe":252},"ivs":{"hp":31,"atk":31,"def":31,"spa":31,"spd":31,"spe":31}},{"name":"Fuckle","species":"shuckle","item":"redcard","ability":"Sturdy","moves":["stickyweb","stealthrock","knockoff","toxic"],"nature":"Sassy","evs":{"hp":0,"atk":0,"def":120,"spa":0,"spd":120,"spe":0},"shiny":true,"ivs":{"hp":31,"atk":31,"def":31,"spa":31,"spd":31,"spe":31}},{"name":"Omastar","species":"Omastar","item":"focussash","ability":"Shell Armor","moves":["shellsmash","icebeam","scald","earthpower"],"nature":"Modest","evs":{"hp":0,"atk":0,"def":0,"spa":252,"spd":4,"spe":252},"ivs":{"hp":31,"atk":31,"def":31,"spa":31,"spd":31,"spe":31}},{"name":"Cradily","species":"Cradily","item":"rockyhelmet","ability":"Storm Drain","moves":["barrier","gigadrain","recover","amnesia"],"nature":"Calm","evs":{"hp":248,"atk":0,"def":0,"spa":40,"spd":216,"spe":0},"shiny":true,"ivs":{"hp":31,"atk":31,"def":31,"spa":31,"spd":31,"spe":31}},{"name":"Terrakion","species":"Terrakion","item":"choicescarf","ability":"Justified","moves":["closecombat","earthquake","stoneedge","ironhead"],"nature":"Jolly","evs":{"hp":0,"atk":252,"def":0,"spa":0,"spd":4,"spe":252},"ivs":{"hp":31,"atk":31,"def":31,"spa":31,"spd":31,"spe":31}},{"name":"Tyranitar","species":"Tyranitar","item":"assaultvest","ability":"Sand Stream","moves":["crunch","stoneedge","fireblast","earthquake"],"nature":"Naughty","evs":{"hp":248,"atk":252,"def":0,"spa":8,"spd":0,"spe":0},"ivs":{"hp":31,"atk":31,"def":31,"spa":31,"spd":31,"spe":31}}],"p2team":[{"name":"Roserade","species":"Roserade","item":"lifeorb","ability":"Technician","moves":["hiddenpowerrock","sludgebomb","gigadrain","extrasensory"],"nature":"Timid","evs":{"hp":0,"atk":0,"def":0,"spa":252,"spd":4,"spe":252},"ivs":{"hp":31,"atk":31,"def":30,"spa":31,"spd":30,"spe":30}},{"name":"Ferrothorn","species":"Ferrothorn","item":"leftovers","ability":"Iron Barbs","moves":["thunderwave","leechseed","gyroball","stealthrock"],"nature":"Relaxed","evs":{"hp":252,"atk":0,"def":88,"spa":0,"spd":168,"spe":0},"ivs":{"hp":31,"atk":31,"def":31,"spa":31,"spd":31,"spe":0}},{"name":"Venusaur","species":"Venusaur","item":"venusaurite","ability":"Chlorophyll","moves":["hiddenpowerfire","leechseed","sludgebomb","synthesis"],"nature":"Bold","evs":{"hp":248,"atk":0,"def":96,"spa":0,"spd":144,"spe":20},"ivs":{"hp":31,"atk":30,"def":31,"spa":30,"spd":31,"spe":30}},{"name":"Cradily","species":"Cradily","item":"leftovers","ability":"Storm Drain","moves":["rockslide","recover","earthpower","toxic"],"nature":"Sassy","evs":{"hp":248,"atk":8,"def":0,"spa":0,"spd":252,"spe":0},"ivs":{"hp":31,"atk":31,"def":31,"spa":31,"spd":31,"spe":31}},{"name":"Rotom-Mow","species":"Rotom-Mow","item":"choicescarf","ability":"Levitate","moves":["thunderbolt","voltswitch","leafstorm","hiddenpowerice"],"nature":"Modest","evs":{"hp":0,"atk":0,"def":0,"spa":252,"spd":4,"spe":252},"ivs":{"hp":31,"atk":30,"def":30,"spa":31,"spd":31,"spe":31}},{"name":"Breloom","species":"Breloom","item":"focussash","ability":"Technician","moves":["swordsdance","spore","rocktomb","machpunch"],"nature":"Jolly","evs":{"hp":0,"atk":252,"def":0,"spa":0,"spd":4,"spe":252},"ivs":{"hp":31,"atk":31,"def":31,"spa":31,"spd":31,"spe":31}}],"log":["|player|p1|Guard Quilluminati|65","|player|p2|DSV|dsv.png","|gametype|singles","|gen|6","|tier|Monotype","|rated","|rule|Baton Pass Clause: Limit one Baton Passer, can't pass Spe and other stats simultaneously","|rule|Swagger Clause: Swagger is banned","|rule|Same Type Clause: Pokémon in a team must share a type","|clearpoke","|poke|p1|Diancie","|poke|p1|Shuckle, F, shiny","|poke|p1|Omastar, F","|poke|p1|Cradily, F, shiny","|poke|p1|Terrakion","|poke|p1|Tyranitar, F","|poke|p2|Roserade, M","|poke|p2|Ferrothorn, F","|poke|p2|Venusaur, F","|poke|p2|Cradily, F","|poke|p2|Rotom-Mow","|poke|p2|Breloom, M","|rule|Sleep Clause Mod: Limit one foe put to sleep","|rule|Species Clause: Limit one of each Pokémon","|rule|OHKO Clause: OHKO moves are banned","|rule|Moody Clause: Moody is banned","|rule|Evasion Moves Clause: Evasion moves are banned","|rule|Endless Battle Clause: Forcing endless battles is banned","|rule|HP Percentage Mod: HP is shown in percentages","|teampreview","|","|start","|switch|p1a: Fuckle|Shuckle, F, shiny|181/181","|switch|p2a: Breloom|Breloom, M|261/261","|turn|1","|","|move|p2a: Breloom|Spore|p1a: Fuckle","|-status|p1a: Fuckle|slp","|cant|p1a: Fuckle|slp","|","|turn|2","|","|move|p2a: Breloom|Rock Tomb|p1a: Fuckle|[miss]","|-miss|p2a: Breloom|p1a: Fuckle","|-curestatus|p1a: Fuckle|slp","|move|p1a: Fuckle|Knock Off|p2a: Breloom","|-resisted|p2a: Breloom","|-damage|p2a: Breloom|249/261","|-enditem|p2a: Breloom|Focus Sash|[from] move: Knock Off|[of] p1a: Fuckle","|","|turn|3","|","|move|p2a: Breloom|Spore|p1a: Fuckle","|-status|p1a: Fuckle|slp","|cant|p1a: Fuckle|slp","|","|turn|4","|","|move|p2a: Breloom|Rock Tomb|p1a: Fuckle","|-supereffective|p1a: Fuckle","|-damage|p1a: Fuckle|83/181 slp","|-unboost|p1a: Fuckle|spe|1","|-enditem|p1a: Fuckle|Red Card|[of] p2a: Breloom","|drag|p2a: Venusaur|Venusaur, F|363/363","|cant|p1a: Fuckle|slp","|","|turn|5","|","|switch|p2a: Breloom|Breloom, M|249/261","|-curestatus|p1a: Fuckle|slp","|move|p1a: Fuckle|Sticky Web|p2a: Breloom","|-sidestart|p2: DSV|move: Sticky Web","|","|turn|6","|","|move|p2a: Breloom|Spore|p1a: Fuckle","|-status|p1a: Fuckle|slp","|cant|p1a: Fuckle|slp","|","|turn|7","|","|switch|p1a: Allen Iverson|Diancie|241/241","|move|p2a: Breloom|Rock Tomb|p1a: Allen Iverson","|-crit|p1a: Allen Iverson","|-damage|p1a: Allen Iverson|116/241","|","|turn|8","|","|switch|p2a: Ferrothorn|Ferrothorn, F|352/352","|-activate|p2a: Ferrothorn|move: Sticky Web","|-unboost|p2a: Ferrothorn|spe|1","|detailschange|p1a: Allen Iverson|Diancie-Mega","|-mega|p1a: Allen Iverson|Diancie|Diancite","|move|p1a: Allen Iverson|Moonblast|p2a: Ferrothorn","|-resisted|p2a: Ferrothorn","|-damage|p2a: Ferrothorn|286/352","|","|-heal|p2a: Ferrothorn|308/352|[from] item: Leftovers","|turn|9","|","|switch|p1a: Tyranitar|Tyranitar, F|403/403","|-weather|Sandstorm","|move|p2a: Ferrothorn|Thunder Wave|p1a: Tyranitar","|-status|p1a: Tyranitar|par","|","|-weather|Sandstorm|[upkeep]","|-heal|p2a: Ferrothorn|330/352|[from] item: Leftovers","|turn|10","|","|move|p1a: Tyranitar|Fire Blast|p2a: Ferrothorn|[miss]","|-miss|p1a: Tyranitar|p2a: Ferrothorn","|move|p2a: Ferrothorn|Leech Seed|p1a: Tyranitar","|-start|p1a: Tyranitar|move: Leech Seed","|","|-weather|Sandstorm|[upkeep]","|-heal|p2a: Ferrothorn|352/352|[from] item: Leftovers","|-damage|p1a: Tyranitar|353/403 par|[from] Leech Seed|[of] p2a: Ferrothorn","|turn|11","|","|move|p1a: Tyranitar|Fire Blast|p2a: Ferrothorn","|-supereffective|p2a: Ferrothorn","|-damage|p2a: Ferrothorn|112/352","|-status|p2a: Ferrothorn|brn","|move|p2a: Ferrothorn|Stealth Rock|p1a: Tyranitar","|-sidestart|p1: Guard Quilluminati|move: Stealth Rock","|","|-weather|Sandstorm|[upkeep]","|-heal|p2a: Ferrothorn|134/352 brn|[from] item: Leftovers","|-damage|p1a: Tyranitar|303/403 par|[from] Leech Seed|[of] p2a: Ferrothorn","|-heal|p2a: Ferrothorn|184/352 brn|[silent]","|-damage|p2a: Ferrothorn|140/352 brn|[from] brn","|turn|12","|","|move|p1a: Tyranitar|Fire Blast|p2a: Ferrothorn|[miss]","|-miss|p1a: Tyranitar|p2a: Ferrothorn","|move|p2a: Ferrothorn|Gyro Ball|p1a: Tyranitar","|-crit|p1a: Tyranitar","|-supereffective|p1a: Tyranitar","|-damage|p1a: Tyranitar|248/403 par","|","|-weather|Sandstorm|[upkeep]","|-heal|p2a: Ferrothorn|162/352 brn|[from] item: Leftovers","|-damage|p1a: Tyranitar|198/403 par|[from] Leech Seed|[of] p2a: Ferrothorn","|-heal|p2a: Ferrothorn|212/352 brn|[silent]","|-damage|p2a: Ferrothorn|168/352 brn|[from] brn","|turn|13","|","|cant|p1a: Tyranitar|par","|move|p2a: Ferrothorn|Gyro Ball|p1a: Tyranitar","|-supereffective|p1a: Tyranitar","|-damage|p1a: Tyranitar|158/403 par","|","|-weather|none","|-heal|p2a: Ferrothorn|190/352 brn|[from] item: Leftovers","|-damage|p1a: Tyranitar|108/403 par|[from] Leech Seed|[of] p2a: Ferrothorn","|-heal|p2a: Ferrothorn|240/352 brn|[silent]","|-damage|p2a: Ferrothorn|196/352 brn|[from] brn","|turn|14","|","|cant|p1a: Tyranitar|par","|move|p2a: Ferrothorn|Gyro Ball|p1a: Tyranitar","|-supereffective|p1a: Tyranitar","|-damage|p1a: Tyranitar|69/403 par","|","|-heal|p2a: Ferrothorn|218/352 brn|[from] item: Leftovers","|-damage|p1a: Tyranitar|19/403 par|[from] Leech Seed|[of] p2a: Ferrothorn","|-heal|p2a: Ferrothorn|268/352 brn|[silent]","|-damage|p2a: Ferrothorn|224/352 brn|[from] brn","|turn|15","|","|cant|p1a: Tyranitar|par","|move|p2a: Ferrothorn|Gyro Ball|p1a: Tyranitar","|-supereffective|p1a: Tyranitar","|-damage|p1a: Tyranitar|0 fnt","|faint|p1a: Tyranitar","|","|-heal|p2a: Ferrothorn|246/352 brn|[from] item: Leftovers","|-damage|p2a: Ferrothorn|202/352 brn|[from] brn","|","|switch|p1a: Cradily|Cradily, F, shiny|375/375","|-damage|p1a: Cradily|329/375|[from] Stealth Rock","|turn|16","|","|move|p1a: Cradily|Barrier|p1a: Cradily","|-boost|p1a: Cradily|def|2","|move|p2a: Ferrothorn|Thunder Wave|p1a: Cradily","|-status|p1a: Cradily|par","|","|-heal|p2a: Ferrothorn|224/352 brn|[from] item: Leftovers","|-damage|p2a: Ferrothorn|180/352 brn|[from] brn","|turn|17","|","|move|p1a: Cradily|Recover|p1a: Cradily","|-heal|p1a: Cradily|375/375 par","|move|p2a: Ferrothorn|Gyro Ball|p1a: Cradily","|-supereffective|p1a: Cradily","|-damage|p1a: Cradily|359/375 par","|-damage|p2a: Ferrothorn|122/352 brn|[from] item: Rocky Helmet|[of] p1a: Cradily","|","|-heal|p2a: Ferrothorn|144/352 brn|[from] item: Leftovers","|-damage|p2a: Ferrothorn|100/352 brn|[from] brn","|turn|18","|","|move|p1a: Cradily|Amnesia|p1a: Cradily","|-boost|p1a: Cradily|spd|2","|move|p2a: Ferrothorn|Gyro Ball|p1a: Cradily","|-supereffective|p1a: Cradily","|-damage|p1a: Cradily|341/375 par","|-damage|p2a: Ferrothorn|42/352 brn|[from] item: Rocky Helmet|[of] p1a: Cradily","|","|-heal|p2a: Ferrothorn|64/352 brn|[from] item: Leftovers","|-damage|p2a: Ferrothorn|20/352 brn|[from] brn","|turn|19","|","|move|p1a: Cradily|Barrier|p1a: Cradily","|-boost|p1a: Cradily|def|2","|move|p2a: Ferrothorn|Gyro Ball|p1a: Cradily","|-supereffective|p1a: Cradily","|-damage|p1a: Cradily|329/375 par","|-damage|p2a: Ferrothorn|0 fnt|[from] item: Rocky Helmet|[of] p1a: Cradily","|faint|p2a: Ferrothorn","|","|","|switch|p2a: Cradily|Cradily, F|375/375","|-activate|p2a: Cradily|move: Sticky Web","|-unboost|p2a: Cradily|spe|1","|turn|20","|","|move|p2a: Cradily|Rock Slide|p1a: Cradily","|-damage|p1a: Cradily|304/375 par","|move|p1a: Cradily|Giga Drain|p2a: Cradily","|-damage|p2a: Cradily|323/375","|-heal|p1a: Cradily|330/375 par|[from] drain|[of] p2a: Cradily","|","|-heal|p2a: Cradily|346/375|[from] item: Leftovers","|turn|21","|","|move|p2a: Cradily|Earth Power|p1a: Cradily","|-damage|p1a: Cradily|307/375 par","|move|p1a: Cradily|Giga Drain|p2a: Cradily","|-damage|p2a: Cradily|289/375","|-heal|p1a: Cradily|336/375 par|[from] drain|[of] p2a: Cradily","|","|-heal|p2a: Cradily|312/375|[from] item: Leftovers","|turn|22","|","|move|p2a: Cradily|Earth Power|p1a: Cradily","|-damage|p1a: Cradily|315/375 par","|cant|p1a: Cradily|par","|","|-heal|p2a: Cradily|335/375|[from] item: Leftovers","|turn|23","|","|move|p2a: Cradily|Rock Slide|p1a: Cradily","|-damage|p1a: Cradily|287/375 par","|cant|p1a: Cradily|par","|","|-heal|p2a: Cradily|358/375|[from] item: Leftovers","|turn|24","|","|move|p2a: Cradily|Rock Slide|p1a: Cradily","|-damage|p1a: Cradily|259/375 par","|move|p1a: Cradily|Amnesia|p1a: Cradily","|-boost|p1a: Cradily|spd|2","|","|-heal|p2a: Cradily|375/375|[from] item: Leftovers","|turn|25","|","|move|p2a: Cradily|Rock Slide|p1a: Cradily","|-damage|p1a: Cradily|232/375 par","|move|p1a: Cradily|Amnesia|p1a: Cradily","|-boost|p1a: Cradily|spd|2","|","|turn|26","|","|move|p2a: Cradily|Rock Slide|p1a: Cradily","|-damage|p1a: Cradily|204/375 par","|cant|p1a: Cradily|par","|","|turn|27","|","|switch|p2a: Breloom|Breloom, M|249/261","|-activate|p2a: Breloom|move: Sticky Web","|-unboost|p2a: Breloom|spe|1","|move|p1a: Cradily|Recover|p1a: Cradily","|-heal|p1a: Cradily|375/375 par","|","|turn|28","|player|p2","|player|p2|DSV|dsv.png","|","|move|p2a: Breloom|Swords Dance|p2a: Breloom","|-boost|p2a: Breloom|atk|2","|cant|p1a: Cradily|par","|","|turn|29","|","|move|p2a: Breloom|Swords Dance|p2a: Breloom","|-boost|p2a: Breloom|atk|2","|move|p1a: Cradily|Barrier|p1a: Cradily","|-boost|p1a: Cradily|def|2","|","|turn|30","|","|move|p2a: Breloom|Rock Tomb|p1a: Cradily","|-damage|p1a: Cradily|299/375 par","|-unboost|p1a: Cradily|spe|1","|move|p1a: Cradily|Recover|p1a: Cradily","|-heal|p1a: Cradily|375/375 par","|","|turn|31","|","|move|p2a: Breloom|Swords Dance|p2a: Breloom","|-boost|p2a: Breloom|atk|2","|move|p1a: Cradily|Giga Drain|p2a: Breloom","|-resisted|p2a: Breloom","|-damage|p2a: Breloom|195/261","|","|turn|32","|","|move|p2a: Breloom|Mach Punch|p1a: Cradily","|-supereffective|p1a: Cradily","|-damage|p1a: Cradily|141/375 par","|-damage|p2a: Breloom|152/261|[from] item: Rocky Helmet|[of] p1a: Cradily","|cant|p1a: Cradily|par","|","|turn|33","|","|move|p2a: Breloom|Mach Punch|p1a: Cradily","|-supereffective|p1a: Cradily","|-damage|p1a: Cradily|0 fnt","|-damage|p2a: Breloom|109/261|[from] item: Rocky Helmet|[of] p1a: Cradily","|faint|p1a: Cradily","|","|","|switch|p1a: Omastar|Omastar, F|281/281","|-damage|p1a: Omastar|246/281|[from] Stealth Rock","|turn|34","|","|move|p2a: Breloom|Mach Punch|p1a: Omastar","|-supereffective|p1a: Omastar","|-damage|p1a: Omastar|0 fnt","|faint|p1a: Omastar","|","|","|switch|p1a: Fuckle|Shuckle, F, shiny|83/181 slp","|-damage|p1a: Fuckle|38/181 slp|[from] Stealth Rock","|turn|35","|","|move|p2a: Breloom|Mach Punch|p1a: Fuckle","|-damage|p1a: Fuckle|0 fnt","|faint|p1a: Fuckle","|","|","|switch|p1a: Allen Iverson|Diancie-Mega|116/241","|-damage|p1a: Allen Iverson|86/241|[from] Stealth Rock","|turn|36","|","|move|p1a: Allen Iverson|Protect|p1a: Allen Iverson","|-singleturn|p1a: Allen Iverson|Protect","|move|p2a: Breloom|Mach Punch|p1a: Allen Iverson","|-activate|p1a: Allen Iverson|Protect","|","|turn|37","|","|move|p2a: Breloom|Mach Punch|p1a: Allen Iverson","|-crit|p1a: Allen Iverson","|-damage|p1a: Allen Iverson|0 fnt","|faint|p1a: Allen Iverson","|","|","|switch|p1a: Terrakion|Terrakion|323/323","|-damage|p1a: Terrakion|303/323|[from] Stealth Rock","|turn|38","|","|move|p2a: Breloom|Mach Punch|p1a: Terrakion","|-supereffective|p1a: Terrakion","|-damage|p1a: Terrakion|0 fnt","|faint|p1a: Terrakion","|","|win|DSV"],"p1rating":{"entryid":"265729","serverid":"eos","formatid":"monotype","userid":"guardquilluminati","username":"Guard Quilluminati","w":"9","l":15,"t":"0","gxe":44,"r":"1447.5985178479","rd":"68.506568982547","sigma":"0","rptime":"1440666000","rpr":1453.9939722227,"rprd":66.324430177873,"rpsigma":"0","acre":1059.5035499881,"lacre":1059.5035499881,"oldacre":"1071.7357346301"},"p2rating":{"entryid":"159982","serverid":"eos","formatid":"monotype","userid":"dsv","username":"DSV","w":18,"l":"8","t":"0","gxe":64.4,"r":"1611.3486873583","rd":"70.341325600167","sigma":"0","rptime":"1440666000","rpr":1613.545556273,"rprd":64.285674966417,"rpsigma":"0","acre":1238.143404709,"lacre":1238.143404709,"oldacre":"1223.4131874495"},"endType":"normal"}