{"seed":[1641,44231,43568,64604],"turns":33,"p1":"LightOfAKnowing","p2":"Alliance ♋ akaFila","p1team":[{"name":"Sharpedo","species":"Sharpedo","item":"sharpedonite","ability":"Speed Boost","moves":["protect","substitute","crunch","waterfall"],"nature":"Adamant","evs":{"hp":0,"atk":252,"def":0,"spa":0,"spd":4,"spe":252},"ivs":{"hp":31,"atk":31,"def":31,"spa":31,"spd":31,"spe":31}},{"name":"Starmie","species":"Starmie","item":"lightclay","ability":"Natural Cure","moves":["rapidspin","scald","lightscreen","reflect"],"nature":"Timid","evs":{"hp":252,"atk":0,"def":0,"spa":4,"spd":0,"spe":252},"ivs":{"hp":31,"atk":31,"def":31,"spa":31,"spd":31,"spe":31}},{"name":"Azumarill","species":"Azumarill","item":"sitrusberry","ability":"Huge Power","moves":["bellydrum","aquajet","playrough","bodyslam"],"nature":"Adamant","evs":{"hp":252,"atk":252,"def":0,"spa":0,"spd":4,"spe":0},"ivs":{"hp":31,"atk":31,"def":31,"spa":31,"spd":31,"spe":31}},{"name":"Poliwrath","species":"Poliwrath","item":"leftovers","ability":"Water Absorb","moves":["substitute","focuspunch","poisonjab","waterfall"],"nature":"Adamant","evs":{"hp":252,"atk":252,"def":0,"spa":0,"spd":4,"spe":0},"ivs":{"hp":31,"atk":31,"def":31,"spa":31,"spd":31,"spe":31}},{"name":"Milotic","species":"Milotic","item":"leftovers","ability":"Competitive","moves":["mirrorcoat","scald","recover","magiccoat"],"nature":"Bold","evs":{"hp":248,"atk":0,"def":252,"spa":0,"spd":8,"spe":0},"ivs":{"hp":31,"atk":31,"def":31,"spa":31,"spd":31,"spe":31}},{"name":"Clawitzer","species":"Clawitzer","item":"choicescarf","ability":"Mega Launcher","moves":["waterpulse","aurasphere","darkpulse","dragonpulse"],"nature":"Timid","evs":{"hp":0,"atk":0,"def":0,"spa":252,"spd":4,"spe":252},"ivs":{"hp":31,"atk":31,"def":31,"spa":31,"spd":31,"spe":31}}],"p2team":[{"name":"Landorus","species":"Landorus","item":"lifeorb","ability":"Sheer Force","moves":["earthpower","focusblast","psychic","gravity"],"nature":"Timid","evs":{"hp":0,"atk":0,"def":0,"spa":252,"spd":4,"spe":252},"ivs":{"hp":31,"atk":31,"def":31,"spa":31,"spd":31,"spe":31}},{"name":"Zygarde","species":"Zygarde","item":"leftovers","ability":"Aura Break","moves":["coil","earthquake","crunch","extremespeed"],"nature":"Impish","evs":{"hp":200,"atk":0,"def":252,"spa":0,"spd":0,"spe":56},"ivs":{"hp":31,"atk":31,"def":31,"spa":31,"spd":31,"spe":31}},{"name":"Mamoswine","species":"Mamoswine","item":"focussash","ability":"Thick Fat","moves":["stealthrock","freezedry","earthquake","iceshard"],"nature":"Naive","evs":{"hp":0,"atk":252,"def":0,"spa":6,"spd":0,"spe":252},"ivs":{"hp":31,"atk":31,"def":31,"spa":31,"spd":31,"spe":31}},{"name":"Gastrodon","species":"Gastrodon","item":"leftovers","ability":"Storm Drain","moves":["scald","stockpile","toxic","recover"],"nature":"Calm","evs":{"hp":252,"atk":0,"def":120,"spa":0,"spd":136,"spe":0},"gender":"F","shiny":true,"ivs":{"hp":31,"atk":31,"def":31,"spa":31,"spd":31,"spe":31}},{"name":"Torterra","species":"Torterra","item":"salacberry","ability":"Overgrow","moves":["rockpolish","seedbomb","earthquake","stoneedge"],"nature":"Adamant","evs":{"hp":0,"atk":252,"def":0,"spa":0,"spd":4,"spe":252},"happiness":0,"ivs":{"hp":31,"atk":31,"def":31,"spa":31,"spd":31,"spe":31}},{"name":"Excadrill","species":"Excadrill","item":"choicescarf","ability":"Mold Breaker","moves":["earthquake","ironhead","rockslide","xscissor"],"nature":"Jolly","evs":{"hp":0,"atk":252,"def":0,"spa":0,"spd":4,"spe":252},"ivs":{"hp":31,"atk":31,"def":31,"spa":31,"spd":31,"spe":31}}],"log":["|player|p1|LightOfAKnowing|lightofaknowing.png","|player|p2|Alliance ♋ akaFila|allianceakafila.gif","|gametype|singles","|gen|6","|tier|Monotype","|rated","|rule|Baton Pass Clause: Limit one Baton Passer, can't pass Spe and other stats simultaneously","|rule|Swagger Clause: Swagger is banned","|rule|Same Type Clause: Pokémon in a team must share a type","|clearpoke","|poke|p1|Sharpedo, M","|poke|p1|Starmie","|poke|p1|Azumarill, M","|poke|p1|Poliwrath, M","|poke|p1|Milotic, F","|poke|p1|Clawitzer, F","|poke|p2|Landorus, M","|poke|p2|Zygarde","|poke|p2|Mamoswine, M","|poke|p2|Gastrodon, F, shiny","|poke|p2|Torterra, F","|poke|p2|Excadrill, F","|rule|Sleep Clause Mod: Limit one foe put to sleep","|rule|Species Clause: Limit one of each Pokémon","|rule|OHKO Clause: OHKO moves are banned","|rule|Moody Clause: Moody is banned","|rule|Evasion Moves Clause: Evasion moves are banned","|rule|Endless Battle Clause: Forcing endless battles is banned","|rule|HP Percentage Mod: HP is shown in percentages","|teampreview","|","|start","|switch|p1a: Starmie|Starmie|324/324","|switch|p2a: Mamoswine|Mamoswine, M|361/361","|turn|1","|","|move|p1a: Starmie|Reflect|p1a: Starmie","|-sidestart|p1: LightOfAKnowing|Reflect","|move|p2a: Mamoswine|Earthquake|p1a: Starmie","|-damage|p1a: Starmie|218/324","|","|turn|2","|","|move|p1a: Starmie|Light Screen|p1a: Starmie","|-sidestart|p1: LightOfAKnowing|move: Light Screen","|move|p2a: Mamoswine|Stealth Rock|p1a: Starmie","|-sidestart|p1: LightOfAKnowing|move: Stealth Rock","|","|turn|3","|","|switch|p2a: Gastrodon|Gastrodon, F, shiny|426/426","|move|p1a: Starmie|Scald|p2a: Gastrodon","|-boost|p2a: Gastrodon|spa|1|[from] ability: Storm Drain","|","|turn|4","|","|move|p1a: Starmie|Rapid Spin|p2a: Gastrodon","|-damage|p2a: Gastrodon|414/426","|-sideend|p1: LightOfAKnowing|Stealth Rock|[from] move: Rapid Spin|[of] p1a: Starmie","|move|p2a: Gastrodon|Toxic|p1a: Starmie","|-status|p1a: Starmie|tox","|","|-heal|p2a: Gastrodon|426/426|[from] item: Leftovers","|-damage|p1a: Starmie|198/324 tox|[from] psn","|turn|5","|","|switch|p1a: Milotic|Milotic, F|393/393","|move|p2a: Gastrodon|Scald|p1a: Milotic","|-resisted|p1a: Milotic","|-damage|p1a: Milotic|368/393","|-status|p1a: Milotic|brn","|","|-heal|p1a: Milotic|392/393 brn|[from] item: Leftovers","|-damage|p1a: Milotic|343/393 brn|[from] brn","|turn|6","|","|switch|p2a: Excadrill|Excadrill, F|361/361","|-ability|p2a: Excadrill|Mold Breaker","|move|p1a: Milotic|Magic Coat|p1a: Milotic","|-singleturn|p1a: Milotic|move: Magic Coat","|","|-heal|p1a: Milotic|367/393 brn|[from] item: Leftovers","|-damage|p1a: Milotic|318/393 brn|[from] brn","|turn|7","|","|switch|p2a: Gastrodon|Gastrodon, F, shiny|426/426","|move|p1a: Milotic|Scald|p2a: Gastrodon","|-boost|p2a: Gastrodon|spa|1|[from] ability: Storm Drain","|","|-heal|p1a: Milotic|342/393 brn|[from] item: Leftovers","|-damage|p1a: Milotic|293/393 brn|[from] brn","|turn|8","|","|switch|p2a: Torterra|Torterra, F|331/331","|move|p1a: Milotic|Mirror Coat|p2a: Torterra","|-fail|p2a: Torterra","|","|-heal|p1a: Milotic|317/393 brn|[from] item: Leftovers","|-damage|p1a: Milotic|268/393 brn|[from] brn","|-sideend|p1: LightOfAKnowing|Reflect","|turn|9","|","|move|p2a: Torterra|Seed Bomb|p1a: Milotic","|-supereffective|p1a: Milotic","|-damage|p1a: Milotic|28/393 brn","|move|p1a: Milotic|Scald|p2a: Torterra","|-damage|p2a: Torterra|222/331","|","|-heal|p1a: Milotic|52/393 brn|[from] item: Leftovers","|-damage|p1a: Milotic|3/393 brn|[from] brn","|-sideend|p1: LightOfAKnowing|move: Light Screen","|turn|10","|","|move|p2a: Torterra|Earthquake|p1a: Milotic","|-damage|p1a: Milotic|0 fnt","|faint|p1a: Milotic","|","|","|switch|p1a: Starmie|Starmie|198/324","|turn|11","|","|move|p1a: Starmie|Reflect|p1a: Starmie","|-sidestart|p1: LightOfAKnowing|Reflect","|move|p2a: Torterra|Rock Polish|p2a: Torterra","|-boost|p2a: Torterra|spe|2","|","|turn|12","|","|move|p2a: Torterra|Seed Bomb|p1a: Starmie","|-supereffective|p1a: Starmie","|-damage|p1a: Starmie|53/324","|move|p1a: Starmie|Scald|p2a: Torterra","|-crit|p2a: Torterra","|-damage|p2a: Torterra|72/331","|-status|p2a: Torterra|brn","|-enditem|p2a: Torterra|Salac Berry|[eat]","|-boost|p2a: Torterra|spe|1|[from] item: Salac Berry","|","|-damage|p2a: Torterra|31/331 brn|[from] brn","|turn|13","|","|move|p2a: Torterra|Seed Bomb|p1a: Starmie","|-supereffective|p1a: Starmie","|-damage|p1a: Starmie|0 fnt","|faint|p1a: Starmie","|","|-damage|p2a: Torterra|0 fnt|[from] brn","|faint|p2a: Torterra","|","|switch|p1a: Sharpedo|Sharpedo, M|281/281","|switch|p2a: Mamoswine|Mamoswine, M|361/361","|turn|14","|","|move|p1a: Sharpedo|Protect|p1a: Sharpedo","|-singleturn|p1a: Sharpedo|Protect","|move|p2a: Mamoswine|Freeze-Dry|p1a: Sharpedo","|-activate|p1a: Sharpedo|Protect","|","|-boost|p1a: Sharpedo|spe|1|[from] ability: Speed Boost","|turn|15","|","|move|p1a: Sharpedo|Substitute|p1a: Sharpedo","|-start|p1a: Sharpedo|Substitute","|-damage|p1a: Sharpedo|211/281","|move|p2a: Mamoswine|Freeze-Dry|p1a: Sharpedo","|-supereffective|p1a: Sharpedo","|-end|p1a: Sharpedo|Substitute","|","|-boost|p1a: Sharpedo|spe|1|[from] ability: Speed Boost","|turn|16","|","|move|p1a: Sharpedo|Protect|p1a: Sharpedo","|-singleturn|p1a: Sharpedo|Protect","|move|p2a: Mamoswine|Freeze-Dry|p1a: Sharpedo","|-activate|p1a: Sharpedo|Protect","|","|-boost|p1a: Sharpedo|spe|1|[from] ability: Speed Boost","|turn|17","|","|detailschange|p1a: Sharpedo|Sharpedo-Mega, M","|-mega|p1a: Sharpedo|Sharpedo|Sharpedonite","|move|p1a: Sharpedo|Waterfall|p2a: Mamoswine","|-supereffective|p2a: Mamoswine","|-enditem|p2a: Mamoswine|Focus Sash","|-damage|p2a: Mamoswine|1/361","|move|p2a: Mamoswine|Freeze-Dry|p1a: Sharpedo","|-supereffective|p1a: Sharpedo","|-damage|p1a: Sharpedo|43/281","|","|turn|18","|","|move|p2a: Mamoswine|Ice Shard|p1a: Sharpedo","|-resisted|p1a: Sharpedo","|-damage|p1a: Sharpedo|18/281","|move|p1a: Sharpedo|Crunch|p2a: Mamoswine","|-damage|p2a: Mamoswine|0 fnt","|faint|p2a: Mamoswine","|","|-sideend|p1: LightOfAKnowing|Reflect","|","|switch|p2a: Zygarde|Zygarde|407/407","|-ability|p2a: Zygarde|Aura Break","|turn|19","|","|move|p1a: Sharpedo|Protect|p1a: Sharpedo","|-singleturn|p1a: Sharpedo|Protect","|move|p2a: Zygarde|Extreme Speed|p1a: Sharpedo","|-activate|p1a: Sharpedo|Protect","|","|turn|20","|","|move|p2a: Zygarde|Extreme Speed|p1a: Sharpedo","|-damage|p1a: Sharpedo|0 fnt","|faint|p1a: Sharpedo","|","|","|switch|p1a: Clawitzer|Clawitzer, F|283/283","|turn|21","|","|switch|p2a: Gastrodon|Gastrodon, F, shiny|426/426","|move|p1a: Clawitzer|Dragon Pulse|p2a: Gastrodon","|-damage|p2a: Gastrodon|290/426","|","|-heal|p2a: Gastrodon|316/426|[from] item: Leftovers","|turn|22","|","|move|p1a: Clawitzer|Dragon Pulse|p2a: Gastrodon","|-damage|p2a: Gastrodon|194/426","|move|p2a: Gastrodon|Stockpile|p2a: Gastrodon","|-start|p2a: Gastrodon|stockpile1","|-boost|p2a: Gastrodon|def|1","|-boost|p2a: Gastrodon|spd|1","|","|-heal|p2a: Gastrodon|220/426|[from] item: Leftovers","|turn|23","|","|switch|p1a: Poliwrath|Poliwrath, M|384/384","|move|p2a: Gastrodon|Toxic|p1a: Poliwrath","|-status|p1a: Poliwrath|tox","|","|-heal|p2a: Gastrodon|246/426|[from] item: Leftovers","|-damage|p1a: Poliwrath|360/384 tox|[from] psn","|turn|24","|","|move|p1a: Poliwrath|Substitute|p1a: Poliwrath","|-start|p1a: Poliwrath|Substitute","|-damage|p1a: Poliwrath|264/384 tox","|move|p2a: Gastrodon|Recover|p2a: Gastrodon","|-heal|p2a: Gastrodon|426/426","|","|-heal|p1a: Poliwrath|288/384 tox|[from] item: Leftovers","|-damage|p1a: Poliwrath|240/384 tox|[from] psn","|turn|25","|","|-singleturn|p1a: Poliwrath|move: Focus Punch","|switch|p2a: Landorus|Landorus, M|319/319","|move|p1a: Poliwrath|Focus Punch|p2a: Landorus","|-crit|p2a: Landorus","|-resisted|p2a: Landorus","|-damage|p2a: Landorus|121/319","|","|-heal|p1a: Poliwrath|264/384 tox|[from] item: Leftovers","|-damage|p1a: Poliwrath|192/384 tox|[from] psn","|turn|26","|","|-singleturn|p1a: Poliwrath|move: Focus Punch","|move|p2a: Landorus|Psychic|p1a: Poliwrath","|-supereffective|p1a: Poliwrath","|-end|p1a: Poliwrath|Substitute","|move|p1a: Poliwrath|Focus Punch|p2a: Landorus","|-resisted|p2a: Landorus","|-damage|p2a: Landorus|0 fnt","|faint|p2a: Landorus","|","|-heal|p1a: Poliwrath|216/384 tox|[from] item: Leftovers","|-damage|p1a: Poliwrath|120/384 tox|[from] psn","|","|switch|p2a: Zygarde|Zygarde|407/407","|-ability|p2a: Zygarde|Aura Break","|turn|27","|","|move|p2a: Zygarde|Coil|p2a: Zygarde","|-boost|p2a: Zygarde|atk|1","|-boost|p2a: Zygarde|def|1","|-boost|p2a: Zygarde|accuracy|1","|move|p1a: Poliwrath|Waterfall|p2a: Zygarde","|-damage|p2a: Zygarde|355/407","|","|-heal|p2a: Zygarde|380/407|[from] item: Leftovers","|-heal|p1a: Poliwrath|144/384 tox|[from] item: Leftovers","|-damage|p1a: Poliwrath|24/384 tox|[from] psn","|turn|28","|","|move|p2a: Zygarde|Coil|p2a: Zygarde","|-boost|p2a: Zygarde|atk|1","|-boost|p2a: Zygarde|def|1","|-boost|p2a: Zygarde|accuracy|1","|move|p1a: Poliwrath|Poison Jab|p2a: Zygarde","|-resisted|p2a: Zygarde","|-damage|p2a: Zygarde|368/407","|","|-heal|p2a: Zygarde|393/407|[from] item: Leftovers","|-heal|p1a: Poliwrath|48/384 tox|[from] item: Leftovers","|-damage|p1a: Poliwrath|0 fnt|[from] psn","|faint|p1a: Poliwrath","|","|switch|p1a: Azumarill|Azumarill, M|404/404","|turn|29","|","|move|p2a: Zygarde|Earthquake|p1a: Azumarill","|-damage|p1a: Azumarill|133/404","|-enditem|p1a: Azumarill|Sitrus Berry|[eat]","|-heal|p1a: Azumarill|234/404|[from] item: Sitrus Berry","|move|p1a: Azumarill|Play Rough|p2a: Zygarde","|-supereffective|p2a: Zygarde","|-damage|p2a: Zygarde|261/407","|","|-heal|p2a: Zygarde|286/407|[from] item: Leftovers","|turn|30","|","|move|p2a: Zygarde|Earthquake|p1a: Azumarill","|-crit|p1a: Azumarill","|-damage|p1a: Azumarill|0 fnt","|faint|p1a: Azumarill","|","|-heal|p2a: Zygarde|311/407|[from] item: Leftovers","|","|switch|p1a: Clawitzer|Clawitzer, F|283/283","|turn|31","|","|move|p1a: Clawitzer|Dark Pulse|p2a: Zygarde","|-damage|p2a: Zygarde|175/407","|cant|p2a: Zygarde|flinch","|","|-heal|p2a: Zygarde|200/407|[from] item: Leftovers","|turn|32","|","|move|p1a: Clawitzer|Dark Pulse|p2a: Zygarde","|-damage|p2a: Zygarde|66/407","|move|p2a: Zygarde|Earthquake|p1a: Clawitzer","|-damage|p1a: Clawitzer|40/283","|","|-heal|p2a: Zygarde|91/407|[from] item: Leftovers","|turn|33","|","|move|p2a: Zygarde|Extreme Speed|p1a: Clawitzer","|-damage|p1a: Clawitzer|0 fnt","|faint|p1a: Clawitzer","|","|win|Alliance ♋ akaFila"],"p1rating":{"entryid":"386","serverid":"eos","formatid":"monotype","userid":"lightofaknowing","username":"LightOfAKnowing","w":"39","l":50,"t":"0","gxe":45.9,"r":"1477.0084457048","rd":"41.434222905381","sigma":"0","rptime":"1440666000","rpr":1468.980616999,"rprd":39.366836275846,"rpsigma":"0","acre":1072.4024297506,"lacre":1072.4024297506,"oldacre":"1088.8485422032"},"p2rating":{"entryid":"126995","serverid":"eos","formatid":"monotype","userid":"allianceakafila","username":"Alliance ♋ akaFila","w":20,"l":"13","t":"0","gxe":57.6,"r":"1529.5030865751","rd":"60.783387894511","sigma":"0","rptime":"1440666000","rpr":1558.0961772809,"rprd":58.312177312573,"rpsigma":"0","acre":1212.1000243599,"lacre":1212.1000243599,"oldacre":"1194.4746180602"},"endType":"normal"}