{"seed":[17219,16108,24109,15256],"turns":23,"p1":"Union Wevrm","p2":"Jake1079","p1team":[{"name":"Flygon","species":"Flygon","item":"choiceband","ability":"Levitate","moves":["earthquake","stoneedge","outrage","superpower"],"nature":"Jolly","evs":{"hp":0,"atk":252,"def":0,"spa":0,"spd":4,"spe":252},"ivs":{"hp":31,"atk":31,"def":31,"spa":31,"spd":31,"spe":31}},{"name":"Zygarde","species":"Zygarde","item":"leftovers","ability":"Aura Break","moves":["dragondance","extremespeed","rockslide","substitute"],"nature":"Adamant","evs":{"hp":0,"atk":252,"def":0,"spa":0,"spd":4,"spe":252},"ivs":{"hp":31,"atk":31,"def":31,"spa":31,"spd":31,"spe":31}},{"name":"Latios","species":"Latios","item":"latiosite","ability":"Levitate","moves":["dracometeor","psychic","thunderbolt","dragonpulse"],"nature":"Timid","evs":{"hp":0,"atk":0,"def":0,"spa":252,"spd":4,"spe":252},"ivs":{"hp":31,"atk":31,"def":31,"spa":31,"spd":31,"spe":31}},{"name":"Noivern","species":"Noivern","item":"choicespecs","ability":"Frisk","moves":["airslash","boomburst","dracometeor","flamethrower"],"nature":"Timid","evs":{"hp":0,"atk":0,"def":0,"spa":252,"spd":4,"spe":252},"ivs":{"hp":31,"atk":31,"def":31,"spa":31,"spd":31,"spe":31}},{"name":"Kingdra","species":"Kingdra","item":"leftovers","ability":"Sniper","moves":["dragondance","outrage","bounce","waterfall"],"nature":"Adamant","evs":{"hp":0,"atk":0,"def":0,"spa":0,"spd":4,"spe":252},"ivs":{"hp":31,"atk":31,"def":31,"spa":31,"spd":31,"spe":31}},{"name":"Hydreigon","species":"Hydreigon","item":"lifeorb","ability":"Levitate","moves":["crunch","dragonrush","flamethrower","steelwing"],"nature":"Hasty","evs":{"hp":0,"atk":252,"def":0,"spa":4,"spd":0,"spe":252},"ivs":{"hp":31,"atk":31,"def":31,"spa":31,"spd":31,"spe":31}}],"p2team":[{"name":"Aggron","species":"Aggron","item":"aggronite","ability":"Sturdy","moves":["autotomize","earthquake","firepunch","ironhead"],"nature":"Adamant","evs":{"hp":4,"atk":252,"def":0,"spa":0,"spd":0,"spe":252},"ivs":{"hp":31,"atk":31,"def":31,"spa":31,"spd":31,"spe":31}},{"name":"Ferrothorn","species":"Ferrothorn","item":"rockyhelmet","ability":"Iron Barbs","moves":["stealthrock","leechseed","protect","gyroball"],"nature":"Relaxed","evs":{"hp":248,"atk":8,"def":252,"spa":0,"spd":0,"spe":0},"ivs":{"hp":31,"atk":31,"def":31,"spa":31,"spd":31,"spe":0}},{"name":"Excadrill","species":"Excadrill","item":"choicescarf","ability":"Mold Breaker","moves":["earthquake","xscissor","ironhead","rockslide"],"nature":"Jolly","evs":{"hp":0,"atk":252,"def":0,"spa":0,"spd":4,"spe":252},"ivs":{"hp":31,"atk":31,"def":31,"spa":31,"spd":31,"spe":31}},{"name":"Empoleon","species":"Empoleon","item":"choicespecs","ability":"Torrent","moves":["hydropump","icebeam","flashcannon","hiddenpowerfire"],"nature":"Modest","evs":{"hp":248,"atk":0,"def":0,"spa":252,"spd":8,"spe":0},"ivs":{"hp":31,"atk":30,"def":31,"spa":30,"spd":31,"spe":30}},{"name":"Heatran","species":"Heatran","item":"airballoon","ability":"Flash Fire","moves":["earthpower","flamethrower","flashcannon","darkpulse"],"nature":"Modest","evs":{"hp":248,"atk":0,"def":0,"spa":252,"spd":8,"spe":0},"ivs":{"hp":31,"atk":31,"def":31,"spa":31,"spd":31,"spe":31}},{"name":"Jirachi","species":"Jirachi","item":"leftovers","ability":"Serene Grace","moves":["bodyslam","ironhead","substitute","drainpunch"],"nature":"Adamant","evs":{"hp":4,"atk":252,"def":0,"spa":0,"spd":0,"spe":252},"ivs":{"hp":31,"atk":31,"def":31,"spa":31,"spd":31,"spe":31}}],"log":["|player|p1|Union Wevrm|unionwevrm.png","|player|p2|Jake1079|169","|gametype|singles","|gen|6","|tier|Monotype","|rated","|rule|Baton Pass Clause: Limit one Baton Passer, can't pass Spe and other stats simultaneously","|rule|Swagger Clause: Swagger is banned","|rule|Same Type Clause: Pokémon in a team must share a type","|clearpoke","|poke|p1|Flygon, F","|poke|p1|Zygarde","|poke|p1|Latios, M","|poke|p1|Noivern, F","|poke|p1|Kingdra, M","|poke|p1|Hydreigon, M","|poke|p2|Aggron, M","|poke|p2|Ferrothorn, F","|poke|p2|Excadrill, F","|poke|p2|Empoleon, F","|poke|p2|Heatran, M","|poke|p2|Jirachi","|rule|Sleep Clause Mod: Limit one foe put to sleep","|rule|Species Clause: Limit one of each Pokémon","|rule|OHKO Clause: OHKO moves are banned","|rule|Moody Clause: Moody is banned","|rule|Evasion Moves Clause: Evasion moves are banned","|rule|Endless Battle Clause: Forcing endless battles is banned","|rule|HP Percentage Mod: HP is shown in percentages","|teampreview","|","|start","|switch|p1a: Flygon|Flygon, F|301/301","|switch|p2a: Aggron|Aggron, M|282/282","|turn|1","|","|detailschange|p2a: Aggron|Aggron-Mega, M","|-mega|p2a: Aggron|Aggron|Aggronite","|move|p1a: Flygon|Superpower|p2a: Aggron","|-supereffective|p2a: Aggron","|-damage|p2a: Aggron|161/282","|-unboost|p1a: Flygon|atk|1","|-unboost|p1a: Flygon|def|1","|move|p2a: Aggron|Autotomize|p2a: Aggron","|-boost|p2a: Aggron|spe|2","|-start|p2a: Aggron|Autotomize","|","|turn|2","|","|move|p2a: Aggron|Iron Head|p1a: Flygon","|-damage|p1a: Flygon|0 fnt","|faint|p1a: Flygon","|","|","|switch|p1a: Zygarde|Zygarde|357/357","|-ability|p1a: Zygarde|Aura Break","|turn|3","|","|move|p2a: Aggron|Iron Head|p1a: Zygarde","|-damage|p1a: Zygarde|215/357","|move|p1a: Zygarde|Substitute|p1a: Zygarde","|-start|p1a: Zygarde|Substitute","|-damage|p1a: Zygarde|126/357","|","|-heal|p1a: Zygarde|148/357|[from] item: Leftovers","|turn|4","|","|move|p2a: Aggron|Iron Head|p1a: Zygarde","|-end|p1a: Zygarde|Substitute","|move|p1a: Zygarde|Dragon Dance|p1a: Zygarde","|-boost|p1a: Zygarde|atk|1","|-boost|p1a: Zygarde|spe|1","|","|-heal|p1a: Zygarde|170/357|[from] item: Leftovers","|turn|5","|","|move|p1a: Zygarde|Rock Slide|p2a: Aggron","|-crit|p2a: Aggron","|-resisted|p2a: Aggron","|-damage|p2a: Aggron|119/282","|move|p2a: Aggron|Iron Head|p1a: Zygarde","|-damage|p1a: Zygarde|25/357","|","|-heal|p1a: Zygarde|47/357|[from] item: Leftovers","|turn|6","|","|move|p1a: Zygarde|Rock Slide|p2a: Aggron","|-resisted|p2a: Aggron","|-damage|p2a: Aggron|89/282","|cant|p2a: Aggron|flinch","|","|-heal|p1a: Zygarde|69/357|[from] item: Leftovers","|turn|7","|","|move|p1a: Zygarde|Extreme Speed|p2a: Aggron","|-resisted|p2a: Aggron","|-damage|p2a: Aggron|56/282","|move|p2a: Aggron|Iron Head|p1a: Zygarde","|-damage|p1a: Zygarde|0 fnt","|faint|p1a: Zygarde","|","|","|switch|p1a: Kingdra|Kingdra, M|291/291","|turn|8","|","|move|p2a: Aggron|Iron Head|p1a: Kingdra","|-resisted|p1a: Kingdra","|-damage|p1a: Kingdra|209/291","|move|p1a: Kingdra|Dragon Dance|p1a: Kingdra","|-boost|p1a: Kingdra|atk|1","|-boost|p1a: Kingdra|spe|1","|","|-heal|p1a: Kingdra|227/291|[from] item: Leftovers","|turn|9","|","|move|p1a: Kingdra|Waterfall|p2a: Aggron","|-damage|p2a: Aggron|0 fnt","|faint|p2a: Aggron","|","|-heal|p1a: Kingdra|245/291|[from] item: Leftovers","|","|switch|p2a: Jirachi|Jirachi|342/342","|turn|10","|","|move|p1a: Kingdra|Waterfall|p2a: Jirachi","|-damage|p2a: Jirachi|203/342","|move|p2a: Jirachi|Body Slam|p1a: Kingdra","|-damage|p1a: Kingdra|143/291","|-status|p1a: Kingdra|par","|","|-heal|p2a: Jirachi|224/342|[from] item: Leftovers","|-heal|p1a: Kingdra|161/291 par|[from] item: Leftovers","|turn|11","|","|move|p2a: Jirachi|Substitute|p2a: Jirachi","|-start|p2a: Jirachi|Substitute","|-damage|p2a: Jirachi|139/342","|move|p1a: Kingdra|Waterfall|p2a: Jirachi","|-end|p2a: Jirachi|Substitute","|","|-heal|p2a: Jirachi|160/342|[from] item: Leftovers","|-heal|p1a: Kingdra|179/291 par|[from] item: Leftovers","|turn|12","|","|move|p2a: Jirachi|Iron Head|p1a: Kingdra","|-resisted|p1a: Kingdra","|-damage|p1a: Kingdra|105/291 par","|cant|p1a: Kingdra|flinch","|","|-heal|p2a: Jirachi|181/342|[from] item: Leftovers","|-heal|p1a: Kingdra|123/291 par|[from] item: Leftovers","|turn|13","|","|move|p2a: Jirachi|Iron Head|p1a: Kingdra","|-resisted|p1a: Kingdra","|-damage|p1a: Kingdra|49/291 par","|cant|p1a: Kingdra|flinch","|","|-heal|p2a: Jirachi|202/342|[from] item: Leftovers","|-heal|p1a: Kingdra|67/291 par|[from] item: Leftovers","|turn|14","|","|move|p2a: Jirachi|Iron Head|p1a: Kingdra","|-resisted|p1a: Kingdra","|-damage|p1a: Kingdra|0 fnt","|faint|p1a: Kingdra","|","|-heal|p2a: Jirachi|223/342|[from] item: Leftovers","|","|switch|p1a: Hydreigon|Hydreigon, M|325/325","|turn|15","|","|move|p1a: Hydreigon|Flamethrower|p2a: Jirachi","|-supereffective|p2a: Jirachi","|-damage|p2a: Jirachi|0 fnt","|-damage|p1a: Hydreigon|293/325|[from] item: Life Orb","|faint|p2a: Jirachi","|","|","|switch|p2a: Empoleon|Empoleon, F|371/371","|turn|16","|","|move|p1a: Hydreigon|Crunch|p2a: Empoleon","|-damage|p2a: Empoleon|180/371","|-damage|p1a: Hydreigon|261/325|[from] item: Life Orb","|move|p2a: Empoleon|Ice Beam|p1a: Hydreigon","|-supereffective|p1a: Hydreigon","|-damage|p1a: Hydreigon|0 fnt","|faint|p1a: Hydreigon","|","|","|switch|p1a: Latios|Latios, M|301/301","|turn|17","|","|detailschange|p1a: Latios|Latios-Mega, M","|-mega|p1a: Latios|Latios|Latiosite","|move|p1a: Latios|Thunderbolt|p2a: Empoleon","|-supereffective|p2a: Empoleon","|-damage|p2a: Empoleon|0 fnt","|faint|p2a: Empoleon","|","|","|switch|p2a: Excadrill|Excadrill, F|361/361","|-ability|p2a: Excadrill|Mold Breaker","|turn|18","|","|move|p2a: Excadrill|X-Scissor|p1a: Latios","|-supereffective|p1a: Latios","|-damage|p1a: Latios|117/301","|move|p1a: Latios|Draco Meteor|p2a: Excadrill|[miss]","|-miss|p1a: Latios|p2a: Excadrill","|","|turn|19","|","|move|p2a: Excadrill|X-Scissor|p1a: Latios","|-supereffective|p1a: Latios","|-damage|p1a: Latios|0 fnt","|faint|p1a: Latios","|","|","|switch|p1a: Noivern|Noivern, F|311/311","|-item|p2a: Excadrill|Choice Scarf|[from] ability: Frisk|[of] p1a: Noivern|[identify]","|turn|20","|","|switch|p2a: Ferrothorn|Ferrothorn, F|351/351","|move|p1a: Noivern|Flamethrower|p2a: Ferrothorn","|-supereffective|p2a: Ferrothorn","|-damage|p2a: Ferrothorn|0 fnt","|faint|p2a: Ferrothorn","|","|","|switch|p2a: Heatran|Heatran, M|385/385","|-item|p2a: Heatran|Air Balloon","|turn|21","|","|move|p1a: Noivern|Flamethrower|p2a: Heatran","|-start|p2a: Heatran|ability: Flash Fire","|move|p2a: Heatran|Flamethrower|p1a: Noivern","|-resisted|p1a: Noivern","|-damage|p1a: Noivern|149/311","|","|turn|22","|","|move|p1a: Noivern|Flamethrower|p2a: Heatran","|-immune|p2a: Heatran|[msg]","|move|p2a: Heatran|Flamethrower|p1a: Noivern","|-resisted|p1a: Noivern","|-damage|p1a: Noivern|1/311","|","|turn|23","|","|move|p1a: Noivern|Flamethrower|p2a: Heatran","|-immune|p2a: Heatran|[msg]","|move|p2a: Heatran|Flamethrower|p1a: Noivern","|-resisted|p1a: Noivern","|-damage|p1a: Noivern|0 fnt","|faint|p1a: Noivern","|","|win|Jake1079"],"p1rating":{"entryid":"373318","serverid":"eos","formatid":"monotype","userid":"unionwevrm","username":"Union Wevrm","w":"21","l":26,"t":"0","gxe":44,"r":"1461.7716715576","rd":"51.444324916758","sigma":"0","rptime":"1440666000","rpr":1454.2329280005,"rprd":49.97219463638,"rpsigma":"0","acre":1029.678422747,"lacre":1029.678422747,"oldacre":"1048.1912648293"},"p2rating":{"entryid":"56288","serverid":"eos","formatid":"monotype","userid":"jake1079","username":"Jake1079","w":14,"l":"24","t":"0","gxe":40.5,"r":"1434.4298073112","rd":"61.720684835893","sigma":"0","rptime":"1440666000","rpr":1426.5744513418,"rprd":57.099444017396,"rpsigma":"0","acre":1061.6424767128,"lacre":1061.6424767128,"oldacre":"1022.2467952643"},"endType":"normal"}