{"seed":[30339,25243,31430,35460],"turns":26,"p1":"Carnie Red","p2":"Void~Pixie","p1team":[{"name":"Rotom-Wash","species":"Rotom-Wash","item":"leftovers","ability":"Levitate","moves":["hydropump","painsplit","voltswitch","willowisp"],"nature":"Calm","evs":{"hp":252,"atk":0,"def":0,"spa":4,"spd":252,"spe":0},"ivs":{"hp":31,"atk":31,"def":31,"spa":31,"spd":31,"spe":31}},{"name":"Suicune","species":"Suicune","item":"leftovers","ability":"Pressure","moves":["scald","calmmind","rest","sleeptalk"],"nature":"Bold","evs":{"hp":252,"atk":0,"def":252,"spa":0,"spd":4,"spe":0},"ivs":{"hp":31,"atk":31,"def":31,"spa":31,"spd":31,"spe":31}},{"name":"Swampert","species":"Swampert","item":"swampertite","ability":"Torrent","moves":["earthquake","icepunch","waterfall","protect"],"nature":"Jolly","evs":{"hp":0,"atk":252,"def":0,"spa":0,"spd":4,"spe":252},"gender":"M","ivs":{"hp":31,"atk":31,"def":31,"spa":31,"spd":31,"spe":31}},{"name":"Swanna","species":"Swanna","item":"leftovers","ability":"Hydration","moves":["airslash","scald","defog","roost"],"nature":"Bold","evs":{"hp":252,"atk":0,"def":252,"spa":4,"spd":0,"spe":0},"gender":"F","ivs":{"hp":31,"atk":31,"def":31,"spa":31,"spd":31,"spe":31}},{"name":"Politoed","species":"Politoed","item":"leftovers","ability":"Drizzle","moves":["icebeam","scald","encore","protect"],"nature":"Bold","evs":{"hp":252,"atk":0,"def":252,"spa":4,"spd":0,"spe":0},"shiny":true,"ivs":{"hp":31,"atk":31,"def":31,"spa":31,"spd":31,"spe":31}},{"name":"Azumarill","species":"Azumarill","item":"assaultvest","ability":"Sap Sipper","moves":["knockoff","waterfall","superpower","playrough"],"nature":"Adamant","evs":{"hp":248,"atk":252,"def":0,"spa":0,"spd":8,"spe":0},"ivs":{"hp":31,"atk":31,"def":31,"spa":31,"spd":31,"spe":31}}],"p2team":[{"name":"Cobalion","species":"Cobalion","item":"focussash","ability":"Justified","moves":["thunderwave","taunt","ironhead","stealthrock"],"nature":"Jolly","evs":{"hp":252,"atk":4,"def":0,"spa":0,"spd":0,"spe":252},"ivs":{"hp":31,"atk":31,"def":31,"spa":31,"spd":31,"spe":31}},{"name":"Terrakion","species":"Terrakion","item":"choicescarf","ability":"Justified","moves":["closecombat","earthquake","ironhead","rockslide"],"nature":"Jolly","evs":{"hp":0,"atk":252,"def":0,"spa":0,"spd":4,"spe":252},"ivs":{"hp":31,"atk":31,"def":31,"spa":31,"spd":31,"spe":31}},{"name":"Keldeo","species":"Keldeo","item":"choicespecs","ability":"Justified","moves":["scald","icywind","secretsword","hydropump"],"nature":"Timid","evs":{"hp":0,"atk":0,"def":0,"spa":252,"spd":4,"spe":252},"ivs":{"hp":31,"atk":30,"def":30,"spa":31,"spd":31,"spe":31}},{"name":"Hawlucha","species":"Hawlucha","item":"powerherb","ability":"Unburden","moves":["skyattack","acrobatics","highjumpkick","swordsdance"],"nature":"Adamant","evs":{"hp":0,"atk":252,"def":0,"spa":0,"spd":4,"spe":252},"ivs":{"hp":31,"atk":31,"def":31,"spa":31,"spd":31,"spe":31}},{"name":"Pangoro","species":"Pangoro","item":"assaultvest","ability":"Scrappy","moves":["circlethrow","crunch","knockoff","ironhead"],"nature":"Adamant","evs":{"hp":248,"atk":252,"def":0,"spa":0,"spd":8,"spe":0},"ivs":{"hp":31,"atk":31,"def":31,"spa":31,"spd":31,"spe":31}},{"name":"Medicham","species":"Medicham","item":"medichamite","ability":"Pure Power","moves":["bulletpunch","fakeout","psychocut","highjumpkick"],"nature":"Jolly","evs":{"hp":0,"atk":252,"def":0,"spa":0,"spd":4,"spe":252},"ivs":{"hp":31,"atk":31,"def":31,"spa":31,"spd":31,"spe":31}}],"log":["|player|p1|Carnie Red|162","|player|p2|Void~Pixie|138","|gametype|singles","|gen|6","|tier|Monotype","|rated","|rule|Baton Pass Clause: Limit one Baton Passer, can't pass Spe and other stats simultaneously","|rule|Swagger Clause: Swagger is banned","|rule|Same Type Clause: Pokémon in a team must share a type","|clearpoke","|poke|p1|Rotom-Wash","|poke|p1|Suicune","|poke|p1|Swampert, M","|poke|p1|Swanna, F","|poke|p1|Politoed, M, shiny","|poke|p1|Azumarill, F","|poke|p2|Cobalion","|poke|p2|Terrakion","|poke|p2|Keldeo","|poke|p2|Hawlucha, M","|poke|p2|Pangoro, M","|poke|p2|Medicham, M","|rule|Sleep Clause Mod: Limit one foe put to sleep","|rule|Species Clause: Limit one of each Pokémon","|rule|OHKO Clause: OHKO moves are banned","|rule|Moody Clause: Moody is banned","|rule|Evasion Moves Clause: Evasion moves are banned","|rule|Endless Battle Clause: Forcing endless battles is banned","|rule|HP Percentage Mod: HP is shown in percentages","|teampreview","|","|start","|switch|p1a: Politoed|Politoed, M, shiny|384/384","|switch|p2a: Keldeo|Keldeo|323/323","|-weather|RainDance","|turn|1","|","|move|p2a: Keldeo|Secret Sword|p1a: Politoed","|-damage|p1a: Politoed|192/384","|move|p1a: Politoed|Scald|p2a: Keldeo","|-resisted|p2a: Keldeo","|-damage|p2a: Keldeo|248/323","|","|-weather|RainDance|[upkeep]","|-heal|p1a: Politoed|216/384|[from] item: Leftovers","|turn|2","|","|switch|p1a: Azumarill|Azumarill, F|403/403","|move|p2a: Keldeo|Secret Sword|p1a: Azumarill","|-crit|p1a: Azumarill","|-resisted|p1a: Azumarill","|-damage|p1a: Azumarill|190/403","|","|-weather|RainDance|[upkeep]","|turn|3","|","|move|p2a: Keldeo|Secret Sword|p1a: Azumarill","|-resisted|p1a: Azumarill","|-damage|p1a: Azumarill|61/403","|move|p1a: Azumarill|Play Rough|p2a: Keldeo|[miss]","|-miss|p1a: Azumarill|p2a: Keldeo","|","|-weather|RainDance|[upkeep]","|turn|4","|","|switch|p1a: Swanna|Swanna, F|354/354","|move|p2a: Keldeo|Secret Sword|p1a: Swanna","|-resisted|p1a: Swanna","|-damage|p1a: Swanna|237/354","|","|-weather|RainDance|[upkeep]","|-heal|p1a: Swanna|259/354|[from] item: Leftovers","|turn|5","|","|switch|p2a: Cobalion|Cobalion|386/386","|move|p1a: Swanna|Air Slash|p2a: Cobalion","|-crit|p2a: Cobalion","|-damage|p2a: Cobalion|229/386","|","|-weather|none","|-heal|p1a: Swanna|281/354|[from] item: Leftovers","|turn|6","|","|switch|p1a: Politoed|Politoed, M, shiny|216/384","|-weather|RainDance","|move|p2a: Cobalion|Thunder Wave|p1a: Politoed","|-status|p1a: Politoed|par","|","|-weather|RainDance|[upkeep]","|-heal|p1a: Politoed|240/384 par|[from] item: Leftovers","|turn|7","|","|move|p2a: Cobalion|Taunt|p1a: Politoed","|-start|p1a: Politoed|move: Taunt","|move|p1a: Politoed|Scald|p2a: Cobalion","|-damage|p2a: Cobalion|52/386","|-status|p2a: Cobalion|brn","|","|-weather|RainDance|[upkeep]","|-heal|p1a: Politoed|264/384 par|[from] item: Leftovers","|-damage|p2a: Cobalion|4/386 brn|[from] brn","|turn|8","|","|switch|p1a: Rotom-Wash|Rotom-Wash|304/304","|move|p2a: Cobalion|Stealth Rock|p1a: Rotom-Wash","|-sidestart|p1: Carnie Red|move: Stealth Rock","|","|-weather|RainDance|[upkeep]","|-damage|p2a: Cobalion|0 fnt|[from] brn","|faint|p2a: Cobalion","|","|switch|p2a: Medicham|Medicham, M|261/261","|turn|9","|","|detailschange|p2a: Medicham|Medicham-Mega, M","|-mega|p2a: Medicham|Medicham|Medichamite","|move|p2a: Medicham|Fake Out|p1a: Rotom-Wash","|-damage|p1a: Rotom-Wash|233/304","|cant|p1a: Rotom-Wash|flinch","|","|-weather|RainDance|[upkeep]","|-heal|p1a: Rotom-Wash|252/304|[from] item: Leftovers","|turn|10","|","|move|p2a: Medicham|High Jump Kick|p1a: Rotom-Wash","|-damage|p1a: Rotom-Wash|0 fnt","|faint|p1a: Rotom-Wash","|","|-weather|none","|","|switch|p1a: Politoed|Politoed, M, shiny|264/384 par","|-damage|p1a: Politoed|216/384 par|[from] Stealth Rock","|-weather|RainDance","|turn|11","|","|move|p1a: Politoed|Protect|p1a: Politoed","|-singleturn|p1a: Politoed|Protect","|move|p2a: Medicham|High Jump Kick|p1a: Politoed","|-activate|p1a: Politoed|Protect","|-damage|p2a: Medicham|131/261|[from] highjumpkick","|","|-weather|RainDance|[upkeep]","|-heal|p1a: Politoed|240/384 par|[from] item: Leftovers","|turn|12","|","|move|p2a: Medicham|High Jump Kick|p1a: Politoed","|-damage|p1a: Politoed|0 fnt","|faint|p1a: Politoed","|","|-weather|RainDance|[upkeep]","|","|switch|p1a: Swampert|Swampert, M|341/341","|-damage|p1a: Swampert|320/341|[from] Stealth Rock","|turn|13","|","|detailschange|p1a: Swampert|Swampert-Mega, M","|-mega|p1a: Swampert|Swampert|Swampertite","|move|p1a: Swampert|Protect|p1a: Swampert","|-singleturn|p1a: Swampert|Protect","|move|p2a: Medicham|High Jump Kick|p1a: Swampert","|-activate|p1a: Swampert|Protect","|-damage|p2a: Medicham|1/261|[from] highjumpkick","|","|-weather|RainDance|[upkeep]","|turn|14","|","|switch|p2a: Pangoro|Pangoro, M|393/393","|move|p1a: Swampert|Waterfall|p2a: Pangoro","|-damage|p2a: Pangoro|84/393","|","|-weather|RainDance|[upkeep]","|turn|15","|","|move|p1a: Swampert|Waterfall|p2a: Pangoro","|-damage|p2a: Pangoro|0 fnt","|faint|p2a: Pangoro","|","|-weather|none","|","|switch|p2a: Hawlucha|Hawlucha, M|297/297","|turn|16","|","|move|p2a: Hawlucha|Sky Attack|p1a: Swampert|[still]","|-prepare|p2a: Hawlucha|Sky Attack|p1a: Swampert","|-enditem|p2a: Hawlucha|Power Herb","|-anim|p2a: Hawlucha|Sky Attack|p1a: Swampert","|-damage|p1a: Swampert|118/341","|cant|p1a: Swampert|flinch","|","|turn|17","|","|move|p1a: Swampert|Protect|p1a: Swampert","|-singleturn|p1a: Swampert|Protect","|move|p2a: Hawlucha|Acrobatics|p1a: Swampert","|-activate|p1a: Swampert|Protect","|","|turn|18","|","|move|p2a: Hawlucha|Acrobatics|p1a: Swampert","|-damage|p1a: Swampert|0 fnt","|faint|p1a: Swampert","|","|","|switch|p1a: Suicune|Suicune|404/404","|-damage|p1a: Suicune|354/404|[from] Stealth Rock","|-ability|p1a: Suicune|Pressure","|turn|19","|","|move|p2a: Hawlucha|Swords Dance|p2a: Hawlucha","|-boost|p2a: Hawlucha|atk|2","|move|p1a: Suicune|Scald|p2a: Hawlucha","|-crit|p2a: Hawlucha","|-damage|p2a: Hawlucha|96/297","|-status|p2a: Hawlucha|brn","|","|-heal|p1a: Suicune|379/404|[from] item: Leftovers","|-damage|p2a: Hawlucha|59/297 brn|[from] brn","|turn|20","|","|move|p2a: Hawlucha|Acrobatics|p1a: Suicune","|-damage|p1a: Suicune|274/404","|move|p1a: Suicune|Calm Mind|p1a: Suicune","|-boost|p1a: Suicune|spa|1","|-boost|p1a: Suicune|spd|1","|","|-heal|p1a: Suicune|299/404|[from] item: Leftovers","|-damage|p2a: Hawlucha|22/297 brn|[from] brn","|turn|21","|","|move|p2a: Hawlucha|High Jump Kick|p1a: Suicune","|-damage|p1a: Suicune|174/404","|move|p1a: Suicune|Rest|p1a: Suicune","|-status|p1a: Suicune|slp","|-heal|p1a: Suicune|404/404 slp|[silent]","|-status|p1a: Suicune|slp|[from] move: Rest","|","|-damage|p2a: Hawlucha|0 fnt|[from] brn","|faint|p2a: Hawlucha","|","|switch|p2a: Medicham|Medicham-Mega, M|1/261","|turn|22","|","|move|p2a: Medicham|Fake Out|p1a: Suicune","|-damage|p1a: Suicune|353/404 slp","|cant|p1a: Suicune|slp","|cant|p1a: Suicune|flinch","|","|-heal|p1a: Suicune|378/404 slp|[from] item: Leftovers","|turn|23","|","|move|p2a: Medicham|High Jump Kick|p1a: Suicune","|-damage|p1a: Suicune|131/404 slp","|cant|p1a: Suicune|slp","|move|p1a: Suicune|Sleep Talk|p1a: Suicune","|move|p1a: Suicune|Rest|p1a: Suicune|[from]Sleep Talk","|-fail|p1a: Suicune","|","|-heal|p1a: Suicune|156/404 slp|[from] item: Leftovers","|turn|24","|","|move|p2a: Medicham|High Jump Kick|p1a: Suicune","|-damage|p1a: Suicune|0 fnt","|faint|p1a: Suicune","|","|","|switch|p1a: Azumarill|Azumarill, F|61/403","|-damage|p1a: Azumarill|11/403|[from] Stealth Rock","|turn|25","|","|move|p2a: Medicham|Bullet Punch|p1a: Azumarill","|-damage|p1a: Azumarill|0 fnt","|faint|p1a: Azumarill","|","|","|switch|p1a: Swanna|Swanna, F|281/354","|-damage|p1a: Swanna|193/354|[from] Stealth Rock","|turn|26","|","|move|p2a: Medicham|Psycho Cut|p1a: Swanna","|-damage|p1a: Swanna|0 fnt","|faint|p1a: Swanna","|","|win|Void~Pixie"],"p1rating":{"entryid":"272068","serverid":"eos","formatid":"monotype","userid":"carniered","username":"Carnie Red","w":"20","l":6,"t":"0","gxe":68.1,"r":"1651.096279331","rd":"67.637006543987","sigma":"0","rptime":"1440666000","rpr":1645.3865778172,"rprd":65.388195900755,"rpsigma":"0","acre":1257.3723333355,"lacre":1257.3723333355,"oldacre":"1286.9794615461"},"p2rating":{"entryid":"271156","serverid":"eos","formatid":"monotype","userid":"voidpixie","username":"Void~Pixie","w":30,"l":"17","t":"0","gxe":60.7,"r":"1570.0567762912","rd":"51.881902503038","sigma":"0","rptime":"1440666000","rpr":1582.6905855267,"rprd":49.929221132525,"rpsigma":"0","acre":1251.8194315401,"lacre":1251.8194315401,"oldacre":"1222.2123033295"},"endType":"normal"}