{"seed":[50732,20378,5787,41965],"turns":30,"p1":"Lotus Aranacana","p2":"Attero","p1team":[{"name":"Balboa","species":"tyranitar","item":"assaultvest","ability":"Sand Stream","moves":["crunch","rockslide","earthquake","aerialace"],"nature":"Adamant","evs":{"hp":248,"atk":252,"def":0,"spa":0,"spd":8,"spe":0},"gender":"M","ivs":{"hp":31,"atk":31,"def":31,"spa":31,"spd":31,"spe":31}},{"name":"Gemini","species":"sableye","item":"sablenite","ability":"Prankster","moves":["willowisp","calmmind","dazzlinggleam","recover"],"nature":"Calm","evs":{"hp":248,"atk":0,"def":0,"spa":8,"spd":252,"spe":0},"gender":"F","ivs":{"hp":31,"atk":31,"def":31,"spa":31,"spd":31,"spe":31}},{"name":"Checkmate","species":"bisharp","item":"focussash","ability":"Defiant","moves":["aerialace","ironhead","suckerpunch","knockoff"],"nature":"Jolly","evs":{"hp":4,"atk":252,"def":0,"spa":0,"spd":0,"spe":252},"gender":"M","shiny":true,"ivs":{"hp":31,"atk":31,"def":31,"spa":31,"spd":31,"spe":31}},{"name":"Lord of the Rings","species":"hoopaunbound","item":"choicescarf","ability":"Magician","moves":["hyperspacefury","zenheadbutt","gunkshot","firepunch"],"nature":"Jolly","evs":{"hp":0,"atk":252,"def":0,"spa":0,"spd":4,"spe":252},"ivs":{"hp":31,"atk":31,"def":31,"spa":31,"spd":31,"spe":31}},{"name":"Buzzkill","species":"mandibuzz","item":"leftovers","ability":"Overcoat","moves":["roost","foulplay","toxic","defog"],"nature":"Impish","evs":{"hp":240,"atk":0,"def":28,"spa":0,"spd":188,"spe":52},"ivs":{"hp":31,"atk":31,"def":31,"spa":31,"spd":31,"spe":31}},{"name":"Spielberg's Pet","species":"sharpedo","item":"lifeorb","ability":"Speed Boost","moves":["protect","crunch","earthquake","waterfall"],"nature":"Adamant","evs":{"hp":0,"atk":252,"def":0,"spa":0,"spd":4,"spe":252},"gender":"M","ivs":{"hp":31,"atk":31,"def":31,"spa":31,"spd":31,"spe":31}}],"p2team":[{"name":"Sharpedo","species":"Sharpedo","item":"sharpedonite","ability":"Speed Boost","moves":["protect","hydropump","crunch","icefang"],"nature":"Hasty","evs":{"hp":0,"atk":252,"def":0,"spa":4,"spd":0,"spe":252},"ivs":{"hp":31,"atk":31,"def":31,"spa":31,"spd":31,"spe":31}},{"name":"Lanturn","species":"Lanturn","item":"leftovers","ability":"Volt Absorb","moves":["healbell","thunderwave","toxic","scald"],"nature":"Calm","evs":{"hp":0,"atk":0,"def":252,"spa":0,"spd":252,"spe":0},"ivs":{"hp":31,"atk":31,"def":31,"spa":31,"spd":31,"spe":31}},{"name":"Empoleon","species":"Empoleon","item":"leftovers","ability":"Torrent","moves":["defog","stealthrock","roar","flashcannon"],"nature":"Calm","evs":{"hp":252,"atk":0,"def":4,"spa":0,"spd":252,"spe":0},"ivs":{"hp":31,"atk":31,"def":31,"spa":31,"spd":31,"spe":31}},{"name":"Starmie","species":"Starmie","item":"expertbelt","ability":"Analytic","moves":["icebeam","hydropump","psychic","powergem"],"nature":"Timid","evs":{"hp":0,"atk":0,"def":0,"spa":252,"spd":4,"spe":252},"shiny":true,"ivs":{"hp":31,"atk":31,"def":31,"spa":31,"spd":31,"spe":31}},{"name":"Slowbro","species":"Slowbro","item":"leftovers","ability":"Regenerator","moves":["scald","fireblast","icebeam","slackoff"],"nature":"Bold","evs":{"hp":252,"atk":0,"def":252,"spa":4,"spd":0,"spe":0},"ivs":{"hp":31,"atk":31,"def":31,"spa":31,"spd":31,"spe":31}},{"name":"Keldeo-Resolute","species":"Keldeo-Resolute","item":"choicescarf","ability":"Justified","moves":["icywind","hydropump","secretsword","hiddenpowerflying"],"nature":"Timid","evs":{"hp":4,"atk":0,"def":0,"spa":252,"spd":0,"spe":252},"ivs":{"hp":30,"atk":30,"def":30,"spa":30,"spd":30,"spe":31}}],"log":["|player|p1|Lotus Aranacana|lotusaranacana.png","|player|p2|Attero|110","|gametype|singles","|gen|6","|tier|Monotype","|rated","|rule|Baton Pass Clause: Limit one Baton Passer, can't pass Spe and other stats simultaneously","|rule|Swagger Clause: Swagger is banned","|rule|Same Type Clause: Pokémon in a team must share a type","|clearpoke","|poke|p1|Tyranitar, M","|poke|p1|Sableye, F","|poke|p1|Bisharp, M, shiny","|poke|p1|Hoopa-Unbound","|poke|p1|Mandibuzz, F","|poke|p1|Sharpedo, M","|poke|p2|Sharpedo, F","|poke|p2|Lanturn, F","|poke|p2|Empoleon, F","|poke|p2|Starmie, shiny","|poke|p2|Slowbro, F","|poke|p2|Keldeo-Resolute","|rule|Sleep Clause Mod: Limit one foe put to sleep","|rule|Species Clause: Limit one of each Pokémon","|rule|OHKO Clause: OHKO moves are banned","|rule|Moody Clause: Moody is banned","|rule|Evasion Moves Clause: Evasion moves are banned","|rule|Endless Battle Clause: Forcing endless battles is banned","|rule|HP Percentage Mod: HP is shown in percentages","|teampreview","|","|start","|switch|p1a: Balboa|Tyranitar, M|403/403","|switch|p2a: Keldeo-Resolute|Keldeo-Resolute|323/323","|-weather|Sandstorm","|turn|1","|","|move|p2a: Keldeo-Resolute|Secret Sword|p1a: Balboa","|-supereffective|p1a: Balboa","|-damage|p1a: Balboa|0 fnt","|faint|p1a: Balboa","|","|-weather|Sandstorm|[upkeep]","|-damage|p2a: Keldeo-Resolute|303/323|[from] sandstorm","|","|switch|p1a: Gemini|Sableye, F|303/303","|turn|2","|","|switch|p2a: Lanturn|Lanturn, F|391/391","|move|p1a: Gemini|Calm Mind|p1a: Gemini","|-boost|p1a: Gemini|spa|1","|-boost|p1a: Gemini|spd|1","|","|-weather|Sandstorm|[upkeep]","|-damage|p2a: Lanturn|367/391|[from] sandstorm","|-damage|p1a: Gemini|285/303|[from] sandstorm","|-heal|p2a: Lanturn|391/391|[from] item: Leftovers","|turn|3","|","|move|p1a: Gemini|Calm Mind|p1a: Gemini","|-boost|p1a: Gemini|spa|1","|-boost|p1a: Gemini|spd|1","|move|p2a: Lanturn|Thunder Wave|p1a: Gemini","|-status|p1a: Gemini|par","|","|-weather|Sandstorm|[upkeep]","|-damage|p2a: Lanturn|367/391|[from] sandstorm","|-damage|p1a: Gemini|267/303 par|[from] sandstorm","|-heal|p2a: Lanturn|391/391|[from] item: Leftovers","|turn|4","|","|detailschange|p1a: Gemini|Sableye-Mega, F","|-mega|p1a: Gemini|Sableye|Sablenite","|cant|p1a: Gemini|par","|move|p2a: Lanturn|Scald|p1a: Gemini","|-damage|p1a: Gemini|242/303 par","|","|-weather|Sandstorm|[upkeep]","|-damage|p2a: Lanturn|367/391|[from] sandstorm","|-damage|p1a: Gemini|224/303 par|[from] sandstorm","|-heal|p2a: Lanturn|391/391|[from] item: Leftovers","|turn|5","|","|switch|p2a: Empoleon|Empoleon, F|372/372","|move|p1a: Gemini|Calm Mind|p1a: Gemini","|-boost|p1a: Gemini|spa|1","|-boost|p1a: Gemini|spd|1","|","|-weather|none","|turn|6","|","|move|p2a: Empoleon|Stealth Rock|p1a: Gemini","|move|p1a: Gemini|Stealth Rock|p2a: Empoleon|[from]Magic Bounce","|-sidestart|p2: Attero|move: Stealth Rock","|move|p1a: Gemini|Will-O-Wisp|p2a: Empoleon","|-status|p2a: Empoleon|brn","|","|-damage|p2a: Empoleon|326/372 brn|[from] brn","|turn|7","|","|move|p2a: Empoleon|Flash Cannon|p1a: Gemini","|-damage|p1a: Gemini|197/303 par","|move|p1a: Gemini|Recover|p1a: Gemini","|-heal|p1a: Gemini|303/303 par","|","|-heal|p2a: Empoleon|349/372 brn|[from] item: Leftovers","|-damage|p2a: Empoleon|303/372 brn|[from] brn","|turn|8","|","|move|p1a: Gemini|Calm Mind|p1a: Gemini","|-boost|p1a: Gemini|spa|1","|-boost|p1a: Gemini|spd|1","|move|p2a: Empoleon|Roar|p1a: Gemini","|move|p1a: Gemini|Roar|p2a: Empoleon|[from]Magic Bounce","|drag|p2a: Sharpedo|Sharpedo, F|281/281","|-damage|p2a: Sharpedo|246/281|[from] Stealth Rock","|","|turn|9","|","|detailschange|p2a: Sharpedo|Sharpedo-Mega, F","|-mega|p2a: Sharpedo|Sharpedo|Sharpedonite","|move|p2a: Sharpedo|Protect|p2a: Sharpedo","|-singleturn|p2a: Sharpedo|Protect","|move|p1a: Gemini|Will-O-Wisp|p2a: Sharpedo","|-activate|p2a: Sharpedo|Protect","|","|turn|10","|","|move|p2a: Sharpedo|Crunch|p1a: Gemini","|-damage|p1a: Gemini|104/303 par","|cant|p1a: Gemini|par","|","|turn|11","|","|move|p2a: Sharpedo|Crunch|p1a: Gemini","|-damage|p1a: Gemini|0 fnt","|faint|p1a: Gemini","|","|","|switch|p1a: Spielberg's Pet|Sharpedo, M|281/281","|turn|12","|","|switch|p2a: Lanturn|Lanturn, F|391/391","|-damage|p2a: Lanturn|343/391|[from] Stealth Rock","|move|p1a: Spielberg's Pet|Protect|p1a: Spielberg's Pet","|-fail|p1a: Spielberg's Pet","|","|-heal|p2a: Lanturn|367/391|[from] item: Leftovers","|-boost|p1a: Spielberg's Pet|spe|1|[from] ability: Speed Boost","|turn|13","|","|move|p1a: Spielberg's Pet|Earthquake|p2a: Lanturn","|-supereffective|p2a: Lanturn","|-damage|p2a: Lanturn|39/391","|-damage|p1a: Spielberg's Pet|253/281|[from] item: Life Orb","|move|p2a: Lanturn|Thunder Wave|p1a: Spielberg's Pet","|-status|p1a: Spielberg's Pet|par","|","|-heal|p2a: Lanturn|63/391|[from] item: Leftovers","|-boost|p1a: Spielberg's Pet|spe|1|[from] ability: Speed Boost","|turn|14","|","|cant|p1a: Spielberg's Pet|par","|move|p2a: Lanturn|Heal Bell|p2a: Lanturn","|-cureteam|p2a: Lanturn|[from] move: HealBell","|","|-heal|p2a: Lanturn|87/391|[from] item: Leftovers","|-boost|p1a: Spielberg's Pet|spe|1|[from] ability: Speed Boost","|turn|15","|","|move|p1a: Spielberg's Pet|Protect|p1a: Spielberg's Pet","|-singleturn|p1a: Spielberg's Pet|Protect","|move|p2a: Lanturn|Scald|p1a: Spielberg's Pet","|-activate|p1a: Spielberg's Pet|Protect","|","|-heal|p2a: Lanturn|111/391|[from] item: Leftovers","|-boost|p1a: Spielberg's Pet|spe|1|[from] ability: Speed Boost","|turn|16","|","|move|p1a: Spielberg's Pet|Earthquake|p2a: Lanturn","|-supereffective|p2a: Lanturn","|-damage|p2a: Lanturn|0 fnt","|-damage|p1a: Spielberg's Pet|225/281 par|[from] item: Life Orb","|faint|p2a: Lanturn","|","|-boost|p1a: Spielberg's Pet|spe|1|[from] ability: Speed Boost","|","|switch|p2a: Keldeo-Resolute|Keldeo-Resolute|303/323","|-damage|p2a: Keldeo-Resolute|283/323|[from] Stealth Rock","|turn|17","|","|move|p1a: Spielberg's Pet|Protect|p1a: Spielberg's Pet","|-singleturn|p1a: Spielberg's Pet|Protect","|move|p2a: Keldeo-Resolute|Secret Sword|p1a: Spielberg's Pet","|-activate|p1a: Spielberg's Pet|Protect","|","|-boost|p1a: Spielberg's Pet|spe|1|[from] ability: Speed Boost","|turn|18","|","|move|p2a: Keldeo-Resolute|Secret Sword|p1a: Spielberg's Pet","|-supereffective|p1a: Spielberg's Pet","|-damage|p1a: Spielberg's Pet|0 fnt","|faint|p1a: Spielberg's Pet","|","|","|switch|p1a: Checkmate|Bisharp, M, shiny|272/272","|turn|19","|","|switch|p2a: Empoleon|Empoleon, F|303/372","|-damage|p2a: Empoleon|280/372|[from] Stealth Rock","|move|p1a: Checkmate|Aerial Ace|p2a: Empoleon","|-resisted|p2a: Empoleon","|-damage|p2a: Empoleon|244/372","|","|-heal|p2a: Empoleon|267/372|[from] item: Leftovers","|turn|20","|","|move|p1a: Checkmate|Knock Off|p2a: Empoleon","|-damage|p2a: Empoleon|81/372","|-enditem|p2a: Empoleon|Leftovers|[from] move: Knock Off|[of] p1a: Checkmate","|move|p2a: Empoleon|Stealth Rock|p1a: Checkmate","|-sidestart|p1: Lotus Aranacana|move: Stealth Rock","|","|turn|21","|","|move|p1a: Checkmate|Sucker Punch|p2a: Empoleon","|-damage|p2a: Empoleon|0 fnt","|faint|p2a: Empoleon","|","|","|switch|p2a: Sharpedo|Sharpedo-Mega, F|246/281","|-damage|p2a: Sharpedo|211/281|[from] Stealth Rock","|turn|22","|","|move|p2a: Sharpedo|Crunch|p1a: Checkmate","|-resisted|p1a: Checkmate","|-damage|p1a: Checkmate|155/272","|move|p1a: Checkmate|Aerial Ace|p2a: Sharpedo","|-damage|p2a: Sharpedo|112/281","|","|turn|23","|","|move|p2a: Sharpedo|Hydro Pump|p1a: Checkmate|[miss]","|-miss|p2a: Sharpedo|p1a: Checkmate","|move|p1a: Checkmate|Aerial Ace|p2a: Sharpedo","|-damage|p2a: Sharpedo|14/281","|","|turn|24","|","|move|p2a: Sharpedo|Hydro Pump|p1a: Checkmate","|-damage|p1a: Checkmate|0 fnt","|faint|p1a: Checkmate","|","|","|switch|p1a: Buzzkill|Mandibuzz, F|421/421","|-damage|p1a: Buzzkill|316/421|[from] Stealth Rock","|turn|25","|","|move|p2a: Sharpedo|Ice Fang|p1a: Buzzkill","|-crit|p1a: Buzzkill","|-supereffective|p1a: Buzzkill","|-damage|p1a: Buzzkill|16/421","|move|p1a: Buzzkill|Foul Play|p2a: Sharpedo","|-resisted|p2a: Sharpedo","|-damage|p2a: Sharpedo|0 fnt","|faint|p2a: Sharpedo","|","|-heal|p1a: Buzzkill|42/421|[from] item: Leftovers","|","|switch|p2a: Keldeo-Resolute|Keldeo-Resolute|283/323","|-damage|p2a: Keldeo-Resolute|263/323|[from] Stealth Rock","|turn|26","|","|move|p2a: Keldeo-Resolute|Secret Sword|p1a: Buzzkill","|-damage|p1a: Buzzkill|0 fnt","|faint|p1a: Buzzkill","|","|","|switch|p1a: Lord of the Rings|Hoopa-Unbound|301/301","|-damage|p1a: Lord of the Rings|264/301|[from] Stealth Rock","|turn|27","|","|switch|p2a: Slowbro|Slowbro, F|394/394","|-damage|p2a: Slowbro|345/394|[from] Stealth Rock","|move|p1a: Lord of the Rings|Hyperspace Fury|p2a: Slowbro","|-supereffective|p2a: Slowbro","|-damage|p2a: Slowbro|45/394","|-unboost|p1a: Lord of the Rings|def|1","|","|-heal|p2a: Slowbro|69/394|[from] item: Leftovers","|turn|28","|","|move|p1a: Lord of the Rings|Hyperspace Fury|p2a: Slowbro","|-supereffective|p2a: Slowbro","|-damage|p2a: Slowbro|0 fnt","|-unboost|p1a: Lord of the Rings|def|1","|faint|p2a: Slowbro","|","|","|switch|p2a: Starmie|Starmie, shiny|261/261","|-damage|p2a: Starmie|229/261|[from] Stealth Rock","|turn|29","|","|move|p1a: Lord of the Rings|Hyperspace Fury|p2a: Starmie","|-supereffective|p2a: Starmie","|-damage|p2a: Starmie|0 fnt","|-unboost|p1a: Lord of the Rings|def|1","|faint|p2a: Starmie","|","|","|switch|p2a: Keldeo-Resolute|Keldeo-Resolute|263/323","|-damage|p2a: Keldeo-Resolute|243/323|[from] Stealth Rock","|turn|30","|","|move|p2a: Keldeo-Resolute|Secret Sword|p1a: Lord of the Rings","|-damage|p1a: Lord of the Rings|0 fnt","|faint|p1a: Lord of the Rings","|","|win|Attero"],"p1rating":{"entryid":"331815","serverid":"eos","formatid":"monotype","userid":"lotusaranacana","username":"Lotus Aranacana","w":"3","l":5,"t":"0","gxe":46.7,"r":"1423.0822080391","rd":"103.95003841139","sigma":"0","rptime":"1440579600","rpr":1473.9103310176,"rprd":94.283743895654,"rpsigma":"0","acre":1074.7018641224,"lacre":1074.7018641224,"oldacre":"1107.1782952461"},"p2rating":{"entryid":519155,"formatid":"monotype","userid":"attero","username":"Attero","r":1500,"rd":130,"sigma":0,"rpr":1532.6737768666,"rprd":122.79237794348,"rpsigma":0,"rptime":1440579600,"w":1,"l":0,"t":0,"gxe":54.1,"acre":1051.962289798,"lacre":1051.962289798,"oldacre":1000},"endType":"normal"}