{"seed":[49590,2444,43023,55640],"turns":21,"p1":"Nexus ⚡ Tyler","p2":"Quilluminati","p1team":[{"name":"Mr. SweepYourTeam","species":"hawlucha","item":"sitrusberry","ability":"Unburden","moves":["substitute","acrobatics","highjumpkick","bulkup"],"nature":"Timid","evs":{"hp":0,"atk":252,"def":0,"spa":0,"spd":4,"spe":252},"ivs":{"hp":30,"atk":31,"def":31,"spa":31,"spd":31,"spe":31},"shiny":true},{"name":"Resolution","species":"keldeoresolute","item":"choicespecs","ability":"Justified","moves":["hydropump","secretsword","scald","hiddenpowerelectric"],"nature":"Timid","evs":{"hp":0,"atk":0,"def":0,"spa":252,"spd":4,"spe":252},"ivs":{"hp":31,"atk":31,"def":31,"spa":30,"spd":31,"spe":31}},{"name":"'Cham","species":"medicham","item":"medichamite","ability":"Pure Power","moves":["fakeout","psychocut","highjumpkick","icepunch"],"nature":"Jolly","evs":{"hp":0,"atk":252,"def":0,"spa":0,"spd":4,"spe":252},"ivs":{"hp":31,"atk":31,"def":31,"spa":31,"spd":31,"spe":31}},{"name":"Twobirdsonestone","species":"terrakion","item":"leftovers","ability":"Justified","moves":["closecombat","stoneedge","substitute","swordsdance"],"nature":"Jolly","evs":{"hp":0,"atk":252,"def":0,"spa":0,"spd":4,"spe":252},"ivs":{"hp":31,"atk":31,"def":31,"spa":31,"spd":31,"spe":31}},{"name":"The mighty Coba","species":"cobalion","item":"focussash","ability":"Justified","moves":["closecombat","ironhead","swordsdance","stoneedge"],"nature":"Jolly","evs":{"hp":4,"atk":252,"def":0,"spa":0,"spd":0,"spe":252},"ivs":{"hp":31,"atk":31,"def":31,"spa":31,"spd":31,"spe":31}},{"name":"BetterMachamp","species":"conkeldurr","item":"lifeorb","ability":"Guts","moves":["machpunch","bulkup","stoneedge","icepunch"],"nature":"Adamant","evs":{"hp":0,"atk":0,"def":0,"spa":0,"spd":8,"spe":0},"ivs":{"hp":31,"atk":31,"def":31,"spa":31,"spd":31,"spe":31}}],"p2team":[{"name":"Aggron","species":"Aggron","item":"aggronite","ability":"Sturdy","moves":["heavyslam","curse","rest","sleeptalk"],"nature":"Impish","evs":{"hp":252,"atk":0,"def":16,"spa":0,"spd":240,"spe":0},"shiny":true,"ivs":{"hp":31,"atk":31,"def":31,"spa":31,"spd":31,"spe":31}},{"name":"Aerodactyl","species":"Aerodactyl","item":"focussash","ability":"Rock Head","moves":["aerialace","honeclaws","stoneedge","firefang"],"nature":"Jolly","evs":{"hp":0,"atk":252,"def":0,"spa":0,"spd":4,"spe":252},"ivs":{"hp":31,"atk":31,"def":31,"spa":31,"spd":31,"spe":31}},{"name":"Cradily","species":"Cradily","item":"rockyhelmet","ability":"Storm Drain","moves":["gigadrain","stockpile","recover","toxic"],"nature":"Calm","evs":{"hp":44,"atk":0,"def":216,"spa":48,"spd":140,"spe":60},"ivs":{"hp":31,"atk":31,"def":31,"spa":31,"spd":31,"spe":31}},{"name":"Tyranitar","species":"Tyranitar","item":"assaultvest","ability":"Sand Stream","moves":["fireblast","crunch","earthquake","stoneedge"],"nature":"Naughty","evs":{"hp":252,"atk":152,"def":0,"spa":104,"spd":0,"spe":0},"ivs":{"hp":31,"atk":31,"def":31,"spa":31,"spd":31,"spe":31}},{"name":"Terrakion","species":"Terrakion","item":"choicescarf","ability":"Justified","moves":["closecombat","earthquake","ironhead","stoneedge"],"nature":"Jolly","evs":{"hp":0,"atk":252,"def":0,"spa":0,"spd":4,"spe":252},"ivs":{"hp":31,"atk":31,"def":31,"spa":31,"spd":31,"spe":31}},{"name":"Omastar","species":"Omastar","item":"focussash","ability":"Shell Armor","moves":["shellsmash","icebeam","surf","earthpower"],"nature":"Modest","evs":{"hp":0,"atk":0,"def":0,"spa":252,"spd":4,"spe":252},"ivs":{"hp":31,"atk":31,"def":31,"spa":31,"spd":31,"spe":31}}],"log":["|player|p1|Nexus ⚡ Tyler|145","|player|p2|Quilluminati|1","|gametype|singles","|gen|6","|tier|Monotype","|rated","|rule|Baton Pass Clause: Limit one Baton Passer, can't pass Spe and other stats simultaneously","|rule|Swagger Clause: Swagger is banned","|rule|Same Type Clause: Pokémon in a team must share a type","|clearpoke","|poke|p1|Hawlucha, F, shiny","|poke|p1|Keldeo-Resolute","|poke|p1|Medicham, F","|poke|p1|Terrakion","|poke|p1|Cobalion","|poke|p1|Conkeldurr, F","|poke|p2|Aggron, F, shiny","|poke|p2|Aerodactyl, F","|poke|p2|Cradily, F","|poke|p2|Tyranitar, M","|poke|p2|Terrakion","|poke|p2|Omastar, M","|rule|Sleep Clause Mod: Limit one foe put to sleep","|rule|Species Clause: Limit one of each Pokémon","|rule|OHKO Clause: OHKO moves are banned","|rule|Moody Clause: Moody is banned","|rule|Evasion Moves Clause: Evasion moves are banned","|rule|Endless Battle Clause: Forcing endless battles is banned","|rule|HP Percentage Mod: HP is shown in percentages","|teampreview","|","|start","|switch|p1a: BetterMachamp|Conkeldurr, F|351/351","|switch|p2a: Aggron|Aggron, F, shiny|344/344","|turn|1","|","|detailschange|p2a: Aggron|Aggron-Mega, F, shiny","|-mega|p2a: Aggron|Aggron|Aggronite","|move|p2a: Aggron|Curse|p2a: Aggron","|-unboost|p2a: Aggron|spe|1","|-boost|p2a: Aggron|atk|1","|-boost|p2a: Aggron|def|1","|move|p1a: BetterMachamp|Bulk Up|p1a: BetterMachamp","|-boost|p1a: BetterMachamp|atk|1","|-boost|p1a: BetterMachamp|def|1","|","|turn|2","|","|move|p1a: BetterMachamp|Bulk Up|p1a: BetterMachamp","|-boost|p1a: BetterMachamp|atk|1","|-boost|p1a: BetterMachamp|def|1","|move|p2a: Aggron|Curse|p2a: Aggron","|-unboost|p2a: Aggron|spe|1","|-boost|p2a: Aggron|atk|1","|-boost|p2a: Aggron|def|1","|","|turn|3","|","|move|p1a: BetterMachamp|Bulk Up|p1a: BetterMachamp","|-boost|p1a: BetterMachamp|atk|1","|-boost|p1a: BetterMachamp|def|1","|move|p2a: Aggron|Curse|p2a: Aggron","|-unboost|p2a: Aggron|spe|1","|-boost|p2a: Aggron|atk|1","|-boost|p2a: Aggron|def|1","|","|turn|4","|","|move|p1a: BetterMachamp|Bulk Up|p1a: BetterMachamp","|-boost|p1a: BetterMachamp|atk|1","|-boost|p1a: BetterMachamp|def|1","|move|p2a: Aggron|Curse|p2a: Aggron","|-unboost|p2a: Aggron|spe|1","|-boost|p2a: Aggron|atk|1","|-boost|p2a: Aggron|def|1","|","|turn|5","|","|move|p1a: BetterMachamp|Mach Punch|p2a: Aggron","|-supereffective|p2a: Aggron","|-damage|p2a: Aggron|286/344","|-damage|p1a: BetterMachamp|316/351|[from] item: Life Orb","|move|p2a: Aggron|Curse|p2a: Aggron","|-unboost|p2a: Aggron|spe|1","|-boost|p2a: Aggron|atk|1","|-boost|p2a: Aggron|def|1","|","|turn|6","|","|move|p1a: BetterMachamp|Bulk Up|p1a: BetterMachamp","|-boost|p1a: BetterMachamp|atk|1","|-boost|p1a: BetterMachamp|def|1","|move|p2a: Aggron|Heavy Slam|p1a: BetterMachamp","|-damage|p1a: BetterMachamp|160/351","|","|turn|7","|","|move|p1a: BetterMachamp|Mach Punch|p2a: Aggron","|-supereffective|p2a: Aggron","|-damage|p2a: Aggron|222/344","|-damage|p1a: BetterMachamp|125/351|[from] item: Life Orb","|move|p2a: Aggron|Heavy Slam|p1a: BetterMachamp","|-damage|p1a: BetterMachamp|0 fnt","|faint|p1a: BetterMachamp","|","|","|switch|p1a: Resolution|Keldeo-Resolute|323/323","|turn|8","|","|move|p1a: Resolution|Hydro Pump|p2a: Aggron","|-damage|p2a: Aggron|0 fnt","|faint|p2a: Aggron","|","|","|switch|p2a: Cradily|Cradily, F|324/324","|turn|9","|","|switch|p1a: Mr. SweepYourTeam|Hawlucha, F, shiny|296/296","|switch|p2a: Terrakion|Terrakion|323/323","|","|turn|10","|","|move|p2a: Terrakion|Stone Edge|p1a: Mr. SweepYourTeam","|-damage|p1a: Mr. SweepYourTeam|89/296","|-enditem|p1a: Mr. SweepYourTeam|Sitrus Berry|[eat]","|-heal|p1a: Mr. SweepYourTeam|163/296|[from] item: Sitrus Berry","|move|p1a: Mr. SweepYourTeam|Bulk Up|p1a: Mr. SweepYourTeam","|-boost|p1a: Mr. SweepYourTeam|atk|1","|-boost|p1a: Mr. SweepYourTeam|def|1","|","|turn|11","|","|switch|p2a: Cradily|Cradily, F|324/324","|move|p1a: Mr. SweepYourTeam|High Jump Kick|p2a: Cradily","|-supereffective|p2a: Cradily","|-damage|p2a: Cradily|0 fnt","|-damage|p1a: Mr. SweepYourTeam|114/296|[from] item: Rocky Helmet|[of] p2a: Cradily","|faint|p2a: Cradily","|","|","|switch|p2a: Omastar|Omastar, M|281/281","|turn|12","|","|move|p1a: Mr. SweepYourTeam|High Jump Kick|p2a: Omastar","|-supereffective|p2a: Omastar","|-enditem|p2a: Omastar|Focus Sash","|-damage|p2a: Omastar|1/281","|move|p2a: Omastar|Surf|p1a: Mr. SweepYourTeam","|-damage|p1a: Mr. SweepYourTeam|0 fnt","|faint|p1a: Mr. SweepYourTeam","|","|","|switch|p1a: 'Cham|Medicham, F|261/261","|turn|13","|","|detailschange|p1a: 'Cham|Medicham-Mega, F","|-mega|p1a: 'Cham|Medicham|Medichamite","|move|p1a: 'Cham|Fake Out|p2a: Omastar","|-resisted|p2a: Omastar","|-damage|p2a: Omastar|0 fnt","|faint|p2a: Omastar","|","|","|switch|p2a: Aerodactyl|Aerodactyl, F|301/301","|turn|14","|","|move|p2a: Aerodactyl|Aerial Ace|p1a: 'Cham","|-supereffective|p1a: 'Cham","|-damage|p1a: 'Cham|31/261","|move|p1a: 'Cham|High Jump Kick|p2a: Aerodactyl","|-enditem|p2a: Aerodactyl|Focus Sash","|-damage|p2a: Aerodactyl|1/301","|","|turn|15","|","|move|p2a: Aerodactyl|Aerial Ace|p1a: 'Cham","|-supereffective|p1a: 'Cham","|-damage|p1a: 'Cham|0 fnt","|faint|p1a: 'Cham","|","|","|switch|p1a: The mighty Coba|Cobalion|324/324","|turn|16","|","|move|p2a: Aerodactyl|Fire Fang|p1a: The mighty Coba","|-supereffective|p1a: The mighty Coba","|-damage|p1a: The mighty Coba|214/324","|cant|p1a: The mighty Coba|flinch","|","|turn|17","|","|move|p2a: Aerodactyl|Fire Fang|p1a: The mighty Coba","|-supereffective|p1a: The mighty Coba","|-damage|p1a: The mighty Coba|104/324","|move|p1a: The mighty Coba|Iron Head|p2a: Aerodactyl","|-supereffective|p2a: Aerodactyl","|-damage|p2a: Aerodactyl|0 fnt","|faint|p2a: Aerodactyl","|","|","|switch|p2a: Terrakion|Terrakion|323/323","|turn|18","|","|move|p2a: Terrakion|Close Combat|p1a: The mighty Coba","|-supereffective|p1a: The mighty Coba","|-damage|p1a: The mighty Coba|0 fnt","|-unboost|p2a: Terrakion|def|1","|-unboost|p2a: Terrakion|spd|1","|faint|p1a: The mighty Coba","|","|","|switch|p1a: Resolution|Keldeo-Resolute|323/323","|turn|19","|","|switch|p2a: Tyranitar|Tyranitar, M|404/404","|-weather|Sandstorm","|move|p1a: Resolution|Hydro Pump|p2a: Tyranitar","|-supereffective|p2a: Tyranitar","|-damage|p2a: Tyranitar|104/404","|","|-weather|Sandstorm|[upkeep]","|-damage|p1a: Resolution|303/323|[from] sandstorm","|turn|20","|","|move|p1a: Resolution|Hydro Pump|p2a: Tyranitar","|-supereffective|p2a: Tyranitar","|-damage|p2a: Tyranitar|0 fnt","|faint|p2a: Tyranitar","|","|-weather|Sandstorm|[upkeep]","|-damage|p1a: Resolution|283/323|[from] sandstorm","|","|switch|p2a: Terrakion|Terrakion|323/323","|turn|21","|","|move|p2a: Terrakion|Close Combat|p1a: Resolution","|-damage|p1a: Resolution|37/323","|-unboost|p2a: Terrakion|def|1","|-unboost|p2a: Terrakion|spd|1","|move|p1a: Resolution|Hydro Pump|p2a: Terrakion","|-crit|p2a: Terrakion","|-supereffective|p2a: Terrakion","|-damage|p2a: Terrakion|0 fnt","|faint|p2a: Terrakion","|","|win|Nexus ⚡ Tyler"],"p1rating":{"entryid":"492069","serverid":"eos","formatid":"monotype","userid":"nexustyler","username":"nexustyler","w":6,"l":"11","t":"0","gxe":39.8,"r":"1391.5911605261","rd":"78.80081454248","sigma":"0","rptime":"1440666000","rpr":1420.4237224661,"rprd":74.412642202527,"rpsigma":"0","acre":1105.2332874043,"lacre":1105.2332874043,"oldacre":"1068.3021175252"},"p2rating":{"entryid":"261237","serverid":"eos","formatid":"monotype","userid":"quilluminati","username":"Quilluminati","w":"7","l":2,"t":"0","gxe":60.9,"r":"1648.8394566122","rd":"100.13351217681","sigma":"0","rptime":"1440666000","rpr":1586.2869131172,"rprd":92.855525050382,"rpsigma":"0","acre":1122.7539440529,"lacre":1122.7539440529,"oldacre":"1153.783656804"},"endType":"normal"}