{"seed":[27580,63403,25300,33634],"turns":27,"p1":"Void Neo","p2":"SL Lightoak","p1team":[{"name":"Miller","species":"skarmory","item":"rockyhelmet","ability":"Sturdy","moves":["bravebird","stealthrock","whirlwind","roost"],"nature":"Impish","evs":{"hp":248,"atk":0,"def":252,"spa":0,"spd":0,"spe":8},"ivs":{"hp":31,"atk":31,"def":31,"spa":31,"spd":31,"spe":31}},{"name":"Andrea","species":"togekiss","item":"leftovers","ability":"Serene Grace","moves":["airslash","dazzlinggleam","toxic","roost"],"nature":"Calm","evs":{"hp":252,"atk":0,"def":0,"spa":4,"spd":252,"spe":0},"ivs":{"hp":31,"atk":31,"def":31,"spa":31,"spd":31,"spe":31}},{"name":"Cyron","species":"zapdos","item":"leftovers","ability":"Pressure","moves":["discharge","heatwave","defog","roost"],"nature":"Calm","evs":{"hp":252,"atk":0,"def":0,"spa":4,"spd":252,"spe":0},"ivs":{"hp":31,"atk":31,"def":31,"spa":31,"spd":31,"spe":31}},{"name":"Ohnta","species":"gyarados","item":"leftovers","ability":"Moxie","moves":["dragondance","substitute","icefang","earthquake"],"nature":"Jolly","evs":{"hp":0,"atk":252,"def":0,"spa":0,"spd":4,"spe":252},"ivs":{"hp":31,"atk":31,"def":31,"spa":31,"spd":31,"spe":31}},{"name":"Rafique","species":"landorustherian","item":"choicescarf","ability":"Intimidate","moves":["uturn","earthquake","stoneedge","knockoff"],"nature":"Jolly","evs":{"hp":0,"atk":252,"def":0,"spa":0,"spd":4,"spe":252},"ivs":{"hp":31,"atk":31,"def":31,"spa":31,"spd":31,"spe":31}},{"name":"Shari","species":"dragonite","item":"choiceband","ability":"Multiscale","moves":["outrage","firepunch","brickbreak","extremespeed"],"nature":"Adamant","evs":{"hp":4,"atk":252,"def":0,"spa":0,"spd":0,"spe":252},"ivs":{"hp":31,"atk":31,"def":31,"spa":31,"spd":31,"spe":31}}],"p2team":[{"name":"Gurdurr","species":"Gurdurr","item":"eviolite","ability":"Guts","moves":["bulkup","drainpunch","stoneedge","knockoff"],"nature":"Adamant","evs":{"hp":248,"atk":252,"def":0,"spa":0,"spd":8,"spe":0},"ivs":{"hp":31,"atk":31,"def":31,"spa":31,"spd":31,"spe":31}},{"name":"Hawlucha","species":"Hawlucha","item":"sitrusberry","ability":"Unburden","moves":["substitute","poweruppunch","acrobatics","drainpunch"],"nature":"Adamant","evs":{"hp":4,"atk":252,"def":0,"spa":0,"spd":0,"spe":252},"ivs":{"hp":31,"atk":31,"def":31,"spa":31,"spd":31,"spe":31}},{"name":"Gallade","species":"Gallade","item":"galladite","ability":"Steadfast","moves":["substitute","swordsdance","brickbreak","psychocut"],"nature":"Adamant","evs":{"hp":248,"atk":252,"def":0,"spa":0,"spd":8,"spe":0},"ivs":{"hp":31,"atk":31,"def":31,"spa":31,"spd":31,"spe":31}},{"name":"Machamp","species":"Machamp","item":"choiceband","ability":"No Guard","moves":["knockoff","bulletpunch","stoneedge","dynamicpunch"],"nature":"Adamant","evs":{"hp":248,"atk":252,"def":0,"spa":0,"spd":8,"spe":0},"ivs":{"hp":31,"atk":31,"def":31,"spa":31,"spd":31,"spe":31}},{"name":"Keldeo","species":"Keldeo","item":"leftovers","ability":"Justified","moves":["calmmind","scald","secretsword","icywind"],"nature":"Timid","evs":{"hp":0,"atk":0,"def":0,"spa":252,"spd":4,"spe":252},"ivs":{"hp":31,"atk":31,"def":31,"spa":31,"spd":31,"spe":31}},{"name":"Hitmontop","species":"Hitmontop","item":"choiceband","ability":"Technician","moves":["rapidspin","machpunch","pursuit","bulletpunch"],"nature":"Adamant","evs":{"hp":248,"atk":252,"def":0,"spa":0,"spd":8,"spe":0},"ivs":{"hp":31,"atk":31,"def":31,"spa":31,"spd":31,"spe":31}}],"log":["|player|p1|Void Neo|170","|player|p2|SL Lightoak|lightofaknowing.png","|gametype|singles","|gen|6","|tier|Monotype","|rated","|rule|Baton Pass Clause: Limit one Baton Passer, can't pass Spe and other stats simultaneously","|rule|Swagger Clause: Swagger is banned","|rule|Same Type Clause: Pokémon in a team must share a type","|clearpoke","|poke|p1|Skarmory, M","|poke|p1|Togekiss, F","|poke|p1|Zapdos","|poke|p1|Gyarados, F","|poke|p1|Landorus-Therian, M","|poke|p1|Dragonite, M","|poke|p2|Gurdurr, F","|poke|p2|Hawlucha, F","|poke|p2|Gallade, M","|poke|p2|Machamp, F","|poke|p2|Keldeo","|poke|p2|Hitmontop, M","|rule|Sleep Clause Mod: Limit one foe put to sleep","|rule|Species Clause: Limit one of each Pokémon","|rule|OHKO Clause: OHKO moves are banned","|rule|Moody Clause: Moody is banned","|rule|Evasion Moves Clause: Evasion moves are banned","|rule|Endless Battle Clause: Forcing endless battles is banned","|rule|HP Percentage Mod: HP is shown in percentages","|teampreview","|","|start","|switch|p1a: Rafique|Landorus-Therian, M|319/319","|switch|p2a: Hawlucha|Hawlucha, F|298/298","|-ability|p1a: Rafique|Intimidate","|-unboost|p2a: Hawlucha|atk|1","|turn|1","|","|move|p1a: Rafique|U-turn|p2a: Hawlucha","|-resisted|p2a: Hawlucha","|-damage|p2a: Hawlucha|271/298","|","|switch|p1a: Andrea|Togekiss, F|374/374","|move|p2a: Hawlucha|Substitute|p2a: Hawlucha","|-start|p2a: Hawlucha|Substitute","|-damage|p2a: Hawlucha|197/298","|","|turn|2","|","|move|p2a: Hawlucha|Power-Up Punch|p1a: Andrea","|-resisted|p1a: Andrea","|-damage|p1a: Andrea|363/374","|-boost|p2a: Hawlucha|atk|1","|move|p1a: Andrea|Dazzling Gleam|p2a: Hawlucha","|-supereffective|p2a: Hawlucha","|-end|p2a: Hawlucha|Substitute","|","|-heal|p1a: Andrea|374/374|[from] item: Leftovers","|turn|3","|","|move|p2a: Hawlucha|Substitute|p2a: Hawlucha","|-start|p2a: Hawlucha|Substitute","|-damage|p2a: Hawlucha|123/298","|-enditem|p2a: Hawlucha|Sitrus Berry|[eat]","|-heal|p2a: Hawlucha|197/298|[from] item: Sitrus Berry","|move|p1a: Andrea|Dazzling Gleam|p2a: Hawlucha","|-supereffective|p2a: Hawlucha","|-end|p2a: Hawlucha|Substitute","|","|turn|4","|","|move|p2a: Hawlucha|Acrobatics|p1a: Andrea","|-damage|p1a: Andrea|181/374","|move|p1a: Andrea|Dazzling Gleam|p2a: Hawlucha","|-supereffective|p2a: Hawlucha","|-damage|p2a: Hawlucha|0 fnt","|faint|p2a: Hawlucha","|","|-heal|p1a: Andrea|204/374|[from] item: Leftovers","|","|switch|p2a: Machamp|Machamp, F|383/383","|turn|5","|","|switch|p1a: Miller|Skarmory, M|333/333","|move|p2a: Machamp|Bullet Punch|p1a: Miller","|-resisted|p1a: Miller","|-damage|p1a: Miller|312/333","|-damage|p2a: Machamp|320/383|[from] item: Rocky Helmet|[of] p1a: Miller","|","|turn|6","|","|switch|p2a: Hitmontop|Hitmontop, M|303/303","|move|p1a: Miller|Stealth Rock|p2a: Hitmontop","|-sidestart|p2: SL Lightoak|move: Stealth Rock","|","|turn|7","|","|switch|p1a: Andrea|Togekiss, F|204/374","|move|p2a: Hitmontop|Rapid Spin|p1a: Andrea","|-damage|p1a: Andrea|157/374","|-sideend|p2: SL Lightoak|Stealth Rock|[from] move: Rapid Spin|[of] p2a: Hitmontop","|","|-heal|p1a: Andrea|180/374|[from] item: Leftovers","|turn|8","|","|move|p1a: Andrea|Air Slash|p2a: Hitmontop","|-supereffective|p2a: Hitmontop","|-damage|p2a: Hitmontop|127/303","|cant|p2a: Hitmontop|flinch","|","|-heal|p1a: Andrea|203/374|[from] item: Leftovers","|turn|9","|","|move|p1a: Andrea|Dazzling Gleam|p2a: Hitmontop","|-supereffective|p2a: Hitmontop","|-damage|p2a: Hitmontop|0 fnt","|faint|p2a: Hitmontop","|","|-heal|p1a: Andrea|226/374|[from] item: Leftovers","|","|switch|p2a: Keldeo|Keldeo|323/323","|turn|10","|","|move|p2a: Keldeo|Calm Mind|p2a: Keldeo","|-boost|p2a: Keldeo|spa|1","|-boost|p2a: Keldeo|spd|1","|move|p1a: Andrea|Roost|p1a: Andrea","|-heal|p1a: Andrea|374/374","|","|turn|11","|","|move|p2a: Keldeo|Icy Wind|p1a: Andrea","|-crit|p1a: Andrea","|-supereffective|p1a: Andrea","|-damage|p1a: Andrea|184/374","|-unboost|p1a: Andrea|spe|1","|move|p1a: Andrea|Dazzling Gleam|p2a: Keldeo","|-supereffective|p2a: Keldeo","|-damage|p2a: Keldeo|155/323","|","|-heal|p2a: Keldeo|175/323|[from] item: Leftovers","|-heal|p1a: Andrea|207/374|[from] item: Leftovers","|turn|12","|","|move|p2a: Keldeo|Icy Wind|p1a: Andrea","|-supereffective|p1a: Andrea","|-damage|p1a: Andrea|73/374","|-unboost|p1a: Andrea|spe|1","|move|p1a: Andrea|Roost|p1a: Andrea","|-heal|p1a: Andrea|260/374","|","|-heal|p2a: Keldeo|195/323|[from] item: Leftovers","|-heal|p1a: Andrea|283/374|[from] item: Leftovers","|turn|13","|","|move|p2a: Keldeo|Icy Wind|p1a: Andrea","|-miss|p2a: Keldeo|p1a: Andrea","|move|p1a: Andrea|Dazzling Gleam|p2a: Keldeo","|-supereffective|p2a: Keldeo","|-damage|p2a: Keldeo|33/323","|","|-heal|p2a: Keldeo|53/323|[from] item: Leftovers","|-heal|p1a: Andrea|306/374|[from] item: Leftovers","|turn|14","|","|move|p2a: Keldeo|Scald|p1a: Andrea","|-damage|p1a: Andrea|164/374","|move|p1a: Andrea|Dazzling Gleam|p2a: Keldeo","|-supereffective|p2a: Keldeo","|-damage|p2a: Keldeo|0 fnt","|faint|p2a: Keldeo","|","|-heal|p1a: Andrea|187/374|[from] item: Leftovers","|","|switch|p2a: Machamp|Machamp, F|320/383","|turn|15","|","|switch|p1a: Miller|Skarmory, M|312/333","|move|p2a: Machamp|Dynamic Punch|p1a: Miller","|-damage|p1a: Miller|150/333","|-damage|p2a: Machamp|257/383|[from] item: Rocky Helmet|[of] p1a: Miller","|-start|p1a: Miller|confusion","|","|turn|16","|","|switch|p1a: Rafique|Landorus-Therian, M|319/319","|-ability|p1a: Rafique|Intimidate","|-unboost|p2a: Machamp|atk|1","|switch|p2a: Gallade|Gallade, M|339/339","|","|turn|17","|","|detailschange|p2a: Gallade|Gallade-Mega, M","|-mega|p2a: Gallade|Gallade|Galladite","|move|p1a: Rafique|Earthquake|p2a: Gallade","|-damage|p2a: Gallade|128/339","|move|p2a: Gallade|Substitute|p2a: Gallade","|-start|p2a: Gallade|Substitute","|-damage|p2a: Gallade|44/339","|","|turn|18","|","|switch|p1a: Miller|Skarmory, M|150/333","|move|p2a: Gallade|Psycho Cut|p1a: Miller","|-resisted|p1a: Miller","|-damage|p1a: Miller|101/333","|","|turn|19","|","|move|p2a: Gallade|Swords Dance|p2a: Gallade","|-boost|p2a: Gallade|atk|2","|move|p1a: Miller|Roost|p1a: Miller","|-heal|p1a: Miller|268/333","|","|turn|20","|","|move|p2a: Gallade|Brick Break|p1a: Miller","|-damage|p1a: Miller|69/333","|-damage|p2a: Gallade|0 fnt|[from] item: Rocky Helmet|[of] p1a: Miller","|faint|p2a: Gallade","|move|p1a: Miller|Roost|p1a: Miller","|-heal|p1a: Miller|236/333","|","|","|switch|p2a: Machamp|Machamp, F|257/383","|turn|21","|","|move|p1a: Miller|Roost|p1a: Miller","|-heal|p1a: Miller|333/333","|move|p2a: Machamp|Dynamic Punch|p1a: Miller","|-supereffective|p1a: Miller","|-damage|p1a: Miller|27/333","|-damage|p2a: Machamp|194/383|[from] item: Rocky Helmet|[of] p1a: Miller","|-start|p1a: Miller|confusion","|","|turn|22","|","|switch|p1a: Rafique|Landorus-Therian, M|319/319","|-ability|p1a: Rafique|Intimidate","|-unboost|p2a: Machamp|atk|1","|switch|p2a: Gurdurr|Gurdurr, F|373/373","|","|turn|23","|","|move|p1a: Rafique|Knock Off|p2a: Gurdurr","|-resisted|p2a: Gurdurr","|-damage|p2a: Gurdurr|321/373","|-enditem|p2a: Gurdurr|Eviolite|[from] move: Knock Off|[of] p1a: Rafique","|move|p2a: Gurdurr|Bulk Up|p2a: Gurdurr","|-boost|p2a: Gurdurr|atk|1","|-boost|p2a: Gurdurr|def|1","|","|turn|24","|","|switch|p1a: Andrea|Togekiss, F|187/374","|move|p2a: Gurdurr|Stone Edge|p1a: Andrea","|-supereffective|p1a: Andrea","|-damage|p1a: Andrea|0 fnt","|faint|p1a: Andrea","|","|","|switch|p1a: Shari|Dragonite, M|324/324","|turn|25","|","|move|p1a: Shari|Outrage|p2a: Gurdurr","|-damage|p2a: Gurdurr|41/373","|move|p2a: Gurdurr|Knock Off|p1a: Shari","|-damage|p1a: Shari|235/324","|-enditem|p1a: Shari|Choice Band|[from] move: Knock Off|[of] p2a: Gurdurr","|","|turn|26","|","|move|p1a: Shari|Outrage|p2a: Gurdurr|[from]lockedmove","|-damage|p2a: Gurdurr|0 fnt","|faint|p2a: Gurdurr","|","|","|switch|p2a: Machamp|Machamp, F|194/383","|turn|27","|","|move|p1a: Shari|Outrage|p2a: Machamp|[from]lockedmove","|-damage|p2a: Machamp|0 fnt","|-start|p1a: Shari|confusion|[fatigue]","|faint|p2a: Machamp","|","|win|Void Neo"],"p1rating":{"entryid":"413977","serverid":"eos","formatid":"monotype","userid":"voidneo","username":"Void Neo","w":9,"l":"2","t":"0","gxe":68.5,"r":"1637.5338330124","rd":"87.998646725071","sigma":"0","rptime":"1440666000","rpr":1650.3032928856,"rprd":85.956199108141,"rpsigma":"0","acre":1198.731991694,"lacre":1198.731991694,"oldacre":"1179.6432059106"},"p2rating":{"entryid":"530913","serverid":"eos","formatid":"monotype","userid":"sllightoak","username":"SL Lightoak","w":"2","l":1,"t":"0","gxe":55.4,"r":"1500","rd":"130","sigma":"0","rptime":"1440666000","rpr":1542.7163049876,"rprd":111.32783269897,"rpsigma":"0","acre":1077.287972131,"lacre":1077.287972131,"oldacre":"1095.9081016931"},"endType":"normal"}