{"seed":[58768,11798,53336,26161],"turns":34,"p1":"iQuill","p2":"DSV","p1team":[{"name":"Allen Iverson","species":"diancie","item":"diancite","ability":"Clear Body","moves":["protect","moonblast","earthpower","diamondstorm"],"nature":"Hasty","evs":{"hp":0,"atk":120,"def":0,"spa":128,"spd":8,"spe":252},"ivs":{"hp":31,"atk":31,"def":31,"spa":31,"spd":31,"spe":31}},{"name":"Fuckle","species":"shuckle","item":"redcard","ability":"Sturdy","moves":["stickyweb","stealthrock","knockoff","toxic"],"nature":"Sassy","evs":{"hp":0,"atk":0,"def":120,"spa":0,"spd":120,"spe":0},"shiny":true,"ivs":{"hp":31,"atk":31,"def":31,"spa":31,"spd":31,"spe":31}},{"name":"Omastar","species":"Omastar","item":"focussash","ability":"Shell Armor","moves":["shellsmash","icebeam","scald","earthpower"],"nature":"Modest","evs":{"hp":0,"atk":0,"def":0,"spa":252,"spd":4,"spe":252},"ivs":{"hp":31,"atk":31,"def":31,"spa":31,"spd":31,"spe":31}},{"name":"Cradily","species":"Cradily","item":"rockyhelmet","ability":"Storm Drain","moves":["barrier","gigadrain","recover","amnesia"],"nature":"Calm","evs":{"hp":248,"atk":0,"def":0,"spa":40,"spd":216,"spe":0},"shiny":true,"ivs":{"hp":31,"atk":31,"def":31,"spa":31,"spd":31,"spe":31}},{"name":"Terrakion","species":"Terrakion","item":"choicescarf","ability":"Justified","moves":["closecombat","earthquake","stoneedge","ironhead"],"nature":"Jolly","evs":{"hp":0,"atk":252,"def":0,"spa":0,"spd":4,"spe":252},"ivs":{"hp":31,"atk":31,"def":31,"spa":31,"spd":31,"spe":31}},{"name":"Tyranitar","species":"Tyranitar","item":"assaultvest","ability":"Sand Stream","moves":["crunch","stoneedge","fireblast","earthquake"],"nature":"Naughty","evs":{"hp":248,"atk":252,"def":0,"spa":8,"spd":0,"spe":0},"ivs":{"hp":31,"atk":31,"def":31,"spa":31,"spd":31,"spe":31}}],"p2team":[{"name":"Roserade","species":"Roserade","item":"lifeorb","ability":"Technician","moves":["hiddenpowerrock","sludgebomb","gigadrain","extrasensory"],"nature":"Timid","evs":{"hp":0,"atk":0,"def":0,"spa":252,"spd":4,"spe":252},"ivs":{"hp":31,"atk":31,"def":30,"spa":31,"spd":30,"spe":30}},{"name":"Ferrothorn","species":"Ferrothorn","item":"leftovers","ability":"Iron Barbs","moves":["thunderwave","leechseed","gyroball","stealthrock"],"nature":"Relaxed","evs":{"hp":252,"atk":0,"def":88,"spa":0,"spd":168,"spe":0},"ivs":{"hp":31,"atk":31,"def":31,"spa":31,"spd":31,"spe":0}},{"name":"Venusaur","species":"Venusaur","item":"venusaurite","ability":"Chlorophyll","moves":["hiddenpowerfire","leechseed","sludgebomb","synthesis"],"nature":"Bold","evs":{"hp":248,"atk":0,"def":96,"spa":0,"spd":144,"spe":20},"ivs":{"hp":31,"atk":30,"def":31,"spa":30,"spd":31,"spe":30}},{"name":"Cradily","species":"Cradily","item":"leftovers","ability":"Storm Drain","moves":["rockslide","recover","earthpower","toxic"],"nature":"Sassy","evs":{"hp":248,"atk":8,"def":0,"spa":0,"spd":252,"spe":0},"ivs":{"hp":31,"atk":31,"def":31,"spa":31,"spd":31,"spe":31}},{"name":"Rotom-Mow","species":"Rotom-Mow","item":"choicescarf","ability":"Levitate","moves":["thunderbolt","voltswitch","leafstorm","hiddenpowerice"],"nature":"Modest","evs":{"hp":0,"atk":0,"def":0,"spa":252,"spd":4,"spe":252},"ivs":{"hp":31,"atk":30,"def":30,"spa":31,"spd":31,"spe":31}},{"name":"Breloom","species":"Breloom","item":"focussash","ability":"Technician","moves":["swordsdance","spore","rocktomb","machpunch"],"nature":"Jolly","evs":{"hp":0,"atk":252,"def":0,"spa":0,"spd":4,"spe":252},"ivs":{"hp":31,"atk":31,"def":31,"spa":31,"spd":31,"spe":31}}],"log":["|player|p1|iQuill|65","|player|p2|DSV|dsv.png","|gametype|singles","|gen|6","|tier|Monotype","|rated","|rule|Baton Pass Clause: Limit one Baton Passer, can't pass Spe and other stats simultaneously","|rule|Swagger Clause: Swagger is banned","|rule|Same Type Clause: Pokémon in a team must share a type","|clearpoke","|poke|p1|Diancie","|poke|p1|Shuckle, F, shiny","|poke|p1|Omastar, F","|poke|p1|Cradily, M, shiny","|poke|p1|Terrakion","|poke|p1|Tyranitar, M","|poke|p2|Roserade, F","|poke|p2|Ferrothorn, F","|poke|p2|Venusaur, F","|poke|p2|Cradily, M","|poke|p2|Rotom-Mow","|poke|p2|Breloom, F","|rule|Sleep Clause Mod: Limit one foe put to sleep","|rule|Species Clause: Limit one of each Pokémon","|rule|OHKO Clause: OHKO moves are banned","|rule|Moody Clause: Moody is banned","|rule|Evasion Moves Clause: Evasion moves are banned","|rule|Endless Battle Clause: Forcing endless battles is banned","|rule|HP Percentage Mod: HP is shown in percentages","|teampreview","|","|start","|switch|p1a: Fuckle|Shuckle, F, shiny|181/181","|switch|p2a: Breloom|Breloom, F|261/261","|turn|1","|","|move|p2a: Breloom|Spore|p1a: Fuckle","|-status|p1a: Fuckle|slp","|cant|p1a: Fuckle|slp","|","|turn|2","|","|move|p2a: Breloom|Swords Dance|p2a: Breloom","|-boost|p2a: Breloom|atk|2","|-curestatus|p1a: Fuckle|slp","|move|p1a: Fuckle|Sticky Web|p2a: Breloom","|-sidestart|p2: DSV|move: Sticky Web","|","|turn|3","|","|move|p2a: Breloom|Spore|p1a: Fuckle","|-status|p1a: Fuckle|slp","|cant|p1a: Fuckle|slp","|","|turn|4","|","|move|p2a: Breloom|Swords Dance|p2a: Breloom","|-boost|p2a: Breloom|atk|2","|cant|p1a: Fuckle|slp","|","|turn|5","|","|move|p2a: Breloom|Rock Tomb|p1a: Fuckle","|-supereffective|p1a: Fuckle","|-ability|p1a: Fuckle|Sturdy","|-damage|p1a: Fuckle|1/181 slp","|-unboost|p1a: Fuckle|spe|1","|-enditem|p1a: Fuckle|Red Card|[of] p2a: Breloom","|drag|p2a: Cradily|Cradily, M|375/375","|-activate|p2a: Cradily|move: Sticky Web","|-unboost|p2a: Cradily|spe|1","|cant|p1a: Fuckle|slp","|","|turn|6","|","|switch|p2a: Breloom|Breloom, F|261/261","|-activate|p2a: Breloom|move: Sticky Web","|-unboost|p2a: Breloom|spe|1","|-curestatus|p1a: Fuckle|slp","|move|p1a: Fuckle|Stealth Rock|p2a: Breloom","|-sidestart|p2: DSV|move: Stealth Rock","|","|turn|7","|","|move|p2a: Breloom|Spore|p1a: Fuckle","|-status|p1a: Fuckle|slp","|cant|p1a: Fuckle|slp","|","|turn|8","|","|switch|p1a: Allen Iverson|Diancie|241/241","|move|p2a: Breloom|Swords Dance|p2a: Breloom","|-boost|p2a: Breloom|atk|2","|","|turn|9","|","|detailschange|p1a: Allen Iverson|Diancie-Mega","|-mega|p1a: Allen Iverson|Diancie|Diancite","|move|p1a: Allen Iverson|Protect|p1a: Allen Iverson","|-singleturn|p1a: Allen Iverson|Protect","|move|p2a: Breloom|Mach Punch|p1a: Allen Iverson","|-activate|p1a: Allen Iverson|Protect","|","|turn|10","|","|move|p2a: Breloom|Mach Punch|p1a: Allen Iverson","|-damage|p1a: Allen Iverson|3/241","|move|p1a: Allen Iverson|Moonblast|p2a: Breloom","|-supereffective|p2a: Breloom","|-enditem|p2a: Breloom|Focus Sash","|-damage|p2a: Breloom|1/261","|-unboost|p2a: Breloom|spa|1","|","|turn|11","|","|switch|p1a: Cradily|Cradily, M, shiny|375/375","|move|p2a: Breloom|Mach Punch|p1a: Cradily","|-supereffective|p1a: Cradily","|-damage|p1a: Cradily|0 fnt","|-damage|p2a: Breloom|0 fnt|[from] item: Rocky Helmet|[of] p1a: Cradily","|faint|p2a: Breloom","|faint|p1a: Cradily","|","|","|switch|p1a: Fuckle|Shuckle, F, shiny|1/181 slp","|switch|p2a: Ferrothorn|Ferrothorn, F|352/352","|-activate|p2a: Ferrothorn|move: Sticky Web","|-unboost|p2a: Ferrothorn|spe|1","|-damage|p2a: Ferrothorn|330/352|[from] Stealth Rock","|turn|12","|","|cant|p1a: Fuckle|slp","|move|p2a: Ferrothorn|Gyro Ball|p1a: Fuckle","|-supereffective|p1a: Fuckle","|-damage|p1a: Fuckle|0 fnt","|faint|p1a: Fuckle","|","|-heal|p2a: Ferrothorn|352/352|[from] item: Leftovers","|","|switch|p1a: Tyranitar|Tyranitar, M|403/403","|-weather|Sandstorm","|turn|13","|","|move|p1a: Tyranitar|Fire Blast|p2a: Ferrothorn","|-supereffective|p2a: Ferrothorn","|-damage|p2a: Ferrothorn|96/352","|move|p2a: Ferrothorn|Thunder Wave|p1a: Tyranitar","|-status|p1a: Tyranitar|par","|","|-weather|Sandstorm|[upkeep]","|-heal|p2a: Ferrothorn|118/352|[from] item: Leftovers","|turn|14","|","|switch|p2a: Cradily|Cradily, M|375/375","|-activate|p2a: Cradily|move: Sticky Web","|-unboost|p2a: Cradily|spe|1","|-damage|p2a: Cradily|329/375|[from] Stealth Rock","|move|p1a: Tyranitar|Fire Blast|p2a: Cradily","|-damage|p2a: Cradily|293/375","|","|-weather|Sandstorm|[upkeep]","|-heal|p2a: Cradily|316/375|[from] item: Leftovers","|turn|15","|","|move|p2a: Cradily|Earth Power|p1a: Tyranitar","|-supereffective|p1a: Tyranitar","|-damage|p1a: Tyranitar|341/403 par","|move|p1a: Tyranitar|Earthquake|p2a: Cradily","|-damage|p2a: Cradily|170/375","|","|-weather|Sandstorm|[upkeep]","|-heal|p2a: Cradily|193/375|[from] item: Leftovers","|turn|16","|","|move|p2a: Cradily|Earth Power|p1a: Tyranitar","|-crit|p1a: Tyranitar","|-supereffective|p1a: Tyranitar","|-damage|p1a: Tyranitar|255/403 par","|move|p1a: Tyranitar|Crunch|p2a: Cradily","|-damage|p2a: Cradily|24/375","|","|-weather|Sandstorm|[upkeep]","|-heal|p2a: Cradily|47/375|[from] item: Leftovers","|turn|17","|","|move|p2a: Cradily|Recover|p2a: Cradily","|-heal|p2a: Cradily|235/375","|move|p1a: Tyranitar|Crunch|p2a: Cradily","|-damage|p2a: Cradily|70/375","|","|-weather|none","|-heal|p2a: Cradily|93/375|[from] item: Leftovers","|turn|18","|","|move|p2a: Cradily|Recover|p2a: Cradily","|-heal|p2a: Cradily|281/375","|move|p1a: Tyranitar|Crunch|p2a: Cradily","|-damage|p2a: Cradily|116/375","|-unboost|p2a: Cradily|def|1","|","|-heal|p2a: Cradily|139/375|[from] item: Leftovers","|turn|19","|","|switch|p2a: Ferrothorn|Ferrothorn, F|118/352","|-damage|p2a: Ferrothorn|96/352|[from] Stealth Rock","|-activate|p2a: Ferrothorn|move: Sticky Web","|-unboost|p2a: Ferrothorn|spe|1","|move|p1a: Tyranitar|Crunch|p2a: Ferrothorn","|-crit|p2a: Ferrothorn","|-damage|p2a: Ferrothorn|0 fnt","|-damage|p1a: Tyranitar|205/403 par|[from] ability: Iron Barbs|[of] p2a: Ferrothorn","|faint|p2a: Ferrothorn","|","|","|switch|p2a: Venusaur|Venusaur, F|363/363","|-damage|p2a: Venusaur|318/363|[from] Stealth Rock","|-activate|p2a: Venusaur|move: Sticky Web","|-unboost|p2a: Venusaur|spe|1","|turn|20","|","|detailschange|p2a: Venusaur|Venusaur-Mega, F","|-mega|p2a: Venusaur|Venusaur|Venusaurite","|move|p2a: Venusaur|Leech Seed|p1a: Tyranitar","|-start|p1a: Tyranitar|move: Leech Seed","|cant|p1a: Tyranitar|par","|","|-damage|p1a: Tyranitar|155/403 par|[from] Leech Seed|[of] p2a: Venusaur","|-heal|p2a: Venusaur|363/363|[silent]","|turn|21","|","|move|p2a: Venusaur|Sludge Bomb|p1a: Tyranitar","|-resisted|p1a: Tyranitar","|-damage|p1a: Tyranitar|112/403 par","|cant|p1a: Tyranitar|par","|","|-damage|p1a: Tyranitar|62/403 par|[from] Leech Seed|[of] p2a: Venusaur","|turn|22","|","|move|p2a: Venusaur|Sludge Bomb|p1a: Tyranitar","|-resisted|p1a: Tyranitar","|-damage|p1a: Tyranitar|14/403 par","|cant|p1a: Tyranitar|par","|","|-damage|p1a: Tyranitar|0 fnt|[from] Leech Seed|[of] p2a: Venusaur","|faint|p1a: Tyranitar","|","|switch|p1a: Omastar|Omastar, F|281/281","|turn|23","|","|move|p1a: Omastar|Shell Smash|p1a: Omastar","|-unboost|p1a: Omastar|def|1","|-unboost|p1a: Omastar|spd|1","|-boost|p1a: Omastar|atk|2","|-boost|p1a: Omastar|spa|2","|-boost|p1a: Omastar|spe|2","|move|p2a: Venusaur|Leech Seed|p1a: Omastar","|-start|p1a: Omastar|move: Leech Seed","|","|-damage|p1a: Omastar|246/281|[from] Leech Seed|[of] p2a: Venusaur","|turn|24","|","|move|p1a: Omastar|Ice Beam|p2a: Venusaur","|-supereffective|p2a: Venusaur","|-damage|p2a: Venusaur|209/363","|move|p2a: Venusaur|Sludge Bomb|p1a: Omastar","|-resisted|p1a: Omastar","|-damage|p1a: Omastar|131/281","|-status|p1a: Omastar|psn","|","|-damage|p1a: Omastar|96/281 psn|[from] Leech Seed|[of] p2a: Venusaur","|-heal|p2a: Venusaur|244/363|[silent]","|-damage|p1a: Omastar|61/281 psn|[from] psn","|turn|25","|","|move|p1a: Omastar|Ice Beam|p2a: Venusaur","|-supereffective|p2a: Venusaur","|-damage|p2a: Venusaur|68/363","|move|p2a: Venusaur|Synthesis|p2a: Venusaur","|-heal|p2a: Venusaur|249/363","|","|-damage|p1a: Omastar|26/281 psn|[from] Leech Seed|[of] p2a: Venusaur","|-heal|p2a: Venusaur|284/363|[silent]","|-damage|p1a: Omastar|0 fnt|[from] psn","|faint|p1a: Omastar","|","|switch|p1a: Allen Iverson|Diancie-Mega|3/241","|turn|26","|","|switch|p2a: Cradily|Cradily, M|139/375","|-activate|p2a: Cradily|move: Sticky Web","|-unboost|p2a: Cradily|spe|1","|-damage|p2a: Cradily|93/375|[from] Stealth Rock","|move|p1a: Allen Iverson|Diamond Storm|p2a: Cradily","|-damage|p2a: Cradily|0 fnt","|-boost|p1a: Allen Iverson|def|1","|faint|p2a: Cradily","|","|","|switch|p2a: Rotom-Mow|Rotom-Mow|241/241","|-damage|p2a: Rotom-Mow|211/241|[from] Stealth Rock","|turn|27","|","|move|p2a: Rotom-Mow|Volt Switch|p1a: Allen Iverson","|-damage|p1a: Allen Iverson|0 fnt","|faint|p1a: Allen Iverson","|","|switch|p2a: Roserade|Roserade, F|261/261","|-activate|p2a: Roserade|move: Sticky Web","|-unboost|p2a: Roserade|spe|1","|-damage|p2a: Roserade|229/261|[from] Stealth Rock","|","|","|switch|p1a: Terrakion|Terrakion|323/323","|turn|28","|","|move|p1a: Terrakion|Stone Edge|p2a: Roserade","|-damage|p2a: Roserade|0 fnt","|faint|p2a: Roserade","|","|","|switch|p2a: Venusaur|Venusaur-Mega, F|284/363","|-damage|p2a: Venusaur|239/363|[from] Stealth Rock","|-activate|p2a: Venusaur|move: Sticky Web","|-unboost|p2a: Venusaur|spe|1","|turn|29","|","|move|p1a: Terrakion|Stone Edge|p2a: Venusaur","|-damage|p2a: Venusaur|106/363","|move|p2a: Venusaur|Synthesis|p2a: Venusaur","|-heal|p2a: Venusaur|287/363","|","|turn|30","|","|move|p1a: Terrakion|Stone Edge|p2a: Venusaur","|-damage|p2a: Venusaur|167/363","|move|p2a: Venusaur|Leech Seed|p1a: Terrakion","|-start|p1a: Terrakion|move: Leech Seed","|","|-damage|p1a: Terrakion|283/323|[from] Leech Seed|[of] p2a: Venusaur","|-heal|p2a: Venusaur|207/363|[silent]","|turn|31","|","|move|p1a: Terrakion|Stone Edge|p2a: Venusaur","|-damage|p2a: Venusaur|86/363","|move|p2a: Venusaur|Synthesis|p2a: Venusaur","|-heal|p2a: Venusaur|267/363","|","|-damage|p1a: Terrakion|243/323|[from] Leech Seed|[of] p2a: Venusaur","|-heal|p2a: Venusaur|307/363|[silent]","|turn|32","|","|move|p1a: Terrakion|Stone Edge|p2a: Venusaur","|-damage|p2a: Venusaur|186/363","|move|p2a: Venusaur|Sludge Bomb|p1a: Terrakion","|-resisted|p1a: Terrakion","|-damage|p1a: Terrakion|169/323","|","|-damage|p1a: Terrakion|129/323|[from] Leech Seed|[of] p2a: Venusaur","|-heal|p2a: Venusaur|226/363|[silent]","|turn|33","|","|move|p1a: Terrakion|Stone Edge|p2a: Venusaur","|-damage|p2a: Venusaur|96/363","|move|p2a: Venusaur|Synthesis|p2a: Venusaur","|-heal|p2a: Venusaur|277/363","|","|-damage|p1a: Terrakion|89/323|[from] Leech Seed|[of] p2a: Venusaur","|-heal|p2a: Venusaur|317/363|[silent]","|turn|34","|","|move|p1a: Terrakion|Stone Edge|p2a: Venusaur","|-damage|p2a: Venusaur|182/363","|move|p2a: Venusaur|Sludge Bomb|p1a: Terrakion","|-resisted|p1a: Terrakion","|-damage|p1a: Terrakion|23/323","|","|-damage|p1a: Terrakion|0 fnt|[from] Leech Seed|[of] p2a: Venusaur","|-heal|p2a: Venusaur|205/363|[silent]","|faint|p1a: Terrakion","|","|win|DSV"],"p1rating":{"entryid":"541843","serverid":"eos","formatid":"monotype","userid":"iquill","username":"iQuill","w":"3","l":5,"t":"0","gxe":45,"r":"1500","rd":"130","sigma":"0","rptime":"1440666000","rpr":1461.073222348,"rprd":92.77073826752,"rpsigma":"0","acre":1057.791315712,"lacre":1057.791315712,"oldacre":"1069.5326070545"},"p2rating":{"entryid":"159982","serverid":"eos","formatid":"monotype","userid":"dsv","username":"DSV","w":16,"l":"7","t":"0","gxe":64.4,"r":"1611.3486873583","rd":"70.341325600167","sigma":"0","rptime":"1440666000","rpr":1613.8077184811,"rprd":67.092657981853,"rpsigma":"0","acre":1241.6815909046,"lacre":1241.6815909046,"oldacre":"1227.3138058427"},"endType":"normal"}