{"seed":[50390,13053,46015,8854],"turns":21,"p1":"Darth Malic","p2":"Vin Sarkany","p1team":[{"name":"Hippowdon","species":"Hippowdon","item":"leftovers","ability":"Sand Stream","moves":["earthquake","roar","slackoff","stealthrock"],"nature":"Impish","evs":{"hp":252,"atk":4,"def":252,"spa":0,"spd":0,"spe":0},"ivs":{"hp":31,"atk":31,"def":31,"spa":31,"spd":31,"spe":31}},{"name":"Excadrill","species":"Excadrill","item":"lifeorb","ability":"Sand Rush","moves":["earthquake","ironhead","rapidspin","rockslide"],"nature":"Adamant","evs":{"hp":0,"atk":252,"def":0,"spa":0,"spd":4,"spe":252},"ivs":{"hp":31,"atk":31,"def":31,"spa":31,"spd":31,"spe":31}},{"name":"Garchomp","species":"Garchomp","item":"garchompite","ability":"Rough Skin","moves":["earthquake","outrage","firefang","poisonjab"],"nature":"Jolly","evs":{"hp":0,"atk":252,"def":0,"spa":0,"spd":4,"spe":252},"ivs":{"hp":31,"atk":31,"def":31,"spa":31,"spd":31,"spe":31}},{"name":"Mamoswine","species":"Mamoswine","item":"lifeorb","ability":"Thick Fat","moves":["earthquake","iceshard","iciclecrash","superpower"],"nature":"Jolly","evs":{"hp":0,"atk":252,"def":0,"spa":0,"spd":4,"spe":252},"ivs":{"hp":31,"atk":31,"def":31,"spa":31,"spd":31,"spe":31}},{"name":"Nidoking","species":"Nidoking","item":"choicescarf","ability":"Sheer Force","moves":["earthpower","icebeam","sludgewave","thunderbolt"],"nature":"Timid","evs":{"hp":0,"atk":0,"def":0,"spa":252,"spd":4,"spe":252},"ivs":{"hp":31,"atk":31,"def":31,"spa":31,"spd":31,"spe":31}},{"name":"Torterra","species":"Torterra","item":"leftovers","ability":"Overgrow","moves":["earthquake","woodhammer","stoneedge","superpower"],"nature":"Adamant","evs":{"hp":252,"atk":252,"def":0,"spa":0,"spd":4,"spe":0},"ivs":{"hp":31,"atk":31,"def":31,"spa":31,"spd":31,"spe":31}}],"p2team":[{"name":"Sugarloaf","species":"tyranitar","item":"leftovers","ability":"Sand Stream","moves":["thunderwave","stealthrock","stoneedge","fireblast"],"nature":"Sassy","evs":{"hp":252,"atk":4,"def":0,"spa":0,"spd":252,"spe":0},"gender":"F","ivs":{"hp":31,"atk":31,"def":31,"spa":31,"spd":31,"spe":31}},{"name":"pika","species":"sableye","item":"leftovers","ability":"Prankster","moves":["willowisp","recover","taunt","confide"],"nature":"Calm","evs":{"hp":252,"atk":0,"def":0,"spa":0,"spd":252,"spe":4},"gender":"F","ivs":{"hp":31,"atk":0,"def":31,"spa":31,"spd":31,"spe":31}},{"name":"Fianchetto","species":"bisharp","item":"lifeorb","ability":"Defiant","moves":["swordsdance","ironhead","knockoff","suckerpunch"],"nature":"Adamant","evs":{"hp":4,"atk":252,"def":0,"spa":0,"spd":0,"spe":252},"gender":"M","ivs":{"hp":31,"atk":31,"def":31,"spa":31,"spd":31,"spe":31}},{"name":"Open Water","species":"sharpedo","item":"sharpedonite","ability":"Speed Boost","moves":["protect","crunch","hydropump","icefang"],"nature":"Lonely","evs":{"hp":0,"atk":252,"def":0,"spa":4,"spd":0,"spe":252},"ivs":{"hp":31,"atk":31,"def":31,"spa":31,"spd":31,"spe":31}},{"name":"Abdur-Rahkman","species":"hoopaunbound","item":"choicescarf","ability":"Magician","moves":["hyperspacefury","energyball","hyperspacehole","gunkshot"],"nature":"Naive","evs":{"hp":0,"atk":4,"def":0,"spa":252,"spd":0,"spe":252},"ivs":{"hp":31,"atk":31,"def":31,"spa":31,"spd":31,"spe":31}},{"name":"Christy Mack","species":"mandibuzz","item":"rockyhelmet","ability":"Overcoat","moves":["foulplay","taunt","roost","toxic"],"nature":"Bold","evs":{"hp":240,"atk":0,"def":252,"spa":0,"spd":0,"spe":16},"ivs":{"hp":31,"atk":0,"def":31,"spa":31,"spd":31,"spe":31},"shiny":true}],"log":["|player|p1|Darth Malic|54","|player|p2|Vin Sarkany|165","|gametype|singles","|gen|6","|tier|Monotype","|rated","|rule|Baton Pass Clause: Limit one Baton Passer, can't pass Spe and other stats simultaneously","|rule|Swagger Clause: Swagger is banned","|rule|Same Type Clause: Pokémon in a team must share a type","|clearpoke","|poke|p1|Hippowdon, F","|poke|p1|Excadrill, M","|poke|p1|Garchomp, M","|poke|p1|Mamoswine, M","|poke|p1|Nidoking, M","|poke|p1|Torterra, F","|poke|p2|Tyranitar, F","|poke|p2|Sableye, F","|poke|p2|Bisharp, M","|poke|p2|Sharpedo, M","|poke|p2|Hoopa-Unbound","|poke|p2|Mandibuzz, F, shiny","|rule|Sleep Clause Mod: Limit one foe put to sleep","|rule|Species Clause: Limit one of each Pokémon","|rule|OHKO Clause: OHKO moves are banned","|rule|Moody Clause: Moody is banned","|rule|Evasion Moves Clause: Evasion moves are banned","|rule|Endless Battle Clause: Forcing endless battles is banned","|rule|HP Percentage Mod: HP is shown in percentages","|teampreview","|","|start","|switch|p1a: Hippowdon|Hippowdon, F|420/420","|switch|p2a: pika|Sableye, F|304/304","|-weather|Sandstorm","|turn|1","|","|move|p2a: pika|Taunt|p1a: Hippowdon","|-start|p1a: Hippowdon|move: Taunt","|move|p1a: Hippowdon|Earthquake|p2a: pika","|-damage|p2a: pika|132/304","|","|-weather|Sandstorm|[upkeep]","|-damage|p2a: pika|113/304|[from] sandstorm","|-heal|p2a: pika|132/304|[from] item: Leftovers","|turn|2","|","|move|p2a: pika|Will-O-Wisp|p1a: Hippowdon","|-status|p1a: Hippowdon|brn","|move|p1a: Hippowdon|Earthquake|p2a: pika","|-damage|p2a: pika|51/304","|","|-weather|Sandstorm|[upkeep]","|-damage|p2a: pika|32/304|[from] sandstorm","|-heal|p2a: pika|51/304|[from] item: Leftovers","|-damage|p1a: Hippowdon|368/420 brn|[from] brn","|turn|3","|","|move|p2a: pika|Recover|p2a: pika","|-heal|p2a: pika|203/304","|move|p1a: Hippowdon|Earthquake|p2a: pika","|-damage|p2a: pika|121/304","|","|-weather|Sandstorm|[upkeep]","|-damage|p2a: pika|102/304|[from] sandstorm","|-heal|p2a: pika|121/304|[from] item: Leftovers","|-heal|p1a: Hippowdon|394/420 brn|[from] item: Leftovers","|-damage|p1a: Hippowdon|342/420 brn|[from] brn","|-end|p1a: Hippowdon|move: Taunt","|turn|4","|","|switch|p1a: Nidoking|Nidoking, M|303/303","|move|p2a: pika|Recover|p2a: pika","|-heal|p2a: pika|273/304","|","|-weather|Sandstorm|[upkeep]","|-damage|p2a: pika|254/304|[from] sandstorm","|-heal|p2a: pika|273/304|[from] item: Leftovers","|turn|5","|","|move|p2a: pika|Confide|p1a: Nidoking","|-unboost|p1a: Nidoking|spa|1","|move|p1a: Nidoking|Earth Power|p2a: pika","|-damage|p2a: pika|174/304","|","|-weather|none","|-heal|p2a: pika|193/304|[from] item: Leftovers","|turn|6","|","|switch|p1a: Hippowdon|Hippowdon, F|342/420 brn","|-weather|Sandstorm","|move|p2a: pika|Confide|p1a: Hippowdon","|-unboost|p1a: Hippowdon|spa|1","|","|-weather|Sandstorm|[upkeep]","|-damage|p2a: pika|174/304|[from] sandstorm","|-heal|p2a: pika|193/304|[from] item: Leftovers","|-heal|p1a: Hippowdon|368/420 brn|[from] item: Leftovers","|-damage|p1a: Hippowdon|316/420 brn|[from] brn","|turn|7","|","|move|p2a: pika|Taunt|p1a: Hippowdon","|-start|p1a: Hippowdon|move: Taunt","|cant|p1a: Hippowdon|move: Taunt|Stealth Rock","|","|-weather|Sandstorm|[upkeep]","|-damage|p2a: pika|174/304|[from] sandstorm","|-heal|p2a: pika|193/304|[from] item: Leftovers","|-heal|p1a: Hippowdon|342/420 brn|[from] item: Leftovers","|-damage|p1a: Hippowdon|290/420 brn|[from] brn","|turn|8","|","|switch|p1a: Nidoking|Nidoking, M|303/303","|move|p2a: pika|Recover|p2a: pika","|-heal|p2a: pika|304/304","|","|-weather|Sandstorm|[upkeep]","|-damage|p2a: pika|285/304|[from] sandstorm","|-heal|p2a: pika|304/304|[from] item: Leftovers","|turn|9","|","|switch|p1a: Torterra|Torterra, F|394/394","|move|p2a: pika|Confide|p1a: Torterra","|-unboost|p1a: Torterra|spa|1","|","|-weather|Sandstorm|[upkeep]","|-damage|p2a: pika|285/304|[from] sandstorm","|-heal|p2a: pika|304/304|[from] item: Leftovers","|turn|10","|","|move|p2a: pika|Will-O-Wisp|p1a: Torterra","|-status|p1a: Torterra|brn","|move|p1a: Torterra|Wood Hammer|p2a: pika","|-damage|p2a: pika|168/304","|-damage|p1a: Torterra|349/394 brn|[from] recoil|[of] p2a: pika","|","|-weather|none","|-heal|p1a: Torterra|373/394 brn|[from] item: Leftovers","|-heal|p2a: pika|187/304|[from] item: Leftovers","|-damage|p1a: Torterra|324/394 brn|[from] brn","|turn|11","|","|switch|p1a: Garchomp|Garchomp, M|357/357","|move|p2a: pika|Recover|p2a: pika","|-heal|p2a: pika|304/304","|","|turn|12","|","|detailschange|p1a: Garchomp|Garchomp-Mega, M","|-mega|p1a: Garchomp|Garchomp|Garchompite","|move|p2a: pika|Will-O-Wisp|p1a: Garchomp|[miss]","|-miss|p2a: pika|p1a: Garchomp","|move|p1a: Garchomp|Outrage|p2a: pika","|-damage|p2a: pika|0 fnt","|faint|p2a: pika","|","|","|switch|p2a: Christy Mack|Mandibuzz, F, shiny|421/421","|turn|13","|","|move|p1a: Garchomp|Outrage|p2a: Christy Mack|[from]lockedmove","|-damage|p2a: Christy Mack|240/421","|-damage|p1a: Garchomp|298/357|[from] item: Rocky Helmet|[of] p2a: Christy Mack","|move|p2a: Christy Mack|Roost|p2a: Christy Mack","|-heal|p2a: Christy Mack|421/421","|","|turn|14","|","|move|p1a: Garchomp|Outrage|p2a: Christy Mack|[from]lockedmove","|-damage|p2a: Christy Mack|246/421","|-damage|p1a: Garchomp|239/357|[from] item: Rocky Helmet|[of] p2a: Christy Mack","|-start|p1a: Garchomp|confusion|[fatigue]","|move|p2a: Christy Mack|Roost|p2a: Christy Mack","|-heal|p2a: Christy Mack|421/421","|","|turn|15","|","|switch|p1a: Mamoswine|Mamoswine, M|361/361","|move|p2a: Christy Mack|Foul Play|p1a: Mamoswine","|-damage|p1a: Mamoswine|153/361","|","|turn|16","|","|move|p1a: Mamoswine|Earthquake|p2a: Christy Mack","|-immune|p2a: Christy Mack|[msg]","|move|p2a: Christy Mack|Foul Play|p1a: Mamoswine","|-damage|p1a: Mamoswine|0 fnt","|faint|p1a: Mamoswine","|","|","|switch|p1a: Nidoking|Nidoking, M|303/303","|turn|17","|","|switch|p2a: Sugarloaf|Tyranitar, F|404/404","|-weather|Sandstorm","|move|p1a: Nidoking|Thunderbolt|p2a: Sugarloaf","|-damage|p2a: Sugarloaf|351/404","|","|-weather|Sandstorm|[upkeep]","|-heal|p2a: Sugarloaf|376/404|[from] item: Leftovers","|turn|18","|","|switch|p1a: Torterra|Torterra, F|324/394 brn","|move|p2a: Sugarloaf|Stealth Rock|p1a: Torterra","|-sidestart|p1: Darth Malic|move: Stealth Rock","|","|-weather|Sandstorm|[upkeep]","|-heal|p1a: Torterra|348/394 brn|[from] item: Leftovers","|-heal|p2a: Sugarloaf|401/404|[from] item: Leftovers","|-damage|p1a: Torterra|299/394 brn|[from] brn","|turn|19","|","|switch|p1a: Excadrill|Excadrill, M|361/361","|-damage|p1a: Excadrill|350/361|[from] Stealth Rock","|move|p2a: Sugarloaf|Fire Blast|p1a: Excadrill","|-supereffective|p1a: Excadrill","|-damage|p1a: Excadrill|102/361","|","|-weather|Sandstorm|[upkeep]","|-heal|p2a: Sugarloaf|404/404|[from] item: Leftovers","|turn|20","|","|switch|p2a: Christy Mack|Mandibuzz, F, shiny|421/421","|move|p1a: Excadrill|Iron Head|p2a: Christy Mack","|-damage|p2a: Christy Mack|264/421","|-damage|p1a: Excadrill|42/361|[from] item: Rocky Helmet|[of] p2a: Christy Mack","|-damage|p1a: Excadrill|6/361|[from] item: Life Orb","|","|-weather|Sandstorm|[upkeep]","|turn|21","|","|move|p1a: Excadrill|Rock Slide|p2a: Christy Mack","|-supereffective|p2a: Christy Mack","|-damage|p2a: Christy Mack|82/421","|-damage|p1a: Excadrill|0 fnt|[from] item: Life Orb","|faint|p1a: Excadrill","|move|p2a: Christy Mack|Roost|p2a: Christy Mack","|-heal|p2a: Christy Mack|293/421","|","|-weather|none","|","|win|Vin Sarkany"],"p1rating":{"entryid":"536720","serverid":"eos","formatid":"monotype","userid":"darthmalic","username":"Darth Malic","w":"3","l":3,"t":"0","gxe":50.1,"r":"1500","rd":"130","sigma":"0","rptime":"1440666000","rpr":1500.6680927919,"rprd":99.316079927009,"rpsigma":"0","acre":1066.7264924959,"lacre":1066.7264924959,"oldacre":"1098.2886669305"},"p2rating":{"entryid":546592,"formatid":"monotype","userid":"vinsarkany","username":"Vin Sarkany","r":1500,"rd":130,"sigma":0,"rpr":1540.1606143388,"rprd":122.8583080769,"rpsigma":0,"rptime":1440666000,"w":1,"l":0,"t":0,"gxe":55,"acre":1051.0233871539,"lacre":1051.0233871539,"oldacre":1000},"endType":"forfeit"}