{"seed":[4068,34097,4863,4290],"turns":23,"p1":"Hm Rider","p2":"Carnie Red","p1team":[{"name":"Haxorus","species":"Haxorus","item":"lumberry","ability":"Mold Breaker","moves":["dragondance","earthquake","outrage","poisonjab"],"nature":"Jolly","evs":{"hp":0,"atk":252,"def":0,"spa":0,"spd":0,"spe":252},"ivs":{"hp":31,"atk":31,"def":31,"spa":31,"spd":31,"spe":31}},{"name":"Goodra","species":"Goodra","item":"assaultvest","ability":"Gooey","moves":["sludgewave","dracometeor","fireblast","muddywater"],"nature":"Modest","evs":{"hp":248,"atk":0,"def":240,"spa":12,"spd":8,"spe":0},"ivs":{"hp":31,"atk":31,"def":31,"spa":31,"spd":31,"spe":31}},{"name":"Dragonite","species":"Dragonite","item":"weaknesspolicy","ability":"Multiscale","moves":["dragondance","extremespeed","dragonclaw","firepunch"],"nature":"Jolly","evs":{"hp":0,"atk":252,"def":0,"spa":0,"spd":4,"spe":252},"ivs":{"hp":31,"atk":31,"def":31,"spa":31,"spd":31,"spe":31}},{"name":"Latias","species":"Latias","item":"latiasite","ability":"Levitate","moves":["calmmind","psychic","dragonpulse","hiddenpowerfire"],"nature":"Bold","evs":{"hp":0,"atk":0,"def":252,"spa":252,"spd":4,"spe":0},"ivs":{"hp":31,"atk":30,"def":31,"spa":30,"spd":31,"spe":30}},{"name":"Salamence","species":"Salamence","item":"lifeorb","ability":"Moxie","moves":["dracometeor","earthquake","firefang","dragonclaw"],"nature":"Hasty","evs":{"hp":0,"atk":252,"def":0,"spa":4,"spd":0,"spe":252},"ivs":{"hp":31,"atk":31,"def":31,"spa":31,"spd":31,"spe":31}},{"name":"Kyurem-Black","species":"Kyurem-Black","item":"choicescarf","ability":"Teravolt","moves":["icebeam","ironhead","outrage","fusionbolt"],"nature":"Naive","evs":{"hp":0,"atk":252,"def":0,"spa":4,"spd":0,"spe":252},"ivs":{"hp":31,"atk":31,"def":31,"spa":31,"spd":31,"spe":31}}],"p2team":[{"name":"Zygarde","species":"Zygarde","item":"leftovers","ability":"Aura Break","moves":["earthquake","dragondance","extremespeed","substitute"],"nature":"Adamant","evs":{"hp":0,"atk":252,"def":0,"spa":0,"spd":4,"spe":252},"ivs":{"hp":31,"atk":31,"def":31,"spa":31,"spd":31,"spe":31}},{"name":"Seismitoad","species":"Seismitoad","item":"leftovers","ability":"Water Absorb","moves":["earthpower","scald","stealthrock","sludgewave"],"nature":"Modest","evs":{"hp":252,"atk":0,"def":0,"spa":252,"spd":4,"spe":0},"ivs":{"hp":31,"atk":31,"def":31,"spa":31,"spd":31,"spe":31}},{"name":"Krookodile","species":"Krookodile","item":"choicescarf","ability":"Moxie","moves":["crunch","earthquake","irontail","stoneedge"],"nature":"Jolly","evs":{"hp":0,"atk":252,"def":0,"spa":0,"spd":4,"spe":252},"ivs":{"hp":31,"atk":31,"def":31,"spa":31,"spd":31,"spe":31}},{"name":"Gastrodon","species":"Gastrodon","item":"leftovers","ability":"Storm Drain","moves":["earthpower","recover","scald","toxic"],"nature":"Bold","evs":{"hp":252,"atk":0,"def":252,"spa":4,"spd":0,"spe":0},"shiny":true,"ivs":{"hp":31,"atk":31,"def":31,"spa":31,"spd":31,"spe":31}},{"name":"Excadrill","species":"Excadrill","item":"lifeorb","ability":"Sand Rush","moves":["earthquake","ironhead","poisonjab","rockslide"],"nature":"Jolly","evs":{"hp":0,"atk":252,"def":0,"spa":0,"spd":4,"spe":252},"shiny":true,"ivs":{"hp":31,"atk":31,"def":31,"spa":31,"spd":31,"spe":31}},{"name":"Garchomp","species":"Garchomp","item":"garchompite","ability":"Sand Veil","moves":["dragonclaw","earthquake","ironhead","swordsdance"],"nature":"Jolly","evs":{"hp":248,"atk":252,"def":0,"spa":0,"spd":8,"spe":0},"ivs":{"hp":31,"atk":31,"def":31,"spa":31,"spd":31,"spe":31}}],"log":["|player|p1|Hm Rider|13","|player|p2|Carnie Red|162","|gametype|singles","|gen|6","|tier|Monotype","|rated","|rule|Baton Pass Clause: Limit one Baton Passer, can't pass Spe and other stats simultaneously","|rule|Swagger Clause: Swagger is banned","|rule|Same Type Clause: Pokémon in a team must share a type","|clearpoke","|poke|p1|Haxorus, M","|poke|p1|Goodra, M","|poke|p1|Dragonite, M","|poke|p1|Latias, F","|poke|p1|Salamence, M","|poke|p1|Kyurem-Black","|poke|p2|Zygarde","|poke|p2|Seismitoad, F","|poke|p2|Krookodile, F","|poke|p2|Gastrodon, F, shiny","|poke|p2|Excadrill, F, shiny","|poke|p2|Garchomp, F","|rule|Sleep Clause Mod: Limit one foe put to sleep","|rule|Species Clause: Limit one of each Pokémon","|rule|OHKO Clause: OHKO moves are banned","|rule|Moody Clause: Moody is banned","|rule|Evasion Moves Clause: Evasion moves are banned","|rule|Endless Battle Clause: Forcing endless battles is banned","|rule|HP Percentage Mod: HP is shown in percentages","|teampreview","|","|start","|switch|p1a: Haxorus|Haxorus, M|293/293","|switch|p2a: Seismitoad|Seismitoad, F|414/414","|-ability|p1a: Haxorus|Mold Breaker","|turn|1","|","|move|p1a: Haxorus|Dragon Dance|p1a: Haxorus","|-boost|p1a: Haxorus|atk|1","|-boost|p1a: Haxorus|spe|1","|move|p2a: Seismitoad|Stealth Rock|p1a: Haxorus","|-sidestart|p1: Hm Rider|move: Stealth Rock","|","|turn|2","|","|move|p1a: Haxorus|Dragon Dance|p1a: Haxorus","|-boost|p1a: Haxorus|atk|1","|-boost|p1a: Haxorus|spe|1","|move|p2a: Seismitoad|Earth Power|p1a: Haxorus","|-damage|p1a: Haxorus|128/293","|","|turn|3","|","|move|p1a: Haxorus|Outrage|p2a: Seismitoad","|-crit|p2a: Seismitoad","|-damage|p2a: Seismitoad|0 fnt","|faint|p2a: Seismitoad","|","|","|switch|p2a: Excadrill|Excadrill, F, shiny|361/361","|turn|4","|","|move|p1a: Haxorus|Outrage|p2a: Excadrill|[from]lockedmove","|-resisted|p2a: Excadrill","|-damage|p2a: Excadrill|18/361","|-start|p1a: Haxorus|confusion|[fatigue]","|-enditem|p1a: Haxorus|Lum Berry|[eat]","|-end|p1a: Haxorus|confusion","|move|p2a: Excadrill|Earthquake|p1a: Haxorus","|-crit|p1a: Haxorus","|-damage|p1a: Haxorus|0 fnt","|-damage|p2a: Excadrill|0 fnt|[from] item: Life Orb","|faint|p1a: Haxorus","|faint|p2a: Excadrill","|","|","|switch|p1a: Salamence|Salamence, M|331/331","|switch|p2a: Zygarde|Zygarde|357/357","|-damage|p1a: Salamence|249/331|[from] Stealth Rock","|-ability|p2a: Zygarde|Aura Break","|turn|5","|","|move|p1a: Salamence|Draco Meteor|p2a: Zygarde|[miss]","|-miss|p1a: Salamence|p2a: Zygarde","|move|p2a: Zygarde|Substitute|p2a: Zygarde","|-start|p2a: Zygarde|Substitute","|-damage|p2a: Zygarde|268/357","|","|-heal|p2a: Zygarde|290/357|[from] item: Leftovers","|turn|6","|","|move|p1a: Salamence|Draco Meteor|p2a: Zygarde|[miss]","|-miss|p1a: Salamence|p2a: Zygarde","|move|p2a: Zygarde|Dragon Dance|p2a: Zygarde","|-boost|p2a: Zygarde|atk|1","|-boost|p2a: Zygarde|spe|1","|","|-heal|p2a: Zygarde|312/357|[from] item: Leftovers","|turn|7","|","|move|p2a: Zygarde|Extreme Speed|p1a: Salamence","|-damage|p1a: Salamence|76/331","|move|p1a: Salamence|Draco Meteor|p2a: Zygarde","|-supereffective|p2a: Zygarde","|-end|p2a: Zygarde|Substitute","|-unboost|p1a: Salamence|spa|2","|-damage|p1a: Salamence|43/331|[from] item: Life Orb","|","|-heal|p2a: Zygarde|334/357|[from] item: Leftovers","|turn|8","|","|move|p2a: Zygarde|Substitute|p2a: Zygarde","|-start|p2a: Zygarde|Substitute","|-damage|p2a: Zygarde|245/357","|move|p1a: Salamence|Dragon Claw|p2a: Zygarde","|-supereffective|p2a: Zygarde","|-end|p2a: Zygarde|Substitute","|-damage|p1a: Salamence|10/331|[from] item: Life Orb","|","|-heal|p2a: Zygarde|267/357|[from] item: Leftovers","|turn|9","|player|p2","|player|p2|Carnie Red|162","|","|move|p2a: Zygarde|Extreme Speed|p1a: Salamence","|-crit|p1a: Salamence","|-damage|p1a: Salamence|0 fnt","|faint|p1a: Salamence","|","|-heal|p2a: Zygarde|289/357|[from] item: Leftovers","|","|switch|p1a: Kyurem-Black|Kyurem-Black|391/391","|-damage|p1a: Kyurem-Black|294/391|[from] Stealth Rock","|-ability|p1a: Kyurem-Black|Teravolt","|turn|10","|","|move|p2a: Zygarde|Extreme Speed|p1a: Kyurem-Black","|-damage|p1a: Kyurem-Black|170/391","|move|p1a: Kyurem-Black|Outrage|p2a: Zygarde","|-supereffective|p2a: Zygarde","|-damage|p2a: Zygarde|0 fnt","|faint|p2a: Zygarde","|","|","|switch|p2a: Krookodile|Krookodile, F|331/331","|turn|11","|","|move|p1a: Kyurem-Black|Outrage|p2a: Krookodile|[from]lockedmove","|-damage|p2a: Krookodile|19/331","|move|p2a: Krookodile|Stone Edge|p1a: Kyurem-Black","|-supereffective|p1a: Kyurem-Black","|-damage|p1a: Kyurem-Black|0 fnt","|faint|p1a: Kyurem-Black","|-boost|p2a: Krookodile|atk|1|[from] ability: Moxie","|","|","|switch|p1a: Dragonite|Dragonite, M|323/323","|-damage|p1a: Dragonite|243/323|[from] Stealth Rock","|turn|12","|","|switch|p2a: Gastrodon|Gastrodon, F, shiny|426/426","|move|p1a: Dragonite|Extreme Speed|p2a: Gastrodon","|-damage|p2a: Gastrodon|339/426","|","|-heal|p2a: Gastrodon|365/426|[from] item: Leftovers","|turn|13","|","|move|p1a: Dragonite|Dragon Dance|p1a: Dragonite","|-boost|p1a: Dragonite|atk|1","|-boost|p1a: Dragonite|spe|1","|move|p2a: Gastrodon|Toxic|p1a: Dragonite","|-status|p1a: Dragonite|tox","|","|-heal|p2a: Gastrodon|391/426|[from] item: Leftovers","|-damage|p1a: Dragonite|223/323 tox|[from] psn","|turn|14","|","|move|p1a: Dragonite|Dragon Claw|p2a: Gastrodon","|-damage|p2a: Gastrodon|177/426","|move|p2a: Gastrodon|Recover|p2a: Gastrodon","|-heal|p2a: Gastrodon|390/426","|","|-heal|p2a: Gastrodon|416/426|[from] item: Leftovers","|-damage|p1a: Dragonite|183/323 tox|[from] psn","|turn|15","|","|move|p1a: Dragonite|Dragon Claw|p2a: Gastrodon","|-damage|p2a: Gastrodon|217/426","|move|p2a: Gastrodon|Scald|p1a: Dragonite","|-resisted|p1a: Dragonite","|-damage|p1a: Dragonite|140/323 tox","|","|-heal|p2a: Gastrodon|243/426|[from] item: Leftovers","|-damage|p1a: Dragonite|80/323 tox|[from] psn","|turn|16","|","|move|p1a: Dragonite|Dragon Dance|p1a: Dragonite","|-boost|p1a: Dragonite|atk|1","|-boost|p1a: Dragonite|spe|1","|move|p2a: Gastrodon|Recover|p2a: Gastrodon","|-heal|p2a: Gastrodon|426/426","|","|-damage|p1a: Dragonite|0 fnt|[from] psn","|faint|p1a: Dragonite","|","|switch|p1a: Latias|Latias, F|301/301","|-damage|p1a: Latias|264/301|[from] Stealth Rock","|turn|17","|","|detailschange|p1a: Latias|Latias-Mega, F","|-mega|p1a: Latias|Latias|Latiasite","|move|p1a: Latias|Calm Mind|p1a: Latias","|-boost|p1a: Latias|spa|1","|-boost|p1a: Latias|spd|1","|move|p2a: Gastrodon|Toxic|p1a: Latias","|-status|p1a: Latias|tox","|","|-damage|p1a: Latias|246/301 tox|[from] psn","|turn|18","|","|move|p1a: Latias|Psychic|p2a: Gastrodon","|-damage|p2a: Gastrodon|146/426","|move|p2a: Gastrodon|Recover|p2a: Gastrodon","|-heal|p2a: Gastrodon|359/426","|","|-heal|p2a: Gastrodon|385/426|[from] item: Leftovers","|-damage|p1a: Latias|210/301 tox|[from] psn","|turn|19","|","|move|p1a: Latias|Psychic|p2a: Gastrodon","|-damage|p2a: Gastrodon|97/426","|move|p2a: Gastrodon|Recover|p2a: Gastrodon","|-heal|p2a: Gastrodon|310/426","|","|-heal|p2a: Gastrodon|336/426|[from] item: Leftovers","|-damage|p1a: Latias|156/301 tox|[from] psn","|turn|20","|","|move|p1a: Latias|Psychic|p2a: Gastrodon","|-damage|p2a: Gastrodon|51/426","|move|p2a: Gastrodon|Recover|p2a: Gastrodon","|-heal|p2a: Gastrodon|264/426","|","|-heal|p2a: Gastrodon|290/426|[from] item: Leftovers","|-damage|p1a: Latias|84/301 tox|[from] psn","|turn|21","|","|switch|p2a: Krookodile|Krookodile, F|19/331","|move|p1a: Latias|Psychic|p2a: Krookodile","|-immune|p2a: Krookodile|[msg]","|","|-damage|p1a: Latias|0 fnt|[from] psn","|faint|p1a: Latias","|","|switch|p1a: Goodra|Goodra, M|383/383","|-damage|p1a: Goodra|336/383|[from] Stealth Rock","|turn|22","|","|move|p2a: Krookodile|Earthquake|p1a: Goodra","|-crit|p1a: Goodra","|-damage|p1a: Goodra|107/383","|move|p1a: Goodra|Muddy Water|p2a: Krookodile","|-supereffective|p2a: Krookodile","|-damage|p2a: Krookodile|0 fnt","|faint|p2a: Krookodile","|","|","|switch|p2a: Garchomp|Garchomp, F|419/419","|turn|23","|","|detailschange|p2a: Garchomp|Garchomp-Mega, F","|-mega|p2a: Garchomp|Garchomp|Garchompite","|move|p2a: Garchomp|Dragon Claw|p1a: Goodra","|-supereffective|p1a: Goodra","|-damage|p1a: Goodra|0 fnt","|-unboost|p2a: Garchomp|spe|1","|faint|p1a: Goodra","|","|win|Carnie Red"],"p1rating":{"entryid":"552316","serverid":"eos","formatid":"monotype","userid":"hmrider","username":"Hm Rider","w":"3","l":3,"t":"0","gxe":49.1,"r":"1500","rd":"130","sigma":"0","rptime":"1440666000","rpr":1492.9153915429,"rprd":98.663699848135,"rpsigma":"0","acre":1084.8839790392,"lacre":1084.8839790392,"oldacre":"1098.0391168545"},"p2rating":{"entryid":"272068","serverid":"eos","formatid":"monotype","userid":"carniered","username":"Carnie Red","w":22,"l":"6","t":"0","gxe":69.4,"r":"1651.096279331","rd":"67.637006543987","sigma":"0","rptime":"1440666000","rpr":1656.8022291326,"rprd":63.904415608736,"rpsigma":"0","acre":1287.4675274519,"lacre":1287.4675274519,"oldacre":"1274.1557728654"},"endType":"normal"}