{"seed":[18439,28767,276,5097],"turns":28,"p1":"Alliance-SeaHutch","p2":"Crystl Sabo","p1team":[{"name":"Garchomp","species":"Garchomp","item":"rockyhelmet","ability":"Rough Skin","moves":["earthquake","dragontail","stealthrock","fireblast"],"nature":"Lax","evs":{"hp":252,"atk":0,"def":252,"spa":4,"spd":0,"spe":0},"ivs":{"hp":31,"atk":31,"def":31,"spa":31,"spd":31,"spe":31}},{"name":"Goodra","species":"Goodra","item":"assaultvest","ability":"Gooey","moves":["dragonpulse","fireblast","sludgebomb","earthquake"],"nature":"Mild","evs":{"hp":248,"atk":8,"def":0,"spa":252,"spd":0,"spe":0},"ivs":{"hp":31,"atk":31,"def":31,"spa":31,"spd":31,"spe":31}},{"name":"Latios","species":"Latios","item":"latiosite","ability":"Levitate","moves":["dracometeor","psyshock","energyball","earthquake"],"nature":"Hasty","evs":{"hp":0,"atk":4,"def":0,"spa":252,"spd":0,"spe":252},"ivs":{"hp":31,"atk":31,"def":31,"spa":31,"spd":31,"spe":31}},{"name":"Dragonite","species":"Dragonite","item":"choiceband","ability":"Multiscale","moves":["firepunch","dragonclaw","earthquake","extremespeed"],"nature":"Adamant","evs":{"hp":248,"atk":252,"def":0,"spa":0,"spd":8,"spe":0},"ivs":{"hp":31,"atk":31,"def":31,"spa":31,"spd":31,"spe":31}},{"name":"Kyurem-Black","species":"Kyurem-Black","item":"choicescarf","ability":"Teravolt","moves":["outrage","fusionbolt","icebeam","ironhead"],"nature":"Naive","evs":{"hp":0,"atk":252,"def":0,"spa":4,"spd":0,"spe":252},"ivs":{"hp":31,"atk":31,"def":31,"spa":31,"spd":31,"spe":31}},{"name":"Dragalge","species":"Dragalge","item":"choicespecs","ability":"Adaptability","moves":["dracometeor","dragonpulse","sludgebomb","focusblast"],"nature":"Modest","evs":{"hp":248,"atk":0,"def":0,"spa":252,"spd":8,"spe":0},"ivs":{"hp":31,"atk":31,"def":31,"spa":31,"spd":31,"spe":31}}],"p2team":[{"name":"Blissey","species":"Blissey","item":"assaultvest","ability":"Serene Grace","moves":["bodyslam","seismictoss","waterpulse","rocktomb"],"nature":"Gentle","evs":{"hp":252,"atk":0,"def":0,"spa":0,"spd":252,"spe":0},"shiny":true,"ivs":{"hp":31,"atk":31,"def":31,"spa":31,"spd":31,"spe":31}},{"name":"Chansey","species":"Chansey","item":"eviolite","ability":"Natural Cure","moves":["counter","wish","protect","healbell"],"nature":"Bold","evs":{"hp":248,"atk":0,"def":180,"spa":0,"spd":80,"spe":0},"ivs":{"hp":31,"atk":31,"def":31,"spa":31,"spd":31,"spe":31}},{"name":"Staravia","species":"Staravia","item":"eviolite","ability":"Intimidate","moves":["roost","featherdance","bravebird","defog"],"nature":"Impish","evs":{"hp":252,"atk":0,"def":252,"spa":0,"spd":0,"spe":0},"shiny":true,"ivs":{"hp":31,"atk":31,"def":31,"spa":31,"spd":31,"spe":31}},{"name":"Porygon2","species":"Porygon2","item":"eviolite","ability":"Download","moves":["thunderwave","recover","triattack","zenheadbutt"],"nature":"Relaxed","evs":{"hp":248,"atk":32,"def":228,"spa":0,"spd":0,"spe":0},"shiny":true,"ivs":{"hp":31,"atk":31,"def":31,"spa":31,"spd":31,"spe":31}},{"name":"Ditto","species":"Ditto","item":"choicescarf","ability":"Imposter","moves":["transform"],"nature":"Naive","evs":{"hp":252,"atk":0,"def":0,"spa":0,"spd":0,"spe":252},"shiny":true,"ivs":{"hp":31,"atk":31,"def":31,"spa":31,"spd":31,"spe":31}},{"name":"Staraptor","species":"Staraptor","item":"sitrusberry","ability":"Intimidate","moves":["featherdance","roost","bravebird","closecombat"],"nature":"Jolly","evs":{"hp":252,"atk":0,"def":0,"spa":0,"spd":0,"spe":252},"shiny":true,"ivs":{"hp":31,"atk":31,"def":31,"spa":31,"spd":31,"spe":31}}],"log":["|player|p1|Alliance-SeaHutch|288","|player|p2|Crystl Sabo|crystlsabo.png","|gametype|singles","|gen|6","|tier|Monotype","|rated","|rule|Baton Pass Clause: Limit one Baton Passer, can't pass Spe and other stats simultaneously","|rule|Swagger Clause: Swagger is banned","|rule|Same Type Clause: Pokémon in a team must share a type","|clearpoke","|poke|p1|Garchomp, M","|poke|p1|Goodra, F","|poke|p1|Latios, M","|poke|p1|Dragonite, M","|poke|p1|Kyurem-Black","|poke|p1|Dragalge, F","|poke|p2|Blissey, F, shiny","|poke|p2|Chansey, F","|poke|p2|Staravia, F, shiny","|poke|p2|Porygon2, shiny","|poke|p2|Ditto, shiny","|poke|p2|Staraptor, F, shiny","|rule|Sleep Clause Mod: Limit one foe put to sleep","|rule|Species Clause: Limit one of each Pokémon","|rule|OHKO Clause: OHKO moves are banned","|rule|Moody Clause: Moody is banned","|rule|Evasion Moves Clause: Evasion moves are banned","|rule|Endless Battle Clause: Forcing endless battles is banned","|rule|HP Percentage Mod: HP is shown in percentages","|teampreview","|","|start","|switch|p1a: Garchomp|Garchomp, M|420/420","|switch|p2a: Staraptor|Staraptor, F, shiny|374/374","|-ability|p2a: Staraptor|Intimidate","|-unboost|p1a: Garchomp|atk|1","|turn|1","|","|switch|p2a: Staravia|Staravia, F, shiny|314/314","|-ability|p2a: Staravia|Intimidate","|-unboost|p1a: Garchomp|atk|1","|move|p1a: Garchomp|Stealth Rock|p2a: Staravia","|-sidestart|p2: Crystl Sabo|move: Stealth Rock","|","|turn|2","|","|move|p2a: Staravia|Defog|p1a: Garchomp","|-unboost|p1a: Garchomp|evasion|1","|-sideend|p2: Crystl Sabo|Stealth Rock|[from] move: Defog|[of] p2a: Staravia","|move|p1a: Garchomp|Dragon Tail|p2a: Staravia","|-damage|p2a: Staravia|284/314","|drag|p2a: Chansey|Chansey, F|703/703","|","|turn|3","|","|move|p1a: Garchomp|Stealth Rock|p2a: Chansey","|-sidestart|p2: Crystl Sabo|move: Stealth Rock","|move|p2a: Chansey|Wish|p2a: Chansey","|","|turn|4","|","|switch|p2a: Staravia|Staravia, F, shiny|284/314","|-damage|p2a: Staravia|206/314|[from] Stealth Rock","|-ability|p2a: Staravia|Intimidate","|-unboost|p1a: Garchomp|atk|1","|move|p1a: Garchomp|Dragon Tail|p2a: Staravia","|-damage|p2a: Staravia|178/314","|drag|p2a: Blissey|Blissey, F, shiny|714/714","|-damage|p2a: Blissey|625/714|[from] Stealth Rock","|","|-heal|p2a: Blissey|714/714|[from] move: Wish|[wisher] Chansey","|turn|5","|","|switch|p1a: Dragalge|Dragalge, F|333/333","|move|p2a: Blissey|Water Pulse|p1a: Dragalge","|-resisted|p1a: Dragalge","|-damage|p1a: Dragalge|316/333","|","|turn|6","|","|move|p2a: Blissey|Body Slam|p1a: Dragalge","|-damage|p1a: Dragalge|291/333","|move|p1a: Dragalge|Sludge Bomb|p2a: Blissey","|-damage|p2a: Blissey|602/714","|","|turn|7","|","|switch|p1a: Garchomp|Garchomp, M|420/420","|move|p2a: Blissey|Body Slam|p1a: Garchomp","|-damage|p1a: Garchomp|401/420","|-damage|p2a: Blissey|513/714|[from] ability: Rough Skin|[of] p1a: Garchomp","|-damage|p2a: Blissey|394/714|[from] item: Rocky Helmet|[of] p1a: Garchomp","|-status|p1a: Garchomp|par","|","|turn|8","|","|switch|p2a: Staravia|Staravia, F, shiny|178/314","|-damage|p2a: Staravia|100/314|[from] Stealth Rock","|-ability|p2a: Staravia|Intimidate","|-unboost|p1a: Garchomp|atk|1","|move|p1a: Garchomp|Dragon Tail|p2a: Staravia","|-damage|p2a: Staravia|57/314","|drag|p2a: Blissey|Blissey, F, shiny|394/714","|-damage|p2a: Blissey|305/714|[from] Stealth Rock","|","|turn|9","|","|move|p2a: Blissey|Seismic Toss|p1a: Garchomp","|-damage|p1a: Garchomp|301/420 par","|-damage|p2a: Blissey|216/714|[from] ability: Rough Skin|[of] p1a: Garchomp","|-damage|p2a: Blissey|97/714|[from] item: Rocky Helmet|[of] p1a: Garchomp","|cant|p1a: Garchomp|par","|","|turn|10","|","|move|p2a: Blissey|Seismic Toss|p1a: Garchomp","|-damage|p1a: Garchomp|201/420 par","|-damage|p2a: Blissey|8/714|[from] ability: Rough Skin|[of] p1a: Garchomp","|-damage|p2a: Blissey|0 fnt|[from] item: Rocky Helmet|[of] p1a: Garchomp","|faint|p2a: Blissey","|move|p1a: Garchomp|Dragon Tail|p2: Blissey|[notarget]","|-notarget","|","|","|switch|p2a: Porygon2|Porygon2, shiny|373/373","|-damage|p2a: Porygon2|327/373|[from] Stealth Rock","|-boost|p2a: Porygon2|spa|1|[from] ability: Download","|turn|11","|","|switch|p1a: Goodra|Goodra, F|383/383","|move|p2a: Porygon2|Tri Attack|p1a: Goodra","|-damage|p1a: Goodra|316/383","|","|turn|12","|","|move|p1a: Goodra|Sludge Bomb|p2a: Porygon2","|-damage|p2a: Porygon2|247/373","|move|p2a: Porygon2|Thunder Wave|p1a: Goodra","|-status|p1a: Goodra|par","|","|turn|13","|","|switch|p2a: Ditto|Ditto, shiny|300/300","|-damage|p2a: Ditto|263/300|[from] Stealth Rock","|-transform|p2a: Ditto|p1a: Goodra","|move|p1a: Goodra|Sludge Bomb|p2a: Ditto","|-damage|p2a: Ditto|185/300","|","|turn|14","|","|move|p2a: Ditto|Dragon Pulse|p1a: Goodra","|-supereffective|p1a: Goodra","|-damage|p1a: Goodra|176/383 par","|move|p1a: Goodra|Dragon Pulse|p2a: Ditto","|-crit|p2a: Ditto","|-supereffective|p2a: Ditto","|-damage|p2a: Ditto|0 fnt","|faint|p2a: Ditto","|","|","|switch|p2a: Staraptor|Staraptor, F, shiny|374/374","|-damage|p2a: Staraptor|281/374|[from] Stealth Rock","|-ability|p2a: Staraptor|Intimidate","|-unboost|p1a: Goodra|atk|1","|turn|15","|","|move|p2a: Staraptor|Brave Bird|p1a: Goodra","|-damage|p1a: Goodra|0 fnt","|-unboost|p2a: Staraptor|spe|1","|-damage|p2a: Staraptor|223/374|[from] recoil|[of] p1a: Goodra","|faint|p1a: Goodra","|","|","|switch|p1a: Kyurem-Black|Kyurem-Black|391/391","|-ability|p1a: Kyurem-Black|Teravolt","|turn|16","|","|switch|p2a: Staravia|Staravia, F, shiny|57/314","|-damage|p2a: Staravia|0 fnt|[from] Stealth Rock","|faint|p2a: Staravia","|move|p1a: Kyurem-Black|Fusion Bolt|p2: Staravia|[notarget]","|-notarget","|","|","|switch|p2a: Chansey|Chansey, F|703/703","|-damage|p2a: Chansey|616/703|[from] Stealth Rock","|turn|17","|","|switch|p1a: Garchomp|Garchomp, M|201/420 par","|move|p2a: Chansey|Protect|p2a: Chansey","|-fail|p2a: Chansey","|","|turn|18","|","|move|p2a: Chansey|Wish|p2a: Chansey","|cant|p1a: Garchomp|par","|","|turn|19","|","|move|p2a: Chansey|Counter|p1a: Garchomp","|-fail|p1a: Garchomp","|move|p1a: Garchomp|Dragon Tail|p2a: Chansey","|-damage|p2a: Chansey|477/703","|drag|p2a: Porygon2|Porygon2, shiny|247/373","|-damage|p2a: Porygon2|201/373|[from] Stealth Rock","|-boost|p2a: Porygon2|spa|1|[from] ability: Download","|","|-heal|p2a: Porygon2|373/373|[from] move: Wish|[wisher] Chansey","|turn|20","|","|move|p2a: Porygon2|Tri Attack|p1a: Garchomp","|-damage|p1a: Garchomp|29/420 par","|cant|p1a: Garchomp|par","|","|turn|21","|","|move|p2a: Porygon2|Tri Attack|p1a: Garchomp","|-damage|p1a: Garchomp|0 fnt","|faint|p1a: Garchomp","|","|","|switch|p1a: Dragalge|Dragalge, F|291/333","|turn|22","|","|move|p2a: Porygon2|Thunder Wave|p1a: Dragalge","|-status|p1a: Dragalge|par","|move|p1a: Dragalge|Draco Meteor|p2a: Porygon2","|-damage|p2a: Porygon2|63/373","|-unboost|p1a: Dragalge|spa|2","|","|turn|23","|","|switch|p1a: Kyurem-Black|Kyurem-Black|391/391","|-ability|p1a: Kyurem-Black|Teravolt","|move|p2a: Porygon2|Recover|p2a: Porygon2","|-heal|p2a: Porygon2|250/373","|","|turn|24","|","|move|p1a: Kyurem-Black|Outrage|p2a: Porygon2","|-damage|p2a: Porygon2|109/373","|move|p2a: Porygon2|Thunder Wave|p1a: Kyurem-Black","|-status|p1a: Kyurem-Black|par","|","|turn|25","|","|move|p2a: Porygon2|Recover|p2a: Porygon2","|-heal|p2a: Porygon2|296/373","|move|p1a: Kyurem-Black|Outrage|p2a: Porygon2|[from]lockedmove","|-damage|p2a: Porygon2|146/373","|-start|p1a: Kyurem-Black|confusion|[fatigue]","|","|turn|26","|","|switch|p1a: Dragalge|Dragalge, F|291/333 par","|move|p2a: Porygon2|Recover|p2a: Porygon2","|-heal|p2a: Porygon2|333/373","|","|turn|27","|","|move|p2a: Porygon2|Zen Headbutt|p1a: Dragalge","|-supereffective|p1a: Dragalge","|-damage|p1a: Dragalge|165/333 par","|move|p1a: Dragalge|Dragon Pulse|p2a: Porygon2","|-crit|p2a: Porygon2","|-damage|p2a: Porygon2|67/373","|","|turn|28","|","|move|p2a: Porygon2|Thunder Wave|p1a: Dragalge","|-fail|p1a: Dragalge|par","|move|p1a: Dragalge|Dragon Pulse|p2a: Porygon2","|-damage|p2a: Porygon2|0 fnt","|faint|p2a: Porygon2","|","|","|win|Alliance-SeaHutch"],"p1rating":{"entryid":"541544","serverid":"eos","formatid":"monotype","userid":"allianceseahutch","username":"Alliance-SeaHutch","w":3,"l":"1","t":"0","gxe":61.6,"r":"1500","rd":"130","sigma":"0","rptime":"1440666000","rpr":1592.8850637139,"rprd":106.5830496721,"rpsigma":"0","acre":1130.4593169534,"lacre":1130.4593169534,"oldacre":"1107.0049389247"},"p2rating":{"entryid":"307070","serverid":"eos","formatid":"monotype","userid":"crystlsabo","username":"Crystl Sabo","w":"5","l":3,"t":"0","gxe":54.6,"r":"1547.8386792914","rd":"107.92606084293","sigma":"0","rptime":"1440666000","rpr":1535.9899878968,"rprd":93.776187574211,"rpsigma":"0","acre":1064.0838715015,"lacre":1064.0838715015,"oldacre":"1085.4973450157"},"endType":"forfeit"}