{"seed":[9033,40920,33454,62079],"turns":20,"p1":"V Wish","p2":"Rain ☆ Fae","p1team":[{"name":"Perfect Cell","species":"reuniclus","item":"lifeorb","ability":"Magic Guard","moves":["trickroom","psychic","shadowball","focusblast"],"nature":"Quiet","evs":{"hp":252,"atk":0,"def":4,"spa":252,"spd":0,"spe":0},"gender":"F","ivs":{"hp":31,"atk":0,"def":31,"spa":31,"spd":31,"spe":0}},{"name":"Ultimate Waifu","species":"gardevoir","item":"gardevoirite","ability":"Trace","moves":["trickroom","shadowball","hypervoice","focusblast"],"nature":"Quiet","evs":{"hp":252,"atk":0,"def":4,"spa":252,"spd":0,"spe":0},"gender":"F","ivs":{"hp":31,"atk":0,"def":31,"spa":31,"spd":31,"spe":0}},{"name":"Devour my V","species":"victini","item":"lifeorb","ability":"Victory Star","moves":["trickroom","vcreate","boltstrike","zenheadbutt"],"nature":"Brave","evs":{"hp":248,"atk":252,"def":0,"spa":0,"spd":8,"spe":0},"ivs":{"hp":31,"atk":31,"def":31,"spa":31,"spd":31,"spe":0}},{"name":"Git Gud","species":"hoopaunbound","item":"lifeorb","ability":"Magician","moves":["hyperspacefury","firepunch","drainpunch","energyball"],"nature":"Brave","evs":{"hp":252,"atk":252,"def":0,"spa":4,"spd":0,"spe":0},"ivs":{"hp":31,"atk":31,"def":31,"spa":31,"spd":31,"spe":0}},{"name":"Dat Bulk Tho","species":"deoxysdefense","item":"rockyhelmet","ability":"Pressure","moves":["stealthrock","spikes","taunt","toxic"],"nature":"Timid","evs":{"hp":252,"atk":0,"def":4,"spa":0,"spd":0,"spe":252},"ivs":{"hp":31,"atk":0,"def":31,"spa":31,"spd":31,"spe":31}},{"name":"Superstar","species":"starmie","item":"leftovers","ability":"Natural Cure","moves":["scald","reflecttype","recover","rapidspin"],"nature":"Timid","evs":{"hp":248,"atk":0,"def":244,"spa":0,"spd":16,"spe":0},"ivs":{"hp":31,"atk":0,"def":31,"spa":31,"spd":31,"spe":31}}],"p2team":[{"name":"Medicham","species":"Medicham","item":"choiceband","ability":"Pure Power","moves":["highjumpkick","zenheadbutt","icepunch","bulletpunch"],"nature":"Jolly","evs":{"hp":0,"atk":252,"def":0,"spa":0,"spd":4,"spe":252},"ivs":{"hp":31,"atk":31,"def":31,"spa":31,"spd":31,"spe":31}},{"name":"Hawlucha","species":"Hawlucha","item":"powerherb","ability":"Unburden","moves":["skyattack","highjumpkick","acrobatics","zenheadbutt"],"nature":"Adamant","evs":{"hp":0,"atk":252,"def":0,"spa":0,"spd":4,"spe":252},"shiny":true,"ivs":{"hp":31,"atk":31,"def":31,"spa":31,"spd":31,"spe":31}},{"name":"Conkeldurr","species":"Conkeldurr","item":"assaultvest","ability":"Guts","moves":["machpunch","drainpunch","knockoff","icepunch"],"nature":"Adamant","evs":{"hp":248,"atk":252,"def":0,"spa":0,"spd":8,"spe":0},"shiny":true,"ivs":{"hp":31,"atk":31,"def":31,"spa":31,"spd":31,"spe":31}},{"name":"Keldeo","species":"Keldeo","item":"choicespecs","ability":"Justified","moves":["hydropump","scald","secretsword","icywind"],"nature":"Timid","evs":{"hp":0,"atk":0,"def":0,"spa":252,"spd":4,"spe":252},"ivs":{"hp":31,"atk":31,"def":31,"spa":31,"spd":31,"spe":31}},{"name":"Cobalion","species":"Cobalion","item":"leftovers","ability":"Justified","moves":["thunderwave","stealthrock","ironhead","taunt"],"nature":"Jolly","evs":{"hp":252,"atk":0,"def":48,"spa":0,"spd":0,"spe":208},"ivs":{"hp":31,"atk":31,"def":31,"spa":31,"spd":31,"spe":31}},{"name":"Terrakion","species":"Terrakion","item":"choicescarf","ability":"Justified","moves":["stoneedge","closecombat","earthquake","ironhead"],"nature":"Jolly","evs":{"hp":0,"atk":252,"def":0,"spa":0,"spd":4,"spe":252},"ivs":{"hp":31,"atk":31,"def":31,"spa":31,"spd":31,"spe":31}}],"log":["|player|p1|V Wish|292","|player|p2|Rain ☆ Fae|rainfae.png","|gametype|singles","|gen|6","|tier|Monotype","|rated","|rule|Baton Pass Clause: Limit one Baton Passer, can't pass Spe and other stats simultaneously","|rule|Swagger Clause: Swagger is banned","|rule|Same Type Clause: Pokémon in a team must share a type","|clearpoke","|poke|p1|Reuniclus, F","|poke|p1|Gardevoir, F","|poke|p1|Victini","|poke|p1|Hoopa-Unbound","|poke|p1|Deoxys-Defense","|poke|p1|Starmie","|poke|p2|Medicham, M","|poke|p2|Hawlucha, F, shiny","|poke|p2|Conkeldurr, M, shiny","|poke|p2|Keldeo","|poke|p2|Cobalion","|poke|p2|Terrakion","|rule|Sleep Clause Mod: Limit one foe put to sleep","|rule|Species Clause: Limit one of each Pokémon","|rule|OHKO Clause: OHKO moves are banned","|rule|Moody Clause: Moody is banned","|rule|Evasion Moves Clause: Evasion moves are banned","|rule|Endless Battle Clause: Forcing endless battles is banned","|rule|HP Percentage Mod: HP is shown in percentages","|teampreview","|","|start","|switch|p1a: Dat Bulk Tho|Deoxys-Defense|304/304","|switch|p2a: Cobalion|Cobalion|386/386","|-ability|p1a: Dat Bulk Tho|Pressure","|turn|1","|","|move|p2a: Cobalion|Taunt|p1a: Dat Bulk Tho","|-start|p1a: Dat Bulk Tho|move: Taunt","|cant|p1a: Dat Bulk Tho|move: Taunt|Stealth Rock","|","|turn|2","|","|switch|p1a: Superstar|Starmie|323/323","|move|p2a: Cobalion|Stealth Rock|p1a: Superstar","|-sidestart|p1: V Wish|move: Stealth Rock","|","|turn|3","|","|move|p2a: Cobalion|Thunder Wave|p1a: Superstar","|-status|p1a: Superstar|par","|move|p1a: Superstar|Scald|p2a: Cobalion","|-damage|p2a: Cobalion|269/386","|-status|p2a: Cobalion|brn","|","|-heal|p2a: Cobalion|293/386 brn|[from] item: Leftovers","|-damage|p2a: Cobalion|245/386 brn|[from] brn","|turn|4","|","|switch|p2a: Conkeldurr|Conkeldurr, M, shiny|413/413","|cant|p1a: Superstar|par","|","|turn|5","|","|move|p2a: Conkeldurr|Knock Off|p1a: Superstar","|-supereffective|p1a: Superstar","|-damage|p1a: Superstar|99/323 par","|-enditem|p1a: Superstar|Leftovers|[from] move: Knock Off|[of] p2a: Conkeldurr","|cant|p1a: Superstar|par","|","|turn|6","|","|move|p2a: Conkeldurr|Knock Off|p1a: Superstar","|-supereffective|p1a: Superstar","|-damage|p1a: Superstar|0 fnt","|faint|p1a: Superstar","|","|","|switch|p1a: Perfect Cell|Reuniclus, F|424/424","|turn|7","|","|move|p2a: Conkeldurr|Knock Off|p1a: Perfect Cell","|-supereffective|p1a: Perfect Cell","|-damage|p1a: Perfect Cell|114/424","|-enditem|p1a: Perfect Cell|Life Orb|[from] move: Knock Off|[of] p2a: Conkeldurr","|move|p1a: Perfect Cell|Trick Room|p1a: Perfect Cell","|-fieldstart|move: Trick Room|[of] p1a: Perfect Cell","|","|turn|8","|","|move|p1a: Perfect Cell|Psychic|p2a: Conkeldurr","|-supereffective|p2a: Conkeldurr","|-damage|p2a: Conkeldurr|99/413","|move|p2a: Conkeldurr|Knock Off|p1a: Perfect Cell","|-supereffective|p1a: Perfect Cell","|-damage|p1a: Perfect Cell|0 fnt","|faint|p1a: Perfect Cell","|","|","|switch|p1a: Ultimate Waifu|Gardevoir, F|340/340","|-damage|p1a: Ultimate Waifu|298/340|[from] Stealth Rock","|-ability|p1a: Ultimate Waifu|Guts|[from] ability: Trace|[of] p2a: Conkeldurr","|turn|9","|","|detailschange|p1a: Ultimate Waifu|Gardevoir-Mega, F","|-mega|p1a: Ultimate Waifu|Gardevoir|Gardevoirite","|move|p2a: Conkeldurr|Knock Off|p1a: Ultimate Waifu","|-crit|p1a: Ultimate Waifu","|-damage|p1a: Ultimate Waifu|106/340","|move|p1a: Ultimate Waifu|Hyper Voice|p2a: Conkeldurr","|-supereffective|p2a: Conkeldurr","|-damage|p2a: Conkeldurr|0 fnt","|faint|p2a: Conkeldurr","|","|","|switch|p2a: Medicham|Medicham, M|261/261","|turn|10","|","|move|p2a: Medicham|Bullet Punch|p1a: Ultimate Waifu","|-supereffective|p1a: Ultimate Waifu","|-damage|p1a: Ultimate Waifu|0 fnt","|faint|p1a: Ultimate Waifu","|","|","|switch|p1a: Dat Bulk Tho|Deoxys-Defense|304/304","|-damage|p1a: Dat Bulk Tho|266/304|[from] Stealth Rock","|-ability|p1a: Dat Bulk Tho|Pressure","|turn|11","|","|switch|p2a: Hawlucha|Hawlucha, F, shiny|297/297","|move|p1a: Dat Bulk Tho|Stealth Rock|p2a: Hawlucha","|-sidestart|p2: Rain ☆ Fae|move: Stealth Rock","|","|-fieldend|move: Trick Room","|turn|12","|","|move|p2a: Hawlucha|Sky Attack|p1a: Dat Bulk Tho|[still]","|-prepare|p2a: Hawlucha|Sky Attack|p1a: Dat Bulk Tho","|-enditem|p2a: Hawlucha|Power Herb","|-anim|p2a: Hawlucha|Sky Attack|p1a: Dat Bulk Tho","|-damage|p1a: Dat Bulk Tho|133/304","|move|p1a: Dat Bulk Tho|Taunt|p2a: Hawlucha","|-start|p2a: Hawlucha|move: Taunt","|","|turn|13","|","|move|p2a: Hawlucha|Acrobatics|p1a: Dat Bulk Tho","|-damage|p1a: Dat Bulk Tho|22/304","|-damage|p2a: Hawlucha|248/297|[from] item: Rocky Helmet|[of] p1a: Dat Bulk Tho","|move|p1a: Dat Bulk Tho|Spikes|p2a: Hawlucha","|-sidestart|p2: Rain ☆ Fae|Spikes","|","|turn|14","|","|move|p2a: Hawlucha|Acrobatics|p1a: Dat Bulk Tho","|-damage|p1a: Dat Bulk Tho|0 fnt","|-damage|p2a: Hawlucha|199/297|[from] item: Rocky Helmet|[of] p1a: Dat Bulk Tho","|faint|p1a: Dat Bulk Tho","|","|","|switch|p1a: Devour my V|Victini|403/403","|-damage|p1a: Devour my V|303/403|[from] Stealth Rock","|turn|15","|","|move|p2a: Hawlucha|Acrobatics|p1a: Devour my V","|-damage|p1a: Devour my V|126/403","|move|p1a: Devour my V|Trick Room|p1a: Devour my V","|-fieldstart|move: Trick Room|[of] p1a: Devour my V","|","|-end|p2a: Hawlucha|move: Taunt","|turn|16","|","|move|p1a: Devour my V|Zen Headbutt|p2a: Hawlucha","|-supereffective|p2a: Hawlucha","|-damage|p2a: Hawlucha|0 fnt","|-damage|p1a: Devour my V|86/403|[from] item: Life Orb","|faint|p2a: Hawlucha","|","|","|switch|p2a: Keldeo|Keldeo|323/323","|-damage|p2a: Keldeo|283/323|[from] Spikes","|-damage|p2a: Keldeo|263/323|[from] Stealth Rock","|turn|17","|","|move|p1a: Devour my V|Bolt Strike|p2a: Keldeo","|-supereffective|p2a: Keldeo","|-damage|p2a: Keldeo|0 fnt","|-damage|p1a: Devour my V|46/403|[from] item: Life Orb","|faint|p2a: Keldeo","|","|","|switch|p2a: Medicham|Medicham, M|261/261","|-damage|p2a: Medicham|229/261|[from] Spikes","|-damage|p2a: Medicham|213/261|[from] Stealth Rock","|turn|18","|","|move|p2a: Medicham|Bullet Punch|p1a: Devour my V","|-resisted|p1a: Devour my V","|-damage|p1a: Devour my V|0 fnt","|faint|p1a: Devour my V","|","|","|switch|p1a: Git Gud|Hoopa-Unbound|364/364","|-damage|p1a: Git Gud|319/364|[from] Stealth Rock","|turn|19","|","|switch|p2a: Cobalion|Cobalion|245/386 brn","|-damage|p2a: Cobalion|233/386 brn|[from] Stealth Rock","|-damage|p2a: Cobalion|185/386 brn|[from] Spikes","|move|p1a: Git Gud|Fire Punch|p2a: Cobalion","|-supereffective|p2a: Cobalion","|-damage|p2a: Cobalion|0 fnt","|-damage|p1a: Git Gud|283/364|[from] item: Life Orb","|faint|p2a: Cobalion","|","|-fieldend|move: Trick Room","|","|switch|p2a: Terrakion|Terrakion|323/323","|-damage|p2a: Terrakion|303/323|[from] Stealth Rock","|-damage|p2a: Terrakion|263/323|[from] Spikes","|turn|20","|","|move|p2a: Terrakion|Close Combat|p1a: Git Gud","|-damage|p1a: Git Gud|0 fnt","|-unboost|p2a: Terrakion|def|1","|-unboost|p2a: Terrakion|spd|1","|faint|p1a: Git Gud","|","|win|Rain ☆ Fae"],"p1rating":{"entryid":"544224","serverid":"eos","formatid":"monotype","userid":"vwish","username":"V Wish","w":"1","l":1,"t":"0","gxe":50.1,"r":"1500","rd":"130","sigma":"0","rptime":"1440666000","rpr":1500.6129677665,"rprd":116.05459804996,"rpsigma":"0","acre":1026.4131138393,"lacre":1026.4131138393,"oldacre":"1045.4093080623"},"p2rating":{"entryid":544452,"formatid":"monotype","userid":"rainfae","username":"Rain ☆ Fae","r":1500,"rd":130,"sigma":0,"rpr":1540.1606143388,"rprd":122.8583080769,"rpsigma":0,"rptime":1440666000,"w":1,"l":0,"t":0,"gxe":55,"acre":1045.1983737376,"lacre":1045.1983737376,"oldacre":1000},"endType":"normal"}