{"seed":[31531,43327,48182,31142],"turns":26,"p1":"Rain ☆ S.Herbs","p2":"SlyZix","p1team":[{"name":"Landorus","species":"Landorus","item":"assaultvest","ability":"Sheer Force","moves":["earthpower","stoneedge","sludgewave","grassknot"],"nature":"Naive","evs":{"hp":0,"atk":4,"def":0,"spa":252,"spd":0,"spe":252},"ivs":{"hp":31,"atk":31,"def":31,"spa":31,"spd":31,"spe":31}},{"name":"Hippowdon","species":"Hippowdon","item":"leftovers","ability":"Sand Stream","moves":["earthquake","crunch","stealthrock","toxic"],"nature":"Impish","evs":{"hp":248,"atk":8,"def":252,"spa":0,"spd":0,"spe":0},"ivs":{"hp":31,"atk":31,"def":31,"spa":31,"spd":31,"spe":31}},{"name":"Mamoswine","species":"Mamoswine","item":"lifeorb","ability":"Thick Fat","moves":["iceshard","iciclecrash","earthquake","rockslide"],"nature":"Jolly","evs":{"hp":0,"atk":252,"def":0,"spa":0,"spd":4,"spe":252},"ivs":{"hp":31,"atk":31,"def":31,"spa":31,"spd":31,"spe":31}},{"name":"Garchomp","species":"Garchomp","item":"garchompite","ability":"Rough Skin","moves":["flamethrower","earthquake","dracometeor","ironhead"],"nature":"Rash","evs":{"hp":0,"atk":252,"def":0,"spa":4,"spd":0,"spe":252},"ivs":{"hp":31,"atk":31,"def":31,"spa":31,"spd":31,"spe":31}},{"name":"Gastrodon","species":"Gastrodon","item":"leftovers","ability":"Storm Drain","moves":["icebeam","earthpower","toxic","recover"],"nature":"Bold","evs":{"hp":252,"atk":0,"def":0,"spa":4,"spd":252,"spe":0},"ivs":{"hp":31,"atk":31,"def":31,"spa":31,"spd":31,"spe":31}},{"name":"Excadrill","species":"Excadrill","item":"airballoon","ability":"Sand Rush","moves":["ironhead","earthquake","swordsdance","rockslide"],"nature":"Adamant","evs":{"hp":0,"atk":252,"def":0,"spa":0,"spd":4,"spe":252},"shiny":true,"ivs":{"hp":31,"atk":31,"def":31,"spa":31,"spd":31,"spe":31}}],"p2team":[{"name":"Hippowdon","species":"Hippowdon","item":"leftovers","ability":"Sand Stream","moves":["slackoff","stealthrock","whirlwind","earthquake"],"nature":"Impish","evs":{"hp":252,"atk":4,"def":252,"spa":0,"spd":0,"spe":0},"ivs":{"hp":31,"atk":31,"def":31,"spa":31,"spd":31,"spe":31}},{"name":"Landorus","species":"Landorus","item":"lifeorb","ability":"Sheer Force","moves":["gravity","earthpower","focusblast","grassknot"],"nature":"Timid","evs":{"hp":0,"atk":0,"def":0,"spa":252,"spd":4,"spe":252},"ivs":{"hp":31,"atk":31,"def":31,"spa":31,"spd":31,"spe":31}},{"name":"Gastrodon","species":"Gastrodon","item":"leftovers","ability":"Storm Drain","moves":["recover","icebeam","scald","toxic"],"nature":"Calm","evs":{"hp":252,"atk":0,"def":0,"spa":4,"spd":252,"spe":0},"ivs":{"hp":31,"atk":31,"def":31,"spa":31,"spd":31,"spe":31}},{"name":"Garchomp","species":"Garchomp","item":"garchompite","ability":"Rough Skin","moves":["earthpower","dracometeor","fireblast","stoneedge"],"nature":"Naive","evs":{"hp":0,"atk":4,"def":0,"spa":252,"spd":0,"spe":252},"ivs":{"hp":31,"atk":31,"def":31,"spa":31,"spd":31,"spe":31}},{"name":"Mamoswine","species":"Mamoswine","item":"lifeorb","ability":"Thick Fat","moves":["iceshard","iciclecrash","earthquake","rockslide"],"nature":"Jolly","evs":{"hp":0,"atk":252,"def":0,"spa":0,"spd":4,"spe":252},"ivs":{"hp":31,"atk":31,"def":31,"spa":31,"spd":31,"spe":31}},{"name":"Excadrill","species":"Excadrill","item":"choicescarf","ability":"Sand Rush","moves":["earthquake","ironhead","rockslide","poisonjab"],"nature":"Jolly","evs":{"hp":0,"atk":252,"def":0,"spa":0,"spd":4,"spe":252},"ivs":{"hp":31,"atk":31,"def":31,"spa":31,"spd":31,"spe":31}}],"log":["|player|p1|Rain ☆ S.Herbs|154","|player|p2|SlyZix|191","|gametype|singles","|gen|6","|tier|Monotype","|rated","|rule|Baton Pass Clause: Limit one Baton Passer, can't pass Spe and other stats simultaneously","|rule|Swagger Clause: Swagger is banned","|rule|Same Type Clause: Pokémon in a team must share a type","|clearpoke","|poke|p1|Landorus, M","|poke|p1|Hippowdon, M","|poke|p1|Mamoswine, M","|poke|p1|Garchomp, F","|poke|p1|Gastrodon, F","|poke|p1|Excadrill, F, shiny","|poke|p2|Hippowdon, F","|poke|p2|Landorus, M","|poke|p2|Gastrodon, M","|poke|p2|Garchomp, F","|poke|p2|Mamoswine, F","|poke|p2|Excadrill, F","|rule|Sleep Clause Mod: Limit one foe put to sleep","|rule|Species Clause: Limit one of each Pokémon","|rule|OHKO Clause: OHKO moves are banned","|rule|Moody Clause: Moody is banned","|rule|Evasion Moves Clause: Evasion moves are banned","|rule|Endless Battle Clause: Forcing endless battles is banned","|rule|HP Percentage Mod: HP is shown in percentages","|teampreview","|","|start","|switch|p1a: Gastrodon|Gastrodon, F|426/426","|switch|p2a: Mamoswine|Mamoswine, F|361/361","|turn|1","|","|switch|p2a: Gastrodon|Gastrodon, M|426/426","|move|p1a: Gastrodon|Toxic|p2a: Gastrodon","|-status|p2a: Gastrodon|tox","|","|-damage|p2a: Gastrodon|400/426 tox|[from] psn","|turn|2","|","|move|p1a: Gastrodon|Earth Power|p2a: Gastrodon","|-damage|p2a: Gastrodon|324/426 tox","|move|p2a: Gastrodon|Toxic|p1a: Gastrodon","|-status|p1a: Gastrodon|tox","|","|-heal|p2a: Gastrodon|350/426 tox|[from] item: Leftovers","|-damage|p2a: Gastrodon|298/426 tox|[from] psn","|-damage|p1a: Gastrodon|400/426 tox|[from] psn","|turn|3","|","|move|p1a: Gastrodon|Ice Beam|p2a: Gastrodon","|-damage|p2a: Gastrodon|239/426 tox","|move|p2a: Gastrodon|Recover|p2a: Gastrodon","|-heal|p2a: Gastrodon|426/426 tox","|","|-heal|p1a: Gastrodon|426/426 tox|[from] item: Leftovers","|-damage|p2a: Gastrodon|348/426 tox|[from] psn","|-damage|p1a: Gastrodon|374/426 tox|[from] psn","|turn|4","|","|move|p1a: Gastrodon|Earth Power|p2a: Gastrodon","|-damage|p2a: Gastrodon|264/426 tox","|move|p2a: Gastrodon|Ice Beam|p1a: Gastrodon","|-damage|p1a: Gastrodon|311/426 tox","|","|-heal|p2a: Gastrodon|290/426 tox|[from] item: Leftovers","|-heal|p1a: Gastrodon|337/426 tox|[from] item: Leftovers","|-damage|p2a: Gastrodon|186/426 tox|[from] psn","|-damage|p1a: Gastrodon|259/426 tox|[from] psn","|turn|5","|","|move|p1a: Gastrodon|Earth Power|p2a: Gastrodon","|-damage|p2a: Gastrodon|98/426 tox","|move|p2a: Gastrodon|Recover|p2a: Gastrodon","|-heal|p2a: Gastrodon|311/426 tox","|","|-heal|p2a: Gastrodon|337/426 tox|[from] item: Leftovers","|-heal|p1a: Gastrodon|285/426 tox|[from] item: Leftovers","|-damage|p1a: Gastrodon|181/426 tox|[from] psn","|-damage|p2a: Gastrodon|207/426 tox|[from] psn","|turn|6","|","|move|p2a: Gastrodon|Recover|p2a: Gastrodon","|-heal|p2a: Gastrodon|420/426 tox","|move|p1a: Gastrodon|Recover|p1a: Gastrodon","|-heal|p1a: Gastrodon|394/426 tox","|","|-heal|p2a: Gastrodon|426/426 tox|[from] item: Leftovers","|-heal|p1a: Gastrodon|420/426 tox|[from] item: Leftovers","|-damage|p1a: Gastrodon|290/426 tox|[from] psn","|-damage|p2a: Gastrodon|270/426 tox|[from] psn","|turn|7","|","|move|p1a: Gastrodon|Earth Power|p2a: Gastrodon","|-damage|p2a: Gastrodon|186/426 tox","|move|p2a: Gastrodon|Recover|p2a: Gastrodon","|-heal|p2a: Gastrodon|399/426 tox","|","|-heal|p2a: Gastrodon|425/426 tox|[from] item: Leftovers","|-heal|p1a: Gastrodon|316/426 tox|[from] item: Leftovers","|-damage|p2a: Gastrodon|243/426 tox|[from] psn","|-damage|p1a: Gastrodon|160/426 tox|[from] psn","|turn|8","|","|move|p2a: Gastrodon|Recover|p2a: Gastrodon","|-heal|p2a: Gastrodon|426/426 tox","|move|p1a: Gastrodon|Recover|p1a: Gastrodon","|-heal|p1a: Gastrodon|373/426 tox","|","|-heal|p1a: Gastrodon|399/426 tox|[from] item: Leftovers","|-damage|p2a: Gastrodon|218/426 tox|[from] psn","|-damage|p1a: Gastrodon|217/426 tox|[from] psn","|turn|9","|","|switch|p1a: Landorus|Landorus, M|319/319","|move|p2a: Gastrodon|Recover|p2a: Gastrodon","|-heal|p2a: Gastrodon|426/426 tox","|","|-damage|p2a: Gastrodon|192/426 tox|[from] psn","|turn|10","|","|move|p1a: Landorus|Grass Knot|p2a: Gastrodon","|-supereffective|p2a: Gastrodon","|-damage|p2a: Gastrodon|0 fnt","|faint|p2a: Gastrodon","|","|","|switch|p2a: Landorus|Landorus, M|319/319","|turn|11","|","|move|p1a: Landorus|Stone Edge|p2a: Landorus|[miss]","|-miss|p1a: Landorus|p2a: Landorus","|move|p2a: Landorus|Gravity|p2a: Landorus","|-fieldstart|move: Gravity","|","|turn|12","|","|move|p2a: Landorus|Earth Power|p1a: Landorus","|-damage|p1a: Landorus|88/319","|move|p1a: Landorus|Earth Power|p2a: Landorus","|-damage|p2a: Landorus|81/319","|","|turn|13","|","|move|p2a: Landorus|Earth Power|p1a: Landorus","|-damage|p1a: Landorus|0 fnt","|faint|p1a: Landorus","|","|","|switch|p1a: Mamoswine|Mamoswine, M|361/361","|turn|14","|","|switch|p2a: Hippowdon|Hippowdon, F|420/420","|-weather|Sandstorm","|move|p1a: Mamoswine|Ice Shard|p2a: Hippowdon","|-supereffective|p2a: Hippowdon","|-damage|p2a: Hippowdon|293/420","|-damage|p1a: Mamoswine|325/361|[from] item: Life Orb","|","|-weather|Sandstorm|[upkeep]","|-heal|p2a: Hippowdon|319/420|[from] item: Leftovers","|turn|15","|","|move|p1a: Mamoswine|Icicle Crash|p2a: Hippowdon","|-supereffective|p2a: Hippowdon","|-damage|p2a: Hippowdon|54/420","|-damage|p1a: Mamoswine|289/361|[from] item: Life Orb","|move|p2a: Hippowdon|Stealth Rock|p1a: Mamoswine","|-sidestart|p1: Rain ☆ S.Herbs|move: Stealth Rock","|","|-weather|Sandstorm|[upkeep]","|-heal|p2a: Hippowdon|80/420|[from] item: Leftovers","|-fieldend|move: Gravity","|turn|16","|","|move|p1a: Mamoswine|Earthquake|p2a: Hippowdon","|-damage|p2a: Hippowdon|0 fnt","|-damage|p1a: Mamoswine|253/361|[from] item: Life Orb","|faint|p2a: Hippowdon","|","|-weather|Sandstorm|[upkeep]","|","|switch|p2a: Excadrill|Excadrill, F|361/361","|turn|17","|","|move|p2a: Excadrill|Iron Head|p1a: Mamoswine","|-supereffective|p1a: Mamoswine","|-damage|p1a: Mamoswine|0 fnt","|faint|p1a: Mamoswine","|","|-weather|Sandstorm|[upkeep]","|","|switch|p1a: Excadrill|Excadrill, F, shiny|361/361","|-damage|p1a: Excadrill|350/361|[from] Stealth Rock","|-item|p1a: Excadrill|Air Balloon","|turn|18","|","|switch|p2a: Garchomp|Garchomp, F|357/357","|move|p1a: Excadrill|Earthquake|p2a: Garchomp","|-damage|p2a: Garchomp|149/357","|","|-weather|none","|turn|19","|","|switch|p1a: Hippowdon|Hippowdon, M|419/419","|-damage|p1a: Hippowdon|393/419|[from] Stealth Rock","|-weather|Sandstorm","|detailschange|p2a: Garchomp|Garchomp-Mega, F","|-mega|p2a: Garchomp|Garchomp|Garchompite","|move|p2a: Garchomp|Fire Blast|p1a: Hippowdon","|-damage|p1a: Hippowdon|223/419","|","|-weather|Sandstorm|[upkeep]","|-heal|p1a: Hippowdon|249/419|[from] item: Leftovers","|turn|20","|","|move|p2a: Garchomp|Earth Power|p1a: Hippowdon","|-damage|p1a: Hippowdon|0 fnt","|faint|p1a: Hippowdon","|","|-weather|Sandstorm|[upkeep]","|","|switch|p1a: Garchomp|Garchomp, F|357/357","|-damage|p1a: Garchomp|335/357|[from] Stealth Rock","|turn|21","|","|detailschange|p1a: Garchomp|Garchomp-Mega, F","|-mega|p1a: Garchomp|Garchomp|Garchompite","|move|p2a: Garchomp|Draco Meteor|p1a: Garchomp","|-supereffective|p1a: Garchomp","|-damage|p1a: Garchomp|0 fnt","|-unboost|p2a: Garchomp|spa|2","|faint|p1a: Garchomp","|","|-weather|Sandstorm|[upkeep]","|","|switch|p1a: Excadrill|Excadrill, F, shiny|350/361","|-damage|p1a: Excadrill|339/361|[from] Stealth Rock","|-item|p1a: Excadrill|Air Balloon","|turn|22","|","|switch|p2a: Landorus|Landorus, M|81/319","|move|p1a: Excadrill|Earthquake|p2a: Landorus","|-immune|p2a: Landorus|[msg]","|","|-weather|Sandstorm|[upkeep]","|turn|23","|","|move|p1a: Excadrill|Rock Slide|p2a: Landorus","|-damage|p2a: Landorus|0 fnt","|faint|p2a: Landorus","|","|-weather|none","|","|switch|p2a: Mamoswine|Mamoswine, F|361/361","|turn|24","|","|move|p2a: Mamoswine|Ice Shard|p1a: Excadrill","|-crit|p1a: Excadrill","|-damage|p1a: Excadrill|113/361","|-enditem|p1a: Excadrill|Air Balloon","|-damage|p2a: Mamoswine|325/361|[from] item: Life Orb","|move|p1a: Excadrill|Iron Head|p2a: Mamoswine","|-supereffective|p2a: Mamoswine","|-damage|p2a: Mamoswine|0 fnt","|faint|p2a: Mamoswine","|","|","|switch|p2a: Excadrill|Excadrill, F|361/361","|turn|25","|","|move|p2a: Excadrill|Earthquake|p1a: Excadrill","|-supereffective|p1a: Excadrill","|-damage|p1a: Excadrill|0 fnt","|faint|p1a: Excadrill","|","|","|switch|p1a: Gastrodon|Gastrodon, F|217/426 tox","|-damage|p1a: Gastrodon|191/426 tox|[from] Stealth Rock","|turn|26","|","|move|p2a: Excadrill|Earthquake|p1a: Gastrodon","|-damage|p1a: Gastrodon|0 fnt","|faint|p1a: Gastrodon","|","|win|SlyZix"],"p1rating":{"entryid":"61538","serverid":"eos","formatid":"monotype","userid":"rainsherbs","username":"Rain ☆ S.Herbs","w":"19","l":21,"t":"0","gxe":47.7,"r":"1484.4870629498","rd":"58.185426103244","sigma":"0","rptime":"1440666000","rpr":1482.3666476565,"rprd":53.738341115458,"rpsigma":"0","acre":1089.8772174448,"lacre":1089.8772174448,"oldacre":"1119.3604350807"},"p2rating":{"entryid":"61352","serverid":"eos","formatid":"monotype","userid":"slyzix","username":"SlyZix","w":5,"l":"5","t":"0","gxe":50.3,"r":"1476.9054646071","rd":"97.08937708353","sigma":"0","rptime":"1440666000","rpr":1502.0047156873,"rprd":88.320062716907,"rpsigma":"0","acre":1093.5747785425,"lacre":1093.5747785425,"oldacre":"1056.3741844138"},"endType":"normal"}