{"seed":[33828,3540,11820,46727],"turns":18,"p1":"Darth Malic","p2":"Emg E4 Bit","p1team":[{"name":"THE KILLER","species":"cobalion","item":"leftovers","ability":"Justified","moves":["stoneedge","stealthrock","ironhead","closecombat"],"nature":"Impish","evs":{"hp":252,"atk":4,"def":252,"spa":0,"spd":0,"spe":0},"ivs":{"hp":31,"atk":31,"def":31,"spa":31,"spd":31,"spe":31}},{"name":"Lucario","species":"Lucario","item":"salacberry","ability":"Justified","moves":["aurasphere","nastyplot","vacuumwave","flashcannon"],"nature":"Timid","evs":{"hp":0,"atk":0,"def":0,"spa":252,"spd":4,"spe":252},"ivs":{"hp":31,"atk":30,"def":30,"spa":31,"spd":31,"spe":31}},{"name":"Whiskers","species":"mienshao","item":"lifeorb","ability":"Regenerator","moves":["hiddenpowerice","highjumpkick","fakeout","uturn"],"nature":"Hasty","evs":{"hp":0,"atk":252,"def":0,"spa":4,"spd":0,"spe":252},"ivs":{"hp":31,"atk":30,"def":30,"spa":31,"spd":31,"spe":31}},{"name":"Hairy Cross","species":"heracross","item":"choicescarf","ability":"Moxie","moves":["nightslash","closecombat","stoneedge","megahorn"],"nature":"Jolly","evs":{"hp":0,"atk":252,"def":0,"spa":0,"spd":4,"spe":252},"ivs":{"hp":31,"atk":31,"def":31,"spa":31,"spd":31,"spe":31}},{"name":"WTF AM I??","species":"hitmonlee","item":"liechiberry","ability":"Unburden","moves":["reversal","endure","stoneedge","knockoff"],"nature":"Adamant","evs":{"hp":0,"atk":252,"def":0,"spa":0,"spd":4,"spe":252},"ivs":{"hp":31,"atk":31,"def":31,"spa":31,"spd":31,"spe":31}},{"name":"Sir Gallade","species":"gallade","item":"galladite","ability":"Steadfast","moves":["knockoff","zenheadbutt","closecombat","shadowsneak"],"nature":"Jolly","evs":{"hp":0,"atk":252,"def":0,"spa":0,"spd":0,"spe":252},"ivs":{"hp":31,"atk":31,"def":31,"spa":31,"spd":31,"spe":31}}],"p2team":[{"name":"Rock God","species":"tyranitar","item":"tyranitarite","ability":"Sand Stream","moves":["dragondance","crunch","icepunch","earthquake"],"nature":"Jolly","evs":{"hp":0,"atk":252,"def":0,"spa":0,"spd":4,"spe":252},"gender":"M","shiny":true,"ivs":{"hp":31,"atk":31,"def":31,"spa":31,"spd":31,"spe":31}},{"name":"Last Thing You See","species":"terrakion","item":"choiceband","ability":"Justified","moves":["stoneedge","closecombat","earthquake","quickattack"],"nature":"Jolly","evs":{"hp":0,"atk":252,"def":4,"spa":0,"spd":0,"spe":252},"shiny":true,"ivs":{"hp":31,"atk":31,"def":31,"spa":31,"spd":31,"spe":31}},{"name":"Blown Back","species":"cradily","item":"leftovers","ability":"Storm Drain","moves":["gigadrain","earthpower","recover","mirrorcoat"],"nature":"Calm","evs":{"hp":252,"atk":0,"def":168,"spa":0,"spd":88,"spe":0},"gender":"F","ivs":{"hp":31,"atk":31,"def":31,"spa":31,"spd":31,"spe":31}},{"name":"Unkillable","species":"rhyperior","item":"weaknesspolicy","ability":"Solid Rock","moves":["earthquake","stoneedge","firepunch","icepunch"],"nature":"Impish","evs":{"hp":252,"atk":4,"def":252,"spa":0,"spd":0,"spe":0},"gender":"M","shiny":true,"ivs":{"hp":31,"atk":31,"def":31,"spa":31,"spd":31,"spe":31}},{"name":"Comeback","species":"omastar","item":"lifeorb","ability":"Swift Swim","moves":["hydropump","icebeam","hiddenpowergrass","shellsmash"],"nature":"Timid","evs":{"hp":0,"atk":0,"def":4,"spa":252,"spd":0,"spe":252},"gender":"F","ivs":{"hp":31,"atk":30,"def":31,"spa":30,"spd":31,"spe":31}},{"name":"Mah Boy","species":"shuckle","item":"mentalherb","ability":"Sturdy","moves":["stickyweb","stealthrock","encore","toxic"],"nature":"Impish","evs":{"hp":252,"atk":0,"def":156,"spa":0,"spd":100,"spe":0},"gender":"M","shiny":true,"ivs":{"hp":31,"atk":31,"def":31,"spa":31,"spd":31,"spe":31}}],"log":["|player|p1|Darth Malic|54","|player|p2|Emg E4 Bit|154","|gametype|singles","|gen|6","|tier|Monotype","|rated","|rule|Baton Pass Clause: Limit one Baton Passer, can't pass Spe and other stats simultaneously","|rule|Swagger Clause: Swagger is banned","|rule|Same Type Clause: Pokémon in a team must share a type","|clearpoke","|poke|p1|Cobalion","|poke|p1|Lucario, F","|poke|p1|Mienshao, M","|poke|p1|Heracross, M","|poke|p1|Hitmonlee, M","|poke|p1|Gallade, M","|poke|p2|Tyranitar, M, shiny","|poke|p2|Terrakion, shiny","|poke|p2|Cradily, F","|poke|p2|Rhyperior, M, shiny","|poke|p2|Omastar, F","|poke|p2|Shuckle, M, shiny","|rule|Sleep Clause Mod: Limit one foe put to sleep","|rule|Species Clause: Limit one of each Pokémon","|rule|OHKO Clause: OHKO moves are banned","|rule|Moody Clause: Moody is banned","|rule|Evasion Moves Clause: Evasion moves are banned","|rule|Endless Battle Clause: Forcing endless battles is banned","|rule|HP Percentage Mod: HP is shown in percentages","|teampreview","|","|start","|switch|p1a: THE KILLER|Cobalion|386/386","|switch|p2a: Mah Boy|Shuckle, M, shiny|244/244","|turn|1","|","|move|p1a: THE KILLER|Iron Head|p2a: Mah Boy","|-supereffective|p2a: Mah Boy","|-damage|p2a: Mah Boy|166/244","|move|p2a: Mah Boy|Sticky Web|p1a: THE KILLER","|-sidestart|p1: Darth Malic|move: Sticky Web","|","|turn|2","|","|move|p1a: THE KILLER|Stealth Rock|p2a: Mah Boy","|-sidestart|p2: Emg E4 Bit|move: Stealth Rock","|move|p2a: Mah Boy|Stealth Rock|p1a: THE KILLER","|-sidestart|p1: Darth Malic|move: Stealth Rock","|","|turn|3","|","|move|p1a: THE KILLER|Iron Head|p2a: Mah Boy","|-supereffective|p2a: Mah Boy","|-damage|p2a: Mah Boy|98/244","|cant|p2a: Mah Boy|flinch","|","|turn|4","|","|move|p1a: THE KILLER|Iron Head|p2a: Mah Boy","|-supereffective|p2a: Mah Boy","|-damage|p2a: Mah Boy|26/244","|move|p2a: Mah Boy|Encore|p1a: THE KILLER","|-start|p1a: THE KILLER|Encore","|","|turn|5","|","|move|p1a: THE KILLER|Iron Head|p2a: Mah Boy","|-supereffective|p2a: Mah Boy","|-damage|p2a: Mah Boy|0 fnt","|faint|p2a: Mah Boy","|","|","|switch|p2a: Comeback|Omastar, F|281/281","|-damage|p2a: Comeback|246/281|[from] Stealth Rock","|turn|6","|","|move|p1a: THE KILLER|Iron Head|p2a: Comeback","|-damage|p2a: Comeback|168/281","|cant|p2a: Comeback|flinch","|","|turn|7","|","|move|p1a: THE KILLER|Iron Head|p2a: Comeback","|-crit|p2a: Comeback","|-damage|p2a: Comeback|53/281","|cant|p2a: Comeback|flinch","|","|-end|p1a: THE KILLER|Encore","|turn|8","|","|move|p1a: THE KILLER|Iron Head|p2a: Comeback","|-damage|p2a: Comeback|0 fnt","|faint|p2a: Comeback","|","|","|switch|p2a: Rock God|Tyranitar, M, shiny|341/341","|-damage|p2a: Rock God|299/341|[from] Stealth Rock","|-weather|Sandstorm","|turn|9","|","|detailschange|p2a: Rock God|Tyranitar-Mega, M, shiny","|-mega|p2a: Rock God|Tyranitar|Tyranitarite","|move|p1a: THE KILLER|Close Combat|p2a: Rock God","|-supereffective|p2a: Rock God","|-damage|p2a: Rock God|0 fnt","|-unboost|p1a: THE KILLER|def|1","|-unboost|p1a: THE KILLER|spd|1","|faint|p2a: Rock God","|","|-weather|Sandstorm|[upkeep]","|","|switch|p2a: Blown Back|Cradily, F|376/376","|-damage|p2a: Blown Back|329/376|[from] Stealth Rock","|turn|10","|","|move|p1a: THE KILLER|Close Combat|p2a: Blown Back","|-supereffective|p2a: Blown Back","|-damage|p2a: Blown Back|105/376","|-unboost|p1a: THE KILLER|def|1","|-unboost|p1a: THE KILLER|spd|1","|move|p2a: Blown Back|Earth Power|p1a: THE KILLER","|-supereffective|p1a: THE KILLER","|-damage|p1a: THE KILLER|72/386","|","|-weather|Sandstorm|[upkeep]","|-heal|p1a: THE KILLER|96/386|[from] item: Leftovers","|-heal|p2a: Blown Back|128/376|[from] item: Leftovers","|turn|11","|","|move|p1a: THE KILLER|Iron Head|p2a: Blown Back","|-supereffective|p2a: Blown Back","|-damage|p2a: Blown Back|0 fnt","|faint|p2a: Blown Back","|","|-weather|Sandstorm|[upkeep]","|-heal|p1a: THE KILLER|120/386|[from] item: Leftovers","|","|switch|p2a: Last Thing You See|Terrakion, shiny|323/323","|-damage|p2a: Last Thing You See|303/323|[from] Stealth Rock","|turn|12","|","|move|p2a: Last Thing You See|Close Combat|p1a: THE KILLER","|-supereffective|p1a: THE KILLER","|-damage|p1a: THE KILLER|0 fnt","|-unboost|p2a: Last Thing You See|def|1","|-unboost|p2a: Last Thing You See|spd|1","|faint|p1a: THE KILLER","|","|-weather|Sandstorm|[upkeep]","|","|switch|p1a: Lucario|Lucario, F|281/281","|-damage|p1a: Lucario|273/281|[from] Stealth Rock","|-activate|p1a: Lucario|move: Sticky Web","|-unboost|p1a: Lucario|spe|1","|turn|13","|","|move|p1a: Lucario|Vacuum Wave|p2a: Last Thing You See","|-supereffective|p2a: Last Thing You See","|-damage|p2a: Last Thing You See|151/323","|move|p2a: Last Thing You See|Close Combat|p1a: Lucario","|-supereffective|p1a: Lucario","|-damage|p1a: Lucario|0 fnt","|-unboost|p2a: Last Thing You See|def|1","|-unboost|p2a: Last Thing You See|spd|1","|faint|p1a: Lucario","|","|-weather|none","|","|switch|p1a: Sir Gallade|Gallade, M|277/277","|-activate|p1a: Sir Gallade|move: Sticky Web","|-unboost|p1a: Sir Gallade|spe|1","|-damage|p1a: Sir Gallade|260/277|[from] Stealth Rock","|turn|14","|","|switch|p2a: Unkillable|Rhyperior, M, shiny|434/434","|-damage|p2a: Unkillable|407/434|[from] Stealth Rock","|detailschange|p1a: Sir Gallade|Gallade-Mega, M","|-mega|p1a: Sir Gallade|Gallade|Galladite","|move|p1a: Sir Gallade|Shadow Sneak|p2a: Unkillable","|-damage|p2a: Unkillable|374/434","|","|turn|15","|","|move|p1a: Sir Gallade|Close Combat|p2a: Unkillable","|-crit|p2a: Unkillable","|-supereffective|p2a: Unkillable","|-damage|p2a: Unkillable|17/434","|-enditem|p2a: Unkillable|Weakness Policy","|-boost|p2a: Unkillable|atk|2|[from] item: Weakness Policy","|-boost|p2a: Unkillable|spa|2|[from] item: Weakness Policy","|-unboost|p1a: Sir Gallade|def|1","|-unboost|p1a: Sir Gallade|spd|1","|move|p2a: Unkillable|Earthquake|p1a: Sir Gallade","|-damage|p1a: Sir Gallade|0 fnt","|faint|p1a: Sir Gallade","|","|","|switch|p1a: WTF AM I??|Hitmonlee, M|241/241","|-activate|p1a: WTF AM I??|move: Sticky Web","|-unboost|p1a: WTF AM I??|spe|1","|-damage|p1a: WTF AM I??|226/241|[from] Stealth Rock","|turn|16","|","|move|p1a: WTF AM I??|Endure|p1a: WTF AM I??","|-singleturn|p1a: WTF AM I??|move: Endure","|move|p2a: Unkillable|Earthquake|p1a: WTF AM I??","|-activate|p1a: WTF AM I??|move: Endure","|-damage|p1a: WTF AM I??|1/241","|-enditem|p1a: WTF AM I??|Liechi Berry|[eat]","|-boost|p1a: WTF AM I??|atk|1|[from] item: Liechi Berry","|","|turn|17","|","|move|p1a: WTF AM I??|Knock Off|p2a: Unkillable","|-damage|p2a: Unkillable|0 fnt","|faint|p2a: Unkillable","|","|","|switch|p2a: Last Thing You See|Terrakion, shiny|151/323","|-damage|p2a: Last Thing You See|131/323|[from] Stealth Rock","|turn|18","|","|move|p1a: WTF AM I??|Reversal|p2a: Last Thing You See","|-supereffective|p2a: Last Thing You See","|-damage|p2a: Last Thing You See|0 fnt","|faint|p2a: Last Thing You See","|","|win|Darth Malic"],"p1rating":{"entryid":"536720","serverid":"eos","formatid":"monotype","userid":"darthmalic","username":"Darth Malic","w":2,"l":"1","t":"0","gxe":53.9,"r":"1500","rd":"130","sigma":"0","rptime":"1440666000","rpr":1530.8112884414,"rprd":111.18543637838,"rpsigma":"0","acre":1079.3088525611,"lacre":1079.3088525611,"oldacre":"1028.7929866903"},"p2rating":{"entryid":"86213","serverid":"eos","formatid":"monotype","userid":"emge4bit","username":"Emg E4 Bit","w":"16","l":9,"t":"0","gxe":57.3,"r":"1570.2097310702","rd":"67.330274775384","sigma":"0","rptime":"1440666000","rpr":1556.350196323,"rprd":66.310369540885,"rpsigma":"0","acre":1147.1589877175,"lacre":1147.1589877175,"oldacre":"1182.5530295439"},"endType":"normal"}