{"seed":[27758,50534,13281,17995],"turns":20,"p1":"Lord WillWolf","p2":"V Ѕtun","p1team":[{"name":"Zygarde","species":"Zygarde","item":"lifeorb","ability":"Aura Break","moves":["earthquake","outrage","dragondance","extremespeed"],"nature":"Adamant","evs":{"hp":4,"atk":252,"def":0,"spa":0,"spd":0,"spe":252},"ivs":{"hp":31,"atk":31,"def":31,"spa":31,"spd":31,"spe":31}},{"name":"Flygon","species":"Flygon","item":"choicescarf","ability":"Levitate","moves":["uturn","earthquake","irontail","outrage"],"nature":"Adamant","evs":{"hp":0,"atk":252,"def":0,"spa":0,"spd":4,"spe":252},"ivs":{"hp":31,"atk":31,"def":31,"spa":31,"spd":31,"spe":31}},{"name":"Kyurem-Black","species":"Kyurem-Black","item":"leftovers","ability":"Teravolt","moves":["outrage","fusionbolt","ironhead","roost"],"nature":"Adamant","evs":{"hp":252,"atk":176,"def":68,"spa":0,"spd":12,"spe":0},"ivs":{"hp":31,"atk":31,"def":31,"spa":31,"spd":31,"spe":31}},{"name":"Goodra","species":"Goodra","item":"assaultvest","ability":"Sap Sipper","moves":["flamethrower","dracometeor","sludgewave","thunderbolt"],"nature":"Modest","evs":{"hp":248,"atk":0,"def":0,"spa":252,"spd":8,"spe":0},"ivs":{"hp":31,"atk":31,"def":31,"spa":31,"spd":31,"spe":31}},{"name":"Hydreigon","species":"Hydreigon","item":"lifeorb","ability":"Levitate","moves":["uturn","superpower","dracometeor","darkpulse"],"nature":"Hasty","evs":{"hp":0,"atk":4,"def":0,"spa":252,"spd":0,"spe":252},"ivs":{"hp":31,"atk":31,"def":31,"spa":31,"spd":31,"spe":31}},{"name":"Salamence","species":"Salamence","item":"leftovers","ability":"Intimidate","moves":["earthquake","dragonclaw","roost","substitute"],"nature":"Careful","evs":{"hp":252,"atk":0,"def":4,"spa":0,"spd":252,"spe":0},"ivs":{"hp":31,"atk":31,"def":31,"spa":31,"spd":31,"spe":31}}],"p2team":[{"name":"Aggron","species":"Aggron","item":"aggronite","ability":"Sturdy","moves":["stealthrock","thunderwave","seismictoss","metalburst"],"nature":"Careful","evs":{"hp":248,"atk":0,"def":16,"spa":0,"spd":244,"spe":0},"ivs":{"hp":31,"atk":31,"def":31,"spa":31,"spd":31,"spe":31}},{"name":"Empoleon","species":"Empoleon","item":"assaultvest","ability":"Defiant","moves":["scald","aquajet","grassknot","icebeam"],"nature":"Mild","evs":{"hp":248,"atk":0,"def":0,"spa":252,"spd":8,"spe":0},"ivs":{"hp":31,"atk":31,"def":31,"spa":31,"spd":31,"spe":31}},{"name":"Heatran","species":"Heatran","item":"choicescarf","ability":"Flash Fire","moves":["fireblast","earthpower","stoneedge","hiddenpowerice"],"nature":"Mild","evs":{"hp":0,"atk":0,"def":0,"spa":252,"spd":52,"spe":204},"ivs":{"hp":31,"atk":30,"def":30,"spa":31,"spd":31,"spe":31}},{"name":"Skarmory","species":"Skarmory","item":"rockyhelmet","ability":"Sturdy","moves":["bravebird","spikes","whirlwind","roost"],"nature":"Impish","evs":{"hp":200,"atk":0,"def":212,"spa":0,"spd":96,"spe":0},"ivs":{"hp":31,"atk":31,"def":31,"spa":31,"spd":31,"spe":31}},{"name":"Bisharp","species":"Bisharp","item":"lifeorb","ability":"Defiant","moves":["knockoff","ironhead","suckerpunch","swordsdance"],"nature":"Adamant","evs":{"hp":0,"atk":252,"def":0,"spa":0,"spd":4,"spe":252},"ivs":{"hp":31,"atk":31,"def":31,"spa":31,"spd":31,"spe":31}},{"name":"Bronzong","species":"Bronzong","item":"choiceband","ability":"Levitate","moves":["zenheadbutt","gyroball","earthquake","trick"],"nature":"Brave","evs":{"hp":248,"atk":252,"def":0,"spa":0,"spd":8,"spe":0},"ivs":{"hp":31,"atk":31,"def":31,"spa":31,"spd":31,"spe":0}}],"log":["|player|p1|Lord WillWolf|54","|player|p2|V Ѕtun|266","|gametype|singles","|gen|6","|tier|Monotype","|rated","|rule|Baton Pass Clause: Limit one Baton Passer, can't pass Spe and other stats simultaneously","|rule|Swagger Clause: Swagger is banned","|rule|Same Type Clause: Pokémon in a team must share a type","|clearpoke","|poke|p1|Zygarde","|poke|p1|Flygon, M","|poke|p1|Kyurem-Black","|poke|p1|Goodra, M","|poke|p1|Hydreigon, F","|poke|p1|Salamence, F","|poke|p2|Aggron, M","|poke|p2|Empoleon, M","|poke|p2|Heatran, F","|poke|p2|Skarmory, F","|poke|p2|Bisharp, M","|poke|p2|Bronzong","|rule|Sleep Clause Mod: Limit one foe put to sleep","|rule|Species Clause: Limit one of each Pokémon","|rule|OHKO Clause: OHKO moves are banned","|rule|Moody Clause: Moody is banned","|rule|Evasion Moves Clause: Evasion moves are banned","|rule|Endless Battle Clause: Forcing endless battles is banned","|rule|HP Percentage Mod: HP is shown in percentages","|teampreview","|","|start","|switch|p1a: Goodra|Goodra, M|383/383","|switch|p2a: Aggron|Aggron, M|343/343","|turn|1","|","|detailschange|p2a: Aggron|Aggron-Mega, M","|-mega|p2a: Aggron|Aggron|Aggronite","|move|p1a: Goodra|Flamethrower|p2a: Aggron","|-supereffective|p2a: Aggron","|-damage|p2a: Aggron|213/343","|move|p2a: Aggron|Stealth Rock|p1a: Goodra","|-sidestart|p1: Lord WillWolf|move: Stealth Rock","|","|turn|2","|","|move|p1a: Goodra|Flamethrower|p2a: Aggron","|-supereffective|p2a: Aggron","|-damage|p2a: Aggron|74/343","|move|p2a: Aggron|Metal Burst|p1a: Goodra","|-damage|p1a: Goodra|175/383","|","|turn|3","|","|switch|p2a: Heatran|Heatran, F|323/323","|move|p1a: Goodra|Thunderbolt|p2a: Heatran","|-damage|p2a: Heatran|224/323","|","|turn|4","|","|move|p2a: Heatran|Hidden Power|p1a: Goodra","|-crit|p1a: Goodra","|-supereffective|p1a: Goodra","|-damage|p1a: Goodra|65/383","|move|p1a: Goodra|Thunderbolt|p2a: Heatran","|-damage|p2a: Heatran|132/323","|","|turn|5","|","|move|p2a: Heatran|Hidden Power|p1a: Goodra","|-supereffective|p1a: Goodra","|-damage|p1a: Goodra|0 fnt","|faint|p1a: Goodra","|","|","|switch|p1a: Flygon|Flygon, M|301/301","|-damage|p1a: Flygon|283/301|[from] Stealth Rock","|turn|6","|","|move|p1a: Flygon|Earthquake|p2a: Heatran","|-supereffective|p2a: Heatran","|-damage|p2a: Heatran|0 fnt","|faint|p2a: Heatran","|","|","|switch|p2a: Skarmory|Skarmory, F|321/321","|turn|7","|","|switch|p1a: Hydreigon|Hydreigon, F|325/325","|-damage|p1a: Hydreigon|285/325|[from] Stealth Rock","|move|p2a: Skarmory|Spikes|p1a: Hydreigon","|-sidestart|p1: Lord WillWolf|Spikes","|","|turn|8","|","|switch|p2a: Aggron|Aggron-Mega, M|74/343","|move|p1a: Hydreigon|Dark Pulse|p2a: Aggron","|-damage|p2a: Aggron|0 fnt","|-damage|p1a: Hydreigon|253/325|[from] item: Life Orb","|faint|p2a: Aggron","|","|","|switch|p2a: Empoleon|Empoleon, M|371/371","|turn|9","|","|move|p1a: Hydreigon|Superpower|p2a: Empoleon","|-supereffective|p2a: Empoleon","|-damage|p2a: Empoleon|30/371","|-unboost|p1a: Hydreigon|atk|1","|-unboost|p1a: Hydreigon|def|1","|-damage|p1a: Hydreigon|221/325|[from] item: Life Orb","|move|p2a: Empoleon|Ice Beam|p1a: Hydreigon","|-supereffective|p1a: Hydreigon","|-damage|p1a: Hydreigon|5/325","|","|turn|10","|","|move|p2a: Empoleon|Aqua Jet|p1a: Hydreigon","|-resisted|p1a: Hydreigon","|-damage|p1a: Hydreigon|0 fnt","|faint|p1a: Hydreigon","|","|","|switch|p1a: Salamence|Salamence, F|394/394","|-damage|p1a: Salamence|296/394|[from] Stealth Rock","|-ability|p1a: Salamence|Intimidate","|-unboost|p2a: Empoleon|atk|1","|-boost|p2a: Empoleon|atk|2|[from] ability: Defiant","|turn|11","|","|move|p2a: Empoleon|Aqua Jet|p1a: Salamence","|-resisted|p1a: Salamence","|-damage|p1a: Salamence|259/394","|move|p1a: Salamence|Dragon Claw|p2a: Empoleon","|-resisted|p2a: Empoleon","|-damage|p2a: Empoleon|0 fnt","|faint|p2a: Empoleon","|","|-heal|p1a: Salamence|283/394|[from] item: Leftovers","|","|switch|p2a: Bronzong|Bronzong|337/337","|turn|12","|","|move|p1a: Salamence|Substitute|p1a: Salamence","|-start|p1a: Salamence|Substitute","|-damage|p1a: Salamence|185/394","|move|p2a: Bronzong|Gyro Ball|p1a: Salamence","|-end|p1a: Salamence|Substitute","|","|-heal|p1a: Salamence|209/394|[from] item: Leftovers","|turn|13","|","|move|p1a: Salamence|Dragon Claw|p2a: Bronzong","|-resisted|p2a: Bronzong","|-damage|p2a: Bronzong|280/337","|move|p2a: Bronzong|Gyro Ball|p1a: Salamence","|-damage|p1a: Salamence|0 fnt","|faint|p1a: Salamence","|","|","|switch|p1a: Flygon|Flygon, M|283/301","|-damage|p1a: Flygon|265/301|[from] Stealth Rock","|turn|14","|","|move|p1a: Flygon|U-turn|p2a: Bronzong","|-damage|p2a: Bronzong|210/337","|","|switch|p1a: Zygarde|Zygarde|358/358","|-damage|p1a: Zygarde|314/358|[from] Spikes","|-damage|p1a: Zygarde|292/358|[from] Stealth Rock","|-ability|p1a: Zygarde|Aura Break","|move|p2a: Bronzong|Gyro Ball|p1a: Zygarde","|-damage|p1a: Zygarde|57/358","|","|turn|15","|","|switch|p2a: Skarmory|Skarmory, F|321/321","|move|p1a: Zygarde|Outrage|p2a: Skarmory","|-resisted|p2a: Skarmory","|-damage|p2a: Skarmory|248/321","|-damage|p1a: Zygarde|0 fnt|[from] item: Rocky Helmet|[of] p2a: Skarmory","|faint|p1a: Zygarde","|","|","|switch|p1a: Kyurem-Black|Kyurem-Black|454/454","|-damage|p1a: Kyurem-Black|398/454|[from] Spikes","|-damage|p1a: Kyurem-Black|285/454|[from] Stealth Rock","|-ability|p1a: Kyurem-Black|Teravolt","|turn|16","|","|move|p1a: Kyurem-Black|Fusion Bolt|p2a: Skarmory","|-supereffective|p2a: Skarmory","|-damage|p2a: Skarmory|78/321","|move|p2a: Skarmory|Brave Bird|p1a: Kyurem-Black","|-damage|p1a: Kyurem-Black|174/454","|-damage|p2a: Skarmory|41/321|[from] recoil|[of] p1a: Kyurem-Black","|","|-heal|p1a: Kyurem-Black|202/454|[from] item: Leftovers","|turn|17","|","|move|p1a: Kyurem-Black|Fusion Bolt|p2a: Skarmory","|-supereffective|p2a: Skarmory","|-damage|p2a: Skarmory|0 fnt","|faint|p2a: Skarmory","|","|-heal|p1a: Kyurem-Black|230/454|[from] item: Leftovers","|","|switch|p2a: Bronzong|Bronzong|210/337","|turn|18","|","|move|p1a: Kyurem-Black|Fusion Bolt|p2a: Bronzong","|-crit|p2a: Bronzong","|-damage|p2a: Bronzong|0 fnt","|faint|p2a: Bronzong","|","|-heal|p1a: Kyurem-Black|258/454|[from] item: Leftovers","|","|switch|p2a: Bisharp|Bisharp, M|271/271","|turn|19","|","|move|p2a: Bisharp|Iron Head|p1a: Kyurem-Black","|-supereffective|p1a: Kyurem-Black","|-damage|p1a: Kyurem-Black|0 fnt","|-damage|p2a: Bisharp|244/271|[from] item: Life Orb","|faint|p1a: Kyurem-Black","|","|","|switch|p1a: Flygon|Flygon, M|265/301","|-damage|p1a: Flygon|247/301|[from] Stealth Rock","|turn|20","|","|move|p2a: Bisharp|Sucker Punch|p1a: Flygon","|-damage|p1a: Flygon|0 fnt","|-damage|p2a: Bisharp|217/271|[from] item: Life Orb","|faint|p1a: Flygon","|","|win|V Ѕtun"],"p1rating":{"entryid":"533600","serverid":"eos","formatid":"monotype","userid":"lordwillwolf","username":"Lord WillWolf","w":"3","l":3,"t":"0","gxe":51.9,"r":"1500","rd":"130","sigma":"0","rptime":"1440666000","rpr":1514.7245558012,"rprd":99.756938193717,"rpsigma":"0","acre":1075.7702867539,"lacre":1075.7702867539,"oldacre":"1108.3215505116"},"p2rating":{"entryid":534681,"formatid":"monotype","userid":"vtun","username":"V Ѕtun","r":1500,"rd":130,"sigma":0,"rpr":1540.1606143388,"rprd":122.8583080769,"rpsigma":0,"rptime":1440666000,"w":1,"l":0,"t":0,"gxe":55,"acre":1052.0820220124,"lacre":1052.0820220124,"oldacre":1000},"endType":"normal"}