{"seed":[60322,18312,5179,6989],"turns":22,"p1":"GL♅Reshiram","p2":"Quilluminati","p1team":[{"name":"Heatran","species":"Heatran","item":"leftovers","ability":"Flash Fire","moves":["lavaplume","toxic","taunt","stealthrock"],"nature":"Calm","evs":{"hp":248,"atk":0,"def":0,"spa":0,"spd":192,"spe":68},"ivs":{"hp":31,"atk":31,"def":31,"spa":31,"spd":31,"spe":31}},{"name":"Ninetales","species":"Ninetales","item":"focussash","ability":"Drought","moves":["nastyplot","fireblast","energyball","roar"],"nature":"Timid","evs":{"hp":0,"atk":0,"def":4,"spa":252,"spd":0,"spe":252},"ivs":{"hp":31,"atk":31,"def":31,"spa":31,"spd":31,"spe":31}},{"name":"Torkoal","species":"Torkoal","item":"leftovers","ability":"Shell Armor","moves":["protect","willowisp","clearsmog","rapidspin"],"nature":"Bold","evs":{"hp":252,"atk":0,"def":252,"spa":4,"spd":0,"spe":0},"ivs":{"hp":31,"atk":31,"def":31,"spa":31,"spd":31,"spe":31}},{"name":"Rotom-Heat","species":"Rotom-Heat","item":"lightclay","ability":"Levitate","moves":["voltswitch","painsplit","reflect","lightscreen"],"nature":"Timid","evs":{"hp":36,"atk":0,"def":0,"spa":0,"spd":220,"spe":252},"ivs":{"hp":31,"atk":31,"def":31,"spa":31,"spd":31,"spe":31}},{"name":"Infernape","species":"Infernape","item":"lifeorb","ability":"Iron Fist","moves":["swordsdance","flareblitz","closecombat","machpunch"],"nature":"Jolly","evs":{"hp":0,"atk":252,"def":0,"spa":0,"spd":4,"spe":252},"ivs":{"hp":31,"atk":31,"def":31,"spa":31,"spd":31,"spe":31}},{"name":"Charizard","species":"Charizard","item":"charizarditey","ability":"Blaze","moves":["fireblast","solarbeam","airslash","roost"],"nature":"Timid","evs":{"hp":0,"atk":0,"def":0,"spa":252,"spd":4,"spe":252},"ivs":{"hp":31,"atk":31,"def":31,"spa":31,"spd":31,"spe":31}}],"p2team":[{"name":"Aerodactyl","species":"Aerodactyl","item":"focussash","ability":"Rock Head","moves":["raindance","honeclaws","aerialace","stoneedge"],"nature":"Jolly","evs":{"hp":0,"atk":252,"def":0,"spa":0,"spd":4,"spe":252},"ivs":{"hp":31,"atk":31,"def":31,"spa":31,"spd":31,"spe":31}},{"name":"Omastar","species":"Omastar","item":"focussash","ability":"Swift Swim","moves":["scald","icebeam","shellsmash","earthpower"],"nature":"Modest","evs":{"hp":0,"atk":0,"def":0,"spa":252,"spd":4,"spe":252},"ivs":{"hp":31,"atk":31,"def":31,"spa":31,"spd":31,"spe":31}},{"name":"Tyranitar","species":"Tyranitar","item":"lumberry","ability":"Unnerve","moves":["crunch","earthquake","stoneedge","thunderwave"],"nature":"Adamant","evs":{"hp":248,"atk":252,"def":0,"spa":0,"spd":8,"spe":0},"ivs":{"hp":31,"atk":31,"def":31,"spa":31,"spd":31,"spe":31}},{"name":"Carracosta","species":"Carracosta","item":"weaknesspolicy","ability":"Swift Swim","moves":["shellsmash","hydropump","stoneedge","waterfall"],"nature":"Naughty","evs":{"hp":0,"atk":252,"def":0,"spa":4,"spd":0,"spe":252},"ivs":{"hp":31,"atk":31,"def":31,"spa":31,"spd":31,"spe":31}},{"name":"Cradily","species":"Cradily","item":"rockyhelmet","ability":"Storm Drain","moves":["gigadrain","toxic","recover","stockpile"],"nature":"Calm","evs":{"hp":44,"atk":0,"def":216,"spa":48,"spd":140,"spe":60},"ivs":{"hp":31,"atk":31,"def":31,"spa":31,"spd":31,"spe":31}},{"name":"Aggron","species":"Aggron","item":"aggronite","ability":"Sturdy","moves":["curse","rest","sleeptalk","heavyslam"],"nature":"Impish","evs":{"hp":240,"atk":0,"def":16,"spa":0,"spd":252,"spe":0},"ivs":{"hp":31,"atk":31,"def":31,"spa":31,"spd":31,"spe":31}}],"log":["|player|p1|GL♅Reshiram|163","|player|p2|Quilluminati|1","|gametype|singles","|gen|6","|tier|Monotype","|rated","|rule|Baton Pass Clause: Limit one Baton Passer, can't pass Spe and other stats simultaneously","|rule|Swagger Clause: Swagger is banned","|rule|Same Type Clause: Pokémon in a team must share a type","|clearpoke","|poke|p1|Heatran, F","|poke|p1|Ninetales, M","|poke|p1|Torkoal, M","|poke|p1|Rotom-Heat","|poke|p1|Infernape, M","|poke|p1|Charizard, F","|poke|p2|Aerodactyl, F","|poke|p2|Omastar, M","|poke|p2|Tyranitar, M","|poke|p2|Carracosta, F","|poke|p2|Cradily, M","|poke|p2|Aggron, F","|rule|Sleep Clause Mod: Limit one foe put to sleep","|rule|Species Clause: Limit one of each Pokémon","|rule|OHKO Clause: OHKO moves are banned","|rule|Moody Clause: Moody is banned","|rule|Evasion Moves Clause: Evasion moves are banned","|rule|Endless Battle Clause: Forcing endless battles is banned","|rule|HP Percentage Mod: HP is shown in percentages","|teampreview","|","|start","|switch|p1a: Heatran|Heatran, F|385/385","|switch|p2a: Aerodactyl|Aerodactyl, F|301/301","|turn|1","|","|move|p2a: Aerodactyl|Rain Dance|p2a: Aerodactyl","|-weather|RainDance","|move|p1a: Heatran|Taunt|p2a: Aerodactyl","|-start|p2a: Aerodactyl|move: Taunt","|","|-weather|RainDance|[upkeep]","|turn|2","|","|switch|p2a: Omastar|Omastar, M|281/281","|switch|p1a: Ninetales|Ninetales, M|287/287","|-weather|SunnyDay","|","|-weather|SunnyDay|[upkeep]","|turn|3","|","|switch|p2a: Aerodactyl|Aerodactyl, F|301/301","|move|p1a: Ninetales|Nasty Plot|p1a: Ninetales","|-boost|p1a: Ninetales|spa|2","|","|-weather|SunnyDay|[upkeep]","|turn|4","|","|move|p2a: Aerodactyl|Stone Edge|p1a: Ninetales","|-crit|p1a: Ninetales","|-supereffective|p1a: Ninetales","|-enditem|p1a: Ninetales|Focus Sash","|-damage|p1a: Ninetales|1/287","|move|p1a: Ninetales|Nasty Plot|p1a: Ninetales","|-boost|p1a: Ninetales|spa|2","|","|-weather|SunnyDay|[upkeep]","|turn|5","|","|move|p2a: Aerodactyl|Aerial Ace|p1a: Ninetales","|-crit|p1a: Ninetales","|-damage|p1a: Ninetales|0 fnt","|faint|p1a: Ninetales","|","|-weather|SunnyDay|[upkeep]","|","|switch|p1a: Heatran|Heatran, F|385/385","|turn|6","|","|move|p2a: Aerodactyl|Rain Dance|p2a: Aerodactyl","|-weather|RainDance","|move|p1a: Heatran|Stealth Rock|p2a: Aerodactyl","|-sidestart|p2: Quilluminati|move: Stealth Rock","|","|-weather|RainDance|[upkeep]","|turn|7","|","|switch|p2a: Carracosta|Carracosta, F|289/289","|-damage|p2a: Carracosta|253/289|[from] Stealth Rock","|move|p1a: Heatran|Toxic|p2a: Carracosta","|-status|p2a: Carracosta|tox","|","|-weather|RainDance|[upkeep]","|-damage|p2a: Carracosta|235/289 tox|[from] psn","|turn|8","|","|switch|p1a: Rotom-Heat|Rotom-Heat|250/250","|move|p2a: Carracosta|Shell Smash|p2a: Carracosta","|-unboost|p2a: Carracosta|def|1","|-unboost|p2a: Carracosta|spd|1","|-boost|p2a: Carracosta|atk|2","|-boost|p2a: Carracosta|spa|2","|-boost|p2a: Carracosta|spe|2","|","|-weather|RainDance|[upkeep]","|-damage|p2a: Carracosta|199/289 tox|[from] psn","|turn|9","|","|move|p2a: Carracosta|Waterfall|p1a: Rotom-Heat","|-supereffective|p1a: Rotom-Heat","|-damage|p1a: Rotom-Heat|0 fnt","|faint|p1a: Rotom-Heat","|","|-weather|RainDance|[upkeep]","|-damage|p2a: Carracosta|145/289 tox|[from] psn","|","|switch|p1a: Charizard|Charizard, F|297/297","|turn|10","|","|detailschange|p1a: Charizard|Charizard-Mega-Y, F","|-mega|p1a: Charizard|Charizard|Charizardite Y","|-weather|SunnyDay","|move|p2a: Carracosta|Waterfall|p1a: Charizard","|-supereffective|p1a: Charizard","|-damage|p1a: Charizard|0 fnt","|faint|p1a: Charizard","|","|-weather|SunnyDay|[upkeep]","|-damage|p2a: Carracosta|73/289 tox|[from] psn","|","|switch|p1a: Torkoal|Torkoal, M|344/344","|turn|11","|","|move|p1a: Torkoal|Protect|p1a: Torkoal","|-singleturn|p1a: Torkoal|Protect","|move|p2a: Carracosta|Stone Edge|p1a: Torkoal","|-activate|p1a: Torkoal|Protect","|","|-weather|SunnyDay|[upkeep]","|-damage|p2a: Carracosta|0 fnt|[from] psn","|faint|p2a: Carracosta","|","|switch|p2a: Aerodactyl|Aerodactyl, F|301/301","|-damage|p2a: Aerodactyl|226/301|[from] Stealth Rock","|turn|12","|","|move|p2a: Aerodactyl|Rain Dance|p2a: Aerodactyl","|-weather|RainDance","|move|p1a: Torkoal|Will-O-Wisp|p2a: Aerodactyl","|-status|p2a: Aerodactyl|brn","|","|-weather|RainDance|[upkeep]","|-damage|p2a: Aerodactyl|189/301 brn|[from] brn","|turn|13","|","|switch|p2a: Omastar|Omastar, M|281/281","|-damage|p2a: Omastar|246/281|[from] Stealth Rock","|move|p1a: Torkoal|Will-O-Wisp|p2a: Omastar","|-status|p2a: Omastar|brn","|","|-weather|RainDance|[upkeep]","|-damage|p2a: Omastar|211/281 brn|[from] brn","|turn|14","|","|move|p2a: Omastar|Scald|p1a: Torkoal","|-supereffective|p1a: Torkoal","|-damage|p1a: Torkoal|0 fnt","|faint|p1a: Torkoal","|","|-weather|RainDance|[upkeep]","|-damage|p2a: Omastar|176/281 brn|[from] brn","|","|switch|p1a: Heatran|Heatran, F|385/385","|turn|15","|","|move|p2a: Omastar|Scald|p1a: Heatran","|-crit|p1a: Heatran","|-supereffective|p1a: Heatran","|-damage|p1a: Heatran|0 fnt","|faint|p1a: Heatran","|","|-weather|RainDance|[upkeep]","|-damage|p2a: Omastar|141/281 brn|[from] brn","|","|switch|p1a: Infernape|Infernape, M|293/293","|turn|16","|","|move|p1a: Infernape|Mach Punch|p2a: Omastar","|-supereffective|p2a: Omastar","|-damage|p2a: Omastar|0 fnt","|-damage|p1a: Infernape|264/293|[from] item: Life Orb","|faint|p2a: Omastar","|","|-weather|none","|","|switch|p2a: Aggron|Aggron, F|341/341","|-damage|p2a: Aggron|320/341|[from] Stealth Rock","|turn|17","|","|detailschange|p2a: Aggron|Aggron-Mega, F","|-mega|p2a: Aggron|Aggron|Aggronite","|move|p1a: Infernape|Swords Dance|p1a: Infernape","|-boost|p1a: Infernape|atk|2","|move|p2a: Aggron|Curse|p2a: Aggron","|-unboost|p2a: Aggron|spe|1","|-boost|p2a: Aggron|atk|1","|-boost|p2a: Aggron|def|1","|","|turn|18","|","|move|p1a: Infernape|Close Combat|p2a: Aggron","|-supereffective|p2a: Aggron","|-damage|p2a: Aggron|125/341","|-unboost|p1a: Infernape|def|1","|-unboost|p1a: Infernape|spd|1","|-damage|p1a: Infernape|235/293|[from] item: Life Orb","|move|p2a: Aggron|Curse|p2a: Aggron","|-unboost|p2a: Aggron|spe|1","|-boost|p2a: Aggron|atk|1","|-boost|p2a: Aggron|def|1","|","|turn|19","|","|move|p1a: Infernape|Close Combat|p2a: Aggron","|-supereffective|p2a: Aggron","|-damage|p2a: Aggron|0 fnt","|-unboost|p1a: Infernape|def|1","|-unboost|p1a: Infernape|spd|1","|-damage|p1a: Infernape|206/293|[from] item: Life Orb","|faint|p2a: Aggron","|","|","|switch|p2a: Aerodactyl|Aerodactyl, F|189/301 brn","|-damage|p2a: Aerodactyl|114/301 brn|[from] Stealth Rock","|turn|20","|","|move|p1a: Infernape|Mach Punch|p2a: Aerodactyl","|-damage|p2a: Aerodactyl|0 fnt","|-damage|p1a: Infernape|177/293|[from] item: Life Orb","|faint|p2a: Aerodactyl","|","|","|switch|p2a: Cradily|Cradily, M|324/324","|-damage|p2a: Cradily|284/324|[from] Stealth Rock","|turn|21","|","|move|p1a: Infernape|Close Combat|p2a: Cradily","|-supereffective|p2a: Cradily","|-damage|p2a: Cradily|0 fnt","|-damage|p1a: Infernape|129/293|[from] item: Rocky Helmet|[of] p2a: Cradily","|-unboost|p1a: Infernape|def|1","|-unboost|p1a: Infernape|spd|1","|-damage|p1a: Infernape|100/293|[from] item: Life Orb","|faint|p2a: Cradily","|","|","|switch|p2a: Tyranitar|Tyranitar, M|403/403","|-damage|p2a: Tyranitar|353/403|[from] Stealth Rock","|-ability|p2a: Tyranitar|Unnerve|p1: GL♅Reshiram","|turn|22","|","|move|p1a: Infernape|Close Combat|p2a: Tyranitar","|-supereffective|p2a: Tyranitar","|-damage|p2a: Tyranitar|0 fnt","|-unboost|p1a: Infernape|def|1","|-unboost|p1a: Infernape|spd|1","|-damage|p1a: Infernape|71/293|[from] item: Life Orb","|faint|p2a: Tyranitar","|","|win|GL♅Reshiram"],"p1rating":{"entryid":"319032","serverid":"eos","formatid":"monotype","userid":"glreshiram","username":"GL♅Reshiram","w":8,"l":"12","t":"0","gxe":42.3,"r":"1418.9564850661","rd":"71.659072172292","sigma":"0","rptime":"1440666000","rpr":1440.339699113,"rprd":70.725031731979,"rpsigma":"0","acre":1093.6193921159,"lacre":1093.6193921159,"oldacre":"1050.2578030519"},"p2rating":{"entryid":"261237","serverid":"eos","formatid":"monotype","userid":"quilluminati","username":"Quilluminati","w":"6","l":1,"t":"0","gxe":63.3,"r":"1648.8394566122","rd":"100.13351217681","sigma":"0","rptime":"1440666000","rpr":1606.9429887258,"rprd":97.559658678812,"rpsigma":"0","acre":1138.2369511376,"lacre":1138.2369511376,"oldacre":"1171.6317547975"},"endType":"normal"}