{"seed":[39404,53794,14284,62179],"turns":21,"p1":"Union Wevrm","p2":"Guard Quilluminati","p1team":[{"name":"Gallade","species":"Gallade","item":"galladite","ability":"Steadfast","moves":["shadowsneak","drainpunch","swordsdance","earthquake"],"nature":"Adamant","evs":{"hp":0,"atk":0,"def":0,"spa":252,"spd":4,"spe":252},"ivs":{"hp":31,"atk":31,"def":31,"spa":31,"spd":31,"spe":31}},{"name":"Swoobat","species":"Swoobat","item":"focussash","ability":"Simple","moves":["calmmind","airslash","gigadrain","heatwave"],"nature":"Timid","evs":{"hp":0,"atk":0,"def":0,"spa":252,"spd":4,"spe":252},"ivs":{"hp":31,"atk":31,"def":31,"spa":31,"spd":31,"spe":31}},{"name":"Meowstic","species":"Meowstic","item":"lightclay","ability":"Prankster","moves":["lightscreen","reflect","psychic","thunderwave"],"nature":"Timid","evs":{"hp":252,"atk":0,"def":0,"spa":4,"spd":0,"spe":252},"ivs":{"hp":31,"atk":31,"def":31,"spa":31,"spd":31,"spe":31}},{"name":"Slowbro","species":"Slowbro","item":"leftovers","ability":"Regenerator","moves":["scald","icebeam","calmmind","trickroom"],"nature":"Quiet","evs":{"hp":252,"atk":0,"def":0,"spa":4,"spd":0,"spe":0},"ivs":{"hp":31,"atk":31,"def":31,"spa":31,"spd":31,"spe":0}},{"name":"Azelf","species":"Azelf","item":"leftovers","ability":"Levitate","moves":["nastyplot","flamethrower","thunderbolt","psychic"],"nature":"Timid","evs":{"hp":0,"atk":0,"def":0,"spa":252,"spd":4,"spe":252},"ivs":{"hp":31,"atk":31,"def":31,"spa":31,"spd":31,"spe":31}},{"name":"Espeon","species":"Espeon","item":"leftovers","ability":"Magic Bounce","moves":["calmmind","psyshock","shadowball","dazzlinggleam"],"nature":"Timid","evs":{"hp":0,"atk":0,"def":0,"spa":252,"spd":4,"spe":252},"ivs":{"hp":31,"atk":31,"def":31,"spa":31,"spd":31,"spe":31}}],"p2team":[{"name":"Allen Iverson","species":"diancie","item":"diancite","ability":"Clear Body","moves":["protect","moonblast","earthpower","diamondstorm"],"nature":"Hasty","evs":{"hp":0,"atk":120,"def":0,"spa":128,"spd":8,"spe":252},"ivs":{"hp":31,"atk":31,"def":31,"spa":31,"spd":31,"spe":31}},{"name":"Fuckle","species":"shuckle","item":"redcard","ability":"Sturdy","moves":["stickyweb","stealthrock","knockoff","toxic"],"nature":"Sassy","evs":{"hp":0,"atk":0,"def":120,"spa":0,"spd":120,"spe":0},"shiny":true,"ivs":{"hp":31,"atk":31,"def":31,"spa":31,"spd":31,"spe":31}},{"name":"Omastar","species":"Omastar","item":"focussash","ability":"Shell Armor","moves":["shellsmash","icebeam","scald","earthpower"],"nature":"Modest","evs":{"hp":0,"atk":0,"def":0,"spa":252,"spd":4,"spe":252},"ivs":{"hp":31,"atk":31,"def":31,"spa":31,"spd":31,"spe":31}},{"name":"Cradily","species":"Cradily","item":"rockyhelmet","ability":"Storm Drain","moves":["barrier","gigadrain","recover","amnesia"],"nature":"Calm","evs":{"hp":248,"atk":0,"def":0,"spa":40,"spd":216,"spe":0},"shiny":true,"ivs":{"hp":31,"atk":31,"def":31,"spa":31,"spd":31,"spe":31}},{"name":"Terrakion","species":"Terrakion","item":"choicescarf","ability":"Justified","moves":["closecombat","earthquake","stoneedge","ironhead"],"nature":"Jolly","evs":{"hp":0,"atk":252,"def":0,"spa":0,"spd":4,"spe":252},"ivs":{"hp":31,"atk":31,"def":31,"spa":31,"spd":31,"spe":31}},{"name":"Tyranitar","species":"Tyranitar","item":"assaultvest","ability":"Sand Stream","moves":["crunch","stoneedge","fireblast","earthquake"],"nature":"Naughty","evs":{"hp":248,"atk":252,"def":0,"spa":8,"spd":0,"spe":0},"ivs":{"hp":31,"atk":31,"def":31,"spa":31,"spd":31,"spe":31}}],"log":["|player|p1|Union Wevrm|unionwevrm.png","|player|p2|Guard Quilluminati|65","|gametype|singles","|gen|6","|tier|Monotype","|rated","|rule|Baton Pass Clause: Limit one Baton Passer, can't pass Spe and other stats simultaneously","|rule|Swagger Clause: Swagger is banned","|rule|Same Type Clause: Pokémon in a team must share a type","|clearpoke","|poke|p1|Gallade, M","|poke|p1|Swoobat, M","|poke|p1|Meowstic, M","|poke|p1|Slowbro, M","|poke|p1|Azelf","|poke|p1|Espeon, F","|poke|p2|Diancie","|poke|p2|Shuckle, M, shiny","|poke|p2|Omastar, M","|poke|p2|Cradily, M, shiny","|poke|p2|Terrakion","|poke|p2|Tyranitar, F","|rule|Sleep Clause Mod: Limit one foe put to sleep","|rule|Species Clause: Limit one of each Pokémon","|rule|OHKO Clause: OHKO moves are banned","|rule|Moody Clause: Moody is banned","|rule|Evasion Moves Clause: Evasion moves are banned","|rule|Endless Battle Clause: Forcing endless battles is banned","|rule|HP Percentage Mod: HP is shown in percentages","|teampreview","|player|p1","|player|p1|Union Wevrm|unionwevrm.png","|teampreview","|","|start","|switch|p1a: Slowbro|Slowbro, M|394/394","|switch|p2a: Fuckle|Shuckle, M, shiny|181/181","|turn|1","|","|switch|p2a: Cradily|Cradily, M, shiny|375/375","|move|p1a: Slowbro|Scald|p2a: Cradily","|-boost|p2a: Cradily|spa|1|[from] ability: Storm Drain","|","|turn|2","|","|move|p2a: Cradily|Amnesia|p2a: Cradily","|-boost|p2a: Cradily|spd|2","|move|p1a: Slowbro|Calm Mind|p1a: Slowbro","|-boost|p1a: Slowbro|spa|1","|-boost|p1a: Slowbro|spd|1","|","|turn|3","|","|move|p2a: Cradily|Giga Drain|p1a: Slowbro","|-supereffective|p1a: Slowbro","|-damage|p1a: Slowbro|212/394","|move|p1a: Slowbro|Trick Room|p1a: Slowbro","|-fieldstart|move: Trick Room|[of] p1a: Slowbro","|","|-heal|p1a: Slowbro|236/394|[from] item: Leftovers","|turn|4","|","|move|p1a: Slowbro|Ice Beam|p2a: Cradily","|-supereffective|p2a: Cradily","|-damage|p2a: Cradily|289/375","|move|p2a: Cradily|Giga Drain|p1a: Slowbro","|-supereffective|p1a: Slowbro","|-damage|p1a: Slowbro|36/394","|-heal|p2a: Cradily|375/375|[from] drain|[of] p1a: Slowbro","|","|-heal|p1a: Slowbro|60/394|[from] item: Leftovers","|turn|5","|","|move|p1a: Slowbro|Ice Beam|p2a: Cradily","|-supereffective|p2a: Cradily","|-damage|p2a: Cradily|291/375","|move|p2a: Cradily|Giga Drain|p1a: Slowbro","|-supereffective|p1a: Slowbro","|-damage|p1a: Slowbro|0 fnt","|-heal|p2a: Cradily|321/375|[from] drain|[of] p1a: Slowbro","|faint|p1a: Slowbro","|","|","|switch|p1a: Gallade|Gallade, M|277/277","|turn|6","|","|move|p2a: Cradily|Barrier|p2a: Cradily","|-boost|p2a: Cradily|def|2","|move|p1a: Gallade|Drain Punch|p2a: Cradily","|-supereffective|p2a: Cradily","|-damage|p2a: Cradily|205/375","|-damage|p1a: Gallade|231/277|[from] item: Rocky Helmet|[of] p2a: Cradily","|","|turn|7","|","|detailschange|p1a: Gallade|Gallade-Mega, M","|-mega|p1a: Gallade|Gallade|Galladite","|move|p2a: Cradily|Barrier|p2a: Cradily","|-boost|p2a: Cradily|def|2","|move|p1a: Gallade|Swords Dance|p1a: Gallade","|-boost|p1a: Gallade|atk|2","|","|-fieldend|move: Trick Room","|turn|8","|","|move|p1a: Gallade|Swords Dance|p1a: Gallade","|-boost|p1a: Gallade|atk|2","|move|p2a: Cradily|Giga Drain|p1a: Gallade","|-damage|p1a: Gallade|128/277","|-heal|p2a: Cradily|257/375|[from] drain|[of] p1a: Gallade","|","|turn|9","|","|move|p1a: Gallade|Drain Punch|p2a: Cradily","|-supereffective|p2a: Cradily","|-damage|p2a: Cradily|0 fnt","|-heal|p1a: Gallade|257/277|[from] drain|[of] p2a: Cradily","|-damage|p1a: Gallade|211/277|[from] item: Rocky Helmet|[of] p2a: Cradily","|faint|p2a: Cradily","|","|","|switch|p2a: Allen Iverson|Diancie|241/241","|turn|10","|","|detailschange|p2a: Allen Iverson|Diancie-Mega","|-mega|p2a: Allen Iverson|Diancie|Diancite","|move|p2a: Allen Iverson|Protect|p2a: Allen Iverson","|-singleturn|p2a: Allen Iverson|Protect","|move|p1a: Gallade|Earthquake|p2a: Allen Iverson","|-activate|p2a: Allen Iverson|Protect","|","|turn|11","|","|move|p2a: Allen Iverson|Moonblast|p1a: Gallade","|-supereffective|p1a: Gallade","|-damage|p1a: Gallade|0 fnt","|faint|p1a: Gallade","|","|","|switch|p1a: Meowstic|Meowstic, M|352/352","|turn|12","|","|move|p1a: Meowstic|Light Screen|p1a: Meowstic","|-sidestart|p1: Union Wevrm|move: Light Screen","|move|p2a: Allen Iverson|Diamond Storm|p1a: Meowstic","|-damage|p1a: Meowstic|112/352","|","|turn|13","|","|move|p2a: Allen Iverson|Diamond Storm|p1a: Meowstic","|-damage|p1a: Meowstic|0 fnt","|-boost|p2a: Allen Iverson|def|1","|faint|p1a: Meowstic","|","|","|switch|p1a: Swoobat|Swoobat, M|275/275","|turn|14","|","|move|p1a: Swoobat|Giga Drain|p2a: Allen Iverson","|-supereffective|p2a: Allen Iverson","|-damage|p2a: Allen Iverson|131/241","|move|p2a: Allen Iverson|Diamond Storm|p1a: Swoobat","|-miss|p2a: Allen Iverson|p1a: Swoobat","|","|turn|15","|","|move|p1a: Swoobat|Calm Mind|p1a: Swoobat","|-boost|p1a: Swoobat|spa|2","|-boost|p1a: Swoobat|spd|2","|move|p2a: Allen Iverson|Diamond Storm|p1a: Swoobat","|-supereffective|p1a: Swoobat","|-enditem|p1a: Swoobat|Focus Sash","|-damage|p1a: Swoobat|1/275","|-boost|p2a: Allen Iverson|def|1","|","|turn|16","|","|move|p1a: Swoobat|Giga Drain|p2a: Allen Iverson","|-supereffective|p2a: Allen Iverson","|-damage|p2a: Allen Iverson|0 fnt","|-heal|p1a: Swoobat|67/275|[from] drain|[of] p2a: Allen Iverson","|faint|p2a: Allen Iverson","|","|","|switch|p2a: Terrakion|Terrakion|323/323","|turn|17","|","|move|p2a: Terrakion|Stone Edge|p1a: Swoobat|[miss]","|-miss|p2a: Terrakion|p1a: Swoobat","|move|p1a: Swoobat|Giga Drain|p2a: Terrakion","|-supereffective|p2a: Terrakion","|-damage|p2a: Terrakion|43/323","|-heal|p1a: Swoobat|207/275|[from] drain|[of] p2a: Terrakion","|","|turn|18","|","|move|p2a: Terrakion|Stone Edge|p1a: Swoobat|[miss]","|-miss|p2a: Terrakion|p1a: Swoobat","|move|p1a: Swoobat|Giga Drain|p2a: Terrakion","|-supereffective|p2a: Terrakion","|-damage|p2a: Terrakion|0 fnt","|-heal|p1a: Swoobat|229/275|[from] drain|[of] p2a: Terrakion","|faint|p2a: Terrakion","|","|","|switch|p2a: Tyranitar|Tyranitar, F|403/403","|-weather|Sandstorm","|turn|19","|","|move|p1a: Swoobat|Giga Drain|p2a: Tyranitar","|-supereffective|p2a: Tyranitar","|-damage|p2a: Tyranitar|277/403","|-heal|p1a: Swoobat|275/275|[from] drain|[of] p2a: Tyranitar","|move|p2a: Tyranitar|Crunch|p1a: Swoobat","|-supereffective|p1a: Swoobat","|-damage|p1a: Swoobat|0 fnt","|faint|p1a: Swoobat","|","|-weather|Sandstorm|[upkeep]","|-sideend|p1: Union Wevrm|move: Light Screen","|","|switch|p1a: Espeon|Espeon, F|271/271","|turn|20","|","|move|p1a: Espeon|Shadow Ball|p2a: Tyranitar","|-resisted|p2a: Tyranitar","|-damage|p2a: Tyranitar|254/403","|move|p2a: Tyranitar|Crunch|p1a: Espeon","|-supereffective|p1a: Espeon","|-damage|p1a: Espeon|0 fnt","|faint|p1a: Espeon","|","|-weather|Sandstorm|[upkeep]","|","|switch|p1a: Azelf|Azelf|291/291","|turn|21","|","|move|p1a: Azelf|Thunderbolt|p2a: Tyranitar","|-damage|p2a: Tyranitar|198/403","|-status|p2a: Tyranitar|par","|move|p2a: Tyranitar|Crunch|p1a: Azelf","|-supereffective|p1a: Azelf","|-damage|p1a: Azelf|0 fnt","|faint|p1a: Azelf","|","|win|Guard Quilluminati"],"p1rating":{"entryid":"373318","serverid":"eos","formatid":"monotype","userid":"unionwevrm","username":"Union Wevrm","w":"22","l":28,"t":"0","gxe":43.3,"r":"1461.7716715576","rd":"51.444324916758","sigma":"0","rptime":"1440666000","rpr":1448.9766782167,"rprd":48.658726238721,"rpsigma":"0","acre":1029.20823836,"lacre":1029.20823836,"oldacre":"1044.4844150928"},"p2rating":{"entryid":"265729","serverid":"eos","formatid":"monotype","userid":"guardquilluminati","username":"Guard Quilluminati","w":14,"l":"20","t":"0","gxe":45.9,"r":"1447.5985178479","rd":"68.506568982547","sigma":"0","rptime":"1440666000","rpr":1468.2936735535,"rprd":57.752302737039,"rpsigma":"0","acre":1100.180584405,"lacre":1100.180584405,"oldacre":"1073.6536134998"},"endType":"normal"}