{"seed":[33420,24441,57407,35709],"turns":22,"p1":"Jake1079","p2":"Rain ☆ Hoot","p1team":[{"name":"Abomasnow","species":"Abomasnow","item":"abomasite","ability":"Snow Warning","moves":["iceshard","rockslide","seedbomb","earthquake"],"nature":"Adamant","evs":{"hp":252,"atk":252,"def":0,"spa":0,"spd":4,"spe":0},"ivs":{"hp":31,"atk":31,"def":31,"spa":31,"spd":31,"spe":31}},{"name":"Kyurem","species":"Kyurem","item":"choicescarf","ability":"Pressure","moves":["icebeam","focusblast","earthpower","dragonpulse"],"nature":"Modest","evs":{"hp":0,"atk":0,"def":0,"spa":252,"spd":4,"spe":252},"ivs":{"hp":31,"atk":31,"def":31,"spa":31,"spd":31,"spe":31}},{"name":"Rotom-Frost","species":"Rotom-Frost","item":"choicescarf","ability":"Levitate","moves":["voltswitch","blizzard","willowisp","trick"],"nature":"Timid","evs":{"hp":0,"atk":0,"def":0,"spa":252,"spd":4,"spe":252},"ivs":{"hp":31,"atk":31,"def":31,"spa":31,"spd":31,"spe":31}},{"name":"Weavile","species":"Weavile","item":"lifeorb","ability":"Pressure","moves":["iceshard","iciclecrash","fakeout","knockoff"],"nature":"Jolly","evs":{"hp":0,"atk":252,"def":0,"spa":0,"spd":4,"spe":252},"ivs":{"hp":31,"atk":31,"def":31,"spa":31,"spd":31,"spe":31}},{"name":"Mamoswine","species":"Mamoswine","item":"assaultvest","ability":"Thick Fat","moves":["iceshard","freezedry","earthquake","knockoff"],"nature":"Naughty","evs":{"hp":248,"atk":252,"def":0,"spa":8,"spd":0,"spe":0},"ivs":{"hp":31,"atk":31,"def":31,"spa":31,"spd":31,"spe":31}},{"name":"Froslass","species":"Froslass","item":"focussash","ability":"Cursed Body","moves":["destinybond","thunderwave","taunt","spikes"],"nature":"Timid","evs":{"hp":248,"atk":0,"def":0,"spa":0,"spd":8,"spe":252},"ivs":{"hp":31,"atk":31,"def":31,"spa":31,"spd":31,"spe":31}}],"p2team":[{"name":"Aerodactyl","species":"Aerodactyl","item":"lifeorb","ability":"Pressure","moves":["stoneedge","earthquake","aerialace","taunt"],"nature":"Adamant","evs":{"hp":0,"atk":252,"def":0,"spa":0,"spd":4,"spe":252},"ivs":{"hp":31,"atk":31,"def":31,"spa":31,"spd":31,"spe":31}},{"name":"Diancie","species":"Diancie","item":"diancite","ability":"Clear Body","moves":["moonblast","diamondstorm","earthpower","protect"],"nature":"Hasty","evs":{"hp":0,"atk":0,"def":0,"spa":252,"spd":0,"spe":252},"ivs":{"hp":31,"atk":31,"def":31,"spa":31,"spd":31,"spe":31}},{"name":"Aurorus","species":"Aurorus","item":"assaultvest","ability":"Refrigerate","moves":["darkpulse","hypervoice","freezedry","chargebeam"],"nature":"Modest","evs":{"hp":248,"atk":0,"def":0,"spa":252,"spd":8,"spe":0},"ivs":{"hp":31,"atk":31,"def":31,"spa":31,"spd":31,"spe":31}},{"name":"Shuckle","species":"Shuckle","item":"leftovers","ability":"Sturdy","moves":["stealthrock","stickyweb","toxic","encore"],"nature":"Calm","evs":{"hp":252,"atk":0,"def":4,"spa":0,"spd":252,"spe":0},"ivs":{"hp":31,"atk":31,"def":31,"spa":31,"spd":31,"spe":31}},{"name":"Golem","species":"Golem","item":"weaknesspolicy","ability":"Sturdy","moves":["earthquake","rockblast","suckerpunch","rockpolish"],"nature":"Adamant","evs":{"hp":0,"atk":252,"def":0,"spa":0,"spd":4,"spe":252},"ivs":{"hp":31,"atk":31,"def":31,"spa":31,"spd":31,"spe":31}},{"name":"Tyranitar","species":"Tyranitar","item":"expertbelt","ability":"Sand Stream","moves":["icebeam","thunder","superpower","flamethrower"],"nature":"Quiet","evs":{"hp":248,"atk":8,"def":0,"spa":252,"spd":0,"spe":0},"ivs":{"hp":31,"atk":31,"def":31,"spa":31,"spd":31,"spe":31}}],"log":["|player|p1|Jake1079|169","|player|p2|Rain ☆ Hoot|266","|gametype|singles","|gen|6","|tier|Monotype","|rated","|rule|Baton Pass Clause: Limit one Baton Passer, can't pass Spe and other stats simultaneously","|rule|Swagger Clause: Swagger is banned","|rule|Same Type Clause: Pokémon in a team must share a type","|clearpoke","|poke|p1|Abomasnow, F","|poke|p1|Kyurem","|poke|p1|Rotom-Frost","|poke|p1|Weavile, M","|poke|p1|Mamoswine, M","|poke|p1|Froslass, F","|poke|p2|Aerodactyl, F","|poke|p2|Diancie","|poke|p2|Aurorus, F","|poke|p2|Shuckle, F","|poke|p2|Golem, M","|poke|p2|Tyranitar, M","|rule|Sleep Clause Mod: Limit one foe put to sleep","|rule|Species Clause: Limit one of each Pokémon","|rule|OHKO Clause: OHKO moves are banned","|rule|Moody Clause: Moody is banned","|rule|Evasion Moves Clause: Evasion moves are banned","|rule|Endless Battle Clause: Forcing endless battles is banned","|rule|HP Percentage Mod: HP is shown in percentages","|teampreview","|","|start","|switch|p1a: Froslass|Froslass, F|343/343","|switch|p2a: Tyranitar|Tyranitar, M|403/403","|-weather|Sandstorm","|turn|1","|","|move|p1a: Froslass|Taunt|p2a: Tyranitar","|-start|p2a: Tyranitar|move: Taunt","|move|p2a: Tyranitar|Flamethrower|p1a: Froslass","|-supereffective|p1a: Froslass","|-damage|p1a: Froslass|29/343","|-status|p1a: Froslass|brn","|","|-weather|Sandstorm|[upkeep]","|-damage|p1a: Froslass|8/343 brn|[from] sandstorm","|-damage|p1a: Froslass|0 fnt|[from] brn","|faint|p1a: Froslass","|","|switch|p1a: Abomasnow|Abomasnow, F|384/384","|-weather|Hail","|turn|2","|","|switch|p1a: Mamoswine|Mamoswine, M|423/423","|move|p2a: Tyranitar|Flamethrower|p1a: Mamoswine","|-crit|p1a: Mamoswine","|-supereffective|p1a: Mamoswine","|-damage|p1a: Mamoswine|229/423","|","|-weather|Hail|[upkeep]","|-damage|p2a: Tyranitar|378/403|[from] hail","|turn|3","|","|switch|p2a: Shuckle|Shuckle, F|244/244","|move|p1a: Mamoswine|Earthquake|p2a: Shuckle","|-damage|p2a: Shuckle|153/244","|","|-weather|Hail|[upkeep]","|-damage|p2a: Shuckle|138/244|[from] hail","|-heal|p2a: Shuckle|153/244|[from] item: Leftovers","|turn|4","|","|switch|p1a: Rotom-Frost|Rotom-Frost|241/241","|move|p2a: Shuckle|Sticky Web|p1a: Rotom-Frost","|-sidestart|p1: Jake1079|move: Sticky Web","|","|-weather|Hail|[upkeep]","|-damage|p2a: Shuckle|138/244|[from] hail","|-heal|p2a: Shuckle|153/244|[from] item: Leftovers","|turn|5","|","|switch|p2a: Tyranitar|Tyranitar, M|378/403","|-weather|Sandstorm","|move|p1a: Rotom-Frost|Trick|p2a: Tyranitar","|-activate|p1a: Rotom-Frost|move: Trick|[of] p2a: Tyranitar","|-item|p2a: Tyranitar|Choice Scarf|[from] move: Trick","|-item|p1a: Rotom-Frost|Expert Belt|[from] move: Trick","|","|-weather|Sandstorm|[upkeep]","|-damage|p1a: Rotom-Frost|226/241|[from] sandstorm","|turn|6","|","|move|p1a: Rotom-Frost|Will-O-Wisp|p2a: Tyranitar","|-status|p2a: Tyranitar|brn","|move|p2a: Tyranitar|Superpower|p1a: Rotom-Frost","|-supereffective|p1a: Rotom-Frost","|-damage|p1a: Rotom-Frost|110/241","|-unboost|p2a: Tyranitar|atk|1","|-unboost|p2a: Tyranitar|def|1","|","|-weather|Sandstorm|[upkeep]","|-damage|p1a: Rotom-Frost|95/241|[from] sandstorm","|-damage|p2a: Tyranitar|328/403 brn|[from] brn","|turn|7","|","|switch|p2a: Shuckle|Shuckle, F|153/244","|move|p1a: Rotom-Frost|Blizzard|p2a: Shuckle","|-crit|p2a: Shuckle","|-damage|p2a: Shuckle|81/244","|","|-weather|Sandstorm|[upkeep]","|-damage|p1a: Rotom-Frost|80/241|[from] sandstorm","|-heal|p2a: Shuckle|96/244|[from] item: Leftovers","|turn|8","|","|move|p1a: Rotom-Frost|Will-O-Wisp|p2a: Shuckle","|-status|p2a: Shuckle|brn","|move|p2a: Shuckle|Toxic|p1a: Rotom-Frost","|-status|p1a: Rotom-Frost|tox","|","|-weather|Sandstorm|[upkeep]","|-damage|p1a: Rotom-Frost|65/241 tox|[from] sandstorm","|-heal|p2a: Shuckle|111/244 brn|[from] item: Leftovers","|-damage|p1a: Rotom-Frost|50/241 tox|[from] psn","|-damage|p2a: Shuckle|81/244 brn|[from] brn","|turn|9","|","|move|p1a: Rotom-Frost|Volt Switch|p2a: Shuckle","|-damage|p2a: Shuckle|54/244 brn","|","|switch|p1a: Kyurem|Kyurem|391/391","|-activate|p1a: Kyurem|move: Sticky Web","|-unboost|p1a: Kyurem|spe|1","|-ability|p1a: Kyurem|Pressure","|move|p2a: Shuckle|Stealth Rock|p1a: Kyurem","|-sidestart|p1: Jake1079|move: Stealth Rock","|","|-weather|none","|-heal|p2a: Shuckle|69/244 brn|[from] item: Leftovers","|-damage|p2a: Shuckle|39/244 brn|[from] brn","|turn|10","|","|move|p1a: Kyurem|Dragon Pulse|p2a: Shuckle","|-damage|p2a: Shuckle|0 fnt","|faint|p2a: Shuckle","|","|","|switch|p2a: Aurorus|Aurorus, F|449/449","|turn|11","|","|switch|p1a: Abomasnow|Abomasnow, F|384/384","|-damage|p1a: Abomasnow|288/384|[from] Stealth Rock","|-activate|p1a: Abomasnow|move: Sticky Web","|-unboost|p1a: Abomasnow|spe|1","|-weather|Hail","|move|p2a: Aurorus|Charge Beam|p1a: Abomasnow","|-resisted|p1a: Abomasnow","|-damage|p1a: Abomasnow|257/384","|-boost|p2a: Aurorus|spa|1","|","|-weather|Hail|[upkeep]","|turn|12","|","|detailschange|p1a: Abomasnow|Abomasnow-Mega, F","|-mega|p1a: Abomasnow|Abomasnow|Abomasite","|move|p2a: Aurorus|Dark Pulse|p1a: Abomasnow","|-damage|p1a: Abomasnow|128/384","|move|p1a: Abomasnow|Seed Bomb|p2a: Aurorus","|-supereffective|p2a: Aurorus","|-damage|p2a: Aurorus|69/449","|","|-weather|Hail|[upkeep]","|turn|13","|","|move|p1a: Abomasnow|Ice Shard|p2a: Aurorus","|-crit|p2a: Aurorus","|-resisted|p2a: Aurorus","|-damage|p2a: Aurorus|0 fnt","|faint|p2a: Aurorus","|","|-weather|Hail|[upkeep]","|","|switch|p2a: Tyranitar|Tyranitar, M|328/403 brn","|-weather|Sandstorm","|turn|14","|","|switch|p1a: Rotom-Frost|Rotom-Frost|50/241 tox","|-damage|p1a: Rotom-Frost|0 fnt|[from] Stealth Rock","|faint|p1a: Rotom-Frost","|move|p2a: Tyranitar|Flamethrower|p1: Rotom-Frost|[notarget]","|-notarget","|","|-weather|Sandstorm|[upkeep]","|-damage|p2a: Tyranitar|278/403 brn|[from] brn","|","|switch|p1a: Kyurem|Kyurem|391/391","|-damage|p1a: Kyurem|294/391|[from] Stealth Rock","|-activate|p1a: Kyurem|move: Sticky Web","|-unboost|p1a: Kyurem|spe|1","|-ability|p1a: Kyurem|Pressure","|turn|15","|","|move|p1a: Kyurem|Earth Power|p2a: Tyranitar","|-supereffective|p2a: Tyranitar","|-damage|p2a: Tyranitar|122/403 brn","|move|p2a: Tyranitar|Flamethrower|p1a: Kyurem","|-damage|p1a: Kyurem|195/391","|-status|p1a: Kyurem|brn","|","|-weather|Sandstorm|[upkeep]","|-damage|p1a: Kyurem|171/391 brn|[from] sandstorm","|-damage|p1a: Kyurem|123/391 brn|[from] brn","|-damage|p2a: Tyranitar|72/403 brn|[from] brn","|turn|16","|","|move|p1a: Kyurem|Earth Power|p2a: Tyranitar","|-supereffective|p2a: Tyranitar","|-damage|p2a: Tyranitar|0 fnt","|faint|p2a: Tyranitar","|","|-weather|Sandstorm|[upkeep]","|-damage|p1a: Kyurem|99/391 brn|[from] sandstorm","|-damage|p1a: Kyurem|51/391 brn|[from] brn","|","|switch|p2a: Aerodactyl|Aerodactyl, F|301/301","|-ability|p2a: Aerodactyl|Pressure","|turn|17","|","|move|p2a: Aerodactyl|Aerial Ace|p1a: Kyurem","|-damage|p1a: Kyurem|0 fnt","|-damage|p2a: Aerodactyl|271/301|[from] item: Life Orb","|faint|p1a: Kyurem","|","|-weather|Sandstorm|[upkeep]","|","|switch|p1a: Abomasnow|Abomasnow-Mega, F|128/384","|-damage|p1a: Abomasnow|32/384|[from] Stealth Rock","|-activate|p1a: Abomasnow|move: Sticky Web","|-unboost|p1a: Abomasnow|spe|1","|-weather|Hail","|turn|18","|","|move|p1a: Abomasnow|Ice Shard|p2a: Aerodactyl","|-supereffective|p2a: Aerodactyl","|-damage|p2a: Aerodactyl|29/301","|move|p2a: Aerodactyl|Aerial Ace|p1a: Abomasnow","|-supereffective|p1a: Abomasnow","|-damage|p1a: Abomasnow|0 fnt","|-damage|p2a: Aerodactyl|0 fnt|[from] item: Life Orb","|faint|p1a: Abomasnow","|faint|p2a: Aerodactyl","|","|-weather|Hail|[upkeep]","|","|switch|p1a: Weavile|Weavile, M|281/281","|switch|p2a: Diancie|Diancie|241/241","|-damage|p1a: Weavile|211/281|[from] Stealth Rock","|-activate|p1a: Weavile|move: Sticky Web","|-unboost|p1a: Weavile|spe|1","|-ability|p1a: Weavile|Pressure","|turn|19","|","|detailschange|p2a: Diancie|Diancie-Mega","|-mega|p2a: Diancie|Diancie|Diancite","|move|p2a: Diancie|Protect|p2a: Diancie","|-singleturn|p2a: Diancie|Protect","|move|p1a: Weavile|Fake Out|p2a: Diancie","|-activate|p2a: Diancie|Protect","|","|-weather|Hail|[upkeep]","|-damage|p2a: Diancie|226/241|[from] hail","|turn|20","|","|move|p2a: Diancie|Moonblast|p1a: Weavile","|-supereffective|p1a: Weavile","|-damage|p1a: Weavile|0 fnt","|faint|p1a: Weavile","|","|-weather|Hail|[upkeep]","|-damage|p2a: Diancie|211/241|[from] hail","|","|switch|p1a: Mamoswine|Mamoswine, M|229/423","|-damage|p1a: Mamoswine|177/423|[from] Stealth Rock","|-activate|p1a: Mamoswine|move: Sticky Web","|-unboost|p1a: Mamoswine|spe|1","|turn|21","|","|move|p2a: Diancie|Protect|p2a: Diancie","|-singleturn|p2a: Diancie|Protect","|move|p1a: Mamoswine|Earthquake|p2a: Diancie","|-activate|p2a: Diancie|Protect","|","|-weather|Hail|[upkeep]","|-damage|p2a: Diancie|196/241|[from] hail","|turn|22","|","|move|p2a: Diancie|Moonblast|p1a: Mamoswine","|-damage|p1a: Mamoswine|0 fnt","|faint|p1a: Mamoswine","|","|win|Rain ☆ Hoot"],"p1rating":{"entryid":"56288","serverid":"eos","formatid":"monotype","userid":"jake1079","username":"Jake1079","w":"13","l":22,"t":"0","gxe":41.2,"r":"1434.4298073112","rd":"61.720684835893","sigma":"0","rptime":"1440666000","rpr":1432.4552915525,"rprd":59.34662968636,"rpsigma":"0","acre":1048.8268083855,"lacre":1048.8268083855,"oldacre":"1056.610278808"},"p2rating":{"entryid":"129353","serverid":"eos","formatid":"monotype","userid":"rainhoot","username":"Rain Hoot","w":28,"l":"21","t":"0","gxe":56.8,"r":"1547.4217173554","rd":"50.244840803489","sigma":"0","rptime":"1440666000","rpr":1552.262684334,"rprd":49.793242275815,"rpsigma":"0","acre":1296.8148209424,"lacre":1296.8148209424,"oldacre":"1286.2918065587"},"endType":"normal"}