{"seed":[32184,52557,18490,44344],"turns":24,"p1":"ApexProf SmogOn","p2":"SWL Neßki","p1team":[{"name":"Hawlucha","species":"Hawlucha","item":"powerherb","ability":"Unburden","moves":["skyattack","highjumpkick","acrobatics","stoneedge"],"nature":"Adamant","evs":{"hp":0,"atk":252,"def":0,"spa":0,"spd":4,"spe":252},"gender":"M","ivs":{"hp":31,"atk":31,"def":31,"spa":31,"spd":31,"spe":31}},{"name":"Gallade","species":"Gallade","item":"galladite","ability":"Steadfast","moves":["swordsdance","closecombat","knockoff","shadowsneak"],"nature":"Jolly","evs":{"hp":0,"atk":252,"def":0,"spa":0,"spd":4,"spe":252},"ivs":{"hp":31,"atk":31,"def":31,"spa":31,"spd":31,"spe":31}},{"name":"Conkeldurr","species":"Conkeldurr","item":"fistplate","ability":"Sheer Force","moves":["rockslide","machpunch","drainpunch","bulkup"],"nature":"Adamant","evs":{"hp":252,"atk":252,"def":0,"spa":0,"spd":4,"spe":0},"ivs":{"hp":31,"atk":31,"def":31,"spa":31,"spd":31,"spe":31}},{"name":"Dildo-Resolute","species":"keldeoresolute","item":"leftovers","ability":"Justified","moves":["calmmind","substitute","secretsword","scald"],"nature":"Timid","evs":{"hp":0,"atk":0,"def":0,"spa":252,"spd":4,"spe":252},"ivs":{"hp":31,"atk":31,"def":31,"spa":31,"spd":31,"spe":31}},{"name":"Infernape","species":"Infernape","item":"choicescarf","ability":"Blaze","moves":["flareblitz","closecombat","stoneedge","earthquake"],"nature":"Jolly","evs":{"hp":0,"atk":252,"def":0,"spa":0,"spd":4,"spe":252},"ivs":{"hp":31,"atk":31,"def":31,"spa":31,"spd":31,"spe":31}},{"name":"Cobalion","species":"Cobalion","item":"rockyhelmet","ability":"Justified","moves":["voltswitch","stealthrock","thunderwave","ironhead"],"nature":"Jolly","evs":{"hp":248,"atk":8,"def":0,"spa":0,"spd":0,"spe":252},"ivs":{"hp":31,"atk":31,"def":31,"spa":31,"spd":31,"spe":31}}],"p2team":[{"name":"Garchomp","species":"Garchomp","item":"rockyhelmet","ability":"Rough Skin","moves":["stealthrock","earthquake","dragontail","rocktomb"],"nature":"Impish","evs":{"hp":8,"atk":0,"def":0,"spa":0,"spd":0,"spe":92},"ivs":{"hp":31,"atk":31,"def":31,"spa":31,"spd":31,"spe":31}},{"name":"Latios","species":"Latios","item":"choicescarf","ability":"Levitate","moves":["psyshock","icebeam","dracometeor","shadowball"],"nature":"Timid","evs":{"hp":0,"atk":0,"def":0,"spa":252,"spd":4,"spe":252},"ivs":{"hp":31,"atk":0,"def":31,"spa":31,"spd":31,"spe":31}},{"name":"PK-Kaiser","species":"latias","item":"latiasite","ability":"Levitate","moves":["thunderwave","energyball","defog","healingwish"],"nature":"Calm","evs":{"hp":244,"atk":0,"def":0,"spa":0,"spd":252,"spe":12},"ivs":{"hp":31,"atk":0,"def":31,"spa":31,"spd":31,"spe":31},"happiness":0},{"name":"Hydreigon","species":"Hydreigon","item":"focussash","ability":"Levitate","moves":["flamethrower","darkpulse","earthpower","tailwind"],"nature":"Modest","evs":{"hp":4,"atk":0,"def":0,"spa":252,"spd":0,"spe":252},"ivs":{"hp":31,"atk":0,"def":31,"spa":31,"spd":31,"spe":31}},{"name":"Kyurem-Black","species":"Kyurem-Black","item":"assaultvest","ability":"Teravolt","moves":["fusionbolt","ironhead","icebeam","earthpower"],"nature":"Lonely","evs":{"hp":0,"atk":252,"def":0,"spa":108,"spd":0,"spe":148},"ivs":{"hp":31,"atk":31,"def":31,"spa":31,"spd":31,"spe":31}},{"name":"Dragonite","species":"Dragonite","item":"choiceband","ability":"Multiscale","moves":["superpower","outrage","extremespeed","earthquake"],"nature":"Adamant","evs":{"hp":220,"atk":252,"def":0,"spa":0,"spd":0,"spe":36},"ivs":{"hp":31,"atk":31,"def":31,"spa":31,"spd":31,"spe":31}}],"log":["|player|p1|ApexProf SmogOn|101","|player|p2|SWL Neßki|swlneki.png","|gametype|singles","|gen|6","|tier|Monotype","|rated","|rule|Baton Pass Clause: Limit one Baton Passer, can't pass Spe and other stats simultaneously","|rule|Swagger Clause: Swagger is banned","|rule|Same Type Clause: Pokémon in a team must share a type","|clearpoke","|poke|p1|Hawlucha, M","|poke|p1|Gallade, M","|poke|p1|Conkeldurr, M","|poke|p1|Keldeo-Resolute","|poke|p1|Infernape, M","|poke|p1|Cobalion","|poke|p2|Garchomp, M","|poke|p2|Latios, M","|poke|p2|Latias, F","|poke|p2|Hydreigon, F","|poke|p2|Kyurem-Black","|poke|p2|Dragonite, F","|rule|Sleep Clause Mod: Limit one foe put to sleep","|rule|Species Clause: Limit one of each Pokémon","|rule|OHKO Clause: OHKO moves are banned","|rule|Moody Clause: Moody is banned","|rule|Evasion Moves Clause: Evasion moves are banned","|rule|Endless Battle Clause: Forcing endless battles is banned","|rule|HP Percentage Mod: HP is shown in percentages","|teampreview","|","|start","|switch|p1a: Hawlucha|Hawlucha, M|297/297","|switch|p2a: Kyurem-Black|Kyurem-Black|391/391","|-ability|p2a: Kyurem-Black|Teravolt","|turn|1","|","|move|p1a: Hawlucha|Sky Attack|p2a: Kyurem-Black|[still]|[miss]","|-prepare|p1a: Hawlucha|Sky Attack|p2a: Kyurem-Black","|-enditem|p1a: Hawlucha|Power Herb","|-anim|p1a: Hawlucha|Sky Attack|p2a: Kyurem-Black","|-miss|p1a: Hawlucha|p2a: Kyurem-Black","|move|p2a: Kyurem-Black|Fusion Bolt|p1a: Hawlucha","|-supereffective|p1a: Hawlucha","|-damage|p1a: Hawlucha|0 fnt","|faint|p1a: Hawlucha","|","|","|switch|p1a: Conkeldurr|Conkeldurr, M|414/414","|turn|2","|","|switch|p2a: Garchomp|Garchomp, M|359/359","|move|p1a: Conkeldurr|Bulk Up|p1a: Conkeldurr","|-boost|p1a: Conkeldurr|atk|1","|-boost|p1a: Conkeldurr|def|1","|","|turn|3","|","|move|p1a: Conkeldurr|Bulk Up|p1a: Conkeldurr","|-boost|p1a: Conkeldurr|atk|1","|-boost|p1a: Conkeldurr|def|1","|move|p2a: Garchomp|Dragon Tail|p1a: Conkeldurr","|-damage|p1a: Conkeldurr|371/414","|drag|p1a: Cobalion|Cobalion|385/385","|","|turn|4","|","|move|p1a: Cobalion|Stealth Rock|p2a: Garchomp","|-sidestart|p2: SWL Neßki|move: Stealth Rock","|move|p2a: Garchomp|Rock Tomb|p1a: Cobalion","|-resisted|p1a: Cobalion","|-damage|p1a: Cobalion|374/385","|-unboost|p1a: Cobalion|spe|1","|","|turn|5","|","|switch|p1a: Conkeldurr|Conkeldurr, M|371/414","|move|p2a: Garchomp|Earthquake|p1a: Conkeldurr","|-damage|p1a: Conkeldurr|214/414","|","|turn|6","|","|move|p2a: Garchomp|Earthquake|p1a: Conkeldurr","|-damage|p1a: Conkeldurr|67/414","|move|p1a: Conkeldurr|Drain Punch|p2a: Garchomp","|-damage|p2a: Garchomp|167/359","|-heal|p1a: Conkeldurr|163/414|[from] drain|[of] p2a: Garchomp","|-damage|p1a: Conkeldurr|112/414|[from] ability: Rough Skin|[of] p2a: Garchomp","|-damage|p1a: Conkeldurr|43/414|[from] item: Rocky Helmet|[of] p2a: Garchomp","|","|turn|7","|","|move|p1a: Conkeldurr|Mach Punch|p2a: Garchomp","|-damage|p2a: Garchomp|73/359","|-damage|p1a: Conkeldurr|0 fnt|[from] ability: Rough Skin|[of] p2a: Garchomp","|faint|p1a: Conkeldurr","|move|p2a: Garchomp|Earthquake|p1: Conkeldurr|[notarget]","|-notarget","|","|","|switch|p1a: Dildo-Resolute|Keldeo-Resolute|323/323","|turn|8","|","|switch|p2a: PK-Kaiser|Latias, F|362/362","|-damage|p2a: PK-Kaiser|317/362|[from] Stealth Rock","|move|p1a: Dildo-Resolute|Scald|p2a: PK-Kaiser","|-resisted|p2a: PK-Kaiser","|-damage|p2a: PK-Kaiser|272/362","|-status|p2a: PK-Kaiser|brn","|","|-damage|p2a: PK-Kaiser|227/362 brn|[from] brn","|turn|9","|","|switch|p1a: Cobalion|Cobalion|374/385","|detailschange|p2a: PK-Kaiser|Latias-Mega, F","|-mega|p2a: PK-Kaiser|Latias|Latiasite","|move|p2a: PK-Kaiser|Thunder Wave|p1a: Cobalion","|-status|p1a: Cobalion|par","|","|-damage|p2a: PK-Kaiser|182/362 brn|[from] brn","|turn|10","|","|switch|p2a: Kyurem-Black|Kyurem-Black|391/391","|-damage|p2a: Kyurem-Black|294/391|[from] Stealth Rock","|-ability|p2a: Kyurem-Black|Teravolt","|move|p1a: Cobalion|Iron Head|p2a: Kyurem-Black","|-supereffective|p2a: Kyurem-Black","|-damage|p2a: Kyurem-Black|106/391","|","|turn|11","|","|move|p2a: Kyurem-Black|Earth Power|p1a: Cobalion","|-supereffective|p1a: Cobalion","|-damage|p1a: Cobalion|142/385 par","|move|p1a: Cobalion|Iron Head|p2a: Kyurem-Black","|-supereffective|p2a: Kyurem-Black","|-damage|p2a: Kyurem-Black|0 fnt","|faint|p2a: Kyurem-Black","|","|","|switch|p2a: PK-Kaiser|Latias-Mega, F|182/362 brn","|-damage|p2a: PK-Kaiser|137/362 brn|[from] Stealth Rock","|turn|12","|","|move|p2a: PK-Kaiser|Defog|p1a: Cobalion","|-unboost|p1a: Cobalion|evasion|1","|-sideend|p2: SWL Neßki|Stealth Rock|[from] move: Defog|[of] p2a: PK-Kaiser","|move|p1a: Cobalion|Iron Head|p2a: PK-Kaiser","|-damage|p2a: PK-Kaiser|61/362 brn","|","|-damage|p2a: PK-Kaiser|16/362 brn|[from] brn","|turn|13","|","|move|p2a: PK-Kaiser|Healing Wish|p2a: PK-Kaiser","|faint|p2a: PK-Kaiser","|move|p1a: Cobalion|Stealth Rock|p2: PK-Kaiser","|-sidestart|p2: SWL Neßki|move: Stealth Rock","|","|","|switch|p2a: Garchomp|Garchomp, M|73/359","|-heal|p2a: Garchomp|359/359|[from] move: Healing Wish","|-damage|p2a: Garchomp|337/359|[from] Stealth Rock","|turn|14","|","|move|p2a: Garchomp|Stealth Rock|p1a: Cobalion","|-sidestart|p1: ApexProf SmogOn|move: Stealth Rock","|move|p1a: Cobalion|Iron Head|p2a: Garchomp","|-damage|p2a: Garchomp|259/359","|-damage|p1a: Cobalion|94/385 par|[from] ability: Rough Skin|[of] p2a: Garchomp","|-damage|p1a: Cobalion|30/385 par|[from] item: Rocky Helmet|[of] p2a: Garchomp","|","|turn|15","|","|move|p2a: Garchomp|Earthquake|p1a: Cobalion","|-supereffective|p1a: Cobalion","|-damage|p1a: Cobalion|0 fnt","|faint|p1a: Cobalion","|","|","|switch|p1a: Dildo-Resolute|Keldeo-Resolute|323/323","|-damage|p1a: Dildo-Resolute|303/323|[from] Stealth Rock","|turn|16","|","|switch|p2a: Hydreigon|Hydreigon, F|326/326","|-damage|p2a: Hydreigon|286/326|[from] Stealth Rock","|move|p1a: Dildo-Resolute|Calm Mind|p1a: Dildo-Resolute","|-boost|p1a: Dildo-Resolute|spa|1","|-boost|p1a: Dildo-Resolute|spd|1","|","|-heal|p1a: Dildo-Resolute|323/323|[from] item: Leftovers","|turn|17","|","|move|p1a: Dildo-Resolute|Secret Sword|p2a: Hydreigon","|-supereffective|p2a: Hydreigon","|-damage|p2a: Hydreigon|0 fnt","|faint|p2a: Hydreigon","|","|","|switch|p2a: Latios|Latios, M|301/301","|-damage|p2a: Latios|264/301|[from] Stealth Rock","|turn|18","|","|move|p2a: Latios|Psyshock|p1a: Dildo-Resolute","|-supereffective|p1a: Dildo-Resolute","|-damage|p1a: Dildo-Resolute|35/323","|move|p1a: Dildo-Resolute|Substitute|p1a: Dildo-Resolute","|-fail|p1a: Dildo-Resolute|move: Substitute|[weak]","|","|-heal|p1a: Dildo-Resolute|55/323|[from] item: Leftovers","|turn|19","|","|move|p2a: Latios|Psyshock|p1a: Dildo-Resolute","|-supereffective|p1a: Dildo-Resolute","|-damage|p1a: Dildo-Resolute|0 fnt","|faint|p1a: Dildo-Resolute","|","|","|switch|p1a: Gallade|Gallade, M|277/277","|-damage|p1a: Gallade|260/277|[from] Stealth Rock","|turn|20","|","|switch|p2a: Garchomp|Garchomp, M|259/359","|-damage|p2a: Garchomp|237/359|[from] Stealth Rock","|detailschange|p1a: Gallade|Gallade-Mega, M","|-mega|p1a: Gallade|Gallade|Galladite","|move|p1a: Gallade|Knock Off|p2a: Garchomp","|-damage|p2a: Garchomp|117/359","|-damage|p1a: Gallade|226/277|[from] ability: Rough Skin|[of] p2a: Garchomp","|-damage|p1a: Gallade|180/277|[from] item: Rocky Helmet|[of] p2a: Garchomp","|-enditem|p2a: Garchomp|Rocky Helmet|[from] move: Knock Off|[of] p1a: Gallade","|","|turn|21","|","|move|p1a: Gallade|Close Combat|p2a: Garchomp","|-damage|p2a: Garchomp|0 fnt","|-damage|p1a: Gallade|146/277|[from] ability: Rough Skin|[of] p2a: Garchomp","|-unboost|p1a: Gallade|def|1","|-unboost|p1a: Gallade|spd|1","|faint|p2a: Garchomp","|","|","|switch|p2a: Dragonite|Dragonite, F|378/378","|-damage|p2a: Dragonite|284/378|[from] Stealth Rock","|turn|22","|","|switch|p1a: Infernape|Infernape, M|293/293","|-damage|p1a: Infernape|257/293|[from] Stealth Rock","|move|p2a: Dragonite|Extreme Speed|p1a: Infernape","|-damage|p1a: Infernape|41/293","|","|turn|23","|","|move|p2a: Dragonite|Extreme Speed|p1a: Infernape","|-damage|p1a: Infernape|0 fnt","|faint|p1a: Infernape","|","|","|switch|p1a: Gallade|Gallade-Mega, M|146/277","|-damage|p1a: Gallade|129/277|[from] Stealth Rock","|turn|24","|","|move|p2a: Dragonite|Extreme Speed|p1a: Gallade","|-damage|p1a: Gallade|0 fnt","|faint|p1a: Gallade","|","|win|SWL Neßki"],"p1rating":{"entryid":"318042","serverid":"eos","formatid":"monotype","userid":"apexprofsmogon","username":"ApexProf","w":"17","l":13,"t":"0","gxe":59.5,"r":"1555.0337340054","rd":"68.245789190629","sigma":"0","rptime":"1440579600","rpr":1573.7869190565,"rprd":60.588142922047,"rpsigma":"0","acre":1142.435232507,"lacre":1142.435232507,"oldacre":"1161.4718839326"},"p2rating":{"entryid":"388","serverid":"eos","formatid":"monotype","userid":"swlneki","username":"SWL Neßki","w":31,"l":"12","t":"0","gxe":69.1,"r":"1646.6683022344","rd":"55.207904695266","sigma":"0","rptime":"1440579600","rpr":1652.9381270008,"rprd":54.594860973911,"rpsigma":"0","acre":1265.0114810337,"lacre":1265.0114810337,"oldacre":"1245.9748296081"},"endType":"normal"}