{"seed":[3689,39512,59228,22756],"turns":19,"p1":"Apex✦Wguy1010","p2":"DSV","p1team":[{"name":"Charizard","species":"Charizard","item":"charizarditey","ability":"Blaze","moves":["solarbeam","defog","fireblast","focusblast"],"nature":"Timid","evs":{"hp":0,"atk":0,"def":0,"spa":252,"spd":4,"spe":252},"ivs":{"hp":31,"atk":31,"def":31,"spa":31,"spd":31,"spe":31}},{"name":"Heatran","species":"Heatran","item":"airballoon","ability":"Flash Fire","moves":["stealthrock","stoneedge","earthquake","toxic"],"nature":"Sassy","evs":{"hp":200,"atk":0,"def":148,"spa":0,"spd":160,"spe":0},"ivs":{"hp":31,"atk":31,"def":31,"spa":31,"spd":31,"spe":31}},{"name":"Volcarona","species":"Volcarona","item":"focussash","ability":"Flame Body","moves":["quiverdance","fierydance","bugbuzz","gigadrain"],"nature":"Naive","evs":{"hp":0,"atk":0,"def":4,"spa":252,"spd":0,"spe":252},"ivs":{"hp":31,"atk":31,"def":31,"spa":31,"spd":31,"spe":31}},{"name":"Rotom-Heat","species":"Rotom-Heat","item":"leftovers","ability":"Levitate","moves":["voltswitch","willowisp","overheat","painsplit"],"nature":"Sassy","evs":{"hp":208,"atk":0,"def":140,"spa":0,"spd":160,"spe":0},"ivs":{"hp":31,"atk":31,"def":31,"spa":31,"spd":31,"spe":31}},{"name":"Entei","species":"Entei","item":"lifeorb","ability":"Pressure","moves":["sacredfire","extremespeed","ironhead","stoneedge"],"nature":"Adamant","evs":{"hp":0,"atk":252,"def":0,"spa":0,"spd":4,"spe":252},"shiny":true,"ivs":{"hp":31,"atk":31,"def":31,"spa":31,"spd":31,"spe":31}},{"name":"Victini","species":"Victini","item":"choicescarf","ability":"Victory Star","moves":["boltstrike","blueflare","vcreate","uturn"],"nature":"Hasty","evs":{"hp":0,"atk":252,"def":0,"spa":4,"spd":0,"spe":252},"ivs":{"hp":31,"atk":31,"def":31,"spa":31,"spd":31,"spe":31}}],"p2team":[{"name":"Roserade","species":"Roserade","item":"lifeorb","ability":"Technician","moves":["hiddenpowerrock","sludgebomb","gigadrain","extrasensory"],"nature":"Timid","evs":{"hp":0,"atk":0,"def":0,"spa":252,"spd":4,"spe":252},"ivs":{"hp":31,"atk":31,"def":30,"spa":31,"spd":30,"spe":30}},{"name":"Ferrothorn","species":"Ferrothorn","item":"leftovers","ability":"Iron Barbs","moves":["thunderwave","leechseed","gyroball","stealthrock"],"nature":"Relaxed","evs":{"hp":252,"atk":0,"def":88,"spa":0,"spd":168,"spe":0},"ivs":{"hp":31,"atk":31,"def":31,"spa":31,"spd":31,"spe":0}},{"name":"Venusaur","species":"Venusaur","item":"venusaurite","ability":"Chlorophyll","moves":["hiddenpowerfire","leechseed","sludgebomb","synthesis"],"nature":"Bold","evs":{"hp":248,"atk":0,"def":96,"spa":0,"spd":144,"spe":20},"ivs":{"hp":31,"atk":30,"def":31,"spa":30,"spd":31,"spe":30}},{"name":"Cradily","species":"Cradily","item":"leftovers","ability":"Storm Drain","moves":["rockslide","recover","earthpower","toxic"],"nature":"Sassy","evs":{"hp":248,"atk":8,"def":0,"spa":0,"spd":252,"spe":0},"ivs":{"hp":31,"atk":31,"def":31,"spa":31,"spd":31,"spe":31}},{"name":"Rotom-Mow","species":"Rotom-Mow","item":"choicescarf","ability":"Levitate","moves":["thunderbolt","voltswitch","leafstorm","hiddenpowerice"],"nature":"Modest","evs":{"hp":0,"atk":0,"def":0,"spa":252,"spd":4,"spe":252},"ivs":{"hp":31,"atk":30,"def":30,"spa":31,"spd":31,"spe":31}},{"name":"Breloom","species":"Breloom","item":"focussash","ability":"Technician","moves":["swordsdance","spore","rocktomb","machpunch"],"nature":"Jolly","evs":{"hp":0,"atk":252,"def":0,"spa":0,"spd":4,"spe":252},"ivs":{"hp":31,"atk":31,"def":31,"spa":31,"spd":31,"spe":31}}],"log":["|player|p1|Apex✦Wguy1010|293","|player|p2|DSV|dsv.png","|gametype|singles","|gen|6","|tier|Monotype","|rated","|rule|Baton Pass Clause: Limit one Baton Passer, can't pass Spe and other stats simultaneously","|rule|Swagger Clause: Swagger is banned","|rule|Same Type Clause: Pokémon in a team must share a type","|clearpoke","|poke|p1|Charizard, M","|poke|p1|Heatran, M","|poke|p1|Volcarona, F","|poke|p1|Rotom-Heat","|poke|p1|Entei, shiny","|poke|p1|Victini","|poke|p2|Roserade, F","|poke|p2|Ferrothorn, F","|poke|p2|Venusaur, F","|poke|p2|Cradily, M","|poke|p2|Rotom-Mow","|poke|p2|Breloom, F","|rule|Sleep Clause Mod: Limit one foe put to sleep","|rule|Species Clause: Limit one of each Pokémon","|rule|OHKO Clause: OHKO moves are banned","|rule|Moody Clause: Moody is banned","|rule|Evasion Moves Clause: Evasion moves are banned","|rule|Endless Battle Clause: Forcing endless battles is banned","|rule|HP Percentage Mod: HP is shown in percentages","|teampreview","|","|start","|switch|p1a: Heatran|Heatran, M|373/373","|switch|p2a: Ferrothorn|Ferrothorn, F|352/352","|-item|p1a: Heatran|Air Balloon","|turn|1","|","|switch|p2a: Cradily|Cradily, M|375/375","|move|p1a: Heatran|Stealth Rock|p2a: Cradily","|-sidestart|p2: DSV|move: Stealth Rock","|","|turn|2","|","|move|p1a: Heatran|Toxic|p2a: Cradily","|-status|p2a: Cradily|tox","|move|p2a: Cradily|Rock Slide|p1a: Heatran","|-damage|p1a: Heatran|307/373","|-enditem|p1a: Heatran|Air Balloon","|","|-damage|p2a: Cradily|352/375 tox|[from] psn","|turn|3","|","|move|p1a: Heatran|Earthquake|p2a: Cradily","|-damage|p2a: Cradily|283/375 tox","|move|p2a: Cradily|Earth Power|p1a: Heatran","|-supereffective|p1a: Heatran","|-damage|p1a: Heatran|135/373","|","|-heal|p2a: Cradily|306/375 tox|[from] item: Leftovers","|-damage|p2a: Cradily|260/375 tox|[from] psn","|turn|4","|","|switch|p1a: Charizard|Charizard, M|297/297","|move|p2a: Cradily|Rock Slide|p1a: Charizard","|-supereffective|p1a: Charizard","|-damage|p1a: Charizard|0 fnt","|faint|p1a: Charizard","|","|-heal|p2a: Cradily|283/375 tox|[from] item: Leftovers","|-damage|p2a: Cradily|214/375 tox|[from] psn","|","|switch|p1a: Volcarona|Volcarona, F|311/311","|turn|5","|","|move|p1a: Volcarona|Quiver Dance|p1a: Volcarona","|-boost|p1a: Volcarona|spa|1","|-boost|p1a: Volcarona|spd|1","|-boost|p1a: Volcarona|spe|1","|move|p2a: Cradily|Rock Slide|p1a: Volcarona","|-supereffective|p1a: Volcarona","|-enditem|p1a: Volcarona|Focus Sash","|-damage|p1a: Volcarona|1/311","|","|-heal|p2a: Cradily|237/375 tox|[from] item: Leftovers","|-damage|p2a: Cradily|145/375 tox|[from] psn","|turn|6","|","|move|p1a: Volcarona|Fiery Dance|p2a: Cradily","|-crit|p2a: Cradily","|-damage|p2a: Cradily|0 fnt","|-boost|p1a: Volcarona|spa|1","|faint|p2a: Cradily","|","|","|switch|p2a: Breloom|Breloom, F|261/261","|-damage|p2a: Breloom|245/261|[from] Stealth Rock","|turn|7","|","|move|p2a: Breloom|Mach Punch|p1a: Volcarona","|-resisted|p1a: Volcarona","|-damage|p1a: Volcarona|0 fnt","|faint|p1a: Volcarona","|","|","|switch|p1a: Victini|Victini|341/341","|turn|8","|","|switch|p2a: Ferrothorn|Ferrothorn, F|352/352","|-damage|p2a: Ferrothorn|330/352|[from] Stealth Rock","|move|p1a: Victini|V-create|p2a: Ferrothorn","|-supereffective|p2a: Ferrothorn","|-damage|p2a: Ferrothorn|0 fnt","|-damage|p1a: Victini|299/341|[from] ability: Iron Barbs|[of] p2a: Ferrothorn","|-unboost|p1a: Victini|spe|1","|-unboost|p1a: Victini|def|1","|-unboost|p1a: Victini|spd|1","|faint|p2a: Ferrothorn","|","|","|switch|p2a: Venusaur|Venusaur, F|363/363","|-damage|p2a: Venusaur|318/363|[from] Stealth Rock","|turn|9","|","|switch|p1a: Rotom-Heat|Rotom-Heat|293/293","|detailschange|p2a: Venusaur|Venusaur-Mega, F","|-mega|p2a: Venusaur|Venusaur|Venusaurite","|move|p2a: Venusaur|Sludge Bomb|p1a: Rotom-Heat","|-damage|p1a: Rotom-Heat|206/293","|","|-heal|p1a: Rotom-Heat|224/293|[from] item: Leftovers","|turn|10","|","|move|p2a: Venusaur|Leech Seed|p1a: Rotom-Heat","|-start|p1a: Rotom-Heat|move: Leech Seed","|move|p1a: Rotom-Heat|Will-O-Wisp|p2a: Venusaur|[miss]","|-miss|p1a: Rotom-Heat|p2a: Venusaur","|","|-heal|p1a: Rotom-Heat|242/293|[from] item: Leftovers","|-damage|p1a: Rotom-Heat|206/293|[from] Leech Seed|[of] p2a: Venusaur","|-heal|p2a: Venusaur|354/363|[silent]","|turn|11","|","|switch|p2a: Roserade|Roserade, F|261/261","|-damage|p2a: Roserade|229/261|[from] Stealth Rock","|move|p1a: Rotom-Heat|Will-O-Wisp|p2a: Roserade","|-status|p2a: Roserade|brn","|","|-heal|p1a: Rotom-Heat|224/293|[from] item: Leftovers","|-damage|p1a: Rotom-Heat|188/293|[from] Leech Seed|[of] p2a: Roserade","|-heal|p2a: Roserade|261/261 brn|[silent]","|-damage|p2a: Roserade|229/261 brn|[from] brn","|turn|12","|","|move|p2a: Roserade|Hidden Power|p1a: Rotom-Heat","|-supereffective|p1a: Rotom-Heat","|-damage|p1a: Rotom-Heat|0 fnt","|-damage|p2a: Roserade|203/261 brn|[from] item: Life Orb","|faint|p1a: Rotom-Heat","|","|-damage|p2a: Roserade|171/261 brn|[from] brn","|","|switch|p1a: Heatran|Heatran, M|135/373","|turn|13","|","|move|p2a: Roserade|Hidden Power|p1a: Heatran","|-damage|p1a: Heatran|30/373","|-damage|p2a: Roserade|145/261 brn|[from] item: Life Orb","|move|p1a: Heatran|Earthquake|p2a: Roserade","|-damage|p2a: Roserade|47/261 brn","|","|-damage|p2a: Roserade|15/261 brn|[from] brn","|turn|14","|","|move|p2a: Roserade|Hidden Power|p1a: Heatran","|-damage|p1a: Heatran|0 fnt","|-damage|p2a: Roserade|0 fnt|[from] item: Life Orb","|faint|p1a: Heatran","|faint|p2a: Roserade","|","|","|switch|p1a: Victini|Victini|299/341","|switch|p2a: Breloom|Breloom, F|245/261","|-damage|p2a: Breloom|229/261|[from] Stealth Rock","|turn|15","|","|move|p2a: Breloom|Mach Punch|p1a: Victini","|-resisted|p1a: Victini","|-damage|p1a: Victini|237/341","|move|p1a: Victini|V-create|p2a: Breloom","|-crit|p2a: Breloom","|-supereffective|p2a: Breloom","|-damage|p2a: Breloom|0 fnt","|-unboost|p1a: Victini|spe|1","|-unboost|p1a: Victini|def|1","|-unboost|p1a: Victini|spd|1","|faint|p2a: Breloom","|","|","|switch|p2a: Rotom-Mow|Rotom-Mow|241/241","|-damage|p2a: Rotom-Mow|211/241|[from] Stealth Rock","|turn|16","|","|switch|p1a: Entei|Entei, shiny|371/371","|-ability|p1a: Entei|Pressure","|move|p2a: Rotom-Mow|Thunderbolt|p1a: Entei","|-damage|p1a: Entei|163/371","|","|turn|17","|","|move|p2a: Rotom-Mow|Thunderbolt|p1a: Entei","|-damage|p1a: Entei|0 fnt","|faint|p1a: Entei","|","|","|switch|p1a: Victini|Victini|237/341","|turn|18","|","|move|p1a: Victini|V-create|p2a: Rotom-Mow","|-supereffective|p2a: Rotom-Mow","|-damage|p2a: Rotom-Mow|0 fnt","|-unboost|p1a: Victini|spe|1","|-unboost|p1a: Victini|def|1","|-unboost|p1a: Victini|spd|1","|faint|p2a: Rotom-Mow","|","|","|switch|p2a: Venusaur|Venusaur-Mega, F|354/363","|-damage|p2a: Venusaur|309/363|[from] Stealth Rock","|turn|19","|","|move|p1a: Victini|V-create|p2a: Venusaur","|-supereffective|p2a: Venusaur","|-damage|p2a: Venusaur|135/363","|-unboost|p1a: Victini|spe|1","|-unboost|p1a: Victini|def|1","|-unboost|p1a: Victini|spd|1","|move|p2a: Venusaur|Sludge Bomb|p1a: Victini","|-damage|p1a: Victini|0 fnt","|faint|p1a: Victini","|","|win|DSV"],"p1rating":{"entryid":"419858","serverid":"eos","formatid":"monotype","userid":"apexwguy1010","username":"Apex✦Wguy1010","w":"2","l":1,"t":"0","gxe":54.7,"r":"1534.5989813165","rd":"123.02758875834","sigma":"0","rptime":"1440666000","rpr":1537.4999242887,"rprd":111.23367639974,"rpsigma":"0","acre":1061.4997788157,"lacre":1061.4997788157,"oldacre":"1074.7609185874"},"p2rating":{"entryid":"159982","serverid":"eos","formatid":"monotype","userid":"dsv","username":"DSV","w":15,"l":"7","t":"0","gxe":63.4,"r":"1611.3486873583","rd":"70.341325600167","sigma":"0","rptime":"1440666000","rpr":1605.0961586742,"rprd":68.095085743692,"rpsigma":"0","acre":1227.3138058427,"lacre":1227.3138058427,"oldacre":"1211.6860910798"},"endType":"normal"}