{"seed":[62501,60643,64277,14337],"turns":25,"p1":"Darth Malic","p2":"iQuill","p1team":[{"name":"Zygarde","species":"Zygarde","item":"lifeorb","ability":"Aura Break","moves":["earthquake","outrage","dragondance","extremespeed"],"nature":"Adamant","evs":{"hp":4,"atk":252,"def":0,"spa":0,"spd":0,"spe":252},"ivs":{"hp":31,"atk":31,"def":31,"spa":31,"spd":31,"spe":31}},{"name":"Flygon","species":"Flygon","item":"choicescarf","ability":"Levitate","moves":["uturn","earthquake","irontail","outrage"],"nature":"Adamant","evs":{"hp":0,"atk":252,"def":0,"spa":0,"spd":4,"spe":252},"ivs":{"hp":31,"atk":31,"def":31,"spa":31,"spd":31,"spe":31}},{"name":"Kyurem-Black","species":"Kyurem-Black","item":"leftovers","ability":"Teravolt","moves":["outrage","fusionbolt","ironhead","roost"],"nature":"Adamant","evs":{"hp":252,"atk":176,"def":68,"spa":0,"spd":12,"spe":0},"ivs":{"hp":31,"atk":31,"def":31,"spa":31,"spd":31,"spe":31}},{"name":"Goodra","species":"Goodra","item":"assaultvest","ability":"Sap Sipper","moves":["flamethrower","dracometeor","sludgewave","thunderbolt"],"nature":"Modest","evs":{"hp":248,"atk":0,"def":0,"spa":252,"spd":8,"spe":0},"ivs":{"hp":31,"atk":31,"def":31,"spa":31,"spd":31,"spe":31}},{"name":"Hydreigon","species":"Hydreigon","item":"lifeorb","ability":"Levitate","moves":["uturn","superpower","dracometeor","darkpulse"],"nature":"Hasty","evs":{"hp":0,"atk":4,"def":0,"spa":252,"spd":0,"spe":252},"ivs":{"hp":31,"atk":31,"def":31,"spa":31,"spd":31,"spe":31}},{"name":"Salamence","species":"Salamence","item":"leftovers","ability":"Moxie","moves":["earthquake","dragonclaw","dragondance","fireblast"],"nature":"Lonely","evs":{"hp":0,"atk":252,"def":0,"spa":4,"spd":0,"spe":252},"ivs":{"hp":31,"atk":31,"def":31,"spa":31,"spd":31,"spe":31}}],"p2team":[{"name":"Aggron","species":"Aggron","item":"aggronite","ability":"Sturdy","moves":["heavyslam","curse","rest","sleeptalk"],"nature":"Impish","evs":{"hp":252,"atk":0,"def":16,"spa":0,"spd":240,"spe":0},"shiny":true,"ivs":{"hp":31,"atk":31,"def":31,"spa":31,"spd":31,"spe":31}},{"name":"Aerodactyl","species":"Aerodactyl","item":"focussash","ability":"Rock Head","moves":["aerialace","honeclaws","stoneedge","firefang"],"nature":"Jolly","evs":{"hp":0,"atk":252,"def":0,"spa":0,"spd":4,"spe":252},"ivs":{"hp":31,"atk":31,"def":31,"spa":31,"spd":31,"spe":31}},{"name":"Cradily","species":"Cradily","item":"rockyhelmet","ability":"Storm Drain","moves":["gigadrain","stockpile","recover","toxic"],"nature":"Calm","evs":{"hp":44,"atk":0,"def":216,"spa":48,"spd":140,"spe":60},"ivs":{"hp":31,"atk":31,"def":31,"spa":31,"spd":31,"spe":31}},{"name":"Tyranitar","species":"Tyranitar","item":"assaultvest","ability":"Sand Stream","moves":["fireblast","crunch","earthquake","stoneedge"],"nature":"Naughty","evs":{"hp":252,"atk":152,"def":0,"spa":104,"spd":0,"spe":0},"ivs":{"hp":31,"atk":31,"def":31,"spa":31,"spd":31,"spe":31}},{"name":"Terrakion","species":"Terrakion","item":"choicescarf","ability":"Justified","moves":["closecombat","earthquake","ironhead","stoneedge"],"nature":"Jolly","evs":{"hp":0,"atk":252,"def":0,"spa":0,"spd":4,"spe":252},"ivs":{"hp":31,"atk":31,"def":31,"spa":31,"spd":31,"spe":31}},{"name":"Omastar","species":"Omastar","item":"focussash","ability":"Shell Armor","moves":["shellsmash","icebeam","surf","earthpower"],"nature":"Modest","evs":{"hp":0,"atk":0,"def":0,"spa":252,"spd":4,"spe":252},"ivs":{"hp":31,"atk":31,"def":31,"spa":31,"spd":31,"spe":31}}],"log":["|player|p1|Darth Malic|54","|player|p2|iQuill|65","|gametype|singles","|gen|6","|tier|Monotype","|rated","|rule|Baton Pass Clause: Limit one Baton Passer, can't pass Spe and other stats simultaneously","|rule|Swagger Clause: Swagger is banned","|rule|Same Type Clause: Pokémon in a team must share a type","|clearpoke","|poke|p1|Zygarde","|poke|p1|Flygon, F","|poke|p1|Kyurem-Black","|poke|p1|Goodra, M","|poke|p1|Hydreigon, M","|poke|p1|Salamence, M","|poke|p2|Aggron, M, shiny","|poke|p2|Aerodactyl, M","|poke|p2|Cradily, M","|poke|p2|Tyranitar, F","|poke|p2|Terrakion","|poke|p2|Omastar, F","|rule|Sleep Clause Mod: Limit one foe put to sleep","|rule|Species Clause: Limit one of each Pokémon","|rule|OHKO Clause: OHKO moves are banned","|rule|Moody Clause: Moody is banned","|rule|Evasion Moves Clause: Evasion moves are banned","|rule|Endless Battle Clause: Forcing endless battles is banned","|rule|HP Percentage Mod: HP is shown in percentages","|teampreview","|","|start","|switch|p1a: Zygarde|Zygarde|358/358","|switch|p2a: Omastar|Omastar, F|281/281","|-ability|p1a: Zygarde|Aura Break","|turn|1","|","|move|p1a: Zygarde|Earthquake|p2a: Omastar","|-supereffective|p2a: Omastar","|-enditem|p2a: Omastar|Focus Sash","|-damage|p2a: Omastar|1/281","|-damage|p1a: Zygarde|323/358|[from] item: Life Orb","|move|p2a: Omastar|Shell Smash|p2a: Omastar","|-unboost|p2a: Omastar|def|1","|-unboost|p2a: Omastar|spd|1","|-boost|p2a: Omastar|atk|2","|-boost|p2a: Omastar|spa|2","|-boost|p2a: Omastar|spe|2","|","|turn|2","|","|move|p1a: Zygarde|Extreme Speed|p2a: Omastar","|-resisted|p2a: Omastar","|-damage|p2a: Omastar|0 fnt","|-damage|p1a: Zygarde|288/358|[from] item: Life Orb","|faint|p2a: Omastar","|","|","|switch|p2a: Aggron|Aggron, M, shiny|344/344","|turn|3","|","|detailschange|p2a: Aggron|Aggron-Mega, M, shiny","|-mega|p2a: Aggron|Aggron|Aggronite","|move|p1a: Zygarde|Dragon Dance|p1a: Zygarde","|-boost|p1a: Zygarde|atk|1","|-boost|p1a: Zygarde|spe|1","|move|p2a: Aggron|Curse|p2a: Aggron","|-unboost|p2a: Aggron|spe|1","|-boost|p2a: Aggron|atk|1","|-boost|p2a: Aggron|def|1","|","|turn|4","|","|move|p1a: Zygarde|Dragon Dance|p1a: Zygarde","|-boost|p1a: Zygarde|atk|1","|-boost|p1a: Zygarde|spe|1","|move|p2a: Aggron|Heavy Slam|p1a: Zygarde","|-crit|p1a: Zygarde","|-damage|p1a: Zygarde|165/358","|","|turn|5","|","|move|p1a: Zygarde|Earthquake|p2a: Aggron","|-supereffective|p2a: Aggron","|-damage|p2a: Aggron|178/344","|-damage|p1a: Zygarde|130/358|[from] item: Life Orb","|move|p2a: Aggron|Heavy Slam|p1a: Zygarde","|-damage|p1a: Zygarde|54/358","|","|turn|6","|","|switch|p2a: Aerodactyl|Aerodactyl, M|301/301","|move|p1a: Zygarde|Earthquake|p2a: Aerodactyl","|-immune|p2a: Aerodactyl|[msg]","|","|turn|7","|","|move|p1a: Zygarde|Outrage|p2a: Aerodactyl","|-enditem|p2a: Aerodactyl|Focus Sash","|-damage|p2a: Aerodactyl|1/301","|-damage|p1a: Zygarde|19/358|[from] item: Life Orb","|move|p2a: Aerodactyl|Hone Claws|p2a: Aerodactyl","|-boost|p2a: Aerodactyl|atk|1","|-boost|p2a: Aerodactyl|accuracy|1","|","|turn|8","|","|switch|p2a: Cradily|Cradily, M|324/324","|move|p1a: Zygarde|Outrage|p2a: Cradily|[from]lockedmove","|-damage|p2a: Cradily|0 fnt","|-damage|p1a: Zygarde|0 fnt|[from] item: Rocky Helmet|[of] p2a: Cradily","|faint|p1a: Zygarde","|faint|p2a: Cradily","|","|","|switch|p2a: Aerodactyl|Aerodactyl, M|1/301","|switch|p1a: Goodra|Goodra, M|383/383","|turn|9","|","|move|p2a: Aerodactyl|Stone Edge|p1a: Goodra","|-damage|p1a: Goodra|191/383","|move|p1a: Goodra|Thunderbolt|p2a: Aerodactyl","|-supereffective|p2a: Aerodactyl","|-damage|p2a: Aerodactyl|0 fnt","|faint|p2a: Aerodactyl","|","|","|switch|p2a: Tyranitar|Tyranitar, F|404/404","|-weather|Sandstorm","|turn|10","|","|move|p1a: Goodra|Draco Meteor|p2a: Tyranitar","|-damage|p2a: Tyranitar|299/404","|-unboost|p1a: Goodra|spa|2","|move|p2a: Tyranitar|Stone Edge|p1a: Goodra","|-damage|p1a: Goodra|0 fnt","|faint|p1a: Goodra","|","|-weather|Sandstorm|[upkeep]","|","|switch|p1a: Flygon|Flygon, F|301/301","|turn|11","|","|move|p1a: Flygon|Earthquake|p2a: Tyranitar","|-supereffective|p2a: Tyranitar","|-damage|p2a: Tyranitar|0 fnt","|faint|p2a: Tyranitar","|","|-weather|Sandstorm|[upkeep]","|","|switch|p2a: Aggron|Aggron-Mega, M, shiny|178/344","|turn|12","|","|move|p1a: Flygon|Earthquake|p2a: Aggron","|-supereffective|p2a: Aggron","|-damage|p2a: Aggron|69/344","|move|p2a: Aggron|Rest|p2a: Aggron","|-status|p2a: Aggron|slp","|-heal|p2a: Aggron|344/344 slp|[silent]","|-status|p2a: Aggron|slp|[from] move: Rest","|","|-weather|Sandstorm|[upkeep]","|turn|13","|","|switch|p1a: Salamence|Salamence, M|331/331","|cant|p2a: Aggron|slp","|move|p2a: Aggron|Sleep Talk|p2a: Aggron","|move|p2a: Aggron|Curse|p2a: Aggron|[from]Sleep Talk","|-unboost|p2a: Aggron|spe|1","|-boost|p2a: Aggron|atk|1","|-boost|p2a: Aggron|def|1","|","|-weather|Sandstorm|[upkeep]","|-damage|p1a: Salamence|311/331|[from] sandstorm","|-heal|p1a: Salamence|331/331|[from] item: Leftovers","|turn|14","|","|move|p1a: Salamence|Fire Blast|p2a: Aggron","|-supereffective|p2a: Aggron","|-damage|p2a: Aggron|223/344 slp","|cant|p2a: Aggron|slp","|move|p2a: Aggron|Sleep Talk|p2a: Aggron","|move|p2a: Aggron|Heavy Slam|p1a: Salamence|[from]Sleep Talk","|-damage|p1a: Salamence|58/331","|","|-weather|none","|-heal|p1a: Salamence|78/331|[from] item: Leftovers","|turn|15","|","|switch|p2a: Terrakion|Terrakion|323/323","|move|p1a: Salamence|Fire Blast|p2a: Terrakion|[miss]","|-miss|p1a: Salamence|p2a: Terrakion","|","|-heal|p1a: Salamence|98/331|[from] item: Leftovers","|turn|16","|","|switch|p1a: Flygon|Flygon, F|301/301","|move|p2a: Terrakion|Stone Edge|p1a: Flygon","|-crit|p1a: Flygon","|-resisted|p1a: Flygon","|-damage|p1a: Flygon|151/301","|","|turn|17","|","|switch|p2a: Aggron|Aggron-Mega, M, shiny|223/344 slp","|move|p1a: Flygon|Earthquake|p2a: Aggron","|-supereffective|p2a: Aggron","|-damage|p2a: Aggron|118/344 slp","|","|turn|18","|","|move|p1a: Flygon|Earthquake|p2a: Aggron","|-supereffective|p2a: Aggron","|-damage|p2a: Aggron|10/344 slp","|-curestatus|p2a: Aggron|slp","|move|p2a: Aggron|Rest|p2a: Aggron","|-status|p2a: Aggron|slp","|-heal|p2a: Aggron|344/344 slp|[silent]","|-status|p2a: Aggron|slp|[from] move: Rest","|","|turn|19","|","|switch|p1a: Hydreigon|Hydreigon, M|325/325","|cant|p2a: Aggron|slp","|move|p2a: Aggron|Sleep Talk|p2a: Aggron","|move|p2a: Aggron|Heavy Slam|p1a: Hydreigon|[from]Sleep Talk","|-damage|p1a: Hydreigon|210/325","|","|turn|20","|","|move|p1a: Hydreigon|Dark Pulse|p2a: Aggron","|-damage|p2a: Aggron|183/344 slp","|-damage|p1a: Hydreigon|178/325|[from] item: Life Orb","|cant|p2a: Aggron|slp","|cant|p2a: Aggron|flinch","|","|turn|21","|","|switch|p2a: Terrakion|Terrakion|323/323","|move|p1a: Hydreigon|Dark Pulse|p2a: Terrakion","|-resisted|p2a: Terrakion","|-damage|p2a: Terrakion|226/323","|-boost|p2a: Terrakion|atk|1|[from] ability: Justified","|-damage|p1a: Hydreigon|146/325|[from] item: Life Orb","|","|turn|22","|","|switch|p1a: Salamence|Salamence, M|98/331","|move|p2a: Terrakion|Close Combat|p1a: Salamence","|-resisted|p1a: Salamence","|-damage|p1a: Salamence|0 fnt","|-unboost|p2a: Terrakion|def|1","|-unboost|p2a: Terrakion|spd|1","|faint|p1a: Salamence","|","|","|switch|p1a: Flygon|Flygon, F|151/301","|turn|23","|","|move|p2a: Terrakion|Close Combat|p1a: Flygon","|-damage|p1a: Flygon|0 fnt","|-unboost|p2a: Terrakion|def|1","|-unboost|p2a: Terrakion|spd|1","|faint|p1a: Flygon","|","|","|switch|p1a: Kyurem-Black|Kyurem-Black|454/454","|-ability|p1a: Kyurem-Black|Teravolt","|turn|24","|","|move|p2a: Terrakion|Close Combat|p1a: Kyurem-Black","|-supereffective|p1a: Kyurem-Black","|-damage|p1a: Kyurem-Black|0 fnt","|-unboost|p2a: Terrakion|def|1","|-unboost|p2a: Terrakion|spd|1","|faint|p1a: Kyurem-Black","|","|","|switch|p1a: Hydreigon|Hydreigon, M|146/325","|turn|25","|","|move|p2a: Terrakion|Close Combat|p1a: Hydreigon","|-supereffective|p1a: Hydreigon","|-damage|p1a: Hydreigon|0 fnt","|-unboost|p2a: Terrakion|def|1","|-unboost|p2a: Terrakion|spd|1","|faint|p1a: Hydreigon","|","|win|iQuill"],"p1rating":{"entryid":"536720","serverid":"eos","formatid":"monotype","userid":"darthmalic","username":"Darth Malic","w":"1","l":1,"t":"0","gxe":48.5,"r":"1500","rd":"130","sigma":"0","rptime":"1440666000","rpr":1488.1069631031,"rprd":116.82466474788,"rpsigma":"0","acre":1028.7929866903,"lacre":1028.7929866903,"oldacre":"1048.4537883348"},"p2rating":{"entryid":"541843","serverid":"eos","formatid":"monotype","userid":"iquill","username":"iQuill","w":1,"l":"1","t":"0","gxe":49.5,"r":"1500","rd":"130","sigma":"0","rptime":"1440666000","rpr":1496.4161848508,"rprd":116.41594192823,"rpsigma":"0","acre":1045.5425618191,"lacre":1045.5425618191,"oldacre":"1000"},"endType":"normal"}