{"seed":[52957,50254,15675,50967],"turns":19,"p1":"Void~Pixie","p2":"GTX♅Jhulez","p1team":[{"name":"Cobalion","species":"Cobalion","item":"focussash","ability":"Justified","moves":["thunderwave","taunt","ironhead","stealthrock"],"nature":"Jolly","evs":{"hp":252,"atk":4,"def":0,"spa":0,"spd":0,"spe":252},"ivs":{"hp":31,"atk":31,"def":31,"spa":31,"spd":31,"spe":31}},{"name":"Terrakion","species":"Terrakion","item":"choicescarf","ability":"Justified","moves":["closecombat","earthquake","ironhead","rockslide"],"nature":"Jolly","evs":{"hp":0,"atk":252,"def":0,"spa":0,"spd":4,"spe":252},"ivs":{"hp":31,"atk":31,"def":31,"spa":31,"spd":31,"spe":31}},{"name":"Keldeo","species":"Keldeo","item":"choicespecs","ability":"Justified","moves":["scald","icywind","secretsword","hydropump"],"nature":"Timid","evs":{"hp":0,"atk":0,"def":0,"spa":252,"spd":4,"spe":252},"ivs":{"hp":31,"atk":30,"def":30,"spa":31,"spd":31,"spe":31}},{"name":"Hawlucha","species":"Hawlucha","item":"powerherb","ability":"Unburden","moves":["skyattack","acrobatics","highjumpkick","swordsdance"],"nature":"Adamant","evs":{"hp":0,"atk":252,"def":0,"spa":0,"spd":4,"spe":252},"ivs":{"hp":31,"atk":31,"def":31,"spa":31,"spd":31,"spe":31}},{"name":"Pangoro","species":"Pangoro","item":"assaultvest","ability":"Scrappy","moves":["circlethrow","crunch","knockoff","ironhead"],"nature":"Adamant","evs":{"hp":248,"atk":252,"def":0,"spa":0,"spd":8,"spe":0},"ivs":{"hp":31,"atk":31,"def":31,"spa":31,"spd":31,"spe":31}},{"name":"Medicham","species":"Medicham","item":"medichamite","ability":"Pure Power","moves":["bulletpunch","fakeout","psychocut","highjumpkick"],"nature":"Jolly","evs":{"hp":0,"atk":252,"def":0,"spa":0,"spd":4,"spe":252},"ivs":{"hp":31,"atk":31,"def":31,"spa":31,"spd":31,"spe":31}}],"p2team":[{"name":"Hippowdon","species":"Hippowdon","item":"leftovers","ability":"Sand Stream","moves":["slackoff","stealthrock","whirlwind","earthquake"],"nature":"Impish","evs":{"hp":252,"atk":4,"def":252,"spa":0,"spd":0,"spe":0},"ivs":{"hp":31,"atk":31,"def":31,"spa":31,"spd":31,"spe":31}},{"name":"Landorus","species":"Landorus","item":"lifeorb","ability":"Sheer Force","moves":["gravity","earthpower","focusblast","grassknot"],"nature":"Timid","evs":{"hp":0,"atk":0,"def":0,"spa":252,"spd":4,"spe":252},"ivs":{"hp":31,"atk":31,"def":31,"spa":31,"spd":31,"spe":31}},{"name":"Gastrodon","species":"Gastrodon","item":"leftovers","ability":"Storm Drain","moves":["recover","icebeam","scald","toxic"],"nature":"Calm","evs":{"hp":252,"atk":0,"def":0,"spa":4,"spd":252,"spe":0},"ivs":{"hp":31,"atk":31,"def":31,"spa":31,"spd":31,"spe":31}},{"name":"Garchomp","species":"Garchomp","item":"garchompite","ability":"Rough Skin","moves":["earthpower","dracometeor","fireblast","stoneedge"],"nature":"Naive","evs":{"hp":0,"atk":4,"def":0,"spa":252,"spd":0,"spe":252},"ivs":{"hp":31,"atk":31,"def":31,"spa":31,"spd":31,"spe":31}},{"name":"Mamoswine","species":"Mamoswine","item":"lifeorb","ability":"Thick Fat","moves":["iceshard","iciclecrash","earthquake","rockslide"],"nature":"Jolly","evs":{"hp":0,"atk":252,"def":0,"spa":0,"spd":4,"spe":252},"ivs":{"hp":31,"atk":31,"def":31,"spa":31,"spd":31,"spe":31}},{"name":"Excadrill","species":"Excadrill","item":"choicescarf","ability":"Sand Rush","moves":["earthquake","ironhead","rockslide","poisonjab"],"nature":"Jolly","evs":{"hp":0,"atk":252,"def":0,"spa":0,"spd":4,"spe":252},"ivs":{"hp":31,"atk":31,"def":31,"spa":31,"spd":31,"spe":31}}],"log":["|player|p1|Void~Pixie|138","|player|p2|GTX♅Jhulez|29","|gametype|singles","|gen|6","|tier|Monotype","|rated","|rule|Baton Pass Clause: Limit one Baton Passer, can't pass Spe and other stats simultaneously","|rule|Swagger Clause: Swagger is banned","|rule|Same Type Clause: Pokémon in a team must share a type","|clearpoke","|poke|p1|Cobalion","|poke|p1|Terrakion","|poke|p1|Keldeo","|poke|p1|Hawlucha, F","|poke|p1|Pangoro, F","|poke|p1|Medicham, F","|poke|p2|Hippowdon, F","|poke|p2|Landorus, M","|poke|p2|Gastrodon, M","|poke|p2|Garchomp, M","|poke|p2|Mamoswine, M","|poke|p2|Excadrill, M","|rule|Sleep Clause Mod: Limit one foe put to sleep","|rule|Species Clause: Limit one of each Pokémon","|rule|OHKO Clause: OHKO moves are banned","|rule|Moody Clause: Moody is banned","|rule|Evasion Moves Clause: Evasion moves are banned","|rule|Endless Battle Clause: Forcing endless battles is banned","|rule|HP Percentage Mod: HP is shown in percentages","|teampreview","|","|start","|switch|p1a: Cobalion|Cobalion|386/386","|switch|p2a: Landorus|Landorus, M|319/319","|turn|1","|","|move|p1a: Cobalion|Stealth Rock|p2a: Landorus","|-sidestart|p2: GTX♅Jhulez|move: Stealth Rock","|move|p2a: Landorus|Earth Power|p1a: Cobalion","|-supereffective|p1a: Cobalion","|-enditem|p1a: Cobalion|Focus Sash","|-damage|p1a: Cobalion|1/386","|","|turn|2","|","|move|p1a: Cobalion|Taunt|p2a: Landorus","|-start|p2a: Landorus|move: Taunt","|move|p2a: Landorus|Grass Knot|p1a: Cobalion","|-resisted|p1a: Cobalion","|-damage|p1a: Cobalion|0 fnt","|-damage|p2a: Landorus|288/319|[from] item: Life Orb","|faint|p1a: Cobalion","|","|","|switch|p1a: Keldeo|Keldeo|323/323","|turn|3","|","|switch|p2a: Gastrodon|Gastrodon, M|426/426","|-damage|p2a: Gastrodon|400/426|[from] Stealth Rock","|move|p1a: Keldeo|Icy Wind|p2a: Gastrodon","|-damage|p2a: Gastrodon|322/426","|-unboost|p2a: Gastrodon|spe|1","|","|-heal|p2a: Gastrodon|348/426|[from] item: Leftovers","|turn|4","|","|switch|p1a: Pangoro|Pangoro, F|393/393","|move|p2a: Gastrodon|Toxic|p1a: Pangoro","|-status|p1a: Pangoro|tox","|","|-heal|p2a: Gastrodon|374/426|[from] item: Leftovers","|-damage|p1a: Pangoro|369/393 tox|[from] psn","|turn|5","|","|switch|p2a: Hippowdon|Hippowdon, F|420/420","|-damage|p2a: Hippowdon|394/420|[from] Stealth Rock","|-weather|Sandstorm","|move|p1a: Pangoro|Knock Off|p2a: Hippowdon","|-damage|p2a: Hippowdon|265/420","|-enditem|p2a: Hippowdon|Leftovers|[from] move: Knock Off|[of] p1a: Pangoro","|","|-weather|Sandstorm|[upkeep]","|-damage|p1a: Pangoro|345/393 tox|[from] sandstorm","|-damage|p1a: Pangoro|297/393 tox|[from] psn","|turn|6","|","|move|p1a: Pangoro|Crunch|p2a: Hippowdon","|-crit|p2a: Hippowdon","|-damage|p2a: Hippowdon|129/420","|move|p2a: Hippowdon|Stealth Rock|p1a: Pangoro","|-sidestart|p1: Void~Pixie|move: Stealth Rock","|","|-weather|Sandstorm|[upkeep]","|-damage|p1a: Pangoro|273/393 tox|[from] sandstorm","|-damage|p1a: Pangoro|201/393 tox|[from] psn","|turn|7","|","|move|p2a: Hippowdon|Slack Off|p2a: Hippowdon","|-heal|p2a: Hippowdon|339/420","|move|p1a: Pangoro|Circle Throw|p2a: Hippowdon","|-damage|p2a: Hippowdon|264/420","|drag|p2a: Gastrodon|Gastrodon, M|374/426","|-damage|p2a: Gastrodon|348/426|[from] Stealth Rock","|","|-weather|Sandstorm|[upkeep]","|-damage|p1a: Pangoro|177/393 tox|[from] sandstorm","|-heal|p2a: Gastrodon|374/426|[from] item: Leftovers","|-damage|p1a: Pangoro|81/393 tox|[from] psn","|turn|8","|","|move|p1a: Pangoro|Knock Off|p2a: Gastrodon","|-damage|p2a: Gastrodon|124/426","|-enditem|p2a: Gastrodon|Leftovers|[from] move: Knock Off|[of] p1a: Pangoro","|move|p2a: Gastrodon|Scald|p1a: Pangoro","|-damage|p1a: Pangoro|0 fnt","|faint|p1a: Pangoro","|","|-weather|Sandstorm|[upkeep]","|","|switch|p1a: Hawlucha|Hawlucha, F|297/297","|-damage|p1a: Hawlucha|260/297|[from] Stealth Rock","|turn|9","|","|move|p1a: Hawlucha|Sky Attack|p2a: Gastrodon|[still]|[miss]","|-prepare|p1a: Hawlucha|Sky Attack|p2a: Gastrodon","|-enditem|p1a: Hawlucha|Power Herb","|-anim|p1a: Hawlucha|Sky Attack|p2a: Gastrodon","|-miss|p1a: Hawlucha|p2a: Gastrodon","|move|p2a: Gastrodon|Scald|p1a: Hawlucha","|-damage|p1a: Hawlucha|125/297","|-status|p1a: Hawlucha|brn","|","|-weather|none","|-damage|p1a: Hawlucha|88/297 brn|[from] brn","|turn|10","|","|move|p1a: Hawlucha|Acrobatics|p2a: Gastrodon","|-damage|p2a: Gastrodon|14/426","|move|p2a: Gastrodon|Recover|p2a: Gastrodon","|-heal|p2a: Gastrodon|227/426","|","|-damage|p1a: Hawlucha|51/297 brn|[from] brn","|turn|11","|","|move|p1a: Hawlucha|Swords Dance|p1a: Hawlucha","|-boost|p1a: Hawlucha|atk|2","|move|p2a: Gastrodon|Recover|p2a: Gastrodon","|-heal|p2a: Gastrodon|426/426","|","|-damage|p1a: Hawlucha|14/297 brn|[from] brn","|turn|12","|","|move|p1a: Hawlucha|Acrobatics|p2a: Gastrodon","|-damage|p2a: Gastrodon|185/426","|move|p2a: Gastrodon|Recover|p2a: Gastrodon","|-heal|p2a: Gastrodon|398/426","|","|-damage|p1a: Hawlucha|0 fnt|[from] brn","|faint|p1a: Hawlucha","|","|switch|p1a: Medicham|Medicham, F|261/261","|-damage|p1a: Medicham|245/261|[from] Stealth Rock","|turn|13","|","|switch|p2a: Hippowdon|Hippowdon, F|264/420","|-damage|p2a: Hippowdon|238/420|[from] Stealth Rock","|-weather|Sandstorm","|detailschange|p1a: Medicham|Medicham-Mega, F","|-mega|p1a: Medicham|Medicham|Medichamite","|move|p1a: Medicham|Fake Out|p2a: Hippowdon","|-damage|p2a: Hippowdon|190/420","|","|-weather|Sandstorm|[upkeep]","|-damage|p1a: Medicham|229/261|[from] sandstorm","|turn|14","|","|move|p1a: Medicham|High Jump Kick|p2a: Hippowdon","|-damage|p2a: Hippowdon|0 fnt","|faint|p2a: Hippowdon","|","|-weather|Sandstorm|[upkeep]","|-damage|p1a: Medicham|213/261|[from] sandstorm","|","|switch|p2a: Excadrill|Excadrill, M|361/361","|-damage|p2a: Excadrill|350/361|[from] Stealth Rock","|turn|15","|","|move|p2a: Excadrill|Earthquake|p1a: Medicham","|-damage|p1a: Medicham|0 fnt","|faint|p1a: Medicham","|","|-weather|Sandstorm|[upkeep]","|","|switch|p1a: Keldeo|Keldeo|323/323","|-damage|p1a: Keldeo|303/323|[from] Stealth Rock","|turn|16","|","|move|p2a: Excadrill|Earthquake|p1a: Keldeo","|-damage|p1a: Keldeo|107/323","|move|p1a: Keldeo|Secret Sword|p2a: Excadrill","|-supereffective|p2a: Excadrill","|-damage|p2a: Excadrill|0 fnt","|faint|p2a: Excadrill","|","|-weather|Sandstorm|[upkeep]","|-damage|p1a: Keldeo|87/323|[from] sandstorm","|","|switch|p2a: Landorus|Landorus, M|288/319","|-damage|p2a: Landorus|249/319|[from] Stealth Rock","|turn|17","|","|move|p1a: Keldeo|Secret Sword|p2a: Landorus","|-resisted|p2a: Landorus","|-damage|p2a: Landorus|120/319","|move|p2a: Landorus|Grass Knot|p1a: Keldeo","|-supereffective|p1a: Keldeo","|-damage|p1a: Keldeo|0 fnt","|-damage|p2a: Landorus|89/319|[from] item: Life Orb","|faint|p1a: Keldeo","|","|-weather|none","|","|switch|p1a: Terrakion|Terrakion|323/323","|-damage|p1a: Terrakion|303/323|[from] Stealth Rock","|turn|18","|","|move|p1a: Terrakion|Close Combat|p2a: Landorus","|-resisted|p2a: Landorus","|-damage|p2a: Landorus|0 fnt","|-unboost|p1a: Terrakion|def|1","|-unboost|p1a: Terrakion|spd|1","|faint|p2a: Landorus","|","|","|switch|p2a: Garchomp|Garchomp, M|357/357","|-damage|p2a: Garchomp|335/357|[from] Stealth Rock","|turn|19","|","|detailschange|p2a: Garchomp|Garchomp-Mega, M","|-mega|p2a: Garchomp|Garchomp|Garchompite","|move|p1a: Terrakion|Close Combat|p2a: Garchomp","|-damage|p2a: Garchomp|155/357","|-unboost|p1a: Terrakion|def|1","|-unboost|p1a: Terrakion|spd|1","|move|p2a: Garchomp|Earth Power|p1a: Terrakion","|-supereffective|p1a: Terrakion","|-damage|p1a: Terrakion|0 fnt","|faint|p1a: Terrakion","|","|win|GTX♅Jhulez"],"p1rating":{"entryid":"271156","serverid":"eos","formatid":"monotype","userid":"voidpixie","username":"Void~Pixie","w":"27","l":17,"t":"0","gxe":58.1,"r":"1570.0567762912","rd":"51.881902503038","sigma":"0","rptime":"1440666000","rpr":1562.3966271957,"rprd":51.377212252551,"rpsigma":"0","acre":1188.2330367512,"lacre":1188.2330367512,"oldacre":"1224.2304472219"},"p2rating":{"entryid":"480255","serverid":"eos","formatid":"monotype","userid":"gtxjhulez","username":"GTX♅Jhulez","w":3,"l":"2","t":"0","gxe":56.2,"r":"1544.6062529388","rd":"110.99273132277","sigma":"0","rptime":"1440666000","rpr":1548.6541779305,"rprd":101.4990741856,"rpsigma":"0","acre":1104.7977366908,"lacre":1104.7977366908,"oldacre":"1060.2052863745"},"endType":"normal"}