{"seed":[8906,27691,62206,41574],"turns":24,"p1":"Crystl Sabo","p2":"iQuill","p1team":[{"name":"Cradily","species":"Cradily","item":"leftovers","ability":"Storm Drain","moves":["stockpile","recover","toxic","gigadrain"],"nature":"Calm","evs":{"hp":236,"atk":0,"def":0,"spa":40,"spd":232,"spe":0},"shiny":true,"ivs":{"hp":31,"atk":31,"def":31,"spa":31,"spd":31,"spe":31}},{"name":"Rhydon","species":"Rhydon","item":"eviolite","ability":"Rock Head","moves":["swordsdance","avalanche","stoneedge","firepunch"],"nature":"Relaxed","evs":{"hp":248,"atk":0,"def":8,"spa":0,"spd":252,"spe":0},"ivs":{"hp":31,"atk":31,"def":31,"spa":31,"spd":31,"spe":1},"shiny":true},{"name":"Tyranitar","species":"Tyranitar","item":"choicescarf","ability":"Sand Stream","moves":["stoneedge","icebeam","fireblast","earthquake"],"nature":"Naive","evs":{"hp":0,"atk":0,"def":0,"spa":252,"spd":0,"spe":252},"ivs":{"hp":31,"atk":30,"def":31,"spa":30,"spd":31,"spe":31},"shiny":true},{"name":"Aerodactyl","species":"Aerodactyl","item":"aerodactylite","ability":"Pressure","moves":["stoneedge","earthquake","aerialace","taunt"],"nature":"Jolly","evs":{"hp":0,"atk":252,"def":0,"spa":0,"spd":4,"spe":252},"ivs":{"hp":31,"atk":31,"def":31,"spa":31,"spd":31,"spe":31}},{"name":"Terrakion","species":"Terrakion","item":"choicescarf","ability":"Justified","moves":["earthquake","closecombat","stoneedge","poisonjab"],"nature":"Jolly","evs":{"hp":0,"atk":252,"def":0,"spa":0,"spd":4,"spe":252},"shiny":true,"ivs":{"hp":31,"atk":31,"def":31,"spa":31,"spd":31,"spe":31}},{"name":"Omastar","species":"Omastar","item":"focussash","ability":"Weak Armor","moves":["shellsmash","hydropump","icebeam","hiddenpowergrass"],"nature":"Rash","evs":{"hp":0,"atk":4,"def":0,"spa":252,"spd":0,"spe":252},"ivs":{"hp":31,"atk":30,"def":31,"spa":30,"spd":31,"spe":31}}],"p2team":[{"name":"Aggron","species":"Aggron","item":"aggronite","ability":"Sturdy","moves":["heavyslam","curse","rest","sleeptalk"],"nature":"Impish","evs":{"hp":252,"atk":0,"def":16,"spa":0,"spd":240,"spe":0},"shiny":true,"ivs":{"hp":31,"atk":31,"def":31,"spa":31,"spd":31,"spe":31}},{"name":"Aerodactyl","species":"Aerodactyl","item":"focussash","ability":"Rock Head","moves":["aerialace","honeclaws","stoneedge","firefang"],"nature":"Jolly","evs":{"hp":0,"atk":252,"def":0,"spa":0,"spd":4,"spe":252},"ivs":{"hp":31,"atk":31,"def":31,"spa":31,"spd":31,"spe":31}},{"name":"Cradily","species":"Cradily","item":"rockyhelmet","ability":"Storm Drain","moves":["gigadrain","stockpile","recover","toxic"],"nature":"Calm","evs":{"hp":44,"atk":0,"def":216,"spa":48,"spd":140,"spe":60},"ivs":{"hp":31,"atk":31,"def":31,"spa":31,"spd":31,"spe":31}},{"name":"Tyranitar","species":"Tyranitar","item":"assaultvest","ability":"Sand Stream","moves":["fireblast","crunch","earthquake","stoneedge"],"nature":"Naughty","evs":{"hp":252,"atk":152,"def":0,"spa":104,"spd":0,"spe":0},"ivs":{"hp":31,"atk":31,"def":31,"spa":31,"spd":31,"spe":31}},{"name":"Terrakion","species":"Terrakion","item":"choicescarf","ability":"Justified","moves":["closecombat","earthquake","ironhead","stoneedge"],"nature":"Jolly","evs":{"hp":0,"atk":252,"def":0,"spa":0,"spd":4,"spe":252},"ivs":{"hp":31,"atk":31,"def":31,"spa":31,"spd":31,"spe":31}},{"name":"Omastar","species":"Omastar","item":"focussash","ability":"Shell Armor","moves":["shellsmash","icebeam","surf","earthpower"],"nature":"Modest","evs":{"hp":0,"atk":0,"def":0,"spa":252,"spd":4,"spe":252},"ivs":{"hp":31,"atk":31,"def":31,"spa":31,"spd":31,"spe":31}}],"log":["|player|p1|Crystl Sabo|crystlsabo.png","|player|p2|iQuill|65","|gametype|singles","|gen|6","|tier|Monotype","|rated","|rule|Baton Pass Clause: Limit one Baton Passer, can't pass Spe and other stats simultaneously","|rule|Swagger Clause: Swagger is banned","|rule|Same Type Clause: Pokémon in a team must share a type","|clearpoke","|poke|p1|Cradily, M, shiny","|poke|p1|Rhydon, F, shiny","|poke|p1|Tyranitar, M, shiny","|poke|p1|Aerodactyl, F","|poke|p1|Terrakion, shiny","|poke|p1|Omastar, M","|poke|p2|Aggron, M, shiny","|poke|p2|Aerodactyl, M","|poke|p2|Cradily, M","|poke|p2|Tyranitar, F","|poke|p2|Terrakion","|poke|p2|Omastar, F","|rule|Sleep Clause Mod: Limit one foe put to sleep","|rule|Species Clause: Limit one of each Pokémon","|rule|OHKO Clause: OHKO moves are banned","|rule|Moody Clause: Moody is banned","|rule|Evasion Moves Clause: Evasion moves are banned","|rule|Endless Battle Clause: Forcing endless battles is banned","|rule|HP Percentage Mod: HP is shown in percentages","|teampreview","|","|start","|switch|p1a: Aerodactyl|Aerodactyl, F|301/301","|switch|p2a: Omastar|Omastar, F|281/281","|-ability|p1a: Aerodactyl|Pressure","|turn|1","|","|detailschange|p1a: Aerodactyl|Aerodactyl-Mega, F","|-mega|p1a: Aerodactyl|Aerodactyl|Aerodactylite","|move|p1a: Aerodactyl|Taunt|p2a: Omastar","|-start|p2a: Omastar|move: Taunt","|cant|p2a: Omastar|move: Taunt|Shell Smash","|","|turn|2","|","|switch|p1a: Cradily|Cradily, M, shiny|372/372","|move|p2a: Omastar|Surf|p1a: Cradily","|-boost|p1a: Cradily|spa|1|[from] ability: Storm Drain","|","|turn|3","|","|switch|p2a: Tyranitar|Tyranitar, F|404/404","|-weather|Sandstorm","|move|p1a: Cradily|Stockpile|p1a: Cradily","|-start|p1a: Cradily|stockpile1","|-boost|p1a: Cradily|def|1","|-boost|p1a: Cradily|spd|1","|","|-weather|Sandstorm|[upkeep]","|turn|4","|","|move|p2a: Tyranitar|Crunch|p1a: Cradily","|-damage|p1a: Cradily|273/372","|move|p1a: Cradily|Giga Drain|p2a: Tyranitar","|-supereffective|p2a: Tyranitar","|-damage|p2a: Tyranitar|296/404","|-heal|p1a: Cradily|327/372|[from] drain|[of] p2a: Tyranitar","|","|-weather|Sandstorm|[upkeep]","|-heal|p1a: Cradily|350/372|[from] item: Leftovers","|turn|5","|","|move|p2a: Tyranitar|Earthquake|p1a: Cradily","|-damage|p1a: Cradily|271/372","|move|p1a: Cradily|Giga Drain|p2a: Tyranitar","|-supereffective|p2a: Tyranitar","|-damage|p2a: Tyranitar|174/404","|-heal|p1a: Cradily|332/372|[from] drain|[of] p2a: Tyranitar","|","|-weather|Sandstorm|[upkeep]","|-heal|p1a: Cradily|355/372|[from] item: Leftovers","|turn|6","|","|move|p2a: Tyranitar|Stone Edge|p1a: Cradily","|-damage|p1a: Cradily|235/372","|move|p1a: Cradily|Giga Drain|p2a: Tyranitar","|-supereffective|p2a: Tyranitar","|-damage|p2a: Tyranitar|54/404","|-heal|p1a: Cradily|295/372|[from] drain|[of] p2a: Tyranitar","|","|-weather|Sandstorm|[upkeep]","|-heal|p1a: Cradily|318/372|[from] item: Leftovers","|turn|7","|","|move|p2a: Tyranitar|Crunch|p1a: Cradily","|-damage|p1a: Cradily|215/372","|move|p1a: Cradily|Giga Drain|p2a: Tyranitar","|-supereffective|p2a: Tyranitar","|-damage|p2a: Tyranitar|0 fnt","|-heal|p1a: Cradily|242/372|[from] drain|[of] p2a: Tyranitar","|faint|p2a: Tyranitar","|","|-weather|none","|-heal|p1a: Cradily|265/372|[from] item: Leftovers","|","|switch|p2a: Aggron|Aggron, M, shiny|344/344","|turn|8","|","|switch|p1a: Omastar|Omastar, M|281/281","|detailschange|p2a: Aggron|Aggron-Mega, M, shiny","|-mega|p2a: Aggron|Aggron|Aggronite","|move|p2a: Aggron|Heavy Slam|p1a: Omastar","|-damage|p1a: Omastar|115/281","|-unboost|p1a: Omastar|def|1|[from] ability: Weak Armor","|-boost|p1a: Omastar|spe|1|[from] ability: Weak Armor","|","|turn|9","|","|move|p1a: Omastar|Ice Beam|p2a: Aggron","|-resisted|p2a: Aggron","|-damage|p2a: Aggron|293/344","|move|p2a: Aggron|Heavy Slam|p1a: Omastar","|-damage|p1a: Omastar|0 fnt","|faint|p1a: Omastar","|","|","|switch|p1a: Rhydon|Rhydon, F, shiny|413/413","|turn|10","|","|move|p2a: Aggron|Curse|p2a: Aggron","|-unboost|p2a: Aggron|spe|1","|-boost|p2a: Aggron|atk|1","|-boost|p2a: Aggron|def|1","|move|p1a: Rhydon|Swords Dance|p1a: Rhydon","|-boost|p1a: Rhydon|atk|2","|","|turn|11","|","|move|p2a: Aggron|Curse|p2a: Aggron","|-unboost|p2a: Aggron|spe|1","|-boost|p2a: Aggron|atk|1","|-boost|p2a: Aggron|def|1","|move|p1a: Rhydon|Swords Dance|p1a: Rhydon","|-boost|p1a: Rhydon|atk|2","|","|turn|12","|","|move|p1a: Rhydon|Swords Dance|p1a: Rhydon","|-boost|p1a: Rhydon|atk|2","|move|p2a: Aggron|Curse|p2a: Aggron","|-unboost|p2a: Aggron|spe|1","|-boost|p2a: Aggron|atk|1","|-boost|p2a: Aggron|def|1","|","|turn|13","|","|move|p1a: Rhydon|Fire Punch|p2a: Aggron","|-crit|p2a: Aggron","|-supereffective|p2a: Aggron","|-damage|p2a: Aggron|20/344","|move|p2a: Aggron|Heavy Slam|p1a: Rhydon","|-supereffective|p1a: Rhydon","|-damage|p1a: Rhydon|77/413","|","|turn|14","|","|move|p1a: Rhydon|Fire Punch|p2a: Aggron","|-supereffective|p2a: Aggron","|-damage|p2a: Aggron|0 fnt","|faint|p2a: Aggron","|","|","|switch|p2a: Cradily|Cradily, M|324/324","|turn|15","|","|move|p2a: Cradily|Giga Drain|p1a: Rhydon","|-supereffective|p1a: Rhydon","|-damage|p1a: Rhydon|0 fnt","|faint|p1a: Rhydon","|","|","|switch|p1a: Terrakion|Terrakion, shiny|323/323","|turn|16","|","|switch|p1a: Cradily|Cradily, M, shiny|265/372","|move|p2a: Cradily|Giga Drain|p1a: Cradily","|-damage|p1a: Cradily|207/372","|","|-heal|p1a: Cradily|230/372|[from] item: Leftovers","|turn|17","|","|move|p2a: Cradily|Toxic|p1a: Cradily","|-status|p1a: Cradily|tox","|move|p1a: Cradily|Toxic|p2a: Cradily","|-status|p2a: Cradily|tox","|","|-heal|p1a: Cradily|253/372 tox|[from] item: Leftovers","|-damage|p2a: Cradily|304/324 tox|[from] psn","|-damage|p1a: Cradily|230/372 tox|[from] psn","|turn|18","|","|switch|p2a: Terrakion|Terrakion|323/323","|move|p1a: Cradily|Recover|p1a: Cradily","|-heal|p1a: Cradily|372/372 tox","|","|-damage|p1a: Cradily|326/372 tox|[from] psn","|turn|19","|","|move|p2a: Terrakion|Close Combat|p1a: Cradily","|-supereffective|p1a: Cradily","|-damage|p1a: Cradily|0 fnt","|-unboost|p2a: Terrakion|def|1","|-unboost|p2a: Terrakion|spd|1","|faint|p1a: Cradily","|","|","|switch|p1a: Terrakion|Terrakion, shiny|323/323","|turn|20","|","|switch|p2a: Cradily|Cradily, M|304/324 tox","|move|p1a: Terrakion|Close Combat|p2a: Cradily","|-supereffective|p2a: Cradily","|-damage|p2a: Cradily|0 fnt","|-damage|p1a: Terrakion|270/323|[from] item: Rocky Helmet|[of] p2a: Cradily","|-unboost|p1a: Terrakion|def|1","|-unboost|p1a: Terrakion|spd|1","|faint|p2a: Cradily","|","|","|switch|p2a: Omastar|Omastar, F|281/281","|turn|21","|","|switch|p1a: Aerodactyl|Aerodactyl-Mega, F|301/301","|move|p2a: Omastar|Surf|p1a: Aerodactyl","|-supereffective|p1a: Aerodactyl","|-damage|p1a: Aerodactyl|0 fnt","|faint|p1a: Aerodactyl","|","|","|switch|p1a: Tyranitar|Tyranitar, M, shiny|341/341","|-weather|Sandstorm","|turn|22","|","|move|p1a: Tyranitar|Stone Edge|p2a: Omastar","|-damage|p2a: Omastar|161/281","|move|p2a: Omastar|Shell Smash|p2a: Omastar","|-unboost|p2a: Omastar|def|1","|-unboost|p2a: Omastar|spd|1","|-boost|p2a: Omastar|atk|2","|-boost|p2a: Omastar|spa|2","|-boost|p2a: Omastar|spe|2","|","|-weather|Sandstorm|[upkeep]","|turn|23","|","|move|p2a: Omastar|Surf|p1a: Tyranitar","|-supereffective|p1a: Tyranitar","|-damage|p1a: Tyranitar|0 fnt","|faint|p1a: Tyranitar","|","|-weather|Sandstorm|[upkeep]","|","|switch|p1a: Terrakion|Terrakion, shiny|270/323","|turn|24","|","|move|p1a: Terrakion|Stone Edge|p2a: Omastar|[miss]","|-miss|p1a: Terrakion|p2a: Omastar","|move|p2a: Omastar|Surf|p1a: Terrakion","|-supereffective|p1a: Terrakion","|-damage|p1a: Terrakion|0 fnt","|faint|p1a: Terrakion","|","|win|iQuill"],"p1rating":{"entryid":"307070","serverid":"eos","formatid":"monotype","userid":"crystlsabo","username":"Crystl Sabo","w":"5","l":2,"t":"0","gxe":58,"r":"1547.8386792914","rd":"107.92606084293","sigma":"0","rptime":"1440666000","rpr":1563.2969530182,"rprd":96.787450744491,"rpsigma":"0","acre":1085.4973450157,"lacre":1085.4973450157,"oldacre":"1116.7306696159"},"p2rating":{"entryid":"541843","serverid":"eos","formatid":"monotype","userid":"iquill","username":"iQuill","w":2,"l":"2","t":"0","gxe":50.2,"r":"1500","rd":"130","sigma":"0","rptime":"1440666000","rpr":1501.7074423781,"rprd":106.50641640883,"rpsigma":"0","acre":1072.9197801715,"lacre":1072.9197801715,"oldacre":"1028.2383206148"},"endType":"normal"}