{"seed":[22921,9277,48916,64686],"turns":29,"p1":"Void Neo","p2":"Alliance-SeaHutch","p1team":[{"name":"Miller","species":"skarmory","item":"rockyhelmet","ability":"Sturdy","moves":["bravebird","stealthrock","whirlwind","roost"],"nature":"Impish","evs":{"hp":248,"atk":0,"def":252,"spa":0,"spd":0,"spe":8},"ivs":{"hp":31,"atk":31,"def":31,"spa":31,"spd":31,"spe":31}},{"name":"Andrea","species":"togekiss","item":"choicescarf","ability":"Serene Grace","moves":["airslash","dazzlinggleam","aurasphere","trick"],"nature":"Timid","evs":{"hp":4,"atk":0,"def":0,"spa":252,"spd":0,"spe":252},"ivs":{"hp":31,"atk":31,"def":31,"spa":31,"spd":31,"spe":31}},{"name":"Cyron","species":"zapdos","item":"leftovers","ability":"Pressure","moves":["discharge","heatwave","defog","roost"],"nature":"Calm","evs":{"hp":252,"atk":0,"def":0,"spa":4,"spd":252,"spe":0},"ivs":{"hp":31,"atk":31,"def":31,"spa":31,"spd":31,"spe":31}},{"name":"Ohnta","species":"gyarados","item":"leftovers","ability":"Moxie","moves":["dragondance","substitute","icefang","earthquake"],"nature":"Jolly","evs":{"hp":0,"atk":252,"def":0,"spa":0,"spd":4,"spe":252},"ivs":{"hp":31,"atk":31,"def":31,"spa":31,"spd":31,"spe":31}},{"name":"Rafique","species":"landorustherian","item":"choicescarf","ability":"Intimidate","moves":["uturn","earthquake","stoneedge","knockoff"],"nature":"Jolly","evs":{"hp":0,"atk":252,"def":0,"spa":0,"spd":4,"spe":252},"ivs":{"hp":31,"atk":31,"def":31,"spa":31,"spd":31,"spe":31}},{"name":"Shari","species":"dragonite","item":"choiceband","ability":"Multiscale","moves":["outrage","firepunch","brickbreak","extremespeed"],"nature":"Adamant","evs":{"hp":4,"atk":252,"def":0,"spa":0,"spd":0,"spe":252},"ivs":{"hp":31,"atk":31,"def":31,"spa":31,"spd":31,"spe":31}}],"p2team":[{"name":"Garchomp","species":"Garchomp","item":"rockyhelmet","ability":"Rough Skin","moves":["earthquake","dragontail","stealthrock","fireblast"],"nature":"Lax","evs":{"hp":252,"atk":0,"def":252,"spa":4,"spd":0,"spe":0},"ivs":{"hp":31,"atk":31,"def":31,"spa":31,"spd":31,"spe":31}},{"name":"Goodra","species":"Goodra","item":"assaultvest","ability":"Gooey","moves":["dragonpulse","fireblast","sludgebomb","earthquake"],"nature":"Mild","evs":{"hp":248,"atk":8,"def":0,"spa":252,"spd":0,"spe":0},"ivs":{"hp":31,"atk":31,"def":31,"spa":31,"spd":31,"spe":31}},{"name":"Latios","species":"Latios","item":"latiosite","ability":"Levitate","moves":["dracometeor","psyshock","energyball","earthquake"],"nature":"Hasty","evs":{"hp":0,"atk":4,"def":0,"spa":252,"spd":0,"spe":252},"ivs":{"hp":31,"atk":31,"def":31,"spa":31,"spd":31,"spe":31}},{"name":"Dragonite","species":"Dragonite","item":"choiceband","ability":"Multiscale","moves":["firepunch","dragonclaw","earthquake","extremespeed"],"nature":"Adamant","evs":{"hp":248,"atk":252,"def":0,"spa":0,"spd":8,"spe":0},"ivs":{"hp":31,"atk":31,"def":31,"spa":31,"spd":31,"spe":31}},{"name":"Kyurem-Black","species":"Kyurem-Black","item":"choicescarf","ability":"Teravolt","moves":["outrage","fusionbolt","icebeam","ironhead"],"nature":"Naive","evs":{"hp":0,"atk":252,"def":0,"spa":4,"spd":0,"spe":252},"ivs":{"hp":31,"atk":31,"def":31,"spa":31,"spd":31,"spe":31}},{"name":"Dragalge","species":"Dragalge","item":"choicespecs","ability":"Adaptability","moves":["dracometeor","dragonpulse","sludgebomb","focusblast"],"nature":"Modest","evs":{"hp":248,"atk":0,"def":0,"spa":252,"spd":8,"spe":0},"ivs":{"hp":31,"atk":31,"def":31,"spa":31,"spd":31,"spe":31}}],"log":["|player|p1|Void Neo|169","|player|p2|Alliance-SeaHutch|288","|gametype|singles","|gen|6","|tier|Monotype","|rated","|rule|Baton Pass Clause: Limit one Baton Passer, can't pass Spe and other stats simultaneously","|rule|Swagger Clause: Swagger is banned","|rule|Same Type Clause: Pokémon in a team must share a type","|clearpoke","|poke|p1|Skarmory, M","|poke|p1|Togekiss, F","|poke|p1|Zapdos","|poke|p1|Gyarados, M","|poke|p1|Landorus-Therian, M","|poke|p1|Dragonite, F","|poke|p2|Garchomp, F","|poke|p2|Goodra, M","|poke|p2|Latios, M","|poke|p2|Dragonite, M","|poke|p2|Kyurem-Black","|poke|p2|Dragalge, M","|rule|Sleep Clause Mod: Limit one foe put to sleep","|rule|Species Clause: Limit one of each Pokémon","|rule|OHKO Clause: OHKO moves are banned","|rule|Moody Clause: Moody is banned","|rule|Evasion Moves Clause: Evasion moves are banned","|rule|Endless Battle Clause: Forcing endless battles is banned","|rule|HP Percentage Mod: HP is shown in percentages","|teampreview","|","|start","|switch|p1a: Ohnta|Gyarados, M|331/331","|switch|p2a: Garchomp|Garchomp, F|420/420","|turn|1","|","|move|p1a: Ohnta|Dragon Dance|p1a: Ohnta","|-boost|p1a: Ohnta|atk|1","|-boost|p1a: Ohnta|spe|1","|move|p2a: Garchomp|Stealth Rock|p1a: Ohnta","|-sidestart|p1: Void Neo|move: Stealth Rock","|","|turn|2","|","|move|p1a: Ohnta|Ice Fang|p2a: Garchomp","|-supereffective|p2a: Garchomp","|-damage|p2a: Garchomp|68/420","|-damage|p1a: Ohnta|290/331|[from] ability: Rough Skin|[of] p2a: Garchomp","|-damage|p1a: Ohnta|235/331|[from] item: Rocky Helmet|[of] p2a: Garchomp","|move|p2a: Garchomp|Dragon Tail|p1a: Ohnta","|-damage|p1a: Ohnta|118/331","|drag|p1a: Cyron|Zapdos|384/384","|-damage|p1a: Cyron|288/384|[from] Stealth Rock","|-ability|p1a: Cyron|Pressure","|","|-heal|p1a: Cyron|312/384|[from] item: Leftovers","|turn|3","|","|switch|p2a: Goodra|Goodra, M|383/383","|move|p1a: Cyron|Defog|p2a: Goodra","|-unboost|p2a: Goodra|evasion|1","|-sideend|p1: Void Neo|Stealth Rock|[from] move: Defog|[of] p1a: Cyron","|","|-heal|p1a: Cyron|336/384|[from] item: Leftovers","|turn|4","|","|switch|p1a: Ohnta|Gyarados, M|118/331","|move|p2a: Goodra|Sludge Bomb|p1a: Ohnta","|-damage|p1a: Ohnta|17/331","|","|-heal|p1a: Ohnta|37/331|[from] item: Leftovers","|turn|5","|","|switch|p2a: Garchomp|Garchomp, F|68/420","|move|p1a: Ohnta|Ice Fang|p2a: Garchomp","|-supereffective|p2a: Garchomp","|-damage|p2a: Garchomp|0 fnt","|-damage|p1a: Ohnta|0 fnt|[from] ability: Rough Skin|[of] p2a: Garchomp","|faint|p1a: Ohnta","|faint|p2a: Garchomp","|","|","|switch|p1a: Rafique|Landorus-Therian, M|319/319","|switch|p2a: Dragalge|Dragalge, M|333/333","|-ability|p1a: Rafique|Intimidate","|-unboost|p2a: Dragalge|atk|1","|turn|6","|","|switch|p2a: Latios|Latios, M|301/301","|move|p1a: Rafique|U-turn|p2a: Latios","|-supereffective|p2a: Latios","|-damage|p2a: Latios|51/301","|","|switch|p1a: Shari|Dragonite, F|324/324","|","|turn|7","|","|detailschange|p2a: Latios|Latios-Mega, M","|-mega|p2a: Latios|Latios|Latiosite","|move|p1a: Shari|Extreme Speed|p2a: Latios","|-damage|p2a: Latios|0 fnt","|faint|p2a: Latios","|","|","|switch|p2a: Kyurem-Black|Kyurem-Black|391/391","|-ability|p2a: Kyurem-Black|Teravolt","|turn|8","|","|switch|p1a: Miller|Skarmory, M|333/333","|move|p2a: Kyurem-Black|Ice Beam|p1a: Miller","|-damage|p1a: Miller|180/333","|","|turn|9","|","|switch|p2a: Goodra|Goodra, M|383/383","|move|p1a: Miller|Roost|p1a: Miller","|-heal|p1a: Miller|333/333","|","|turn|10","|","|switch|p1a: Andrea|Togekiss, F|312/312","|move|p2a: Goodra|Fire Blast|p1a: Andrea","|-damage|p1a: Andrea|205/312","|","|turn|11","|","|move|p1a: Andrea|Dazzling Gleam|p2a: Goodra","|-crit|p2a: Goodra","|-supereffective|p2a: Goodra","|-damage|p2a: Goodra|173/383","|move|p2a: Goodra|Sludge Bomb|p1a: Andrea","|-supereffective|p1a: Andrea","|-damage|p1a: Andrea|19/312","|","|turn|12","|","|move|p1a: Andrea|Dazzling Gleam|p2a: Goodra","|-supereffective|p2a: Goodra","|-damage|p2a: Goodra|35/383","|move|p2a: Goodra|Sludge Bomb|p1a: Andrea","|-supereffective|p1a: Andrea","|-damage|p1a: Andrea|0 fnt","|faint|p1a: Andrea","|","|","|switch|p1a: Rafique|Landorus-Therian, M|319/319","|-ability|p1a: Rafique|Intimidate","|-unboost|p2a: Goodra|atk|1","|turn|13","|","|move|p1a: Rafique|U-turn|p2a: Goodra","|-damage|p2a: Goodra|0 fnt","|-unboost|p1a: Rafique|spe|1","|faint|p2a: Goodra","|","|switch|p1a: Miller|Skarmory, M|333/333","|","|","|switch|p2a: Dragonite|Dragonite, M|385/385","|turn|14","|","|move|p2a: Dragonite|Fire Punch|p1a: Miller","|-supereffective|p1a: Miller","|-damage|p1a: Miller|153/333","|-damage|p2a: Dragonite|321/385|[from] item: Rocky Helmet|[of] p1a: Miller","|-status|p1a: Miller|brn","|move|p1a: Miller|Stealth Rock|p2a: Dragonite","|-sidestart|p2: Alliance-SeaHutch|move: Stealth Rock","|","|-damage|p1a: Miller|112/333 brn|[from] brn","|turn|15","|","|switch|p1a: Rafique|Landorus-Therian, M|319/319","|-ability|p1a: Rafique|Intimidate","|-unboost|p2a: Dragonite|atk|1","|move|p2a: Dragonite|Fire Punch|p1a: Rafique","|-damage|p1a: Rafique|216/319","|","|turn|16","|","|switch|p2a: Dragalge|Dragalge, M|333/333","|-damage|p2a: Dragalge|292/333|[from] Stealth Rock","|move|p1a: Rafique|Knock Off|p2a: Dragalge","|-damage|p2a: Dragalge|159/333","|-enditem|p2a: Dragalge|Choice Specs|[from] move: Knock Off|[of] p1a: Rafique","|","|turn|17","|","|switch|p1a: Cyron|Zapdos|336/384","|-ability|p1a: Cyron|Pressure","|move|p2a: Dragalge|Draco Meteor|p1a: Cyron","|-damage|p1a: Cyron|110/384","|-unboost|p2a: Dragalge|spa|2","|","|-heal|p1a: Cyron|134/384|[from] item: Leftovers","|turn|18","|","|move|p1a: Cyron|Roost|p1a: Cyron","|-heal|p1a: Cyron|326/384","|move|p2a: Dragalge|Draco Meteor|p1a: Cyron","|-damage|p1a: Cyron|220/384","|-unboost|p2a: Dragalge|spa|2","|","|-heal|p1a: Cyron|244/384|[from] item: Leftovers","|turn|19","|","|move|p1a: Cyron|Roost|p1a: Cyron","|-heal|p1a: Cyron|384/384","|move|p2a: Dragalge|Sludge Bomb|p1a: Cyron","|-damage|p1a: Cyron|336/384","|","|-heal|p1a: Cyron|360/384|[from] item: Leftovers","|turn|20","|","|move|p1a: Cyron|Discharge|p2a: Dragalge","|-resisted|p2a: Dragalge","|-damage|p2a: Dragalge|116/333","|-status|p2a: Dragalge|par","|cant|p2a: Dragalge|par","|","|-heal|p1a: Cyron|384/384|[from] item: Leftovers","|turn|21","|","|move|p1a: Cyron|Discharge|p2a: Dragalge","|-resisted|p2a: Dragalge","|-damage|p2a: Dragalge|71/333 par","|move|p2a: Dragalge|Sludge Bomb|p1a: Cyron","|-damage|p1a: Cyron|336/384","|","|-heal|p1a: Cyron|360/384|[from] item: Leftovers","|turn|22","|","|move|p1a: Cyron|Discharge|p2a: Dragalge","|-resisted|p2a: Dragalge","|-damage|p2a: Dragalge|26/333 par","|move|p2a: Dragalge|Sludge Bomb|p1a: Cyron","|-damage|p1a: Cyron|314/384","|","|-heal|p1a: Cyron|338/384|[from] item: Leftovers","|turn|23","|","|move|p1a: Cyron|Discharge|p2a: Dragalge","|-resisted|p2a: Dragalge","|-damage|p2a: Dragalge|0 fnt","|faint|p2a: Dragalge","|","|-heal|p1a: Cyron|362/384|[from] item: Leftovers","|","|switch|p2a: Dragonite|Dragonite, M|321/385","|-damage|p2a: Dragonite|225/385|[from] Stealth Rock","|turn|24","|","|switch|p1a: Miller|Skarmory, M|112/333 brn","|move|p2a: Dragonite|Dragon Claw|p1a: Miller","|-resisted|p1a: Miller","|-damage|p1a: Miller|43/333 brn","|-damage|p2a: Dragonite|161/385|[from] item: Rocky Helmet|[of] p1a: Miller","|","|-damage|p1a: Miller|2/333 brn|[from] brn","|turn|25","|","|move|p2a: Dragonite|Dragon Claw|p1a: Miller","|-resisted|p1a: Miller","|-damage|p1a: Miller|0 fnt","|-damage|p2a: Dragonite|97/385|[from] item: Rocky Helmet|[of] p1a: Miller","|faint|p1a: Miller","|","|","|switch|p1a: Shari|Dragonite, F|324/324","|turn|26","|","|move|p1a: Shari|Extreme Speed|p2a: Dragonite","|-damage|p2a: Dragonite|0 fnt","|faint|p2a: Dragonite","|","|","|switch|p2a: Kyurem-Black|Kyurem-Black|391/391","|-damage|p2a: Kyurem-Black|294/391|[from] Stealth Rock","|-ability|p2a: Kyurem-Black|Teravolt","|turn|27","|","|move|p1a: Shari|Extreme Speed|p2a: Kyurem-Black","|-damage|p2a: Kyurem-Black|144/391","|move|p2a: Kyurem-Black|Ice Beam|p1a: Shari","|-supereffective|p1a: Shari","|-damage|p1a: Shari|0 fnt","|faint|p1a: Shari","|","|","|switch|p1a: Cyron|Zapdos|362/384","|-ability|p1a: Cyron|Pressure","|turn|28","|","|move|p2a: Kyurem-Black|Ice Beam|p1a: Cyron","|-supereffective|p1a: Cyron","|-damage|p1a: Cyron|186/384","|move|p1a: Cyron|Discharge|p2a: Kyurem-Black","|-resisted|p2a: Kyurem-Black","|-damage|p2a: Kyurem-Black|71/391","|","|-heal|p1a: Cyron|210/384|[from] item: Leftovers","|turn|29","|","|move|p2a: Kyurem-Black|Ice Beam|p1a: Cyron","|-supereffective|p1a: Cyron","|-damage|p1a: Cyron|12/384","|move|p1a: Cyron|Heat Wave|p2a: Kyurem-Black","|-damage|p2a: Kyurem-Black|0 fnt","|faint|p2a: Kyurem-Black","|","|win|Void Neo"],"p1rating":{"entryid":"413977","serverid":"eos","formatid":"monotype","userid":"voidneo","username":"Void Neo","w":15,"l":"2","t":"0","gxe":75.8,"r":"1637.5338330124","rd":"87.998646725071","sigma":"0","rptime":"1440666000","rpr":1719.7949582224,"rprd":75.375938698364,"rpsigma":"0","acre":1303.4607203786,"lacre":1303.4607203786,"oldacre":"1289.1462617508"},"p2rating":{"entryid":"541544","serverid":"eos","formatid":"monotype","userid":"allianceseahutch","username":"Alliance-SeaHutch","w":"3","l":2,"t":"0","gxe":58.5,"r":"1500","rd":"130","sigma":"0","rptime":"1440666000","rpr":1567.7208521339,"rprd":102.7622342668,"rpsigma":"0","acre":1116.1448583256,"lacre":1116.1448583256,"oldacre":"1130.4593169534"},"endType":"normal"}