{"seed":[26943,29724,57332,42963],"turns":24,"p1":"Nexus ⚡ Tyler","p2":"GL♅Reshiram","p1team":[{"name":"Mr. SweepYourTeam","species":"hawlucha","item":"sitrusberry","ability":"Unburden","moves":["substitute","acrobatics","highjumpkick","bulkup"],"nature":"Timid","evs":{"hp":0,"atk":252,"def":0,"spa":0,"spd":4,"spe":252},"ivs":{"hp":30,"atk":31,"def":31,"spa":31,"spd":31,"spe":31},"shiny":true},{"name":"Resolution","species":"keldeoresolute","item":"choicespecs","ability":"Justified","moves":["hydropump","secretsword","scald","hiddenpowerelectric"],"nature":"Timid","evs":{"hp":0,"atk":0,"def":0,"spa":252,"spd":4,"spe":252},"ivs":{"hp":31,"atk":31,"def":31,"spa":30,"spd":31,"spe":31}},{"name":"'Cham","species":"medicham","item":"medichamite","ability":"Pure Power","moves":["fakeout","psychocut","highjumpkick","icepunch"],"nature":"Jolly","evs":{"hp":0,"atk":252,"def":0,"spa":0,"spd":4,"spe":252},"ivs":{"hp":31,"atk":31,"def":31,"spa":31,"spd":31,"spe":31}},{"name":"Twobirdsonestone","species":"terrakion","item":"leftovers","ability":"Justified","moves":["closecombat","stoneedge","substitute","swordsdance"],"nature":"Jolly","evs":{"hp":0,"atk":252,"def":0,"spa":0,"spd":4,"spe":252},"ivs":{"hp":31,"atk":31,"def":31,"spa":31,"spd":31,"spe":31}},{"name":"The mighty Coba","species":"cobalion","item":"focussash","ability":"Justified","moves":["closecombat","ironhead","swordsdance","stoneedge"],"nature":"Jolly","evs":{"hp":4,"atk":252,"def":0,"spa":0,"spd":0,"spe":252},"ivs":{"hp":31,"atk":31,"def":31,"spa":31,"spd":31,"spe":31}},{"name":"BetterMachamp","species":"conkeldurr","item":"lifeorb","ability":"Guts","moves":["machpunch","bulkup","poisonjab","icepunch"],"nature":"Adamant","evs":{"hp":0,"atk":0,"def":0,"spa":0,"spd":8,"spe":0},"ivs":{"hp":31,"atk":31,"def":31,"spa":31,"spd":31,"spe":31}}],"p2team":[{"name":"Heatran","species":"Heatran","item":"leftovers","ability":"Flash Fire","moves":["lavaplume","toxic","taunt","stealthrock"],"nature":"Calm","evs":{"hp":248,"atk":0,"def":0,"spa":0,"spd":192,"spe":68},"ivs":{"hp":31,"atk":31,"def":31,"spa":31,"spd":31,"spe":31}},{"name":"Ninetales","species":"Ninetales","item":"focussash","ability":"Drought","moves":["nastyplot","fireblast","energyball","roar"],"nature":"Timid","evs":{"hp":0,"atk":0,"def":4,"spa":252,"spd":0,"spe":252},"ivs":{"hp":31,"atk":31,"def":31,"spa":31,"spd":31,"spe":31}},{"name":"Torkoal","species":"Torkoal","item":"leftovers","ability":"Shell Armor","moves":["protect","willowisp","clearsmog","rapidspin"],"nature":"Bold","evs":{"hp":252,"atk":0,"def":252,"spa":4,"spd":0,"spe":0},"ivs":{"hp":31,"atk":31,"def":31,"spa":31,"spd":31,"spe":31}},{"name":"Rotom-Heat","species":"Rotom-Heat","item":"lightclay","ability":"Levitate","moves":["voltswitch","painsplit","reflect","lightscreen"],"nature":"Timid","evs":{"hp":36,"atk":0,"def":0,"spa":0,"spd":220,"spe":252},"ivs":{"hp":31,"atk":31,"def":31,"spa":31,"spd":31,"spe":31}},{"name":"Infernape","species":"Infernape","item":"lifeorb","ability":"Iron Fist","moves":["swordsdance","flareblitz","closecombat","machpunch"],"nature":"Jolly","evs":{"hp":0,"atk":252,"def":0,"spa":0,"spd":4,"spe":252},"ivs":{"hp":31,"atk":31,"def":31,"spa":31,"spd":31,"spe":31}},{"name":"Charizard","species":"Charizard","item":"charizarditey","ability":"Blaze","moves":["fireblast","solarbeam","airslash","roost"],"nature":"Timid","evs":{"hp":0,"atk":0,"def":0,"spa":252,"spd":4,"spe":252},"ivs":{"hp":31,"atk":31,"def":31,"spa":31,"spd":31,"spe":31}}],"log":["|player|p1|Nexus ⚡ Tyler|145","|player|p2|GL♅Reshiram|163","|gametype|singles","|gen|6","|tier|Monotype","|rated","|rule|Baton Pass Clause: Limit one Baton Passer, can't pass Spe and other stats simultaneously","|rule|Swagger Clause: Swagger is banned","|rule|Same Type Clause: Pokémon in a team must share a type","|clearpoke","|poke|p1|Hawlucha, M, shiny","|poke|p1|Keldeo-Resolute","|poke|p1|Medicham, M","|poke|p1|Terrakion","|poke|p1|Cobalion","|poke|p1|Conkeldurr, F","|poke|p2|Heatran, F","|poke|p2|Ninetales, M","|poke|p2|Torkoal, F","|poke|p2|Rotom-Heat","|poke|p2|Infernape, F","|poke|p2|Charizard, F","|rule|Sleep Clause Mod: Limit one foe put to sleep","|rule|Species Clause: Limit one of each Pokémon","|rule|OHKO Clause: OHKO moves are banned","|rule|Moody Clause: Moody is banned","|rule|Evasion Moves Clause: Evasion moves are banned","|rule|Endless Battle Clause: Forcing endless battles is banned","|rule|HP Percentage Mod: HP is shown in percentages","|teampreview","|","|start","|switch|p1a: Mr. SweepYourTeam|Hawlucha, M, shiny|296/296","|switch|p2a: Rotom-Heat|Rotom-Heat|250/250","|turn|1","|","|move|p1a: Mr. SweepYourTeam|Substitute|p1a: Mr. SweepYourTeam","|-start|p1a: Mr. SweepYourTeam|Substitute","|-damage|p1a: Mr. SweepYourTeam|222/296","|move|p2a: Rotom-Heat|Reflect|p2a: Rotom-Heat","|-sidestart|p2: GL♅Reshiram|Reflect","|","|turn|2","|","|move|p1a: Mr. SweepYourTeam|Bulk Up|p1a: Mr. SweepYourTeam","|-boost|p1a: Mr. SweepYourTeam|atk|1","|-boost|p1a: Mr. SweepYourTeam|def|1","|move|p2a: Rotom-Heat|Volt Switch|p1a: Mr. SweepYourTeam","|-supereffective|p1a: Mr. SweepYourTeam","|-end|p1a: Mr. SweepYourTeam|Substitute","|","|switch|p2a: Ninetales|Ninetales, M|287/287","|-weather|SunnyDay","|","|-weather|SunnyDay|[upkeep]","|turn|3","|","|move|p1a: Mr. SweepYourTeam|Substitute|p1a: Mr. SweepYourTeam","|-start|p1a: Mr. SweepYourTeam|Substitute","|-damage|p1a: Mr. SweepYourTeam|148/296","|-enditem|p1a: Mr. SweepYourTeam|Sitrus Berry|[eat]","|-heal|p1a: Mr. SweepYourTeam|222/296|[from] item: Sitrus Berry","|move|p2a: Ninetales|Fire Blast|p1a: Mr. SweepYourTeam","|-crit|p1a: Mr. SweepYourTeam","|-end|p1a: Mr. SweepYourTeam|Substitute","|","|-weather|SunnyDay|[upkeep]","|turn|4","|","|move|p1a: Mr. SweepYourTeam|High Jump Kick|p2a: Ninetales","|-damage|p2a: Ninetales|125/287","|move|p2a: Ninetales|Fire Blast|p1a: Mr. SweepYourTeam","|-damage|p1a: Mr. SweepYourTeam|0 fnt","|faint|p1a: Mr. SweepYourTeam","|","|-weather|SunnyDay|[upkeep]","|","|switch|p1a: 'Cham|Medicham, M|261/261","|turn|5","|","|detailschange|p1a: 'Cham|Medicham-Mega, M","|-mega|p1a: 'Cham|Medicham|Medichamite","|move|p1a: 'Cham|Fake Out|p2a: Ninetales","|-damage|p2a: Ninetales|75/287","|cant|p2a: Ninetales|flinch","|","|-weather|SunnyDay|[upkeep]","|turn|6","|","|move|p2a: Ninetales|Fire Blast|p1a: 'Cham","|-damage|p1a: 'Cham|27/261","|move|p1a: 'Cham|Psycho Cut|p2a: Ninetales","|-damage|p2a: Ninetales|0 fnt","|faint|p2a: Ninetales","|","|-weather|none","|","|switch|p2a: Rotom-Heat|Rotom-Heat|250/250","|turn|7","|","|move|p1a: 'Cham|High Jump Kick|p2a: Rotom-Heat","|-damage|p2a: Rotom-Heat|64/250","|move|p2a: Rotom-Heat|Volt Switch|p1a: 'Cham","|-damage|p1a: 'Cham|0 fnt","|faint|p1a: 'Cham","|","|switch|p2a: Heatran|Heatran, F|385/385","|","|","|switch|p1a: BetterMachamp|Conkeldurr, F|351/351","|turn|8","|","|move|p2a: Heatran|Toxic|p1a: BetterMachamp","|-status|p1a: BetterMachamp|tox","|move|p1a: BetterMachamp|Bulk Up|p1a: BetterMachamp","|-boost|p1a: BetterMachamp|atk|1","|-boost|p1a: BetterMachamp|def|1","|","|-damage|p1a: BetterMachamp|330/351 tox|[from] psn","|-sideend|p2: GL♅Reshiram|Reflect","|turn|9","|","|move|p1a: BetterMachamp|Mach Punch|p2a: Heatran","|-supereffective|p2a: Heatran","|-damage|p2a: Heatran|16/385","|-damage|p1a: BetterMachamp|295/351 tox|[from] item: Life Orb","|move|p2a: Heatran|Taunt|p1a: BetterMachamp","|-start|p1a: BetterMachamp|move: Taunt","|","|-heal|p2a: Heatran|40/385|[from] item: Leftovers","|-damage|p1a: BetterMachamp|253/351 tox|[from] psn","|turn|10","|","|move|p1a: BetterMachamp|Mach Punch|p2a: Heatran","|-crit|p2a: Heatran","|-supereffective|p2a: Heatran","|-damage|p2a: Heatran|0 fnt","|-damage|p1a: BetterMachamp|218/351 tox|[from] item: Life Orb","|faint|p2a: Heatran","|","|-damage|p1a: BetterMachamp|155/351 tox|[from] psn","|","|switch|p2a: Rotom-Heat|Rotom-Heat|64/250","|turn|11","|","|switch|p2a: Torkoal|Torkoal, F|344/344","|move|p1a: BetterMachamp|Mach Punch|p2a: Torkoal","|-damage|p2a: Torkoal|219/344","|-damage|p1a: BetterMachamp|120/351 tox|[from] item: Life Orb","|","|-heal|p2a: Torkoal|240/344|[from] item: Leftovers","|-damage|p1a: BetterMachamp|36/351 tox|[from] psn","|turn|12","|","|move|p2a: Torkoal|Protect|p2a: Torkoal","|-singleturn|p2a: Torkoal|Protect","|move|p1a: BetterMachamp|Mach Punch|p2a: Torkoal","|-activate|p2a: Torkoal|Protect","|","|-heal|p2a: Torkoal|261/344|[from] item: Leftovers","|-damage|p1a: BetterMachamp|0 fnt|[from] psn","|faint|p1a: BetterMachamp","|","|switch|p1a: Resolution|Keldeo-Resolute|323/323","|turn|13","|","|switch|p2a: Rotom-Heat|Rotom-Heat|64/250","|move|p1a: Resolution|Hydro Pump|p2a: Rotom-Heat","|-supereffective|p2a: Rotom-Heat","|-damage|p2a: Rotom-Heat|0 fnt","|faint|p2a: Rotom-Heat","|","|","|switch|p2a: Charizard|Charizard, F|297/297","|turn|14","|","|detailschange|p2a: Charizard|Charizard-Mega-Y, F","|-mega|p2a: Charizard|Charizard|Charizardite Y","|-weather|SunnyDay","|move|p1a: Resolution|Hydro Pump|p2a: Charizard","|-supereffective|p2a: Charizard","|-damage|p2a: Charizard|45/297","|move|p2a: Charizard|Solar Beam|p1a: Resolution|[still]","|-prepare|p2a: Charizard|Solar Beam|p1a: Resolution","|-anim|p2a: Charizard|Solar Beam|p1a: Resolution","|-supereffective|p1a: Resolution","|-damage|p1a: Resolution|0 fnt","|faint|p1a: Resolution","|","|-weather|SunnyDay|[upkeep]","|","|switch|p1a: The mighty Coba|Cobalion|324/324","|turn|15","|","|move|p1a: The mighty Coba|Iron Head|p2a: Charizard","|-resisted|p2a: Charizard","|-damage|p2a: Charizard|0 fnt","|faint|p2a: Charizard","|","|-weather|SunnyDay|[upkeep]","|","|switch|p2a: Infernape|Infernape, F|293/293","|turn|16","|","|move|p2a: Infernape|Swords Dance|p2a: Infernape","|-boost|p2a: Infernape|atk|2","|move|p1a: The mighty Coba|Close Combat|p2a: Infernape","|-damage|p2a: Infernape|58/293","|-unboost|p1a: The mighty Coba|def|1","|-unboost|p1a: The mighty Coba|spd|1","|","|-weather|SunnyDay|[upkeep]","|turn|17","|","|move|p2a: Infernape|Mach Punch|p1a: The mighty Coba","|-supereffective|p1a: The mighty Coba","|-enditem|p1a: The mighty Coba|Focus Sash","|-damage|p1a: The mighty Coba|1/324","|-damage|p2a: Infernape|29/293|[from] item: Life Orb","|move|p1a: The mighty Coba|Close Combat|p2a: Infernape","|-damage|p2a: Infernape|0 fnt","|-unboost|p1a: The mighty Coba|def|1","|-unboost|p1a: The mighty Coba|spd|1","|faint|p2a: Infernape","|","|-weather|SunnyDay|[upkeep]","|","|switch|p2a: Torkoal|Torkoal, F|261/344","|turn|18","|","|move|p2a: Torkoal|Protect|p2a: Torkoal","|-singleturn|p2a: Torkoal|Protect","|move|p1a: The mighty Coba|Stone Edge|p2a: Torkoal","|-activate|p2a: Torkoal|Protect","|","|-weather|none","|-heal|p2a: Torkoal|282/344|[from] item: Leftovers","|turn|19","|","|move|p1a: The mighty Coba|Stone Edge|p2a: Torkoal|[miss]","|-miss|p1a: The mighty Coba|p2a: Torkoal","|move|p2a: Torkoal|Clear Smog|p1a: The mighty Coba","|-immune|p1a: The mighty Coba|[msg]","|","|-heal|p2a: Torkoal|303/344|[from] item: Leftovers","|turn|20","|","|move|p2a: Torkoal|Protect|p2a: Torkoal","|-singleturn|p2a: Torkoal|Protect","|move|p1a: The mighty Coba|Stone Edge|p2a: Torkoal","|-activate|p2a: Torkoal|Protect","|","|-heal|p2a: Torkoal|324/344|[from] item: Leftovers","|turn|21","|","|move|p1a: The mighty Coba|Stone Edge|p2a: Torkoal|[miss]","|-miss|p1a: The mighty Coba|p2a: Torkoal","|move|p2a: Torkoal|Rapid Spin|p1a: The mighty Coba","|-resisted|p1a: The mighty Coba","|-damage|p1a: The mighty Coba|0 fnt","|faint|p1a: The mighty Coba","|","|-heal|p2a: Torkoal|344/344|[from] item: Leftovers","|","|switch|p1a: Twobirdsonestone|Terrakion|323/323","|turn|22","|","|move|p1a: Twobirdsonestone|Stone Edge|p2a: Torkoal","|-supereffective|p2a: Torkoal","|-damage|p2a: Torkoal|152/344","|move|p2a: Torkoal|Will-O-Wisp|p1a: Twobirdsonestone|[miss]","|-miss|p2a: Torkoal|p1a: Twobirdsonestone","|","|-heal|p2a: Torkoal|173/344|[from] item: Leftovers","|turn|23","|","|move|p2a: Torkoal|Protect|p2a: Torkoal","|-singleturn|p2a: Torkoal|Protect","|move|p1a: Twobirdsonestone|Substitute|p1a: Twobirdsonestone","|-start|p1a: Twobirdsonestone|Substitute","|-damage|p1a: Twobirdsonestone|243/323","|","|-heal|p1a: Twobirdsonestone|263/323|[from] item: Leftovers","|-heal|p2a: Torkoal|194/344|[from] item: Leftovers","|turn|24","|","|move|p1a: Twobirdsonestone|Stone Edge|p2a: Torkoal","|-supereffective|p2a: Torkoal","|-damage|p2a: Torkoal|0 fnt","|faint|p2a: Torkoal","|","|win|Nexus ⚡ Tyler"],"p1rating":{"entryid":"492069","serverid":"eos","formatid":"monotype","userid":"nexustyler","username":"nexustyler","w":5,"l":"11","t":"0","gxe":36.8,"r":"1391.5911605261","rd":"78.80081454248","sigma":"0","rptime":"1440666000","rpr":1396.1198261962,"rprd":75.40956314505,"rpsigma":"0","acre":1068.3021175252,"lacre":1068.3021175252,"oldacre":"1024.9782235904"},"p2rating":{"entryid":"319032","serverid":"eos","formatid":"monotype","userid":"glreshiram","username":"GL♅Reshiram","w":"8","l":13,"t":"0","gxe":40.4,"r":"1418.9564850661","rd":"71.659072172292","sigma":"0","rptime":"1440666000","rpr":1425.0706566429,"rprd":69.392583155295,"rpsigma":"0","acre":1064.8872933795,"lacre":1064.8872933795,"oldacre":"1093.6193921159"},"endType":"normal"}