{"seed":[45224,50419,13908,6334],"turns":18,"p1":"Crystal Mafetan","p2":"carnieTBOT","p1team":[{"name":"Spanish","species":"articuno","item":"widelens","ability":"Pressure","moves":["roost","healbell","hurricane","extrasensory"],"nature":"Modest","evs":{"hp":248,"atk":0,"def":0,"spa":60,"spd":200,"spe":0},"shiny":true,"ivs":{"hp":31,"atk":31,"def":31,"spa":31,"spd":31,"spe":31}},{"name":"Snow Peas","species":"abomasnow","item":"abomasite","ability":"Snow Warning","moves":["gigadrain","synthesis","leechseed","icebeam"],"nature":"Modest","evs":{"hp":248,"atk":0,"def":0,"spa":8,"spd":252,"spe":0},"gender":"M","shiny":true,"ivs":{"hp":31,"atk":31,"def":31,"spa":31,"spd":31,"spe":31}},{"name":"Clitoris","species":"cloyster","item":"lifeorb","ability":"Shell Armor","moves":["shellsmash","attract","iciclecrash","razorshell"],"nature":"Adamant","evs":{"hp":0,"atk":252,"def":0,"spa":0,"spd":4,"spe":252},"gender":"F","ivs":{"hp":31,"atk":31,"def":31,"spa":31,"spd":31,"spe":31}},{"name":"Snuffaluffagus","species":"mamoswine","item":"leftovers","ability":"Snow Cloak","moves":["stealthrock","ironhead","earthquake","stoneedge"],"nature":"Jolly","evs":{"hp":168,"atk":168,"def":0,"spa":0,"spd":0,"spe":172},"gender":"M","ivs":{"hp":31,"atk":31,"def":31,"spa":31,"spd":31,"spe":31}},{"name":"PopGoesTheWeasel","species":"weavile","item":"focussash","ability":"Pressure","moves":["icepunch","knockoff","lowkick","fakeout"],"nature":"Jolly","evs":{"hp":0,"atk":252,"def":0,"spa":0,"spd":4,"spe":252},"gender":"F","ivs":{"hp":31,"atk":31,"def":31,"spa":31,"spd":31,"spe":31}},{"name":"Watermelon","species":"rotomfrost","item":"leftovers","ability":"Levitate","moves":["painsplit","shadowball","voltswitch","confuseray"],"nature":"Modest","evs":{"hp":248,"atk":0,"def":0,"spa":8,"spd":252,"spe":0},"shiny":true,"ivs":{"hp":31,"atk":31,"def":31,"spa":31,"spd":31,"spe":31}}],"p2team":[{"name":"Rocky","species":"ferrothorn","item":"rockyhelmet","ability":"Iron Barbs","moves":["powerwhip","gyroball","bulldoze","stealthrock"],"nature":"Brave","evs":{"hp":40,"atk":252,"def":48,"spa":0,"spd":168,"spe":0},"gender":"F","ivs":{"hp":31,"atk":31,"def":31,"spa":31,"spd":31,"spe":0}},{"name":"TESTING YOU","species":"whimsicott","item":"focussash","ability":"Prankster","moves":["lightscreen","leechseed","trickroom","taunt"],"nature":"Careful","evs":{"hp":248,"atk":0,"def":8,"spa":0,"spd":252,"spe":0},"gender":"F","ivs":{"hp":31,"atk":31,"def":31,"spa":30,"spd":31,"spe":0},"shiny":true},{"name":"Toxic Orb","species":"breloom","item":"lifeorb","ability":"Technician","moves":["machpunch","bulletseed","spore","swordsdance"],"nature":"Jolly","evs":{"hp":4,"atk":252,"def":0,"spa":0,"spd":0,"spe":252},"gender":"F","ivs":{"hp":31,"atk":31,"def":31,"spa":31,"spd":31,"spe":31}},{"name":"Chlorophyll","species":"shiftry","item":"focussash","ability":"Chlorophyll","moves":["swordsdance","suckerpunch","leafblade","rockslide"],"nature":"Adamant","evs":{"hp":0,"atk":252,"def":0,"spa":0,"spd":4,"spe":252},"gender":"F","ivs":{"hp":31,"atk":31,"def":31,"spa":31,"spd":31,"spe":31}},{"name":"Venusaurous","species":"venusaur","item":"venusaurite","ability":"Chlorophyll","moves":["knockoff","hiddenpowerground","sludgebomb","synthesis"],"nature":"Sassy","evs":{"hp":0,"atk":0,"def":252,"spa":4,"spd":252,"spe":0},"gender":"F","ivs":{"hp":31,"atk":31,"def":31,"spa":30,"spd":30,"spe":31}},{"name":"Princess Peach","species":"lilligant","item":"focussash","ability":"Own Tempo","moves":["petaldance","quiverdance","hiddenpowerrock","sleeppowder"],"nature":"Modest","evs":{"hp":0,"atk":0,"def":0,"spa":252,"spd":4,"spe":252},"ivs":{"hp":31,"atk":31,"def":30,"spa":31,"spd":30,"spe":30}}],"log":["|player|p1|Crystal Mafetan|92","|player|p2|carnieTBOT|25","|gametype|singles","|gen|6","|tier|Monotype","|rated","|rule|Baton Pass Clause: Limit one Baton Passer, can't pass Spe and other stats simultaneously","|rule|Swagger Clause: Swagger is banned","|rule|Same Type Clause: Pokémon in a team must share a type","|clearpoke","|poke|p1|Articuno, shiny","|poke|p1|Abomasnow, M, shiny","|poke|p1|Cloyster, F","|poke|p1|Mamoswine, M","|poke|p1|Weavile, F","|poke|p1|Rotom-Frost, shiny","|poke|p2|Ferrothorn, F","|poke|p2|Whimsicott, F, shiny","|poke|p2|Breloom, F","|poke|p2|Shiftry, F","|poke|p2|Venusaur, F","|poke|p2|Lilligant, F","|rule|Sleep Clause Mod: Limit one foe put to sleep","|rule|Species Clause: Limit one of each Pokémon","|rule|OHKO Clause: OHKO moves are banned","|rule|Moody Clause: Moody is banned","|rule|Evasion Moves Clause: Evasion moves are banned","|rule|Endless Battle Clause: Forcing endless battles is banned","|rule|HP Percentage Mod: HP is shown in percentages","|teampreview","|","|start","|switch|p1a: Snuffaluffagus|Mamoswine, M|403/403","|switch|p2a: Venusaurous|Venusaur, F|301/301","|turn|1","|","|detailschange|p2a: Venusaurous|Venusaur-Mega, F","|-mega|p2a: Venusaurous|Venusaur|Venusaurite","|move|p1a: Snuffaluffagus|Stealth Rock|p2a: Venusaurous","|-sidestart|p2: carnieTBOT|move: Stealth Rock","|move|p2a: Venusaurous|Knock Off|p1a: Snuffaluffagus","|-damage|p1a: Snuffaluffagus|308/403","|-enditem|p1a: Snuffaluffagus|Leftovers|[from] move: Knock Off|[of] p2a: Venusaurous","|","|turn|2","|","|move|p1a: Snuffaluffagus|Earthquake|p2a: Venusaurous","|-damage|p2a: Venusaurous|177/301","|move|p2a: Venusaurous|Hidden Power|p1a: Snuffaluffagus","|-crit|p1a: Snuffaluffagus","|-damage|p1a: Snuffaluffagus|184/403","|","|turn|3","|","|move|p1a: Snuffaluffagus|Earthquake|p2a: Venusaurous","|-damage|p2a: Venusaurous|57/301","|move|p2a: Venusaurous|Synthesis|p2a: Venusaurous","|-heal|p2a: Venusaurous|207/301","|","|turn|4","|","|move|p1a: Snuffaluffagus|Earthquake|p2a: Venusaurous","|-damage|p2a: Venusaurous|98/301","|move|p2a: Venusaurous|Sludge Bomb|p1a: Snuffaluffagus","|-resisted|p1a: Snuffaluffagus","|-damage|p1a: Snuffaluffagus|85/403","|","|turn|5","|","|switch|p2a: TESTING YOU|Whimsicott, F, shiny|323/323","|-damage|p2a: TESTING YOU|283/323|[from] Stealth Rock","|move|p1a: Snuffaluffagus|Earthquake|p2a: TESTING YOU","|-resisted|p2a: TESTING YOU","|-damage|p2a: TESTING YOU|196/323","|","|turn|6","|","|move|p2a: TESTING YOU|Leech Seed|p1a: Snuffaluffagus","|-start|p1a: Snuffaluffagus|move: Leech Seed","|move|p1a: Snuffaluffagus|Iron Head|p2a: TESTING YOU","|-supereffective|p2a: TESTING YOU","|-damage|p2a: TESTING YOU|6/323","|","|-damage|p1a: Snuffaluffagus|35/403|[from] Leech Seed|[of] p2a: TESTING YOU","|-heal|p2a: TESTING YOU|56/323|[silent]","|turn|7","|","|move|p2a: TESTING YOU|Light Screen|p2a: TESTING YOU","|-sidestart|p2: carnieTBOT|move: Light Screen","|move|p1a: Snuffaluffagus|Iron Head|p2a: TESTING YOU","|-supereffective|p2a: TESTING YOU","|-damage|p2a: TESTING YOU|0 fnt","|faint|p2a: TESTING YOU","|","|","|switch|p2a: Princess Peach|Lilligant, F|281/281","|-damage|p2a: Princess Peach|246/281|[from] Stealth Rock","|turn|8","|","|switch|p1a: Snow Peas|Abomasnow, M, shiny|383/383","|-weather|Hail","|move|p2a: Princess Peach|Sleep Powder|p1a: Snow Peas","|-immune|p1a: Snow Peas|[msg]","|","|-weather|Hail|[upkeep]","|-damage|p2a: Princess Peach|229/281|[from] hail","|turn|9","|","|detailschange|p1a: Snow Peas|Abomasnow-Mega, M, shiny","|-mega|p1a: Snow Peas|Abomasnow|Abomasite","|move|p2a: Princess Peach|Quiver Dance|p2a: Princess Peach","|-boost|p2a: Princess Peach|spa|1","|-boost|p2a: Princess Peach|spd|1","|-boost|p2a: Princess Peach|spe|1","|move|p1a: Snow Peas|Ice Beam|p2a: Princess Peach","|-supereffective|p2a: Princess Peach","|-damage|p2a: Princess Peach|93/281","|","|-weather|Hail|[upkeep]","|-damage|p2a: Princess Peach|76/281|[from] hail","|turn|10","|","|move|p2a: Princess Peach|Hidden Power|p1a: Snow Peas","|-supereffective|p1a: Snow Peas","|-damage|p1a: Snow Peas|221/383","|move|p1a: Snow Peas|Ice Beam|p2a: Princess Peach","|-crit|p2a: Princess Peach","|-supereffective|p2a: Princess Peach","|-damage|p2a: Princess Peach|0 fnt","|faint|p2a: Princess Peach","|","|-weather|Hail|[upkeep]","|","|switch|p2a: Venusaurous|Venusaur-Mega, F|98/301","|-damage|p2a: Venusaurous|61/301|[from] Stealth Rock","|turn|11","|","|move|p2a: Venusaurous|Sludge Bomb|p1a: Snow Peas","|-supereffective|p1a: Snow Peas","|-damage|p1a: Snow Peas|33/383","|-status|p1a: Snow Peas|psn","|move|p1a: Snow Peas|Ice Beam|p2a: Venusaurous","|-supereffective|p2a: Venusaurous","|-damage|p2a: Venusaurous|15/301","|","|-weather|Hail|[upkeep]","|-damage|p2a: Venusaurous|0 fnt|[from] hail","|-damage|p1a: Snow Peas|0 fnt|[from] psn","|-sideend|p2: carnieTBOT|move: Light Screen","|faint|p2a: Venusaurous","|faint|p1a: Snow Peas","|","|switch|p1a: Clitoris|Cloyster, F|241/241","|switch|p2a: Rocky|Ferrothorn, F|299/299","|-damage|p2a: Rocky|281/299|[from] Stealth Rock","|turn|12","|","|move|p1a: Clitoris|Shell Smash|p1a: Clitoris","|-unboost|p1a: Clitoris|def|1","|-unboost|p1a: Clitoris|spd|1","|-boost|p1a: Clitoris|atk|2","|-boost|p1a: Clitoris|spa|2","|-boost|p1a: Clitoris|spe|2","|move|p2a: Rocky|Power Whip|p1a: Clitoris","|-supereffective|p1a: Clitoris","|-damage|p1a: Clitoris|0 fnt","|faint|p1a: Clitoris","|","|-weather|none","|","|switch|p1a: Spanish|Articuno, shiny|383/383","|-ability|p1a: Spanish|Pressure","|turn|13","|","|move|p1a: Spanish|Hurricane|p2a: Rocky|[miss]","|-miss|p1a: Spanish|p2a: Rocky","|move|p2a: Rocky|Stealth Rock|p1a: Spanish","|-sidestart|p1: Crystal Mafetan|move: Stealth Rock","|","|turn|14","|","|move|p1a: Spanish|Hurricane|p2a: Rocky","|-damage|p2a: Rocky|167/299","|move|p2a: Rocky|Gyro Ball|p1a: Spanish","|-supereffective|p1a: Spanish","|-damage|p1a: Spanish|3/383","|","|turn|15","|","|move|p1a: Spanish|Hurricane|p2a: Rocky","|-damage|p2a: Rocky|59/299","|move|p2a: Rocky|Gyro Ball|p1a: Spanish","|-supereffective|p1a: Spanish","|-damage|p1a: Spanish|0 fnt","|faint|p1a: Spanish","|","|","|switch|p1a: Snuffaluffagus|Mamoswine, M|35/403","|-damage|p1a: Snuffaluffagus|0 fnt|[from] Stealth Rock","|faint|p1a: Snuffaluffagus","|","|switch|p1a: PopGoesTheWeasel|Weavile, F|281/281","|-damage|p1a: PopGoesTheWeasel|211/281|[from] Stealth Rock","|-ability|p1a: PopGoesTheWeasel|Pressure","|turn|16","|","|move|p1a: PopGoesTheWeasel|Ice Punch|p2a: Rocky","|-damage|p2a: Rocky|0 fnt","|-damage|p1a: PopGoesTheWeasel|176/281|[from] ability: Iron Barbs|[of] p2a: Rocky","|-damage|p1a: PopGoesTheWeasel|130/281|[from] item: Rocky Helmet|[of] p2a: Rocky","|faint|p2a: Rocky","|","|","|switch|p2a: Toxic Orb|Breloom, F|262/262","|-damage|p2a: Toxic Orb|246/262|[from] Stealth Rock","|turn|17","|","|move|p2a: Toxic Orb|Mach Punch|p1a: PopGoesTheWeasel","|-supereffective|p1a: PopGoesTheWeasel","|-damage|p1a: PopGoesTheWeasel|0 fnt","|-damage|p2a: Toxic Orb|220/262|[from] item: Life Orb","|faint|p1a: PopGoesTheWeasel","|","|","|switch|p1a: Watermelon|Rotom-Frost, shiny|303/303","|-damage|p1a: Watermelon|228/303|[from] Stealth Rock","|turn|18","|","|move|p2a: Toxic Orb|Mach Punch|p1a: Watermelon","|-supereffective|p1a: Watermelon","|-damage|p1a: Watermelon|0 fnt","|-damage|p2a: Toxic Orb|194/262|[from] item: Life Orb","|faint|p1a: Watermelon","|","|win|carnieTBOT"],"p1rating":{"entryid":"171443","serverid":"eos","formatid":"monotype","userid":"crystalmafetan","username":"Crystal Mafetan","w":"8","l":20,"t":"0","gxe":35.4,"r":"1401.8841249189","rd":"65.494840138961","sigma":"0","rptime":"1440579600","rpr":1384.7433316327,"rprd":63.24750696903,"rpsigma":"0","acre":1000,"lacre":1000,"oldacre":"1000"},"p2rating":{"entryid":515586,"formatid":"monotype","userid":"carnietbot","username":"carnieTBOT","r":1500,"rd":130,"sigma":0,"rpr":1530.9326720327,"rprd":122.59534779546,"rpsigma":0,"rptime":1440579600,"w":1,"l":0,"t":0,"gxe":53.9,"acre":1040,"lacre":1040,"oldacre":1000},"endType":"normal"}