{"seed":[1977,30792,36207,33176],"turns":22,"p1":"VoidKGBeast - ⒶⓌⒶⓎ","p2":"LightOfAKnowing","p1team":[{"name":"Charizard","species":"Charizard","item":"charizarditey","ability":"Blaze","moves":["defog","focusblast","fireblast","solarbeam"],"nature":"Timid","evs":{"hp":0,"atk":0,"def":0,"spa":252,"spd":4,"spe":252},"ivs":{"hp":31,"atk":0,"def":31,"spa":31,"spd":31,"spe":31}},{"name":"Infernape","species":"Infernape","item":"focussash","ability":"Blaze","moves":["taunt","closecombat","fireblast","hiddenpowerice"],"nature":"Naive","evs":{"hp":0,"atk":252,"def":0,"spa":4,"spd":0,"spe":252},"ivs":{"hp":31,"atk":30,"def":30,"spa":31,"spd":31,"spe":31}},{"name":"Victini","species":"Victini","item":"choicescarf","ability":"Victory Star","moves":["vcreate","boltstrike","uturn","energyball"],"nature":"Naive","evs":{"hp":0,"atk":252,"def":0,"spa":4,"spd":0,"spe":252},"ivs":{"hp":31,"atk":31,"def":31,"spa":31,"spd":31,"spe":31}},{"name":"Heatran","species":"Heatran","item":"leftovers","ability":"Flash Fire","moves":["lavaplume","toxic","earthpower","flashcannon"],"nature":"Calm","evs":{"hp":248,"atk":0,"def":0,"spa":0,"spd":252,"spe":8},"ivs":{"hp":31,"atk":0,"def":31,"spa":31,"spd":31,"spe":31}},{"name":"Volcarona","species":"Volcarona","item":"leftovers","ability":"Flame Body","moves":["quiverdance","fierydance","bugbuzz","gigadrain"],"nature":"Calm","evs":{"hp":248,"atk":0,"def":0,"spa":0,"spd":252,"spe":8},"ivs":{"hp":31,"atk":0,"def":31,"spa":31,"spd":31,"spe":31}},{"name":"Torkoal","species":"Torkoal","item":"leftovers","ability":"White Smoke","moves":["stealthrock","lavaplume","rapidspin","yawn"],"nature":"Bold","evs":{"hp":248,"atk":0,"def":252,"spa":8,"spd":0,"spe":0},"ivs":{"hp":31,"atk":0,"def":31,"spa":31,"spd":31,"spe":31}}],"p2team":[{"name":"Sharpedo","species":"Sharpedo","item":"sharpedonite","ability":"Speed Boost","moves":["protect","substitute","crunch","waterfall"],"nature":"Adamant","evs":{"hp":0,"atk":252,"def":0,"spa":0,"spd":4,"spe":252},"ivs":{"hp":31,"atk":31,"def":31,"spa":31,"spd":31,"spe":31}},{"name":"Starmie","species":"Starmie","item":"lightclay","ability":"Natural Cure","moves":["rapidspin","scald","lightscreen","reflect"],"nature":"Timid","evs":{"hp":252,"atk":0,"def":0,"spa":4,"spd":0,"spe":252},"ivs":{"hp":31,"atk":31,"def":31,"spa":31,"spd":31,"spe":31}},{"name":"Azumarill","species":"Azumarill","item":"sitrusberry","ability":"Huge Power","moves":["bellydrum","aquajet","playrough","bodyslam"],"nature":"Adamant","evs":{"hp":252,"atk":252,"def":0,"spa":0,"spd":4,"spe":0},"ivs":{"hp":31,"atk":31,"def":31,"spa":31,"spd":31,"spe":31}},{"name":"Poliwrath","species":"Poliwrath","item":"leftovers","ability":"Water Absorb","moves":["substitute","focuspunch","poisonjab","waterfall"],"nature":"Adamant","evs":{"hp":252,"atk":252,"def":0,"spa":0,"spd":4,"spe":0},"ivs":{"hp":31,"atk":31,"def":31,"spa":31,"spd":31,"spe":31}},{"name":"Milotic","species":"Milotic","item":"leftovers","ability":"Competitive","moves":["mirrorcoat","scald","recover","magiccoat"],"nature":"Bold","evs":{"hp":248,"atk":0,"def":252,"spa":0,"spd":8,"spe":0},"ivs":{"hp":31,"atk":31,"def":31,"spa":31,"spd":31,"spe":31}},{"name":"Clawitzer","species":"Clawitzer","item":"choicescarf","ability":"Mega Launcher","moves":["waterpulse","aurasphere","darkpulse","dragonpulse"],"nature":"Timid","evs":{"hp":0,"atk":0,"def":0,"spa":252,"spd":4,"spe":252},"ivs":{"hp":31,"atk":31,"def":31,"spa":31,"spd":31,"spe":31}}],"log":["|player|p1|VoidKGBeast - ⒶⓌⒶⓎ|voidkgbeast.png","|player|p2|LightOfAKnowing|lightofaknowing.png","|gametype|singles","|gen|6","|tier|Monotype","|rated","|rule|Baton Pass Clause: Limit one Baton Passer, can't pass Spe and other stats simultaneously","|rule|Swagger Clause: Swagger is banned","|rule|Same Type Clause: Pokémon in a team must share a type","|clearpoke","|poke|p1|Charizard, M","|poke|p1|Infernape, M","|poke|p1|Victini","|poke|p1|Heatran, F","|poke|p1|Volcarona, F","|poke|p1|Torkoal, M","|poke|p2|Sharpedo, F","|poke|p2|Starmie","|poke|p2|Azumarill, M","|poke|p2|Poliwrath, M","|poke|p2|Milotic, F","|poke|p2|Clawitzer, F","|rule|Sleep Clause Mod: Limit one foe put to sleep","|rule|Species Clause: Limit one of each Pokémon","|rule|OHKO Clause: OHKO moves are banned","|rule|Moody Clause: Moody is banned","|rule|Evasion Moves Clause: Evasion moves are banned","|rule|Endless Battle Clause: Forcing endless battles is banned","|rule|HP Percentage Mod: HP is shown in percentages","|teampreview","|","|start","|switch|p1a: Charizard|Charizard, M|297/297","|switch|p2a: Starmie|Starmie|324/324","|turn|1","|","|detailschange|p1a: Charizard|Charizard-Mega-Y, M","|-mega|p1a: Charizard|Charizard|Charizardite Y","|-weather|SunnyDay","|move|p2a: Starmie|Light Screen|p2a: Starmie","|-sidestart|p2: LightOfAKnowing|move: Light Screen","|move|p1a: Charizard|Solar Beam|p2a: Starmie|[still]","|-prepare|p1a: Charizard|Solar Beam|p2a: Starmie","|-anim|p1a: Charizard|Solar Beam|p2a: Starmie","|-supereffective|p2a: Starmie","|-damage|p2a: Starmie|143/324","|","|-weather|SunnyDay|[upkeep]","|turn|2","|","|move|p2a: Starmie|Reflect|p2a: Starmie","|-sidestart|p2: LightOfAKnowing|Reflect","|move|p1a: Charizard|Solar Beam|p2a: Starmie|[still]","|-prepare|p1a: Charizard|Solar Beam|p2a: Starmie","|-anim|p1a: Charizard|Solar Beam|p2a: Starmie","|-supereffective|p2a: Starmie","|-damage|p2a: Starmie|0 fnt","|faint|p2a: Starmie","|","|-weather|SunnyDay|[upkeep]","|","|switch|p2a: Milotic|Milotic, F|393/393","|turn|3","|","|switch|p1a: Heatran|Heatran, F|385/385","|move|p2a: Milotic|Mirror Coat|p1a: Heatran","|-fail|p1a: Heatran","|","|-weather|SunnyDay|[upkeep]","|turn|4","|","|move|p2a: Milotic|Magic Coat|p2a: Milotic","|-singleturn|p2a: Milotic|move: Magic Coat","|move|p1a: Heatran|Toxic|p2a: Milotic","|move|p2a: Milotic|Toxic|p1a: Heatran|[from]Magic Coat","|-immune|p1a: Heatran|[msg]","|","|-weather|SunnyDay|[upkeep]","|turn|5","|","|move|p2a: Milotic|Scald|p1a: Heatran","|-supereffective|p1a: Heatran","|-damage|p1a: Heatran|313/385","|move|p1a: Heatran|Toxic|p2a: Milotic|[miss]","|-miss|p1a: Heatran|p2a: Milotic","|","|-weather|none","|-heal|p1a: Heatran|337/385|[from] item: Leftovers","|turn|6","|","|move|p2a: Milotic|Magic Coat|p2a: Milotic","|-singleturn|p2a: Milotic|move: Magic Coat","|move|p1a: Heatran|Toxic|p2a: Milotic","|move|p2a: Milotic|Toxic|p1a: Heatran|[from]Magic Coat","|-immune|p1a: Heatran|[msg]","|","|-heal|p1a: Heatran|361/385|[from] item: Leftovers","|turn|7","|","|move|p2a: Milotic|Magic Coat|p2a: Milotic","|-singleturn|p2a: Milotic|move: Magic Coat","|move|p1a: Heatran|Toxic|p2a: Milotic","|move|p2a: Milotic|Toxic|p1a: Heatran|[from]Magic Coat","|-immune|p1a: Heatran|[msg]","|","|-heal|p1a: Heatran|385/385|[from] item: Leftovers","|turn|8","|","|move|p2a: Milotic|Magic Coat|p2a: Milotic","|-singleturn|p2a: Milotic|move: Magic Coat","|move|p1a: Heatran|Toxic|p2a: Milotic","|move|p2a: Milotic|Toxic|p1a: Heatran|[from]Magic Coat","|-immune|p1a: Heatran|[msg]","|","|-sideend|p2: LightOfAKnowing|move: Light Screen","|turn|9","|","|move|p2a: Milotic|Magic Coat|p2a: Milotic","|-singleturn|p2a: Milotic|move: Magic Coat","|move|p1a: Heatran|Toxic|p2a: Milotic","|move|p2a: Milotic|Toxic|p1a: Heatran|[from]Magic Coat","|-immune|p1a: Heatran|[msg]","|","|-sideend|p2: LightOfAKnowing|Reflect","|turn|10","|","|switch|p1a: Charizard|Charizard-Mega-Y, M|297/297","|-weather|SunnyDay","|move|p2a: Milotic|Scald|p1a: Charizard","|-supereffective|p1a: Charizard","|-damage|p1a: Charizard|211/297","|","|-weather|SunnyDay|[upkeep]","|turn|11","|","|switch|p1a: Heatran|Heatran, F|385/385","|move|p2a: Milotic|Mirror Coat|p1a: Heatran","|-fail|p1a: Heatran","|","|-weather|SunnyDay|[upkeep]","|turn|12","|","|switch|p1a: Volcarona|Volcarona, F|373/373","|move|p2a: Milotic|Scald|p1a: Volcarona","|-supereffective|p1a: Volcarona","|-damage|p1a: Volcarona|311/373","|","|-weather|SunnyDay|[upkeep]","|-heal|p1a: Volcarona|334/373|[from] item: Leftovers","|turn|13","|","|switch|p2a: Azumarill|Azumarill, M|404/404","|move|p1a: Volcarona|Quiver Dance|p1a: Volcarona","|-boost|p1a: Volcarona|spa|1","|-boost|p1a: Volcarona|spd|1","|-boost|p1a: Volcarona|spe|1","|","|-weather|SunnyDay|[upkeep]","|-heal|p1a: Volcarona|357/373|[from] item: Leftovers","|turn|14","|","|move|p1a: Volcarona|Fiery Dance|p2a: Azumarill","|-resisted|p2a: Azumarill","|-damage|p2a: Azumarill|247/404","|move|p2a: Azumarill|Body Slam|p1a: Volcarona","|-damage|p1a: Volcarona|184/373","|","|-weather|none","|-heal|p1a: Volcarona|207/373|[from] item: Leftovers","|turn|15","|","|switch|p1a: Torkoal|Torkoal, M|343/343","|move|p2a: Azumarill|Body Slam|p1a: Torkoal","|-damage|p1a: Torkoal|273/343","|","|-heal|p1a: Torkoal|294/343|[from] item: Leftovers","|turn|16","|","|move|p2a: Azumarill|Belly Drum|p2a: Azumarill","|-damage|p2a: Azumarill|45/404","|-setboost|p2a: Azumarill|atk|6|[from] move: Belly Drum","|-enditem|p2a: Azumarill|Sitrus Berry|[eat]","|-heal|p2a: Azumarill|146/404|[from] item: Sitrus Berry","|move|p1a: Torkoal|Stealth Rock|p2a: Azumarill","|-sidestart|p2: LightOfAKnowing|move: Stealth Rock","|","|-heal|p1a: Torkoal|315/343|[from] item: Leftovers","|turn|17","|","|move|p2a: Azumarill|Aqua Jet|p1a: Torkoal","|-supereffective|p1a: Torkoal","|-damage|p1a: Torkoal|0 fnt","|faint|p1a: Torkoal","|","|","|switch|p1a: Infernape|Infernape, M|293/293","|turn|18","|","|move|p2a: Azumarill|Aqua Jet|p1a: Infernape","|-supereffective|p1a: Infernape","|-enditem|p1a: Infernape|Focus Sash","|-damage|p1a: Infernape|1/293","|move|p1a: Infernape|Close Combat|p2a: Azumarill","|-resisted|p2a: Azumarill","|-damage|p2a: Azumarill|29/404","|-unboost|p1a: Infernape|def|1","|-unboost|p1a: Infernape|spd|1","|","|turn|19","|","|switch|p1a: Volcarona|Volcarona, F|207/373","|move|p2a: Azumarill|Aqua Jet|p1a: Volcarona","|-supereffective|p1a: Volcarona","|-damage|p1a: Volcarona|0 fnt","|faint|p1a: Volcarona","|","|","|switch|p1a: Charizard|Charizard-Mega-Y, M|211/297","|-weather|SunnyDay","|turn|20","|","|switch|p1a: Infernape|Infernape, M|1/293","|move|p2a: Azumarill|Aqua Jet|p1a: Infernape","|-supereffective|p1a: Infernape","|-damage|p1a: Infernape|0 fnt","|faint|p1a: Infernape","|","|-weather|SunnyDay|[upkeep]","|","|switch|p1a: Heatran|Heatran, F|385/385","|turn|21","|","|move|p2a: Azumarill|Aqua Jet|p1a: Heatran","|-supereffective|p1a: Heatran","|-damage|p1a: Heatran|53/385","|move|p1a: Heatran|Earth Power|p2a: Azumarill","|-damage|p2a: Azumarill|0 fnt","|faint|p2a: Azumarill","|","|-weather|SunnyDay|[upkeep]","|-heal|p1a: Heatran|77/385|[from] item: Leftovers","|","|switch|p2a: Sharpedo|Sharpedo, F|281/281","|-damage|p2a: Sharpedo|246/281|[from] Stealth Rock","|turn|22","|","|win|LightOfAKnowing"],"p1rating":{"entryid":"129714","serverid":"eos","formatid":"monotype","userid":"voidkgbeast","username":"Void KGBeast","w":"28","l":13,"t":"0","gxe":67.5,"r":"1671.883675972","rd":"55.91373048286","sigma":"0","rptime":"1440666000","rpr":1639.0848745833,"rprd":54.286387411265,"rpsigma":"0","acre":1211.4265745316,"lacre":1211.4265745316,"oldacre":"1243.2835756521"},"p2rating":{"entryid":"386","serverid":"eos","formatid":"monotype","userid":"lightofaknowing","username":"LightOfAKnowing","w":39,"l":"46","t":"0","gxe":47.9,"r":"1477.0084457048","rd":"41.434222905381","sigma":"0","rptime":"1440666000","rpr":1484.1495182191,"rprd":40.301838164652,"rpsigma":"0","acre":1177.3422499536,"lacre":1177.3422499536,"oldacre":"1145.4852488331"},"endType":"forfeit"}