{"seed":[60343,12250,55635,27338],"turns":30,"p1":"Liecun Ciel","p2":"Void Wiley","p1team":[{"name":"Jellicent","species":"Jellicent","item":"leftovers","ability":"Cursed Body","moves":["hex","willowisp","taunt","recover"],"nature":"Calm","evs":{"hp":252,"atk":0,"def":0,"spa":0,"spd":212,"spe":44},"gender":"M","ivs":{"hp":31,"atk":0,"def":31,"spa":31,"spd":31,"spe":31}},{"name":"Gyarados","species":"Gyarados","item":"gyaradosite","ability":"Intimidate","moves":["substitute","dragondance","waterfall","crunch"],"nature":"Jolly","evs":{"hp":88,"atk":252,"def":0,"spa":0,"spd":0,"spe":168},"ivs":{"hp":31,"atk":31,"def":31,"spa":31,"spd":31,"spe":31}},{"name":"Tentacruel","species":"Tentacruel","item":"blacksludge","ability":"Liquid Ooze","moves":["scald","toxicspikes","rapidspin","acidspray"],"nature":"Calm","evs":{"hp":252,"atk":0,"def":0,"spa":0,"spd":240,"spe":16},"ivs":{"hp":31,"atk":0,"def":31,"spa":31,"spd":31,"spe":31}},{"name":"Swampert","species":"Swampert","item":"leftovers","ability":"Torrent","moves":["stealthrock","scald","earthquake","roar"],"nature":"Relaxed","evs":{"hp":240,"atk":16,"def":252,"spa":0,"spd":0,"spe":0},"ivs":{"hp":31,"atk":31,"def":31,"spa":31,"spd":31,"spe":31}},{"name":"Azumarill","species":"Azumarill","item":"choiceband","ability":"Sap Sipper","moves":["waterfall","aquajet","playrough","knockoff"],"nature":"Adamant","evs":{"hp":248,"atk":252,"def":0,"spa":0,"spd":8,"spe":0},"ivs":{"hp":31,"atk":31,"def":31,"spa":31,"spd":31,"spe":31}},{"name":"Starmie","species":"Starmie","item":"choicescarf","ability":"Analytic","moves":["surf","psychic","icebeam","grassknot"],"nature":"Timid","evs":{"hp":0,"atk":0,"def":0,"spa":252,"spd":4,"spe":252},"ivs":{"hp":31,"atk":0,"def":31,"spa":31,"spd":31,"spe":31}}],"p2team":[{"name":"Vengeful","species":"hariyama","item":"assaultvest","ability":"Thick Fat","moves":["closecombat","bulletpunch","earthquake","icepunch"],"nature":"Careful","evs":{"hp":248,"atk":132,"def":0,"spa":0,"spd":128,"spe":0},"ivs":{"hp":31,"atk":31,"def":31,"spa":31,"spd":31,"spe":31}},{"name":"Thneed","species":"mienshao","item":"lifeorb","ability":"Regenerator","moves":["fakeout","highjumpkick","poisonjab","knockoff"],"nature":"Jolly","evs":{"hp":0,"atk":252,"def":0,"spa":0,"spd":4,"spe":252},"ivs":{"hp":31,"atk":31,"def":31,"spa":31,"spd":31,"spe":31}},{"name":"Severus","species":"scrafty","item":"leftovers","ability":"Shed Skin","moves":["dragondance","rest","drainpunch","knockoff"],"nature":"Jolly","evs":{"hp":0,"atk":252,"def":0,"spa":0,"spd":4,"spe":252},"ivs":{"hp":31,"atk":31,"def":31,"spa":31,"spd":31,"spe":31}},{"name":"Bruce Lee","species":"hitmonlee","item":"normalgem","ability":"Unburden","moves":["fakeout","blazekick","earthquake","closecombat"],"nature":"Adamant","evs":{"hp":0,"atk":252,"def":0,"spa":0,"spd":4,"spe":252},"ivs":{"hp":31,"atk":31,"def":31,"spa":31,"spd":31,"spe":31}},{"name":"KFC","species":"combusken","item":"eviolite","ability":"Speed Boost","moves":["substitute","batonpass","flareblitz","brickbreak"],"nature":"Adamant","evs":{"hp":0,"atk":252,"def":0,"spa":0,"spd":4,"spe":252},"ivs":{"hp":31,"atk":31,"def":31,"spa":31,"spd":31,"spe":31}},{"name":"Spike","species":"chesnaught","item":"leftovers","ability":"Bulletproof","moves":["spikyshield","leechseed","seedbomb","drainpunch"],"nature":"Impish","evs":{"hp":248,"atk":8,"def":252,"spa":0,"spd":0,"spe":0},"ivs":{"hp":31,"atk":31,"def":31,"spa":31,"spd":31,"spe":31}}],"log":["|player|p1|Liecun Ciel|169","|player|p2|Void Wiley|voidwiley.png","|gametype|singles","|gen|6","|tier|Monotype","|rated","|rule|Baton Pass Clause: Limit one Baton Passer, can't pass Spe and other stats simultaneously","|rule|Swagger Clause: Swagger is banned","|rule|Same Type Clause: Pokémon in a team must share a type","|clearpoke","|poke|p1|Jellicent, M","|poke|p1|Gyarados, F","|poke|p1|Tentacruel, F","|poke|p1|Swampert, M","|poke|p1|Azumarill, M","|poke|p1|Starmie","|poke|p2|Hariyama, M","|poke|p2|Mienshao, F","|poke|p2|Scrafty, F","|poke|p2|Hitmonlee, M","|poke|p2|Combusken, M","|poke|p2|Chesnaught, M","|rule|Sleep Clause Mod: Limit one foe put to sleep","|rule|Species Clause: Limit one of each Pokémon","|rule|OHKO Clause: OHKO moves are banned","|rule|Moody Clause: Moody is banned","|rule|Evasion Moves Clause: Evasion moves are banned","|rule|Endless Battle Clause: Forcing endless battles is banned","|rule|HP Percentage Mod: HP is shown in percentages","|teampreview","|","|start","|switch|p1a: Gyarados|Gyarados, F|353/353","|switch|p2a: Spike|Chesnaught, M|379/379","|-ability|p1a: Gyarados|Intimidate","|-unboost|p2a: Spike|atk|1","|turn|1","|","|switch|p1a: Azumarill|Azumarill, M|403/403","|move|p2a: Spike|Spiky Shield|p2a: Spike","|-fail|p2a: Spike","|","|turn|2","|","|switch|p2a: Vengeful|Hariyama, M|491/491","|move|p1a: Azumarill|Play Rough|p2a: Vengeful","|-supereffective|p2a: Vengeful","|-damage|p2a: Vengeful|33/491","|","|turn|3","|","|switch|p1a: Gyarados|Gyarados, F|353/353","|-ability|p1a: Gyarados|Intimidate","|-unboost|p2a: Vengeful|atk|1","|move|p2a: Vengeful|Bullet Punch|p1a: Gyarados","|-crit|p1a: Gyarados","|-resisted|p1a: Gyarados","|-damage|p1a: Gyarados|316/353","|","|turn|4","|","|move|p1a: Gyarados|Waterfall|p2a: Vengeful","|-damage|p2a: Vengeful|0 fnt","|faint|p2a: Vengeful","|","|","|switch|p2a: Bruce Lee|Hitmonlee, M|241/241","|turn|5","|","|switch|p1a: Swampert|Swampert, M|401/401","|move|p2a: Bruce Lee|Fake Out|p1a: Swampert","|-enditem|p2a: Bruce Lee|Normal Gem|[from] gem|[move] Fake Out","|-damage|p1a: Swampert|351/401","|","|-heal|p1a: Swampert|376/401|[from] item: Leftovers","|turn|6","|","|move|p2a: Bruce Lee|Close Combat|p1a: Swampert","|-damage|p1a: Swampert|211/401","|-unboost|p2a: Bruce Lee|def|1","|-unboost|p2a: Bruce Lee|spd|1","|move|p1a: Swampert|Stealth Rock|p2a: Bruce Lee","|-sidestart|p2: Void Wiley|move: Stealth Rock","|","|-heal|p1a: Swampert|236/401|[from] item: Leftovers","|turn|7","|","|switch|p1a: Azumarill|Azumarill, M|403/403","|move|p2a: Bruce Lee|Close Combat|p1a: Azumarill","|-resisted|p1a: Azumarill","|-damage|p1a: Azumarill|272/403","|-unboost|p2a: Bruce Lee|def|1","|-unboost|p2a: Bruce Lee|spd|1","|","|turn|8","|","|move|p2a: Bruce Lee|Earthquake|p1a: Azumarill","|-damage|p1a: Azumarill|126/403","|move|p1a: Azumarill|Play Rough|p2a: Bruce Lee","|-supereffective|p2a: Bruce Lee","|-damage|p2a: Bruce Lee|0 fnt","|faint|p2a: Bruce Lee","|","|","|switch|p2a: Thneed|Mienshao, F|271/271","|-damage|p2a: Thneed|255/271|[from] Stealth Rock","|turn|9","|","|switch|p1a: Gyarados|Gyarados, F|316/353","|-ability|p1a: Gyarados|Intimidate","|-unboost|p2a: Thneed|atk|1","|move|p2a: Thneed|Fake Out|p1a: Gyarados","|-damage|p1a: Gyarados|264/353","|-damage|p2a: Thneed|228/271|[from] item: Life Orb","|","|turn|10","|","|move|p2a: Thneed|Knock Off|p1a: Gyarados","|-damage|p1a: Gyarados|190/353","|-damage|p2a: Thneed|201/271|[from] item: Life Orb","|move|p1a: Gyarados|Waterfall|p2a: Thneed","|-damage|p2a: Thneed|0 fnt","|faint|p2a: Thneed","|","|","|switch|p2a: Severus|Scrafty, F|271/271","|-damage|p2a: Severus|255/271|[from] Stealth Rock","|turn|11","|","|detailschange|p1a: Gyarados|Gyarados-Mega, F","|-mega|p1a: Gyarados|Gyarados|Gyaradosite","|-ability|p1a: Gyarados|Mold Breaker","|move|p1a: Gyarados|Substitute|p1a: Gyarados","|-start|p1a: Gyarados|Substitute","|-damage|p1a: Gyarados|102/353","|move|p2a: Severus|Dragon Dance|p2a: Severus","|-boost|p2a: Severus|atk|1","|-boost|p2a: Severus|spe|1","|","|-heal|p2a: Severus|271/271|[from] item: Leftovers","|turn|12","|","|move|p2a: Severus|Drain Punch|p1a: Gyarados","|-supereffective|p1a: Gyarados","|-end|p1a: Gyarados|Substitute","|move|p1a: Gyarados|Waterfall|p2a: Severus","|-damage|p2a: Severus|129/271","|","|-heal|p2a: Severus|145/271|[from] item: Leftovers","|turn|13","|","|move|p2a: Severus|Drain Punch|p1a: Gyarados","|-supereffective|p1a: Gyarados","|-damage|p1a: Gyarados|0 fnt","|-heal|p2a: Severus|196/271|[from] drain|[of] p1a: Gyarados","|faint|p1a: Gyarados","|","|-heal|p2a: Severus|212/271|[from] item: Leftovers","|","|switch|p1a: Starmie|Starmie|261/261","|turn|14","|","|move|p1a: Starmie|Surf|p2a: Severus","|-damage|p2a: Severus|101/271","|move|p2a: Severus|Knock Off|p1a: Starmie","|-supereffective|p1a: Starmie","|-damage|p1a: Starmie|0 fnt","|-enditem|p1a: Starmie|Choice Scarf|[from] move: Knock Off|[of] p2a: Severus","|faint|p1a: Starmie","|","|-heal|p2a: Severus|117/271|[from] item: Leftovers","|","|switch|p1a: Swampert|Swampert, M|236/401","|turn|15","|","|move|p2a: Severus|Knock Off|p1a: Swampert","|-damage|p1a: Swampert|85/401","|-enditem|p1a: Swampert|Leftovers|[from] move: Knock Off|[of] p2a: Severus","|move|p1a: Swampert|Roar|p2a: Severus","|drag|p2a: Spike|Chesnaught, M|379/379","|-damage|p2a: Spike|356/379|[from] Stealth Rock","|","|-heal|p2a: Spike|379/379|[from] item: Leftovers","|turn|16","|","|move|p2a: Spike|Seed Bomb|p1a: Swampert","|-supereffective|p1a: Swampert","|-damage|p1a: Swampert|0 fnt","|faint|p1a: Swampert","|","|","|switch|p1a: Azumarill|Azumarill, M|126/403","|turn|17","|","|switch|p1a: Tentacruel|Tentacruel, F|364/364","|move|p2a: Spike|Spiky Shield|p2a: Spike","|-fail|p2a: Spike","|","|turn|18","|","|move|p1a: Tentacruel|Toxic Spikes|p2a: Spike","|-sidestart|p2: Void Wiley|move: Toxic Spikes","|move|p2a: Spike|Leech Seed|p1a: Tentacruel","|-start|p1a: Tentacruel|move: Leech Seed","|","|-damage|p1a: Tentacruel|319/364|[from] Leech Seed|[of] p2a: Spike","|-damage|p2a: Spike|334/379|[from] ability: Liquid Ooze|[of] p1a: Tentacruel","|turn|19","|","|move|p1a: Tentacruel|Acid Spray|p2a: Spike","|-immune|p2a: Spike|[msg]|[from] Bulletproof","|move|p2a: Spike|Seed Bomb|p1a: Tentacruel","|-damage|p1a: Tentacruel|183/364","|","|-heal|p1a: Tentacruel|205/364|[from] item: Black Sludge","|-heal|p2a: Spike|357/379|[from] item: Leftovers","|-damage|p1a: Tentacruel|160/364|[from] Leech Seed|[of] p2a: Spike","|-damage|p2a: Spike|312/379|[from] ability: Liquid Ooze|[of] p1a: Tentacruel","|turn|20","|","|switch|p1a: Azumarill|Azumarill, M|126/403","|move|p2a: Spike|Seed Bomb|p1a: Azumarill","|-boost|p1a: Azumarill|atk|1|[from] ability: Sap Sipper","|","|-heal|p2a: Spike|335/379|[from] item: Leftovers","|turn|21","|","|move|p2a: Spike|Drain Punch|p1a: Azumarill","|-resisted|p1a: Azumarill","|-damage|p1a: Azumarill|70/403","|-heal|p2a: Spike|363/379|[from] drain|[of] p1a: Azumarill","|move|p1a: Azumarill|Play Rough|p2a: Spike","|-supereffective|p2a: Spike","|-damage|p2a: Spike|81/379","|","|-heal|p2a: Spike|104/379|[from] item: Leftovers","|turn|22","|","|switch|p1a: Jellicent|Jellicent, M|404/404","|move|p2a: Spike|Spiky Shield|p2a: Spike","|-fail|p2a: Spike","|","|-heal|p2a: Spike|127/379|[from] item: Leftovers","|turn|23","|","|move|p1a: Jellicent|Will-O-Wisp|p2a: Spike","|-status|p2a: Spike|brn","|move|p2a: Spike|Seed Bomb|p1a: Jellicent","|-supereffective|p1a: Jellicent","|-damage|p1a: Jellicent|268/404","|-start|p2a: Spike|Disable|Seed Bomb","|","|-heal|p1a: Jellicent|293/404|[from] item: Leftovers","|-heal|p2a: Spike|150/379 brn|[from] item: Leftovers","|-damage|p2a: Spike|103/379 brn|[from] brn","|turn|24","|","|move|p1a: Jellicent|Hex|p2a: Spike","|-damage|p2a: Spike|0 fnt","|faint|p2a: Spike","|","|-heal|p1a: Jellicent|318/404|[from] item: Leftovers","|","|switch|p2a: Severus|Scrafty, F|117/271","|-damage|p2a: Severus|101/271|[from] Stealth Rock","|-status|p2a: Severus|psn","|turn|25","|","|move|p2a: Severus|Rest|p2a: Severus","|-status|p2a: Severus|slp","|-heal|p2a: Severus|271/271 slp|[silent]","|-status|p2a: Severus|slp|[from] move: Rest","|move|p1a: Jellicent|Taunt|p2a: Severus","|-start|p2a: Severus|move: Taunt","|","|-heal|p1a: Jellicent|343/404|[from] item: Leftovers","|turn|26","|","|switch|p1a: Azumarill|Azumarill, M|70/403","|cant|p2a: Severus|slp","|","|turn|27","|","|cant|p2a: Severus|slp","|move|p1a: Azumarill|Play Rough|p2a: Severus","|-supereffective|p2a: Severus","|-damage|p2a: Severus|0 fnt","|faint|p2a: Severus","|","|","|switch|p2a: KFC|Combusken, M|261/261","|-status|p2a: KFC|psn","|-damage|p2a: KFC|229/261 psn|[from] Stealth Rock","|turn|28","|","|switch|p1a: Tentacruel|Tentacruel, F|160/364","|move|p2a: KFC|Flare Blitz|p1a: Tentacruel","|-resisted|p1a: Tentacruel","|-damage|p1a: Tentacruel|36/364","|-status|p1a: Tentacruel|brn","|-damage|p2a: KFC|188/261 psn|[from] recoil|[of] p1a: Tentacruel","|","|-heal|p1a: Tentacruel|58/364 brn|[from] item: Black Sludge","|-damage|p1a: Tentacruel|13/364 brn|[from] brn","|-damage|p2a: KFC|156/261 psn|[from] psn","|-boost|p2a: KFC|spe|1|[from] ability: Speed Boost","|turn|29","|","|move|p2a: KFC|Brick Break|p1a: Tentacruel","|-resisted|p1a: Tentacruel","|-damage|p1a: Tentacruel|0 fnt","|faint|p1a: Tentacruel","|","|-damage|p2a: KFC|124/261 psn|[from] psn","|-boost|p2a: KFC|spe|1|[from] ability: Speed Boost","|","|switch|p1a: Jellicent|Jellicent, M|343/404","|turn|30","|","|move|p2a: KFC|Flare Blitz|p1a: Jellicent","|-resisted|p1a: Jellicent","|-damage|p1a: Jellicent|216/404","|-damage|p2a: KFC|82/261 psn|[from] recoil|[of] p1a: Jellicent","|move|p1a: Jellicent|Hex|p2a: KFC","|-damage|p2a: KFC|0 fnt","|faint|p2a: KFC","|","|win|Liecun Ciel"],"p1rating":{"entryid":515207,"formatid":"monotype","userid":"liecunciel","username":"Liecun Ciel","r":1500,"rd":130,"sigma":0,"rpr":1560.3119373946,"rprd":123.10156316544,"rpsigma":0,"rptime":1440579600,"w":1,"l":0,"t":0,"gxe":57.5,"acre":1061.7042038243,"lacre":1061.7042038243,"oldacre":1000},"p2rating":{"entryid":"91212","serverid":"eos","formatid":"monotype","userid":"voidwiley","username":"Void Wiley","w":"42","l":21,"t":"0","gxe":67.3,"r":"1648.0826145822","rd":"47.20522989498","sigma":"0","rptime":"1440579600","rpr":1636.8026275929,"rprd":46.190273150379,"rpsigma":"0","acre":1172.6202484376,"lacre":1172.6202484376,"oldacre":"1211.1853758278"},"endType":"normal"}