{"seed":[19895,13819,9926,43539],"turns":26,"p1":"GTX♅Bugy","p2":"DJ Gible","p1team":[{"name":"Azumarill","species":"Azumarill","item":"assaultvest","ability":"Huge Power","moves":["playrough","waterfall","aquajet","knockoff"],"nature":"Adamant","evs":{"hp":240,"atk":252,"def":0,"spa":0,"spd":16,"spe":0},"ivs":{"hp":31,"atk":31,"def":31,"spa":31,"spd":31,"spe":31}},{"name":"Slowbro","species":"Slowbro","item":"leftovers","ability":"Regenerator","moves":["calmmind","scald","psyshock","slackoff"],"nature":"Bold","evs":{"hp":252,"atk":0,"def":80,"spa":0,"spd":176,"spe":0},"ivs":{"hp":31,"atk":31,"def":31,"spa":31,"spd":31,"spe":31}},{"name":"Swampert","species":"Swampert","item":"swampertite","ability":"Torrent","moves":["icepunch","waterfall","earthquake","superpower"],"nature":"Adamant","evs":{"hp":248,"atk":252,"def":0,"spa":0,"spd":8,"spe":0},"ivs":{"hp":31,"atk":31,"def":31,"spa":31,"spd":31,"spe":31}},{"name":"Rotom-Wash","species":"Rotom-Wash","item":"leftovers","ability":"Levitate","moves":["voltswitch","hydropump","willowisp","painsplit"],"nature":"Bold","evs":{"hp":248,"atk":0,"def":252,"spa":0,"spd":0,"spe":8},"ivs":{"hp":31,"atk":31,"def":31,"spa":31,"spd":31,"spe":31}},{"name":"Politoed","species":"Politoed","item":"leftovers","ability":"Drizzle","moves":["icebeam","hydropump"],"nature":"","evs":{"hp":0,"atk":0,"def":0,"spa":0,"spd":0,"spe":0},"ivs":{"hp":31,"atk":31,"def":31,"spa":31,"spd":31,"spe":31}},{"name":"Kingdra","species":"Kingdra","item":"scopelens","ability":"Swift Swim","moves":["icebeam","focusenergy","hydropump","dragonpulse"],"nature":"Modest","evs":{"hp":0,"atk":0,"def":0,"spa":252,"spd":4,"spe":252},"ivs":{"hp":31,"atk":31,"def":31,"spa":31,"spd":31,"spe":31}}],"p2team":[{"name":"Conkeldurr","species":"Conkeldurr","item":"assaultvest","ability":"Iron Fist","moves":["icepunch","drainpunch","earthquake","machpunch"],"nature":"Adamant","evs":{"hp":248,"atk":252,"def":0,"spa":0,"spd":8,"spe":0},"ivs":{"hp":31,"atk":31,"def":31,"spa":31,"spd":31,"spe":31}},{"name":"Hawlucha","species":"Hawlucha","item":"powerherb","ability":"Unburden","moves":["acrobatics","roost","poisonjab","skyattack"],"nature":"Adamant","evs":{"hp":0,"atk":252,"def":0,"spa":0,"spd":4,"spe":252},"ivs":{"hp":31,"atk":31,"def":31,"spa":31,"spd":31,"spe":31}},{"name":"Keldeo","species":"Keldeo","item":"choicescarf","ability":"Justified","moves":["icywind","hydropump","secretsword","scald"],"nature":"Timid","evs":{"hp":0,"atk":0,"def":0,"spa":252,"spd":4,"spe":252},"ivs":{"hp":31,"atk":31,"def":31,"spa":31,"spd":31,"spe":31}},{"name":"Terrakion","species":"Terrakion","item":"choicescarf","ability":"Justified","moves":["closecombat","earthquake","rockslide","xscissor"],"nature":"Jolly","evs":{"hp":0,"atk":252,"def":0,"spa":0,"spd":4,"spe":252},"ivs":{"hp":31,"atk":31,"def":31,"spa":31,"spd":31,"spe":31}},{"name":"Lucario","species":"Lucario","item":"lifeorb","ability":"Justified","moves":["nastyplot","extremespeed","aurasphere","flashcannon"],"nature":"Hasty","evs":{"hp":0,"atk":4,"def":0,"spa":252,"spd":0,"spe":252},"ivs":{"hp":31,"atk":31,"def":31,"spa":31,"spd":31,"spe":31}},{"name":"Heracross","species":"Heracross","item":"heracronite","ability":"Moxie","moves":["megahorn","rockblast","closecombat","swordsdance"],"nature":"Adamant","evs":{"hp":248,"atk":252,"def":0,"spa":0,"spd":8,"spe":0},"ivs":{"hp":31,"atk":31,"def":31,"spa":31,"spd":31,"spe":31}}],"log":["|player|p1|GTX♅Bugy|66","|player|p2|DJ Gible|198","|gametype|singles","|gen|6","|tier|Monotype","|rated","|rule|Baton Pass Clause: Limit one Baton Passer, can't pass Spe and other stats simultaneously","|rule|Swagger Clause: Swagger is banned","|rule|Same Type Clause: Pokémon in a team must share a type","|clearpoke","|poke|p1|Azumarill, F","|poke|p1|Slowbro, F","|poke|p1|Swampert, M","|poke|p1|Rotom-Wash","|poke|p1|Politoed, M","|poke|p1|Kingdra, F","|poke|p2|Conkeldurr, M","|poke|p2|Hawlucha, M","|poke|p2|Keldeo","|poke|p2|Terrakion","|poke|p2|Lucario, F","|poke|p2|Heracross, F","|rule|Sleep Clause Mod: Limit one foe put to sleep","|rule|Species Clause: Limit one of each Pokémon","|rule|OHKO Clause: OHKO moves are banned","|rule|Moody Clause: Moody is banned","|rule|Evasion Moves Clause: Evasion moves are banned","|rule|Endless Battle Clause: Forcing endless battles is banned","|rule|HP Percentage Mod: HP is shown in percentages","|teampreview","|","|start","|switch|p1a: Rotom-Wash|Rotom-Wash|303/303","|switch|p2a: Lucario|Lucario, F|281/281","|turn|1","|","|move|p2a: Lucario|Nasty Plot|p2a: Lucario","|-boost|p2a: Lucario|spa|2","|move|p1a: Rotom-Wash|Volt Switch|p2a: Lucario","|-damage|p2a: Lucario|157/281","|","|switch|p1a: Swampert|Swampert, M|403/403","|","|turn|2","|","|detailschange|p1a: Swampert|Swampert-Mega, M","|-mega|p1a: Swampert|Swampert|Swampertite","|move|p2a: Lucario|Aura Sphere|p1a: Swampert","|-damage|p1a: Swampert|111/403","|-damage|p2a: Lucario|129/281|[from] item: Life Orb","|move|p1a: Swampert|Earthquake|p2a: Lucario","|-supereffective|p2a: Lucario","|-damage|p2a: Lucario|0 fnt","|faint|p2a: Lucario","|","|","|switch|p2a: Heracross|Heracross, F|363/363","|turn|3","|","|switch|p1a: Azumarill|Azumarill, F|401/401","|detailschange|p2a: Heracross|Heracross-Mega, F","|-mega|p2a: Heracross|Heracross|Heracronite","|move|p2a: Heracross|Swords Dance|p2a: Heracross","|-boost|p2a: Heracross|atk|2","|","|turn|4","|","|move|p2a: Heracross|Megahorn|p1a: Azumarill","|-resisted|p1a: Azumarill","|-damage|p1a: Azumarill|3/401","|move|p1a: Azumarill|Play Rough|p2a: Heracross","|-supereffective|p2a: Heracross","|-damage|p2a: Heracross|27/363","|","|turn|5","|","|move|p1a: Azumarill|Aqua Jet|p2a: Heracross","|-damage|p2a: Heracross|0 fnt","|faint|p2a: Heracross","|","|","|switch|p2a: Conkeldurr|Conkeldurr, M|413/413","|turn|6","|","|switch|p1a: Politoed|Politoed, M|321/321","|-weather|RainDance","|move|p2a: Conkeldurr|Mach Punch|p1a: Politoed","|-damage|p1a: Politoed|198/321","|","|-weather|RainDance|[upkeep]","|-heal|p1a: Politoed|218/321|[from] item: Leftovers","|turn|7","|","|move|p1a: Politoed|Hydro Pump|p2a: Conkeldurr","|-damage|p2a: Conkeldurr|257/413","|move|p2a: Conkeldurr|Drain Punch|p1a: Politoed","|-damage|p1a: Politoed|0 fnt","|-heal|p2a: Conkeldurr|366/413|[from] drain|[of] p1a: Politoed","|faint|p1a: Politoed","|","|-weather|RainDance|[upkeep]","|","|switch|p1a: Kingdra|Kingdra, F|291/291","|turn|8","|","|move|p1a: Kingdra|Focus Energy|p1a: Kingdra","|-start|p1a: Kingdra|move: Focus Energy","|move|p2a: Conkeldurr|Drain Punch|p1a: Kingdra","|-damage|p1a: Kingdra|98/291","|-heal|p2a: Conkeldurr|413/413|[from] drain|[of] p1a: Kingdra","|","|-weather|RainDance|[upkeep]","|turn|9","|","|move|p2a: Conkeldurr|Mach Punch|p1a: Kingdra","|-damage|p1a: Kingdra|0 fnt","|faint|p1a: Kingdra","|","|-weather|RainDance|[upkeep]","|","|switch|p1a: Slowbro|Slowbro, F|394/394","|turn|10","|","|move|p2a: Conkeldurr|Drain Punch|p1a: Slowbro","|-resisted|p1a: Slowbro","|-damage|p1a: Slowbro|327/394","|move|p1a: Slowbro|Slack Off|p1a: Slowbro","|-heal|p1a: Slowbro|394/394","|","|-weather|none","|turn|11","|","|move|p2a: Conkeldurr|Earthquake|p1a: Slowbro","|-damage|p1a: Slowbro|285/394","|move|p1a: Slowbro|Calm Mind|p1a: Slowbro","|-boost|p1a: Slowbro|spa|1","|-boost|p1a: Slowbro|spd|1","|","|-heal|p1a: Slowbro|309/394|[from] item: Leftovers","|turn|12","|","|move|p2a: Conkeldurr|Earthquake|p1a: Slowbro","|-damage|p1a: Slowbro|202/394","|move|p1a: Slowbro|Calm Mind|p1a: Slowbro","|-boost|p1a: Slowbro|spa|1","|-boost|p1a: Slowbro|spd|1","|","|-heal|p1a: Slowbro|226/394|[from] item: Leftovers","|turn|13","|","|move|p2a: Conkeldurr|Earthquake|p1a: Slowbro","|-damage|p1a: Slowbro|111/394","|move|p1a: Slowbro|Slack Off|p1a: Slowbro","|-heal|p1a: Slowbro|308/394","|","|-heal|p1a: Slowbro|332/394|[from] item: Leftovers","|turn|14","|","|move|p2a: Conkeldurr|Earthquake|p1a: Slowbro","|-damage|p1a: Slowbro|221/394","|move|p1a: Slowbro|Calm Mind|p1a: Slowbro","|-boost|p1a: Slowbro|spa|1","|-boost|p1a: Slowbro|spd|1","|","|-heal|p1a: Slowbro|245/394|[from] item: Leftovers","|turn|15","|","|move|p2a: Conkeldurr|Earthquake|p1a: Slowbro","|-damage|p1a: Slowbro|133/394","|move|p1a: Slowbro|Slack Off|p1a: Slowbro","|-heal|p1a: Slowbro|330/394","|","|-heal|p1a: Slowbro|354/394|[from] item: Leftovers","|turn|16","|","|move|p2a: Conkeldurr|Earthquake|p1a: Slowbro","|-damage|p1a: Slowbro|253/394","|move|p1a: Slowbro|Calm Mind|p1a: Slowbro","|-boost|p1a: Slowbro|spa|1","|-boost|p1a: Slowbro|spd|1","|","|-heal|p1a: Slowbro|277/394|[from] item: Leftovers","|turn|17","|","|move|p2a: Conkeldurr|Earthquake|p1a: Slowbro","|-damage|p1a: Slowbro|168/394","|move|p1a: Slowbro|Slack Off|p1a: Slowbro","|-heal|p1a: Slowbro|365/394","|","|-heal|p1a: Slowbro|389/394|[from] item: Leftovers","|turn|18","|","|move|p2a: Conkeldurr|Earthquake|p1a: Slowbro","|-damage|p1a: Slowbro|285/394","|move|p1a: Slowbro|Calm Mind|p1a: Slowbro","|-boost|p1a: Slowbro|spa|1","|-boost|p1a: Slowbro|spd|1","|","|-heal|p1a: Slowbro|309/394|[from] item: Leftovers","|turn|19","|","|switch|p2a: Hawlucha|Hawlucha, M|297/297","|move|p1a: Slowbro|Slack Off|p1a: Slowbro","|-heal|p1a: Slowbro|394/394","|","|turn|20","|","|move|p2a: Hawlucha|Sky Attack|p1a: Slowbro|[still]|[miss]","|-prepare|p2a: Hawlucha|Sky Attack|p1a: Slowbro","|-enditem|p2a: Hawlucha|Power Herb","|-anim|p2a: Hawlucha|Sky Attack|p1a: Slowbro","|-miss|p2a: Hawlucha|p1a: Slowbro","|move|p1a: Slowbro|Psyshock|p2a: Hawlucha","|-supereffective|p2a: Hawlucha","|-damage|p2a: Hawlucha|0 fnt","|faint|p2a: Hawlucha","|","|","|switch|p2a: Terrakion|Terrakion|323/323","|turn|21","|","|move|p2a: Terrakion|X-Scissor|p1a: Slowbro","|-supereffective|p1a: Slowbro","|-damage|p1a: Slowbro|244/394","|move|p1a: Slowbro|Slack Off|p1a: Slowbro","|-heal|p1a: Slowbro|394/394","|","|turn|22","|","|move|p2a: Terrakion|X-Scissor|p1a: Slowbro","|-supereffective|p1a: Slowbro","|-damage|p1a: Slowbro|242/394","|move|p1a: Slowbro|Scald|p2a: Terrakion","|-supereffective|p2a: Terrakion","|-damage|p2a: Terrakion|0 fnt","|faint|p2a: Terrakion","|","|-heal|p1a: Slowbro|266/394|[from] item: Leftovers","|","|switch|p2a: Keldeo|Keldeo|323/323","|turn|23","|","|move|p2a: Keldeo|Hydro Pump|p1a: Slowbro","|-resisted|p1a: Slowbro","|-damage|p1a: Slowbro|240/394","|move|p1a: Slowbro|Slack Off|p1a: Slowbro","|-heal|p1a: Slowbro|394/394","|","|turn|24","|","|move|p2a: Keldeo|Hydro Pump|p1a: Slowbro","|-resisted|p1a: Slowbro","|-damage|p1a: Slowbro|364/394","|move|p1a: Slowbro|Calm Mind|p1a: Slowbro","|-boost|p1a: Slowbro|spa|1","|-boost|p1a: Slowbro|spd|1","|","|-heal|p1a: Slowbro|388/394|[from] item: Leftovers","|turn|25","|","|move|p2a: Keldeo|Hydro Pump|p1a: Slowbro","|-resisted|p1a: Slowbro","|-damage|p1a: Slowbro|365/394","|move|p1a: Slowbro|Psyshock|p2a: Keldeo","|-crit|p2a: Keldeo","|-supereffective|p2a: Keldeo","|-damage|p2a: Keldeo|0 fnt","|faint|p2a: Keldeo","|","|-heal|p1a: Slowbro|389/394|[from] item: Leftovers","|","|switch|p2a: Conkeldurr|Conkeldurr, M|413/413","|turn|26","|","|move|p2a: Conkeldurr|Earthquake|p1a: Slowbro","|-damage|p1a: Slowbro|287/394","|move|p1a: Slowbro|Psyshock|p2a: Conkeldurr","|-supereffective|p2a: Conkeldurr","|-damage|p2a: Conkeldurr|0 fnt","|faint|p2a: Conkeldurr","|","|win|GTX♅Bugy"],"p1rating":{"entryid":"464882","serverid":"eos","formatid":"monotype","userid":"gtxbugy","username":"GTX♅Bugy","w":6,"l":"4","t":"0","gxe":56,"r":"1528.1416763175","rd":"90.518903959948","sigma":"0","rptime":"1440666000","rpr":1546.8127770359,"rprd":87.780418849916,"rpsigma":"0","acre":1105.1145165235,"lacre":1105.1145165235,"oldacre":"1067.3328046966"},"p2rating":{"entryid":"166635","serverid":"eos","formatid":"monotype","userid":"djgible","username":"DJ Gible","w":"12","l":13,"t":"0","gxe":49.7,"r":"1479.0789926504","rd":"71.240140853422","sigma":"0","rptime":"1440666000","rpr":1497.7473626725,"rprd":65.567668528898,"rpsigma":"0","acre":1129.5408090946,"lacre":1129.5408090946,"oldacre":"1161.1307853732"},"endType":"normal"}