{"seed":[49628,37714,50719,54226],"turns":24,"p1":"SWL Jyph","p2":"Guard Quilluminati","p1team":[{"name":"Sharpedo","species":"Sharpedo","item":"sharpedonite","ability":"Speed Boost","moves":["protect","waterfall","icefang","crunch"],"nature":"Adamant","evs":{"hp":0,"atk":252,"def":0,"spa":0,"spd":4,"spe":252},"ivs":{"hp":31,"atk":31,"def":31,"spa":31,"spd":31,"spe":31}},{"name":"Gyarados","species":"Gyarados","item":"leftovers","ability":"Intimidate","moves":["substitute","dragondance","waterfall","bounce"],"nature":"Jolly","evs":{"hp":80,"atk":252,"def":0,"spa":0,"spd":0,"spe":176},"ivs":{"hp":31,"atk":31,"def":31,"spa":31,"spd":31,"spe":31}},{"name":"Swampert","species":"Swampert","item":"leftovers","ability":"Torrent","moves":["stealthrock","toxic","roar","earthquake"],"nature":"Impish","evs":{"hp":252,"atk":4,"def":252,"spa":0,"spd":0,"spe":0},"ivs":{"hp":31,"atk":31,"def":31,"spa":31,"spd":31,"spe":31}},{"name":"Lanturn","species":"Lanturn","item":"leftovers","ability":"Volt Absorb","moves":["healbell","voltswitch","scald","toxic"],"nature":"Calm","evs":{"hp":252,"atk":0,"def":0,"spa":4,"spd":252,"spe":0},"ivs":{"hp":31,"atk":31,"def":31,"spa":31,"spd":31,"spe":31}},{"name":"Keldeo","species":"Keldeo","item":"leftovers","ability":"Justified","moves":["substitute","calmmind","scald","secretsword"],"nature":"Timid","evs":{"hp":0,"atk":0,"def":4,"spa":252,"spd":0,"spe":252},"ivs":{"hp":31,"atk":31,"def":31,"spa":31,"spd":31,"spe":31}},{"name":"Empoleon","species":"Empoleon","item":"leftovers","ability":"Torrent","moves":["scald","defog","icebeam","knockoff"],"nature":"Calm","evs":{"hp":248,"atk":0,"def":0,"spa":8,"spd":252,"spe":0},"ivs":{"hp":31,"atk":31,"def":31,"spa":31,"spd":31,"spe":31}}],"p2team":[{"name":"Allen Iverson","species":"diancie","item":"diancite","ability":"Clear Body","moves":["protect","moonblast","earthpower","diamondstorm"],"nature":"Hasty","evs":{"hp":0,"atk":120,"def":0,"spa":128,"spd":8,"spe":252},"ivs":{"hp":31,"atk":31,"def":31,"spa":31,"spd":31,"spe":31}},{"name":"Fuckle","species":"shuckle","item":"redcard","ability":"Sturdy","moves":["stickyweb","stealthrock","knockoff","toxic"],"nature":"Sassy","evs":{"hp":0,"atk":0,"def":120,"spa":0,"spd":120,"spe":0},"shiny":true,"ivs":{"hp":31,"atk":31,"def":31,"spa":31,"spd":31,"spe":31}},{"name":"Omastar","species":"Omastar","item":"focussash","ability":"Shell Armor","moves":["shellsmash","icebeam","scald","earthpower"],"nature":"Modest","evs":{"hp":0,"atk":0,"def":0,"spa":252,"spd":4,"spe":252},"ivs":{"hp":31,"atk":31,"def":31,"spa":31,"spd":31,"spe":31}},{"name":"Cradily","species":"Cradily","item":"rockyhelmet","ability":"Storm Drain","moves":["barrier","gigadrain","recover","amnesia"],"nature":"Calm","evs":{"hp":248,"atk":0,"def":0,"spa":40,"spd":216,"spe":0},"shiny":true,"ivs":{"hp":31,"atk":31,"def":31,"spa":31,"spd":31,"spe":31}},{"name":"Terrakion","species":"Terrakion","item":"choicescarf","ability":"Justified","moves":["closecombat","earthquake","stoneedge","ironhead"],"nature":"Jolly","evs":{"hp":0,"atk":252,"def":0,"spa":0,"spd":4,"spe":252},"ivs":{"hp":31,"atk":31,"def":31,"spa":31,"spd":31,"spe":31}},{"name":"Tyranitar","species":"Tyranitar","item":"assaultvest","ability":"Sand Stream","moves":["crunch","stoneedge","fireblast","earthquake"],"nature":"Naughty","evs":{"hp":248,"atk":252,"def":0,"spa":8,"spd":0,"spe":0},"ivs":{"hp":31,"atk":31,"def":31,"spa":31,"spd":31,"spe":31}}],"log":["|player|p1|SWL Jyph|swljyph.png","|player|p2|Guard Quilluminati|65","|gametype|singles","|gen|6","|tier|Monotype","|rated","|rule|Baton Pass Clause: Limit one Baton Passer, can't pass Spe and other stats simultaneously","|rule|Swagger Clause: Swagger is banned","|rule|Same Type Clause: Pokémon in a team must share a type","|clearpoke","|poke|p1|Sharpedo, F","|poke|p1|Gyarados, M","|poke|p1|Swampert, F","|poke|p1|Lanturn, F","|poke|p1|Keldeo","|poke|p1|Empoleon, M","|poke|p2|Diancie","|poke|p2|Shuckle, M, shiny","|poke|p2|Omastar, F","|poke|p2|Cradily, M, shiny","|poke|p2|Terrakion","|poke|p2|Tyranitar, F","|rule|Sleep Clause Mod: Limit one foe put to sleep","|rule|Species Clause: Limit one of each Pokémon","|rule|OHKO Clause: OHKO moves are banned","|rule|Moody Clause: Moody is banned","|rule|Evasion Moves Clause: Evasion moves are banned","|rule|Endless Battle Clause: Forcing endless battles is banned","|rule|HP Percentage Mod: HP is shown in percentages","|teampreview","|","|start","|switch|p1a: Empoleon|Empoleon, M|371/371","|switch|p2a: Fuckle|Shuckle, M, shiny|181/181","|turn|1","|","|move|p1a: Empoleon|Knock Off|p2a: Fuckle","|-damage|p2a: Fuckle|151/181","|-enditem|p2a: Fuckle|Red Card|[from] move: Knock Off|[of] p1a: Empoleon","|move|p2a: Fuckle|Stealth Rock|p1a: Empoleon","|-sidestart|p1: SWL Jyph|move: Stealth Rock","|","|turn|2","|","|move|p1a: Empoleon|Scald|p2a: Fuckle","|-supereffective|p2a: Fuckle","|-damage|p2a: Fuckle|67/181","|move|p2a: Fuckle|Sticky Web|p1a: Empoleon","|-sidestart|p1: SWL Jyph|move: Sticky Web","|","|turn|3","|","|move|p1a: Empoleon|Defog|p2a: Fuckle","|-unboost|p2a: Fuckle|evasion|1","|-sideend|p1: SWL Jyph|Stealth Rock|[from] move: Defog|[of] p1a: Empoleon","|-sideend|p1: SWL Jyph|Sticky Web|[from] move: Defog|[of] p1a: Empoleon","|move|p2a: Fuckle|Knock Off|p1a: Empoleon","|-damage|p1a: Empoleon|349/371","|-enditem|p1a: Empoleon|Leftovers|[from] move: Knock Off|[of] p2a: Fuckle","|","|turn|4","|","|switch|p2a: Cradily|Cradily, M, shiny|375/375","|move|p1a: Empoleon|Scald|p2a: Cradily","|-boost|p2a: Cradily|spa|1|[from] ability: Storm Drain","|","|turn|5","|","|move|p1a: Empoleon|Knock Off|p2a: Cradily","|-damage|p2a: Cradily|311/375","|-damage|p1a: Empoleon|288/371|[from] item: Rocky Helmet|[of] p2a: Cradily","|-enditem|p2a: Cradily|Rocky Helmet|[from] move: Knock Off|[of] p1a: Empoleon","|move|p2a: Cradily|Amnesia|p2a: Cradily","|-boost|p2a: Cradily|spd|2","|","|turn|6","|","|switch|p1a: Keldeo|Keldeo|323/323","|move|p2a: Cradily|Barrier|p2a: Cradily","|-boost|p2a: Cradily|def|2","|","|turn|7","|","|move|p1a: Keldeo|Substitute|p1a: Keldeo","|-start|p1a: Keldeo|Substitute","|-damage|p1a: Keldeo|243/323","|move|p2a: Cradily|Giga Drain|p1a: Keldeo","|-supereffective|p1a: Keldeo","|-end|p1a: Keldeo|Substitute","|-heal|p2a: Cradily|351/375|[from] drain|[of] p1a: Keldeo","|","|-heal|p1a: Keldeo|263/323|[from] item: Leftovers","|turn|8","|","|move|p1a: Keldeo|Secret Sword|p2a: Cradily","|-supereffective|p2a: Cradily","|-damage|p2a: Cradily|201/375","|move|p2a: Cradily|Giga Drain|p1a: Keldeo","|-supereffective|p1a: Keldeo","|-damage|p1a: Keldeo|0 fnt","|-heal|p2a: Cradily|333/375|[from] drain|[of] p1a: Keldeo","|faint|p1a: Keldeo","|","|","|switch|p1a: Lanturn|Lanturn, F|454/454","|turn|9","|","|move|p1a: Lanturn|Toxic|p2a: Cradily","|-status|p2a: Cradily|tox","|move|p2a: Cradily|Giga Drain|p1a: Lanturn","|-supereffective|p1a: Lanturn","|-damage|p1a: Lanturn|242/454","|-heal|p2a: Cradily|375/375 tox|[from] drain|[of] p1a: Lanturn","|","|-heal|p1a: Lanturn|270/454|[from] item: Leftovers","|-damage|p2a: Cradily|352/375 tox|[from] psn","|turn|10","|","|switch|p1a: Empoleon|Empoleon, M|288/371","|move|p2a: Cradily|Giga Drain|p1a: Empoleon","|-damage|p1a: Empoleon|204/371","|-heal|p2a: Cradily|375/375 tox|[from] drain|[of] p1a: Empoleon","|","|-damage|p2a: Cradily|329/375 tox|[from] psn","|turn|11","|","|move|p1a: Empoleon|Ice Beam|p2a: Cradily","|-supereffective|p2a: Cradily","|-damage|p2a: Cradily|273/375 tox","|move|p2a: Cradily|Giga Drain|p1a: Empoleon","|-damage|p1a: Empoleon|125/371","|-heal|p2a: Cradily|313/375 tox|[from] drain|[of] p1a: Empoleon","|","|-damage|p2a: Cradily|244/375 tox|[from] psn","|turn|12","|","|move|p1a: Empoleon|Ice Beam|p2a: Cradily","|-supereffective|p2a: Cradily","|-damage|p2a: Cradily|190/375 tox","|move|p2a: Cradily|Giga Drain|p1a: Empoleon","|-damage|p1a: Empoleon|34/371","|-heal|p2a: Cradily|236/375 tox|[from] drain|[of] p1a: Empoleon","|","|-damage|p2a: Cradily|144/375 tox|[from] psn","|turn|13","|","|move|p1a: Empoleon|Ice Beam|p2a: Cradily","|-supereffective|p2a: Cradily","|-damage|p2a: Cradily|92/375 tox","|move|p2a: Cradily|Recover|p2a: Cradily","|-heal|p2a: Cradily|280/375 tox","|","|-damage|p2a: Cradily|165/375 tox|[from] psn","|turn|14","|","|move|p1a: Empoleon|Ice Beam|p2a: Cradily","|-supereffective|p2a: Cradily","|-damage|p2a: Cradily|111/375 tox","|move|p2a: Cradily|Giga Drain|p1a: Empoleon","|-damage|p1a: Empoleon|0 fnt","|-heal|p2a: Cradily|128/375 tox|[from] drain|[of] p1a: Empoleon","|faint|p1a: Empoleon","|","|-damage|p2a: Cradily|0 fnt|[from] psn","|faint|p2a: Cradily","|","|switch|p1a: Gyarados|Gyarados, M|351/351","|switch|p2a: Fuckle|Shuckle, M, shiny|67/181","|-ability|p1a: Gyarados|Intimidate","|-unboost|p2a: Fuckle|atk|1","|turn|15","|","|move|p1a: Gyarados|Substitute|p1a: Gyarados","|-start|p1a: Gyarados|Substitute","|-damage|p1a: Gyarados|264/351","|move|p2a: Fuckle|Toxic|p1a: Gyarados","|-fail|p1a: Gyarados","|","|-heal|p1a: Gyarados|285/351|[from] item: Leftovers","|turn|16","|","|switch|p2a: Allen Iverson|Diancie|241/241","|move|p1a: Gyarados|Dragon Dance|p1a: Gyarados","|-boost|p1a: Gyarados|atk|1","|-boost|p1a: Gyarados|spe|1","|","|-heal|p1a: Gyarados|306/351|[from] item: Leftovers","|turn|17","|","|detailschange|p2a: Allen Iverson|Diancie-Mega","|-mega|p2a: Allen Iverson|Diancie|Diancite","|move|p1a: Gyarados|Waterfall|p2a: Allen Iverson","|-supereffective|p2a: Allen Iverson","|-damage|p2a: Allen Iverson|0 fnt","|faint|p2a: Allen Iverson","|","|-heal|p1a: Gyarados|327/351|[from] item: Leftovers","|","|switch|p2a: Terrakion|Terrakion|323/323","|turn|18","|","|move|p2a: Terrakion|Stone Edge|p1a: Gyarados","|-supereffective|p1a: Gyarados","|-end|p1a: Gyarados|Substitute","|move|p1a: Gyarados|Waterfall|p2a: Terrakion","|-crit|p2a: Terrakion","|-supereffective|p2a: Terrakion","|-damage|p2a: Terrakion|0 fnt","|faint|p2a: Terrakion","|","|-heal|p1a: Gyarados|348/351|[from] item: Leftovers","|","|switch|p2a: Tyranitar|Tyranitar, F|403/403","|-weather|Sandstorm","|turn|19","|","|move|p1a: Gyarados|Waterfall|p2a: Tyranitar","|-supereffective|p2a: Tyranitar","|-damage|p2a: Tyranitar|17/403","|move|p2a: Tyranitar|Stone Edge|p1a: Gyarados","|-crit|p1a: Gyarados","|-supereffective|p1a: Gyarados","|-damage|p1a: Gyarados|0 fnt","|faint|p1a: Gyarados","|","|-weather|Sandstorm|[upkeep]","|","|switch|p1a: Sharpedo|Sharpedo, F|281/281","|turn|20","|","|move|p1a: Sharpedo|Protect|p1a: Sharpedo","|-singleturn|p1a: Sharpedo|Protect","|move|p2a: Tyranitar|Stone Edge|p1a: Sharpedo","|-activate|p1a: Sharpedo|Protect","|","|-weather|Sandstorm|[upkeep]","|-damage|p1a: Sharpedo|264/281|[from] sandstorm","|-boost|p1a: Sharpedo|spe|1|[from] ability: Speed Boost","|turn|21","|","|move|p1a: Sharpedo|Waterfall|p2a: Tyranitar","|-supereffective|p2a: Tyranitar","|-damage|p2a: Tyranitar|0 fnt","|faint|p2a: Tyranitar","|","|-weather|Sandstorm|[upkeep]","|-damage|p1a: Sharpedo|247/281|[from] sandstorm","|-boost|p1a: Sharpedo|spe|1|[from] ability: Speed Boost","|","|switch|p2a: Fuckle|Shuckle, M, shiny|67/181","|turn|22","|","|detailschange|p1a: Sharpedo|Sharpedo-Mega, F","|-mega|p1a: Sharpedo|Sharpedo|Sharpedonite","|move|p1a: Sharpedo|Waterfall|p2a: Fuckle","|-supereffective|p2a: Fuckle","|-damage|p2a: Fuckle|0 fnt","|faint|p2a: Fuckle","|","|-weather|Sandstorm|[upkeep]","|-damage|p1a: Sharpedo|230/281|[from] sandstorm","|","|switch|p2a: Omastar|Omastar, F|281/281","|turn|23","|","|move|p1a: Sharpedo|Crunch|p2a: Omastar","|-damage|p2a: Omastar|68/281","|move|p2a: Omastar|Shell Smash|p2a: Omastar","|-unboost|p2a: Omastar|def|1","|-unboost|p2a: Omastar|spd|1","|-boost|p2a: Omastar|atk|2","|-boost|p2a: Omastar|spa|2","|-boost|p2a: Omastar|spe|2","|","|-weather|none","|turn|24","|","|move|p1a: Sharpedo|Crunch|p2a: Omastar","|-damage|p2a: Omastar|0 fnt","|faint|p2a: Omastar","|","|win|SWL Jyph"],"p1rating":{"entryid":"10848","serverid":"eos","formatid":"monotype","userid":"swljyph","username":"SWL Jyph","w":17,"l":"13","t":"0","gxe":55.9,"r":"1593.333114626","rd":"65.580274902132","sigma":"0","rptime":"1440666000","rpr":1545.2766590987,"rprd":61.352128734616,"rpsigma":"0","acre":1096.1306428687,"lacre":1096.1306428687,"oldacre":"1060.1128672655"},"p2rating":{"entryid":"265729","serverid":"eos","formatid":"monotype","userid":"guardquilluminati","username":"Guard Quilluminati","w":"13","l":19,"t":"0","gxe":45.6,"r":"1447.5985178479","rd":"68.506568982547","sigma":"0","rptime":"1440666000","rpr":1466.2643494456,"rprd":59.307485984792,"rpsigma":"0","acre":1088.0131632425,"lacre":1088.0131632425,"oldacre":"1117.0756284111"},"endType":"normal"}