{"seed":[30090,53567,58020,38523],"turns":33,"p1":"Hm Rider","p2":"GTX♅Bugy","p1team":[{"name":"Keldeo-Resolute","species":"Keldeo-Resolute","item":"lifeorb","ability":"Justified","moves":["scald","secretsword","icywind","aquajet"],"nature":"Timid","evs":{"hp":0,"atk":0,"def":0,"spa":252,"spd":4,"spe":252},"shiny":true,"ivs":{"hp":31,"atk":31,"def":31,"spa":31,"spd":31,"spe":31}},{"name":"Terrakion","species":"Terrakion","item":"leftovers","ability":"Justified","moves":["stealthrock","closecombat","earthquake","stoneedge"],"nature":"Jolly","evs":{"hp":88,"atk":172,"def":4,"spa":0,"spd":0,"spe":244},"ivs":{"hp":31,"atk":31,"def":31,"spa":31,"spd":31,"spe":31}},{"name":"Hawlucha","species":"Hawlucha","item":"powerherb","ability":"Unburden","moves":["skyattack","acrobatics","encore","highjumpkick"],"nature":"Jolly","evs":{"hp":4,"atk":252,"def":0,"spa":0,"spd":0,"spe":252},"ivs":{"hp":31,"atk":31,"def":31,"spa":31,"spd":31,"spe":31}},{"name":"Gallade","species":"Gallade","item":"galladite","ability":"Steadfast","moves":["swordsdance","shadowsneak","psychocut","drainpunch"],"nature":"Jolly","evs":{"hp":0,"atk":252,"def":0,"spa":0,"spd":4,"spe":252},"ivs":{"hp":31,"atk":31,"def":31,"spa":31,"spd":31,"spe":31}},{"name":"Breloom","species":"Breloom","item":"toxicorb","ability":"Poison Heal","moves":["spore","protect","leechseed","seedbomb"],"nature":"Jolly","evs":{"hp":252,"atk":4,"def":0,"spa":0,"spd":0,"spe":252},"ivs":{"hp":31,"atk":31,"def":31,"spa":31,"spd":31,"spe":31}},{"name":"Conkeldurr","species":"Conkeldurr","item":"assaultvest","ability":"Guts","moves":["poisonjab","knockoff","machpunch","drainpunch"],"nature":"Adamant","evs":{"hp":108,"atk":252,"def":0,"spa":0,"spd":148,"spe":0},"ivs":{"hp":31,"atk":31,"def":31,"spa":31,"spd":31,"spe":31}}],"p2team":[{"name":"Azumarill","species":"Azumarill","item":"assaultvest","ability":"Huge Power","moves":["playrough","waterfall","aquajet","knockoff"],"nature":"Adamant","evs":{"hp":240,"atk":252,"def":0,"spa":0,"spd":16,"spe":0},"ivs":{"hp":31,"atk":31,"def":31,"spa":31,"spd":31,"spe":31}},{"name":"Slowbro","species":"Slowbro","item":"leftovers","ability":"Regenerator","moves":["calmmind","scald","psyshock","slackoff"],"nature":"Bold","evs":{"hp":252,"atk":0,"def":80,"spa":0,"spd":176,"spe":0},"ivs":{"hp":31,"atk":31,"def":31,"spa":31,"spd":31,"spe":31}},{"name":"Swampert","species":"Swampert","item":"swampertite","ability":"Torrent","moves":["icepunch","waterfall","earthquake","superpower"],"nature":"Adamant","evs":{"hp":248,"atk":252,"def":0,"spa":0,"spd":8,"spe":0},"ivs":{"hp":31,"atk":31,"def":31,"spa":31,"spd":31,"spe":31}},{"name":"Rotom-Wash","species":"Rotom-Wash","item":"leftovers","ability":"Levitate","moves":["voltswitch","hydropump","willowisp","painsplit"],"nature":"Bold","evs":{"hp":248,"atk":0,"def":252,"spa":0,"spd":0,"spe":8},"ivs":{"hp":31,"atk":31,"def":31,"spa":31,"spd":31,"spe":31}},{"name":"Politoed","species":"Politoed","item":"leftovers","ability":"Drizzle","moves":["hydropump","encore","icebeam","toxic"],"nature":"Bold","evs":{"hp":252,"atk":0,"def":252,"spa":0,"spd":4,"spe":0},"ivs":{"hp":31,"atk":31,"def":31,"spa":31,"spd":31,"spe":31}},{"name":"Kingdra","species":"Kingdra","item":"scopelens","ability":"Swift Swim","moves":["icebeam","focusenergy","hydropump","dragonpulse"],"nature":"Modest","evs":{"hp":0,"atk":0,"def":0,"spa":252,"spd":4,"spe":252},"ivs":{"hp":31,"atk":31,"def":31,"spa":31,"spd":31,"spe":31}}],"log":["|player|p1|Hm Rider|13","|player|p2|GTX♅Bugy|66","|gametype|singles","|gen|6","|tier|Monotype","|rated","|rule|Baton Pass Clause: Limit one Baton Passer, can't pass Spe and other stats simultaneously","|rule|Swagger Clause: Swagger is banned","|rule|Same Type Clause: Pokémon in a team must share a type","|clearpoke","|poke|p1|Keldeo-Resolute, shiny","|poke|p1|Terrakion","|poke|p1|Hawlucha, M","|poke|p1|Gallade, M","|poke|p1|Breloom, M","|poke|p1|Conkeldurr, F","|poke|p2|Azumarill, F","|poke|p2|Slowbro, F","|poke|p2|Swampert, F","|poke|p2|Rotom-Wash","|poke|p2|Politoed, M","|poke|p2|Kingdra, F","|rule|Sleep Clause Mod: Limit one foe put to sleep","|rule|Species Clause: Limit one of each Pokémon","|rule|OHKO Clause: OHKO moves are banned","|rule|Moody Clause: Moody is banned","|rule|Evasion Moves Clause: Evasion moves are banned","|rule|Endless Battle Clause: Forcing endless battles is banned","|rule|HP Percentage Mod: HP is shown in percentages","|teampreview","|","|start","|switch|p1a: Conkeldurr|Conkeldurr, F|378/378","|switch|p2a: Rotom-Wash|Rotom-Wash|303/303","|turn|1","|","|move|p2a: Rotom-Wash|Volt Switch|p1a: Conkeldurr","|-damage|p1a: Conkeldurr|314/378","|","|switch|p2a: Swampert|Swampert, F|403/403","|move|p1a: Conkeldurr|Knock Off|p2a: Swampert","|-damage|p2a: Swampert|311/403","|","|turn|2","|","|detailschange|p2a: Swampert|Swampert-Mega, F","|-mega|p2a: Swampert|Swampert|Swampertite","|move|p2a: Swampert|Waterfall|p1a: Conkeldurr","|-damage|p1a: Conkeldurr|145/378","|move|p1a: Conkeldurr|Drain Punch|p2a: Swampert","|-damage|p2a: Swampert|160/403","|-heal|p1a: Conkeldurr|221/378|[from] drain|[of] p2a: Swampert","|","|turn|3","|","|switch|p2a: Azumarill|Azumarill, F|401/401","|move|p1a: Conkeldurr|Drain Punch|p2a: Azumarill","|-resisted|p2a: Azumarill","|-damage|p2a: Azumarill|300/401","|-heal|p1a: Conkeldurr|272/378|[from] drain|[of] p2a: Azumarill","|","|turn|4","|","|move|p2a: Azumarill|Play Rough|p1a: Conkeldurr","|-supereffective|p1a: Conkeldurr","|-damage|p1a: Conkeldurr|0 fnt","|faint|p1a: Conkeldurr","|","|","|switch|p1a: Breloom|Breloom, M|324/324","|turn|5","|","|move|p2a: Azumarill|Aqua Jet|p1a: Breloom","|-resisted|p1a: Breloom","|-damage|p1a: Breloom|272/324","|move|p1a: Breloom|Spore|p2a: Azumarill","|-status|p2a: Azumarill|slp","|","|-status|p1a: Breloom|tox|[from] item: Toxic Orb","|turn|6","|","|move|p1a: Breloom|Seed Bomb|p2a: Azumarill","|-supereffective|p2a: Azumarill","|-damage|p2a: Azumarill|0 fnt","|faint|p2a: Azumarill","|","|-heal|p1a: Breloom|312/324 tox|[from] ability: Poison Heal","|","|switch|p2a: Politoed|Politoed, M|384/384","|-weather|RainDance","|turn|7","|","|move|p1a: Breloom|Seed Bomb|p2a: Politoed","|-supereffective|p2a: Politoed","|-damage|p2a: Politoed|196/384","|move|p2a: Politoed|Ice Beam|p1a: Breloom","|-supereffective|p1a: Breloom","|-damage|p1a: Breloom|114/324 tox","|","|-weather|RainDance|[upkeep]","|-heal|p2a: Politoed|220/384|[from] item: Leftovers","|-heal|p1a: Breloom|154/324 tox|[from] ability: Poison Heal","|turn|8","|","|switch|p1a: Keldeo-Resolute|Keldeo-Resolute, shiny|323/323","|move|p2a: Politoed|Ice Beam|p1a: Keldeo-Resolute","|-resisted|p1a: Keldeo-Resolute","|-damage|p1a: Keldeo-Resolute|286/323","|","|-weather|RainDance|[upkeep]","|-heal|p2a: Politoed|244/384|[from] item: Leftovers","|turn|9","|","|move|p1a: Keldeo-Resolute|Secret Sword|p2a: Politoed","|-damage|p2a: Politoed|80/384","|-damage|p1a: Keldeo-Resolute|254/323|[from] item: Life Orb","|move|p2a: Politoed|Toxic|p1a: Keldeo-Resolute","|-status|p1a: Keldeo-Resolute|tox","|","|-weather|RainDance|[upkeep]","|-heal|p2a: Politoed|104/384|[from] item: Leftovers","|-damage|p1a: Keldeo-Resolute|234/323 tox|[from] psn","|turn|10","|","|switch|p2a: Slowbro|Slowbro, F|394/394","|move|p1a: Keldeo-Resolute|Secret Sword|p2a: Slowbro","|-resisted|p2a: Slowbro","|-damage|p2a: Slowbro|320/394","|-damage|p1a: Keldeo-Resolute|202/323 tox|[from] item: Life Orb","|","|-weather|RainDance|[upkeep]","|-heal|p2a: Slowbro|344/394|[from] item: Leftovers","|-damage|p1a: Keldeo-Resolute|162/323 tox|[from] psn","|turn|11","|","|switch|p1a: Breloom|Breloom, M|154/324 tox","|move|p2a: Slowbro|Calm Mind|p2a: Slowbro","|-boost|p2a: Slowbro|spa|1","|-boost|p2a: Slowbro|spd|1","|","|-weather|none","|-heal|p2a: Slowbro|368/394|[from] item: Leftovers","|-heal|p1a: Breloom|194/324 tox|[from] ability: Poison Heal","|turn|12","|","|move|p1a: Breloom|Leech Seed|p2a: Slowbro","|-start|p2a: Slowbro|move: Leech Seed","|move|p2a: Slowbro|Psyshock|p1a: Breloom","|-supereffective|p1a: Breloom","|-damage|p1a: Breloom|0 fnt","|faint|p1a: Breloom","|","|-heal|p2a: Slowbro|392/394|[from] item: Leftovers","|","|switch|p1a: Gallade|Gallade, M|277/277","|turn|13","|","|switch|p2a: Swampert|Swampert-Mega, F|160/403","|detailschange|p1a: Gallade|Gallade-Mega, M","|-mega|p1a: Gallade|Gallade|Galladite","|move|p1a: Gallade|Swords Dance|p1a: Gallade","|-boost|p1a: Gallade|atk|2","|","|turn|14","|","|move|p1a: Gallade|Drain Punch|p2a: Swampert","|-damage|p2a: Swampert|0 fnt","|faint|p2a: Swampert","|","|","|switch|p2a: Rotom-Wash|Rotom-Wash|303/303","|turn|15","|","|move|p1a: Gallade|Psycho Cut|p2a: Rotom-Wash","|-damage|p2a: Rotom-Wash|98/303","|move|p2a: Rotom-Wash|Will-O-Wisp|p1a: Gallade","|-status|p1a: Gallade|brn","|","|-heal|p2a: Rotom-Wash|116/303|[from] item: Leftovers","|-damage|p1a: Gallade|243/277 brn|[from] brn","|turn|16","|","|switch|p2a: Slowbro|Slowbro, F|394/394","|move|p1a: Gallade|Psycho Cut|p2a: Slowbro","|-resisted|p2a: Slowbro","|-damage|p2a: Slowbro|335/394","|","|-heal|p2a: Slowbro|359/394|[from] item: Leftovers","|-damage|p1a: Gallade|209/277 brn|[from] brn","|turn|17","|","|move|p1a: Gallade|Swords Dance|p1a: Gallade","|-boost|p1a: Gallade|atk|2","|move|p2a: Slowbro|Calm Mind|p2a: Slowbro","|-boost|p2a: Slowbro|spa|1","|-boost|p2a: Slowbro|spd|1","|","|-heal|p2a: Slowbro|383/394|[from] item: Leftovers","|-damage|p1a: Gallade|175/277 brn|[from] brn","|turn|18","|","|move|p1a: Gallade|Shadow Sneak|p2a: Slowbro","|-supereffective|p2a: Slowbro","|-damage|p2a: Slowbro|261/394","|move|p2a: Slowbro|Calm Mind|p2a: Slowbro","|-boost|p2a: Slowbro|spa|1","|-boost|p2a: Slowbro|spd|1","|","|-heal|p2a: Slowbro|285/394|[from] item: Leftovers","|-damage|p1a: Gallade|141/277 brn|[from] brn","|turn|19","|","|move|p1a: Gallade|Swords Dance|p1a: Gallade","|-boost|p1a: Gallade|atk|2","|move|p2a: Slowbro|Slack Off|p2a: Slowbro","|-heal|p2a: Slowbro|394/394","|","|-damage|p1a: Gallade|107/277 brn|[from] brn","|turn|20","|","|move|p1a: Gallade|Shadow Sneak|p2a: Slowbro","|-supereffective|p2a: Slowbro","|-damage|p2a: Slowbro|224/394","|move|p2a: Slowbro|Psyshock|p1a: Gallade","|-damage|p1a: Gallade|0 fnt","|faint|p1a: Gallade","|","|-heal|p2a: Slowbro|248/394|[from] item: Leftovers","|","|switch|p1a: Hawlucha|Hawlucha, M|298/298","|turn|21","|","|move|p1a: Hawlucha|Sky Attack|p2a: Slowbro|[still]","|-prepare|p1a: Hawlucha|Sky Attack|p2a: Slowbro","|-enditem|p1a: Hawlucha|Power Herb","|-anim|p1a: Hawlucha|Sky Attack|p2a: Slowbro","|-damage|p2a: Slowbro|103/394","|move|p2a: Slowbro|Slack Off|p2a: Slowbro","|-heal|p2a: Slowbro|300/394","|","|-heal|p2a: Slowbro|324/394|[from] item: Leftovers","|turn|22","|","|move|p1a: Hawlucha|Encore|p2a: Slowbro","|-start|p2a: Slowbro|Encore","|move|p2a: Slowbro|Slack Off|p2a: Slowbro","|-heal|p2a: Slowbro|394/394","|","|turn|23","|","|move|p1a: Hawlucha|Sky Attack|p2a: Slowbro|[still]","|-prepare|p1a: Hawlucha|Sky Attack|p2a: Slowbro","|move|p2a: Slowbro|Slack Off|p2a: Slowbro","|-fail|p2a: Slowbro","|","|turn|24","|","|move|p1a: Hawlucha|Sky Attack|p2a: Slowbro|[from]lockedmove","|-damage|p2a: Slowbro|228/394","|cant|p2a: Slowbro|flinch","|","|-heal|p2a: Slowbro|252/394|[from] item: Leftovers","|-end|p2a: Slowbro|Encore","|turn|25","|","|move|p1a: Hawlucha|Acrobatics|p2a: Slowbro","|-damage|p2a: Slowbro|132/394","|move|p2a: Slowbro|Slack Off|p2a: Slowbro","|-heal|p2a: Slowbro|329/394","|","|-heal|p2a: Slowbro|353/394|[from] item: Leftovers","|turn|26","|","|move|p1a: Hawlucha|Encore|p2a: Slowbro","|-start|p2a: Slowbro|Encore","|move|p2a: Slowbro|Slack Off|p2a: Slowbro","|-heal|p2a: Slowbro|394/394","|","|turn|27","|","|move|p1a: Hawlucha|Sky Attack|p2a: Slowbro|[still]","|-prepare|p1a: Hawlucha|Sky Attack|p2a: Slowbro","|move|p2a: Slowbro|Slack Off|p2a: Slowbro","|-fail|p2a: Slowbro","|","|turn|28","|","|move|p1a: Hawlucha|Sky Attack|p2a: Slowbro|[from]lockedmove","|-crit|p2a: Slowbro","|-damage|p2a: Slowbro|174/394","|move|p2a: Slowbro|Slack Off|p2a: Slowbro","|-heal|p2a: Slowbro|371/394","|","|-heal|p2a: Slowbro|394/394|[from] item: Leftovers","|-end|p2a: Slowbro|Encore","|turn|29","|","|move|p1a: Hawlucha|Acrobatics|p2a: Slowbro","|-damage|p2a: Slowbro|282/394","|move|p2a: Slowbro|Psyshock|p1a: Hawlucha","|-supereffective|p1a: Hawlucha","|-damage|p1a: Hawlucha|0 fnt","|faint|p1a: Hawlucha","|","|-heal|p2a: Slowbro|306/394|[from] item: Leftovers","|","|switch|p1a: Keldeo-Resolute|Keldeo-Resolute, shiny|162/323 tox","|turn|30","|","|move|p1a: Keldeo-Resolute|Scald|p2a: Slowbro","|-resisted|p2a: Slowbro","|-damage|p2a: Slowbro|262/394","|-damage|p1a: Keldeo-Resolute|130/323 tox|[from] item: Life Orb","|move|p2a: Slowbro|Slack Off|p2a: Slowbro","|-heal|p2a: Slowbro|394/394","|","|-damage|p1a: Keldeo-Resolute|110/323 tox|[from] psn","|turn|31","|","|move|p1a: Keldeo-Resolute|Secret Sword|p2a: Slowbro","|-resisted|p2a: Slowbro","|-damage|p2a: Slowbro|312/394","|-damage|p1a: Keldeo-Resolute|78/323 tox|[from] item: Life Orb","|move|p2a: Slowbro|Calm Mind|p2a: Slowbro","|-boost|p2a: Slowbro|spa|1","|-boost|p2a: Slowbro|spd|1","|","|-heal|p2a: Slowbro|336/394|[from] item: Leftovers","|-damage|p1a: Keldeo-Resolute|38/323 tox|[from] psn","|turn|32","|","|move|p1a: Keldeo-Resolute|Secret Sword|p2a: Slowbro","|-resisted|p2a: Slowbro","|-damage|p2a: Slowbro|262/394","|-damage|p1a: Keldeo-Resolute|6/323 tox|[from] item: Life Orb","|move|p2a: Slowbro|Calm Mind|p2a: Slowbro","|-boost|p2a: Slowbro|spa|1","|-boost|p2a: Slowbro|spd|1","|","|-heal|p2a: Slowbro|286/394|[from] item: Leftovers","|-damage|p1a: Keldeo-Resolute|0 fnt|[from] psn","|faint|p1a: Keldeo-Resolute","|","|switch|p1a: Terrakion|Terrakion|345/345","|turn|33","|","|move|p1a: Terrakion|Stone Edge|p2a: Slowbro","|-damage|p2a: Slowbro|144/394","|move|p2a: Slowbro|Psyshock|p1a: Terrakion","|-supereffective|p1a: Terrakion","|-damage|p1a: Terrakion|0 fnt","|faint|p1a: Terrakion","|","|win|GTX♅Bugy"],"p1rating":{"entryid":552316,"formatid":"monotype","userid":"hmrider","username":"Hm Rider","r":1500,"rd":130,"sigma":0,"rpr":1461.7925795195,"rprd":122.37230408193,"rpsigma":0,"rptime":1440666000,"w":0,"l":1,"t":0,"gxe":45.2,"acre":1000,"lacre":1000,"oldacre":1000},"p2rating":{"entryid":"464882","serverid":"eos","formatid":"monotype","userid":"gtxbugy","username":"GTX♅Bugy","w":7,"l":"4","t":"0","gxe":58.2,"r":"1528.1416763175","rd":"90.518903959948","sigma":"0","rptime":"1440666000","rpr":1563.8454293755,"rprd":85.492347822039,"rpsigma":"0","acre":1122.7735440474,"lacre":1122.7735440474,"oldacre":"1105.1145165235"},"endType":"normal"}