{"seed":[23038,36856,28175,1235],"turns":28,"p1":"Void~Pixie","p2":"Not Reapz","p1team":[{"name":"Cobalion","species":"Cobalion","item":"focussash","ability":"Justified","moves":["thunderwave","taunt","ironhead","stealthrock"],"nature":"Jolly","evs":{"hp":252,"atk":4,"def":0,"spa":0,"spd":0,"spe":252},"ivs":{"hp":31,"atk":31,"def":31,"spa":31,"spd":31,"spe":31}},{"name":"Terrakion","species":"Terrakion","item":"choicescarf","ability":"Justified","moves":["closecombat","earthquake","ironhead","rockslide"],"nature":"Jolly","evs":{"hp":0,"atk":252,"def":0,"spa":0,"spd":4,"spe":252},"ivs":{"hp":31,"atk":31,"def":31,"spa":31,"spd":31,"spe":31}},{"name":"Keldeo","species":"Keldeo","item":"choicespecs","ability":"Justified","moves":["scald","icywind","secretsword","hydropump"],"nature":"Timid","evs":{"hp":0,"atk":0,"def":0,"spa":252,"spd":4,"spe":252},"ivs":{"hp":31,"atk":30,"def":30,"spa":31,"spd":31,"spe":31}},{"name":"Hawlucha","species":"Hawlucha","item":"powerherb","ability":"Unburden","moves":["skyattack","acrobatics","highjumpkick","swordsdance"],"nature":"Adamant","evs":{"hp":0,"atk":252,"def":0,"spa":0,"spd":4,"spe":252},"ivs":{"hp":31,"atk":31,"def":31,"spa":31,"spd":31,"spe":31}},{"name":"Pangoro","species":"Pangoro","item":"assaultvest","ability":"Scrappy","moves":["circlethrow","crunch","knockoff","ironhead"],"nature":"Adamant","evs":{"hp":248,"atk":252,"def":0,"spa":0,"spd":8,"spe":0},"ivs":{"hp":31,"atk":31,"def":31,"spa":31,"spd":31,"spe":31}},{"name":"Medicham","species":"Medicham","item":"medichamite","ability":"Pure Power","moves":["bulletpunch","fakeout","psychocut","highjumpkick"],"nature":"Jolly","evs":{"hp":0,"atk":252,"def":0,"spa":0,"spd":4,"spe":252},"ivs":{"hp":31,"atk":31,"def":31,"spa":31,"spd":31,"spe":31}}],"p2team":[{"name":"0.F.U","species":"magnezone","item":"leftovers","ability":"Sturdy","moves":["flashcannon","thunderbolt","protect","hiddenpowerice"],"nature":"Modest","evs":{"hp":76,"atk":0,"def":180,"spa":252,"spd":0,"spe":0},"ivs":{"hp":31,"atk":30,"def":30,"spa":31,"spd":31,"spe":31}},{"name":"Nope","species":"zapdos","item":"leftovers","ability":"Pressure","moves":["discharge","heatwave","toxic","roost"],"nature":"Bold","evs":{"hp":4,"atk":0,"def":252,"spa":56,"spd":196,"spe":0},"ivs":{"hp":31,"atk":31,"def":31,"spa":31,"spd":31,"spe":31}},{"name":"Amphabulous","species":"ampharos","item":"ampharosite","ability":"Static","moves":["cottonguard","rest","sleeptalk","dragonpulse"],"nature":"Bold","evs":{"hp":0,"atk":0,"def":252,"spa":136,"spd":120,"spe":0},"ivs":{"hp":31,"atk":31,"def":31,"spa":31,"spd":31,"spe":31}},{"name":"Raikou","species":"Raikou","item":"leftovers","ability":"Pressure","moves":["calmmind","substitute","thunderbolt","extrasensory"],"nature":"Timid","evs":{"hp":0,"atk":0,"def":0,"spa":252,"spd":4,"spe":252},"ivs":{"hp":31,"atk":30,"def":30,"spa":31,"spd":31,"spe":31}},{"name":"Fuck you","species":"rotomwash","item":"choicescarf","ability":"Levitate","moves":["voltswitch","hydropump","willowisp","trick"],"nature":"Timid","evs":{"hp":0,"atk":0,"def":0,"spa":252,"spd":4,"spe":252},"ivs":{"hp":31,"atk":31,"def":31,"spa":31,"spd":31,"spe":31}},{"name":"Thundurus","species":"Thundurus","item":"lifeorb","ability":"Prankster","moves":["thunderwave","thunderbolt","uturn","psychic"],"nature":"Serious","evs":{"hp":4,"atk":96,"def":0,"spa":156,"spd":0,"spe":252},"ivs":{"hp":31,"atk":31,"def":31,"spa":31,"spd":31,"spe":31}}],"log":["|player|p1|Void~Pixie|138","|player|p2|Not Reapz|264","|gametype|singles","|gen|6","|tier|Monotype","|rated","|rule|Baton Pass Clause: Limit one Baton Passer, can't pass Spe and other stats simultaneously","|rule|Swagger Clause: Swagger is banned","|rule|Same Type Clause: Pokémon in a team must share a type","|clearpoke","|poke|p1|Cobalion","|poke|p1|Terrakion","|poke|p1|Keldeo","|poke|p1|Hawlucha, M","|poke|p1|Pangoro, F","|poke|p1|Medicham, M","|poke|p2|Magnezone","|poke|p2|Zapdos","|poke|p2|Ampharos, M","|poke|p2|Raikou","|poke|p2|Rotom-Wash","|poke|p2|Thundurus, M","|rule|Sleep Clause Mod: Limit one foe put to sleep","|rule|Species Clause: Limit one of each Pokémon","|rule|OHKO Clause: OHKO moves are banned","|rule|Moody Clause: Moody is banned","|rule|Evasion Moves Clause: Evasion moves are banned","|rule|Endless Battle Clause: Forcing endless battles is banned","|rule|HP Percentage Mod: HP is shown in percentages","|teampreview","|","|start","|switch|p1a: Cobalion|Cobalion|386/386","|switch|p2a: Fuck you|Rotom-Wash|241/241","|turn|1","|","|move|p2a: Fuck you|Will-O-Wisp|p1a: Cobalion","|-status|p1a: Cobalion|brn","|move|p1a: Cobalion|Taunt|p2a: Fuck you","|-start|p2a: Fuck you|move: Taunt","|","|-damage|p1a: Cobalion|338/386 brn|[from] brn","|turn|2","|","|switch|p2a: Thundurus|Thundurus, M|300/300","|move|p1a: Cobalion|Stealth Rock|p2a: Thundurus","|-sidestart|p2: Not Reapz|move: Stealth Rock","|","|-damage|p1a: Cobalion|290/386 brn|[from] brn","|turn|3","|","|move|p1a: Cobalion|Taunt|p2a: Thundurus","|-start|p2a: Thundurus|move: Taunt","|move|p2a: Thundurus|U-turn|p1a: Cobalion","|-resisted|p1a: Cobalion","|-damage|p1a: Cobalion|272/386 brn","|-damage|p2a: Thundurus|270/300|[from] item: Life Orb","|","|switch|p2a: Amphabulous|Ampharos, M|321/321","|-damage|p2a: Amphabulous|281/321|[from] Stealth Rock","|","|-damage|p1a: Cobalion|224/386 brn|[from] brn","|turn|4","|","|detailschange|p2a: Amphabulous|Ampharos-Mega, M","|-mega|p2a: Amphabulous|Ampharos|Ampharosite","|-ability|p2a: Amphabulous|Mold Breaker","|move|p1a: Cobalion|Iron Head|p2a: Amphabulous","|-resisted|p2a: Amphabulous","|-damage|p2a: Amphabulous|267/321","|move|p2a: Amphabulous|Cotton Guard|p2a: Amphabulous","|-boost|p2a: Amphabulous|def|3","|","|-damage|p1a: Cobalion|176/386 brn|[from] brn","|turn|5","|","|move|p1a: Cobalion|Iron Head|p2a: Amphabulous","|-resisted|p2a: Amphabulous","|-damage|p2a: Amphabulous|261/321","|cant|p2a: Amphabulous|flinch","|","|-damage|p1a: Cobalion|128/386 brn|[from] brn","|turn|6","|","|move|p1a: Cobalion|Iron Head|p2a: Amphabulous","|-resisted|p2a: Amphabulous","|-damage|p2a: Amphabulous|255/321","|move|p2a: Amphabulous|Dragon Pulse|p1a: Cobalion","|-resisted|p1a: Cobalion","|-damage|p1a: Cobalion|23/386 brn","|","|-damage|p1a: Cobalion|0 fnt|[from] brn","|faint|p1a: Cobalion","|","|switch|p1a: Pangoro|Pangoro, F|393/393","|turn|7","|","|move|p2a: Amphabulous|Dragon Pulse|p1a: Pangoro","|-damage|p1a: Pangoro|246/393","|move|p1a: Pangoro|Circle Throw|p2a: Amphabulous|[miss]","|-miss|p1a: Pangoro|p2a: Amphabulous","|","|turn|8","|","|move|p2a: Amphabulous|Cotton Guard|p2a: Amphabulous","|-boost|p2a: Amphabulous|def|3","|move|p1a: Pangoro|Circle Throw|p2a: Amphabulous|[miss]","|-miss|p1a: Pangoro|p2a: Amphabulous","|","|turn|9","|","|move|p2a: Amphabulous|Dragon Pulse|p1a: Pangoro","|-damage|p1a: Pangoro|99/393","|move|p1a: Pangoro|Circle Throw|p2a: Amphabulous","|-damage|p2a: Amphabulous|233/321","|drag|p2a: Nope|Zapdos|322/322","|-damage|p2a: Nope|242/322|[from] Stealth Rock","|-ability|p2a: Nope|Pressure","|","|-heal|p2a: Nope|262/322|[from] item: Leftovers","|turn|10","|","|move|p2a: Nope|Discharge|p1a: Pangoro","|-damage|p1a: Pangoro|0 fnt","|faint|p1a: Pangoro","|","|-heal|p2a: Nope|282/322|[from] item: Leftovers","|","|switch|p1a: Terrakion|Terrakion|323/323","|turn|11","|","|switch|p2a: 0.F.U|Magnezone|300/300","|-damage|p2a: 0.F.U|282/300|[from] Stealth Rock","|move|p1a: Terrakion|Earthquake|p2a: 0.F.U","|-supereffective|p2a: 0.F.U","|-damage|p2a: 0.F.U|0 fnt","|faint|p2a: 0.F.U","|","|","|switch|p2a: Fuck you|Rotom-Wash|241/241","|-damage|p2a: Fuck you|211/241|[from] Stealth Rock","|turn|12","|","|switch|p1a: Keldeo|Keldeo|323/323","|move|p2a: Fuck you|Will-O-Wisp|p1a: Keldeo|[miss]","|-miss|p2a: Fuck you|p1a: Keldeo","|","|turn|13","|","|switch|p2a: Raikou|Raikou|321/321","|-damage|p2a: Raikou|281/321|[from] Stealth Rock","|-ability|p2a: Raikou|Pressure","|move|p1a: Keldeo|Secret Sword|p2a: Raikou","|-damage|p2a: Raikou|0 fnt","|faint|p2a: Raikou","|","|","|switch|p2a: Fuck you|Rotom-Wash|211/241","|-damage|p2a: Fuck you|181/241|[from] Stealth Rock","|turn|14","|","|move|p2a: Fuck you|Volt Switch|p1a: Keldeo","|-crit|p1a: Keldeo","|-supereffective|p1a: Keldeo","|-damage|p1a: Keldeo|0 fnt","|faint|p1a: Keldeo","|","|switch|p2a: Thundurus|Thundurus, M|270/300","|-damage|p2a: Thundurus|195/300|[from] Stealth Rock","|","|","|switch|p1a: Medicham|Medicham, M|261/261","|turn|15","|","|detailschange|p1a: Medicham|Medicham-Mega, M","|-mega|p1a: Medicham|Medicham|Medichamite","|move|p1a: Medicham|Fake Out|p2a: Thundurus","|-damage|p2a: Thundurus|95/300","|cant|p2a: Thundurus|flinch","|","|turn|16","|","|move|p2a: Thundurus|Thunder Wave|p1a: Medicham","|-status|p1a: Medicham|par","|cant|p1a: Medicham|par","|","|turn|17","|","|move|p2a: Thundurus|Thunderbolt|p1a: Medicham","|-damage|p1a: Medicham|35/261 par","|-damage|p2a: Thundurus|65/300|[from] item: Life Orb","|move|p1a: Medicham|Psycho Cut|p2a: Thundurus","|-damage|p2a: Thundurus|0 fnt","|faint|p2a: Thundurus","|","|","|switch|p2a: Amphabulous|Ampharos-Mega, M|233/321","|-damage|p2a: Amphabulous|193/321|[from] Stealth Rock","|-ability|p2a: Amphabulous|Mold Breaker","|turn|18","|","|move|p2a: Amphabulous|Cotton Guard|p2a: Amphabulous","|-boost|p2a: Amphabulous|def|3","|move|p1a: Medicham|High Jump Kick|p2a: Amphabulous","|-damage|p2a: Amphabulous|76/321","|","|turn|19","|","|move|p1a: Medicham|Bullet Punch|p2a: Amphabulous","|-crit|p2a: Amphabulous","|-resisted|p2a: Amphabulous","|-damage|p2a: Amphabulous|37/321","|move|p2a: Amphabulous|Rest|p2a: Amphabulous","|-status|p2a: Amphabulous|slp","|-heal|p2a: Amphabulous|321/321 slp|[silent]","|-status|p2a: Amphabulous|slp|[from] move: Rest","|","|turn|20","|","|cant|p2a: Amphabulous|slp","|move|p2a: Amphabulous|Sleep Talk|p2a: Amphabulous","|move|p2a: Amphabulous|Dragon Pulse|p1a: Medicham|[from]Sleep Talk","|-damage|p1a: Medicham|0 fnt","|faint|p1a: Medicham","|","|","|switch|p1a: Hawlucha|Hawlucha, M|297/297","|turn|21","|","|move|p1a: Hawlucha|Swords Dance|p1a: Hawlucha","|-boost|p1a: Hawlucha|atk|2","|cant|p2a: Amphabulous|slp","|move|p2a: Amphabulous|Sleep Talk|p2a: Amphabulous","|move|p2a: Amphabulous|Dragon Pulse|p1a: Hawlucha|[from]Sleep Talk","|-damage|p1a: Hawlucha|54/297","|","|turn|22","|","|move|p1a: Hawlucha|High Jump Kick|p2a: Amphabulous","|-damage|p2a: Amphabulous|198/321 slp","|-curestatus|p2a: Amphabulous|slp","|move|p2a: Amphabulous|Dragon Pulse|p1a: Hawlucha","|-damage|p1a: Hawlucha|0 fnt","|faint|p1a: Hawlucha","|","|","|switch|p1a: Terrakion|Terrakion|323/323","|turn|23","|","|move|p1a: Terrakion|Rock Slide|p2a: Amphabulous","|-damage|p2a: Amphabulous|161/321","|move|p2a: Amphabulous|Rest|p2a: Amphabulous","|-status|p2a: Amphabulous|slp","|-heal|p2a: Amphabulous|321/321 slp|[silent]","|-status|p2a: Amphabulous|slp|[from] move: Rest","|","|turn|24","|","|move|p1a: Terrakion|Rock Slide|p2a: Amphabulous","|-miss|p1a: Terrakion|p2a: Amphabulous","|cant|p2a: Amphabulous|slp","|move|p2a: Amphabulous|Sleep Talk|p2a: Amphabulous","|move|p2a: Amphabulous|Rest|p2a: Amphabulous|[from]Sleep Talk","|-fail|p2a: Amphabulous","|","|turn|25","|","|move|p1a: Terrakion|Rock Slide|p2a: Amphabulous","|-damage|p2a: Amphabulous|281/321 slp","|cant|p2a: Amphabulous|slp","|move|p2a: Amphabulous|Sleep Talk|p2a: Amphabulous","|move|p2a: Amphabulous|Cotton Guard|p2a: Amphabulous|[from]Sleep Talk","|-boost|p2a: Amphabulous|def|3","|","|turn|26","|","|move|p1a: Terrakion|Rock Slide|p2a: Amphabulous","|-miss|p1a: Terrakion|p2a: Amphabulous","|-curestatus|p2a: Amphabulous|slp","|move|p2a: Amphabulous|Sleep Talk|p2a: Amphabulous","|-fail|p2a: Amphabulous","|","|turn|27","|","|move|p1a: Terrakion|Rock Slide|p2a: Amphabulous","|-damage|p2a: Amphabulous|259/321","|move|p2a: Amphabulous|Dragon Pulse|p1a: Terrakion","|-damage|p1a: Terrakion|124/323","|","|turn|28","|","|win|Void~Pixie"],"p1rating":{"entryid":"271156","serverid":"eos","formatid":"monotype","userid":"voidpixie","username":"Void~Pixie","w":32,"l":"17","t":"0","gxe":61.7,"r":"1570.0567762912","rd":"51.881902503038","sigma":"0","rptime":"1440666000","rpr":1590.8275165823,"rprd":49.146562932659,"rpsigma":"0","acre":1273.7496270966,"lacre":1273.7496270966,"oldacre":"1264.2346565165"},"p2rating":{"entryid":"453318","serverid":"eos","formatid":"monotype","userid":"notreapz","username":"Not Reapz","w":"1","l":3,"t":"0","gxe":42.9,"r":"1500","rd":"116.96829795962","sigma":"0","rptime":"1440666000","rpr":1444.0867358454,"rprd":106.32966234957,"rpsigma":"0","acre":1008.1499739676,"lacre":1008.1499739676,"oldacre":"1012.6798527552"},"endType":"forfeit"}