{"seed":[31520,41405,54769,5225],"turns":38,"p1":"toggleemotes","p2":"SeviperM","p1team":[{"name":"Skarmory","species":"Skarmory","item":"shedshell","ability":"Sturdy","moves":["roost","toxic","defog","whirlwind"],"nature":"Bold","evs":{"hp":248,"atk":0,"def":236,"spa":0,"spd":0,"spe":24},"ivs":{"hp":31,"atk":31,"def":31,"spa":31,"spd":31,"spe":31}},{"name":"Thundurus","species":"Thundurus","item":"lifeorb","ability":"Prankster","moves":["wildcharge","thunderwave","uturn","hammerarm"],"nature":"Jolly","evs":{"hp":0,"atk":252,"def":0,"spa":0,"spd":4,"spe":252},"ivs":{"hp":31,"atk":31,"def":31,"spa":31,"spd":31,"spe":31}},{"name":"Togekiss","species":"Togekiss","item":"choicescarf","ability":"Serene Grace","moves":["airslash","aurasphere","dazzlinggleam","extremespeed"],"nature":"Timid","evs":{"hp":4,"atk":0,"def":0,"spa":252,"spd":0,"spe":252},"ivs":{"hp":31,"atk":31,"def":31,"spa":31,"spd":31,"spe":31}},{"name":"Charizard","species":"Charizard","item":"charizarditey","ability":"Blaze","moves":["solarbeam","flamethrower","earthquake","tailwind"],"nature":"Hasty","evs":{"hp":0,"atk":4,"def":0,"spa":252,"spd":0,"spe":252},"ivs":{"hp":31,"atk":31,"def":31,"spa":31,"spd":31,"spe":31}},{"name":"Staraptor","species":"Staraptor","item":"choicescarf","ability":"Intimidate","moves":["closecombat","bravebird","doubleedge","uturn"],"nature":"Jolly","evs":{"hp":0,"atk":252,"def":0,"spa":0,"spd":4,"spe":252},"ivs":{"hp":31,"atk":31,"def":31,"spa":31,"spd":31,"spe":31}},{"name":"Landorus-Therian","species":"Landorus-Therian","item":"leftovers","ability":"Intimidate","moves":["uturn","earthquake","stealthrock","substitute"],"nature":"Impish","evs":{"hp":252,"atk":4,"def":196,"spa":0,"spd":56,"spe":0},"ivs":{"hp":31,"atk":31,"def":31,"spa":31,"spd":31,"spe":31}}],"p2team":[{"name":"Charizard","species":"Charizard","item":"charizarditey","ability":"Blaze","moves":["fireblast","solarbeam","focusblast","roost"],"nature":"Modest","evs":{"hp":0,"atk":0,"def":0,"spa":248,"spd":8,"spe":252},"ivs":{"hp":31,"atk":31,"def":31,"spa":31,"spd":31,"spe":31}},{"name":"Staraptor","species":"Staraptor","item":"choicescarf","ability":"Reckless","moves":["bravebird","doubleedge","closecombat","uturn"],"nature":"Adamant","evs":{"hp":0,"atk":252,"def":0,"spa":0,"spd":4,"spe":252},"ivs":{"hp":31,"atk":31,"def":31,"spa":31,"spd":31,"spe":31}},{"name":"Dragonite","species":"Dragonite","item":"lumberry","ability":"Multiscale","moves":["dragondance","dragonclaw","earthquake","extremespeed"],"nature":"Adamant","evs":{"hp":0,"atk":252,"def":0,"spa":0,"spd":4,"spe":252},"ivs":{"hp":31,"atk":31,"def":31,"spa":31,"spd":31,"spe":31}},{"name":"Zapdos","species":"Zapdos","item":"leftovers","ability":"Pressure","moves":["discharge","defog","roost","toxic"],"nature":"Calm","evs":{"hp":252,"atk":0,"def":0,"spa":4,"spd":252,"spe":0},"ivs":{"hp":31,"atk":31,"def":31,"spa":31,"spd":31,"spe":31}},{"name":"Skarmory","species":"Skarmory","item":"leftovers","ability":"Sturdy","moves":["stealthrock","ironhead","roost","whirlwind"],"nature":"Impish","evs":{"hp":252,"atk":0,"def":232,"spa":0,"spd":0,"spe":24},"ivs":{"hp":31,"atk":31,"def":31,"spa":31,"spd":31,"spe":31}},{"name":"Landorus","species":"Landorus","item":"lifeorb","ability":"Sheer Force","moves":["earthpower","psychic","knockoff","sludgewave"],"nature":"Naive","evs":{"hp":0,"atk":4,"def":0,"spa":252,"spd":0,"spe":252},"ivs":{"hp":31,"atk":31,"def":31,"spa":31,"spd":31,"spe":31}}],"log":["|player|p1|toggleemotes|129","|player|p2|SeviperM|dsv.png","|gametype|singles","|gen|6","|tier|Monotype","|rated","|rule|Baton Pass Clause: Limit one Baton Passer, can't pass Spe and other stats simultaneously","|rule|Swagger Clause: Swagger is banned","|rule|Same Type Clause: Pokémon in a team must share a type","|clearpoke","|poke|p1|Skarmory, M","|poke|p1|Thundurus, M","|poke|p1|Togekiss, F","|poke|p1|Charizard, M","|poke|p1|Staraptor, F","|poke|p1|Landorus-Therian, M","|poke|p2|Charizard, M","|poke|p2|Staraptor, F","|poke|p2|Dragonite, M","|poke|p2|Zapdos","|poke|p2|Skarmory, F","|poke|p2|Landorus, M","|rule|Sleep Clause Mod: Limit one foe put to sleep","|rule|Species Clause: Limit one of each Pokémon","|rule|OHKO Clause: OHKO moves are banned","|rule|Moody Clause: Moody is banned","|rule|Evasion Moves Clause: Evasion moves are banned","|rule|Endless Battle Clause: Forcing endless battles is banned","|rule|HP Percentage Mod: HP is shown in percentages","|teampreview","|","|start","|switch|p1a: Charizard|Charizard, M|297/297","|switch|p2a: Skarmory|Skarmory, F|334/334","|turn|1","|","|detailschange|p1a: Charizard|Charizard-Mega-Y, M","|-mega|p1a: Charizard|Charizard|Charizardite Y","|-weather|SunnyDay","|move|p1a: Charizard|Flamethrower|p2a: Skarmory","|-supereffective|p2a: Skarmory","|-ability|p2a: Skarmory|Sturdy","|-damage|p2a: Skarmory|1/334","|move|p2a: Skarmory|Stealth Rock|p1a: Charizard","|-sidestart|p1: toggleemotes|move: Stealth Rock","|","|-weather|SunnyDay|[upkeep]","|-heal|p2a: Skarmory|21/334|[from] item: Leftovers","|turn|2","|","|switch|p2a: Zapdos|Zapdos|384/384","|-ability|p2a: Zapdos|Pressure","|move|p1a: Charizard|Tailwind|p1a: Charizard","|-sidestart|p1: toggleemotes|move: Tailwind","|","|-weather|SunnyDay|[upkeep]","|turn|3","|","|move|p1a: Charizard|Flamethrower|p2a: Zapdos","|-damage|p2a: Zapdos|161/384","|move|p2a: Zapdos|Toxic|p1a: Charizard","|-status|p1a: Charizard|tox","|","|-weather|SunnyDay|[upkeep]","|-heal|p2a: Zapdos|185/384|[from] item: Leftovers","|-damage|p1a: Charizard|279/297 tox|[from] psn","|turn|4","|","|switch|p2a: Skarmory|Skarmory, F|21/334","|move|p1a: Charizard|Flamethrower|p2a: Skarmory","|-crit|p2a: Skarmory","|-supereffective|p2a: Skarmory","|-damage|p2a: Skarmory|0 fnt","|faint|p2a: Skarmory","|","|-weather|SunnyDay|[upkeep]","|-damage|p1a: Charizard|243/297 tox|[from] psn","|","|switch|p2a: Charizard|Charizard, M|297/297","|turn|5","|","|detailschange|p2a: Charizard|Charizard-Mega-Y, M","|-mega|p2a: Charizard|Charizard|Charizardite Y","|move|p1a: Charizard|Flamethrower|p2a: Charizard","|-crit|p2a: Charizard","|-resisted|p2a: Charizard","|-damage|p2a: Charizard|128/297","|move|p2a: Charizard|Roost|p2a: Charizard","|-heal|p2a: Charizard|277/297","|","|-weather|none","|-damage|p1a: Charizard|189/297 tox|[from] psn","|-sideend|p1: toggleemotes|move: Tailwind","|turn|6","|","|move|p1a: Charizard|Tailwind|p1a: Charizard","|-sidestart|p1: toggleemotes|move: Tailwind","|move|p2a: Charizard|Fire Blast|p1a: Charizard","|-resisted|p1a: Charizard","|-damage|p1a: Charizard|73/297 tox","|","|-damage|p1a: Charizard|1/297 tox|[from] psn","|turn|7","|","|switch|p1a: Thundurus|Thundurus, M|299/299","|-damage|p1a: Thundurus|225/299|[from] Stealth Rock","|move|p2a: Charizard|Roost|p2a: Charizard","|-heal|p2a: Charizard|297/297","|","|turn|8","|","|switch|p2a: Landorus|Landorus, M|319/319","|move|p1a: Thundurus|U-turn|p2a: Landorus","|-resisted|p2a: Landorus","|-damage|p2a: Landorus|267/319","|-damage|p1a: Thundurus|196/299|[from] item: Life Orb","|","|switch|p1a: Staraptor|Staraptor, F|311/311","|-damage|p1a: Staraptor|234/311|[from] Stealth Rock","|-ability|p1a: Staraptor|Intimidate","|-unboost|p2a: Landorus|atk|1","|","|turn|9","|","|move|p1a: Staraptor|Brave Bird|p2a: Landorus","|-damage|p2a: Landorus|47/319","|-damage|p1a: Staraptor|161/311|[from] recoil|[of] p2a: Landorus","|move|p2a: Landorus|Sludge Wave|p1a: Staraptor","|-damage|p1a: Staraptor|0 fnt","|faint|p1a: Staraptor","|","|-sideend|p1: toggleemotes|move: Tailwind","|","|switch|p1a: Skarmory|Skarmory, M|333/333","|-damage|p1a: Skarmory|292/333|[from] Stealth Rock","|turn|10","|","|switch|p2a: Zapdos|Zapdos|185/384","|-ability|p2a: Zapdos|Pressure","|move|p1a: Skarmory|Defog|p2a: Zapdos","|-unboost|p2a: Zapdos|evasion|1","|-sideend|p1: toggleemotes|Stealth Rock|[from] move: Defog|[of] p1a: Skarmory","|","|-heal|p2a: Zapdos|209/384|[from] item: Leftovers","|turn|11","|","|switch|p1a: Landorus-Therian|Landorus-Therian, M|382/382","|-ability|p1a: Landorus-Therian|Intimidate","|-unboost|p2a: Zapdos|atk|1","|move|p2a: Zapdos|Toxic|p1a: Landorus-Therian","|-status|p1a: Landorus-Therian|tox","|","|-heal|p2a: Zapdos|233/384|[from] item: Leftovers","|-damage|p1a: Landorus-Therian|359/382 tox|[from] psn","|turn|12","|","|switch|p2a: Landorus|Landorus, M|47/319","|move|p1a: Landorus-Therian|Stealth Rock|p2a: Landorus","|-sidestart|p2: SeviperM|move: Stealth Rock","|","|-heal|p1a: Landorus-Therian|382/382 tox|[from] item: Leftovers","|-damage|p1a: Landorus-Therian|336/382 tox|[from] psn","|turn|13","|","|switch|p1a: Skarmory|Skarmory, M|292/333","|move|p2a: Landorus|Psychic|p1a: Skarmory","|-resisted|p1a: Skarmory","|-damage|p1a: Skarmory|191/333","|","|turn|14","|","|move|p2a: Landorus|Psychic|p1a: Skarmory","|-resisted|p1a: Skarmory","|-damage|p1a: Skarmory|81/333","|move|p1a: Skarmory|Roost|p1a: Skarmory","|-heal|p1a: Skarmory|248/333","|","|turn|15","|","|switch|p2a: Zapdos|Zapdos|233/384","|-damage|p2a: Zapdos|137/384|[from] Stealth Rock","|-ability|p2a: Zapdos|Pressure","|move|p1a: Skarmory|Toxic|p2a: Zapdos","|-status|p2a: Zapdos|tox","|","|-heal|p2a: Zapdos|161/384 tox|[from] item: Leftovers","|-damage|p2a: Zapdos|137/384 tox|[from] psn","|turn|16","|","|switch|p1a: Thundurus|Thundurus, M|196/299","|move|p2a: Zapdos|Defog|p1a: Thundurus","|-unboost|p1a: Thundurus|evasion|1","|-sideend|p2: SeviperM|Stealth Rock|[from] move: Defog|[of] p2a: Zapdos","|","|-heal|p2a: Zapdos|161/384 tox|[from] item: Leftovers","|-damage|p2a: Zapdos|113/384 tox|[from] psn","|turn|17","|","|move|p1a: Thundurus|Wild Charge|p2a: Zapdos","|-damage|p2a: Zapdos|0 fnt","|-damage|p1a: Thundurus|168/299|[from] recoil|[of] p2a: Zapdos","|-damage|p1a: Thundurus|139/299|[from] item: Life Orb","|faint|p2a: Zapdos","|","|","|switch|p2a: Landorus|Landorus, M|47/319","|turn|18","|","|switch|p1a: Skarmory|Skarmory, M|248/333","|move|p2a: Landorus|Psychic|p1a: Skarmory","|-resisted|p1a: Skarmory","|-damage|p1a: Skarmory|132/333","|","|turn|19","|","|switch|p2a: Charizard|Charizard-Mega-Y, M|297/297","|-weather|SunnyDay","|move|p1a: Skarmory|Roost|p1a: Skarmory","|-heal|p1a: Skarmory|299/333","|","|-weather|SunnyDay|[upkeep]","|turn|20","|","|switch|p1a: Charizard|Charizard-Mega-Y, M|1/297 tox","|move|p2a: Charizard|Fire Blast|p1a: Charizard","|-resisted|p1a: Charizard","|-damage|p1a: Charizard|0 fnt","|faint|p1a: Charizard","|","|-weather|SunnyDay|[upkeep]","|","|switch|p1a: Togekiss|Togekiss, F|312/312","|turn|21","|","|move|p1a: Togekiss|Air Slash|p2a: Charizard","|-damage|p2a: Charizard|191/297","|cant|p2a: Charizard|flinch","|","|-weather|SunnyDay|[upkeep]","|turn|22","|","|switch|p2a: Staraptor|Staraptor, F|311/311","|move|p1a: Togekiss|Air Slash|p2a: Staraptor","|-damage|p2a: Staraptor|131/311","|","|-weather|SunnyDay|[upkeep]","|turn|23","|","|switch|p1a: Skarmory|Skarmory, M|299/333","|move|p2a: Staraptor|Double-Edge|p1a: Skarmory","|-resisted|p1a: Skarmory","|-damage|p1a: Skarmory|227/333","|-damage|p2a: Staraptor|107/311|[from] recoil|[of] p1a: Skarmory","|","|-weather|none","|turn|24","|","|switch|p2a: Charizard|Charizard-Mega-Y, M|191/297","|-weather|SunnyDay","|move|p1a: Skarmory|Toxic|p2a: Charizard","|-status|p2a: Charizard|tox","|","|-weather|SunnyDay|[upkeep]","|-damage|p2a: Charizard|173/297 tox|[from] psn","|turn|25","|","|switch|p1a: Thundurus|Thundurus, M|139/299","|move|p2a: Charizard|Fire Blast|p1a: Thundurus","|-damage|p1a: Thundurus|0 fnt","|faint|p1a: Thundurus","|","|-weather|SunnyDay|[upkeep]","|-damage|p2a: Charizard|137/297 tox|[from] psn","|","|switch|p1a: Togekiss|Togekiss, F|312/312","|turn|26","|","|switch|p2a: Staraptor|Staraptor, F|107/311","|move|p1a: Togekiss|Air Slash|p2a: Staraptor","|-damage|p2a: Staraptor|0 fnt","|faint|p2a: Staraptor","|","|-weather|SunnyDay|[upkeep]","|","|switch|p2a: Dragonite|Dragonite, M|323/323","|turn|27","|","|move|p1a: Togekiss|Air Slash|p2a: Dragonite","|-damage|p2a: Dragonite|260/323","|cant|p2a: Dragonite|flinch","|","|-weather|SunnyDay|[upkeep]","|turn|28","|","|move|p2a: Dragonite|Extreme Speed|p1a: Togekiss","|-damage|p1a: Togekiss|193/312","|move|p1a: Togekiss|Air Slash|p2a: Dragonite","|-crit|p2a: Dragonite","|-damage|p2a: Dragonite|80/323","|","|-weather|none","|turn|29","|","|switch|p2a: Charizard|Charizard-Mega-Y, M|137/297 tox","|-weather|SunnyDay","|move|p1a: Togekiss|Air Slash|p2a: Charizard","|-damage|p2a: Charizard|34/297 tox","|","|-weather|SunnyDay|[upkeep]","|-damage|p2a: Charizard|16/297 tox|[from] psn","|turn|30","|","|move|p1a: Togekiss|Air Slash|p2a: Charizard","|-damage|p2a: Charizard|0 fnt","|faint|p2a: Charizard","|","|-weather|SunnyDay|[upkeep]","|","|switch|p2a: Landorus|Landorus, M|47/319","|turn|31","|","|switch|p1a: Skarmory|Skarmory, M|227/333","|move|p2a: Landorus|Sludge Wave|p1a: Skarmory","|-immune|p1a: Skarmory|[msg]","|","|-weather|SunnyDay|[upkeep]","|turn|32","|","|move|p2a: Landorus|Psychic|p1a: Skarmory","|-resisted|p1a: Skarmory","|-damage|p1a: Skarmory|109/333","|move|p1a: Skarmory|Toxic|p2a: Landorus","|-status|p2a: Landorus|tox","|","|-weather|SunnyDay|[upkeep]","|-damage|p2a: Landorus|28/319 tox|[from] psn","|turn|33","|","|switch|p1a: Landorus-Therian|Landorus-Therian, M|336/382 tox","|-ability|p1a: Landorus-Therian|Intimidate","|-unboost|p2a: Landorus|atk|1","|move|p2a: Landorus|Psychic|p1a: Landorus-Therian","|-damage|p1a: Landorus-Therian|163/382 tox","|","|-weather|none","|-heal|p1a: Landorus-Therian|186/382 tox|[from] item: Leftovers","|-damage|p2a: Landorus|0 fnt|[from] psn","|-damage|p1a: Landorus-Therian|163/382 tox|[from] psn","|faint|p2a: Landorus","|","|switch|p2a: Dragonite|Dragonite, M|80/323","|turn|34","|","|move|p2a: Dragonite|Dragon Dance|p2a: Dragonite","|-boost|p2a: Dragonite|atk|1","|-boost|p2a: Dragonite|spe|1","|move|p1a: Landorus-Therian|U-turn|p2a: Dragonite","|-resisted|p2a: Dragonite","|-damage|p2a: Dragonite|40/323","|","|switch|p1a: Skarmory|Skarmory, M|109/333","|","|turn|35","|","|move|p2a: Dragonite|Dragon Claw|p1a: Skarmory","|-resisted|p1a: Skarmory","|-damage|p1a: Skarmory|42/333","|move|p1a: Skarmory|Toxic|p2a: Dragonite","|-status|p2a: Dragonite|tox","|-enditem|p2a: Dragonite|Lum Berry|[eat]","|-curestatus|p2a: Dragonite|tox","|","|turn|36","|","|move|p2a: Dragonite|Dragon Claw|p1a: Skarmory","|-crit|p1a: Skarmory","|-resisted|p1a: Skarmory","|-damage|p1a: Skarmory|0 fnt","|faint|p1a: Skarmory","|","|","|switch|p1a: Landorus-Therian|Landorus-Therian, M|163/382 tox","|-ability|p1a: Landorus-Therian|Intimidate","|-unboost|p2a: Dragonite|atk|1","|turn|37","|","|move|p2a: Dragonite|Extreme Speed|p1a: Landorus-Therian","|-damage|p1a: Landorus-Therian|73/382 tox","|move|p1a: Landorus-Therian|U-turn|p2a: Dragonite","|-resisted|p2a: Dragonite","|-damage|p2a: Dragonite|1/323","|","|switch|p1a: Togekiss|Togekiss, F|193/312","|","|turn|38","|","|move|p1a: Togekiss|Extreme Speed|p2a: Dragonite","|-damage|p2a: Dragonite|0 fnt","|faint|p2a: Dragonite","|","|win|toggleemotes"],"p1rating":{"entryid":553942,"formatid":"monotype","userid":"toggleemotes","username":"toggleemotes","r":1500,"rd":130,"sigma":0,"rpr":1540.1606143388,"rprd":122.8583080769,"rpsigma":0,"rptime":1440666000,"w":1,"l":0,"t":0,"gxe":55,"acre":1053.2748020434,"lacre":1053.2748020434,"oldacre":1000},"p2rating":{"entryid":"553285","serverid":"eos","formatid":"monotype","userid":"seviperm","username":"SeviperM","w":"3","l":1,"t":"0","gxe":57.8,"r":"1500","rd":"130","sigma":"0","rptime":"1440666000","rpr":1562.157893404,"rprd":106.01510102074,"rpsigma":"0","acre":1086.5436142799,"lacre":1086.5436142799,"oldacre":"1119.8403655571"},"endType":"normal"}