{"seed":[31742,38243,12821,63132],"turns":37,"p1":"Neowulf - ⓓⓔⓐⓓⓜⓐⓝ","p2":"Seven Swell","p1team":[{"name":"Reuniclus","species":"Reuniclus","item":"lifeorb","ability":"Magic Guard","moves":["trickroom","psychic","shadowball","focusblast"],"nature":"Quiet","evs":{"hp":248,"atk":0,"def":0,"spa":252,"spd":8,"spe":0},"ivs":{"hp":31,"atk":31,"def":31,"spa":31,"spd":31,"spe":0}},{"name":"Slowbro","species":"Slowbro","item":"leftovers","ability":"Regenerator","moves":["scald","flamethrower","slackoff","thunderwave"],"nature":"Bold","evs":{"hp":252,"atk":0,"def":252,"spa":4,"spd":0,"spe":0},"ivs":{"hp":31,"atk":31,"def":31,"spa":31,"spd":31,"spe":31}},{"name":"Meloetta","species":"Meloetta","item":"leftovers","ability":"Serene Grace","moves":["dazzlinggleam","hypervoice","healbell","thunderwave"],"nature":"Calm","evs":{"hp":252,"atk":0,"def":4,"spa":0,"spd":252,"spe":0},"ivs":{"hp":31,"atk":31,"def":31,"spa":31,"spd":31,"spe":31}},{"name":"Gardevoir","species":"Gardevoir","item":"gardevoirite","ability":"Trace","moves":["hypervoice","substitute","focusblast","thunderbolt"],"nature":"Timid","evs":{"hp":0,"atk":0,"def":4,"spa":252,"spd":0,"spe":252},"ivs":{"hp":31,"atk":31,"def":31,"spa":31,"spd":31,"spe":31}},{"name":"Hoopa-Unbound","species":"Hoopa-Unbound","item":"choicescarf","ability":"Magician","moves":["hyperspacefury","drainpunch","knockoff","firepunch"],"nature":"Jolly","evs":{"hp":0,"atk":252,"def":0,"spa":0,"spd":4,"spe":252},"ivs":{"hp":31,"atk":31,"def":31,"spa":31,"spd":31,"spe":31}},{"name":"Latios","species":"Latios","item":"choicespecs","ability":"Levitate","moves":["dracometeor","psyshock","hiddenpowerfire","trick"],"nature":"Timid","evs":{"hp":0,"atk":0,"def":0,"spa":252,"spd":4,"spe":252},"ivs":{"hp":31,"atk":30,"def":31,"spa":30,"spd":31,"spe":30}}],"p2team":[{"name":"Mew","species":"Mew","item":"leftovers","ability":"Synchronize","moves":["roost","toxic","healbell","aurasphere"],"nature":"Calm","evs":{"hp":252,"atk":0,"def":0,"spa":4,"spd":252,"spe":0},"ivs":{"hp":31,"atk":0,"def":31,"spa":31,"spd":31,"spe":31}},{"name":"Slowbro","species":"Slowbro","item":"rockyhelmet","ability":"Regenerator","moves":["scald","yawn","flamethrower","slackoff"],"nature":"Bold","evs":{"hp":252,"atk":0,"def":252,"spa":4,"spd":0,"spe":0},"ivs":{"hp":31,"atk":0,"def":31,"spa":31,"spd":31,"spe":31}},{"name":"Deoxys-Speed","species":"Deoxys-Speed","item":"focussash","ability":"Pressure","moves":["stealthrock","thunderbolt","thunderwave","icebeam"],"nature":"Timid","evs":{"hp":252,"atk":0,"def":0,"spa":44,"spd":0,"spe":212},"ivs":{"hp":31,"atk":0,"def":31,"spa":31,"spd":31,"spe":31}},{"name":"Latias","species":"Latias","item":"leftovers","ability":"Levitate","moves":["dracometeor","psyshock","roost","defog"],"nature":"Timid","evs":{"hp":252,"atk":0,"def":0,"spa":4,"spd":0,"spe":252},"ivs":{"hp":31,"atk":0,"def":31,"spa":31,"spd":31,"spe":31}},{"name":"Hoopa-Unbound","species":"Hoopa-Unbound","item":"focussash","ability":"Magician","moves":["hyperspacefury","drainpunch","firepunch","gunkshot"],"nature":"Adamant","evs":{"hp":0,"atk":252,"def":0,"spa":0,"spd":4,"spe":252},"ivs":{"hp":31,"atk":31,"def":31,"spa":31,"spd":31,"spe":31}},{"name":"Gardevoir","species":"Gardevoir","item":"gardevoirite","ability":"Trace","moves":["hypervoice","psyshock","shadowball","taunt"],"nature":"Timid","evs":{"hp":0,"atk":0,"def":0,"spa":252,"spd":4,"spe":252},"ivs":{"hp":31,"atk":0,"def":31,"spa":31,"spd":31,"spe":31}}],"log":["|player|p1|Neowulf - ⓓⓔⓐⓓⓜⓐⓝ|143","|player|p2|Seven Swell|sevenswell.png","|gametype|singles","|gen|6","|tier|Monotype","|rated","|rule|Baton Pass Clause: Limit one Baton Passer, can't pass Spe and other stats simultaneously","|rule|Swagger Clause: Swagger is banned","|rule|Same Type Clause: Pokémon in a team must share a type","|clearpoke","|poke|p1|Reuniclus, F","|poke|p1|Slowbro, M","|poke|p1|Meloetta","|poke|p1|Gardevoir, M","|poke|p1|Hoopa-Unbound","|poke|p1|Latios, M","|poke|p2|Mew","|poke|p2|Slowbro, F","|poke|p2|Deoxys-Speed","|poke|p2|Latias, F","|poke|p2|Hoopa-Unbound","|poke|p2|Gardevoir, F","|rule|Sleep Clause Mod: Limit one foe put to sleep","|rule|Species Clause: Limit one of each Pokémon","|rule|OHKO Clause: OHKO moves are banned","|rule|Moody Clause: Moody is banned","|rule|Evasion Moves Clause: Evasion moves are banned","|rule|Endless Battle Clause: Forcing endless battles is banned","|rule|HP Percentage Mod: HP is shown in percentages","|teampreview","|","|start","|switch|p1a: Latios|Latios, M|301/301","|switch|p2a: Deoxys-Speed|Deoxys-Speed|304/304","|-ability|p2a: Deoxys-Speed|Pressure","|turn|1","|","|switch|p1a: Meloetta|Meloetta|404/404","|move|p2a: Deoxys-Speed|Thunder Wave|p1a: Meloetta","|-status|p1a: Meloetta|par","|","|turn|2","|","|move|p2a: Deoxys-Speed|Stealth Rock|p1a: Meloetta","|-sidestart|p1: Neowulf - ⓓⓔⓐⓓⓜⓐⓝ|move: Stealth Rock","|cant|p1a: Meloetta|par","|","|turn|3","|","|switch|p2a: Gardevoir|Gardevoir, F|277/277","|-ability|p2a: Gardevoir|Serene Grace|[from] ability: Trace|[of] p1a: Meloetta","|move|p1a: Meloetta|Thunder Wave|p2a: Gardevoir","|-status|p2a: Gardevoir|par","|","|turn|4","|","|detailschange|p2a: Gardevoir|Gardevoir-Mega, F","|-mega|p2a: Gardevoir|Gardevoir|Gardevoirite","|move|p2a: Gardevoir|Hyper Voice|p1a: Meloetta","|-damage|p1a: Meloetta|262/404 par","|cant|p1a: Meloetta|par","|","|-heal|p1a: Meloetta|287/404 par|[from] item: Leftovers","|turn|5","|","|cant|p2a: Gardevoir|par","|move|p1a: Meloetta|Heal Bell|p1a: Meloetta","|-cureteam|p1a: Meloetta|[from] move: HealBell","|","|-heal|p1a: Meloetta|312/404|[from] item: Leftovers","|turn|6","|","|switch|p2a: Mew|Mew|404/404","|move|p1a: Meloetta|Hyper Voice|p2a: Mew","|-damage|p2a: Mew|308/404","|","|-heal|p2a: Mew|333/404|[from] item: Leftovers","|-heal|p1a: Meloetta|337/404|[from] item: Leftovers","|turn|7","|","|switch|p1a: Reuniclus|Reuniclus, F|423/423","|move|p2a: Mew|Toxic|p1a: Reuniclus","|-status|p1a: Reuniclus|tox","|","|-heal|p2a: Mew|358/404|[from] item: Leftovers","|turn|8","|","|move|p2a: Mew|Heal Bell|p2a: Mew","|-cureteam|p2a: Mew|[from] move: HealBell","|move|p1a: Reuniclus|Trick Room|p1a: Reuniclus","|-fieldstart|move: Trick Room|[of] p1a: Reuniclus","|","|-heal|p2a: Mew|383/404|[from] item: Leftovers","|turn|9","|","|move|p1a: Reuniclus|Shadow Ball|p2a: Mew","|-supereffective|p2a: Mew","|-damage|p2a: Mew|191/404","|move|p2a: Mew|Roost|p2a: Mew","|-heal|p2a: Mew|393/404","|","|-heal|p2a: Mew|404/404|[from] item: Leftovers","|turn|10","|","|move|p1a: Reuniclus|Psychic|p2a: Mew","|-resisted|p2a: Mew","|-damage|p2a: Mew|318/404","|move|p2a: Mew|Roost|p2a: Mew","|-heal|p2a: Mew|404/404","|","|turn|11","|","|move|p1a: Reuniclus|Psychic|p2a: Mew","|-resisted|p2a: Mew","|-damage|p2a: Mew|321/404","|move|p2a: Mew|Roost|p2a: Mew","|-heal|p2a: Mew|404/404","|","|turn|12","|","|switch|p2a: Hoopa-Unbound|Hoopa-Unbound|301/301","|move|p1a: Reuniclus|Psychic|p2a: Hoopa-Unbound","|-immune|p2a: Hoopa-Unbound|[msg]","|","|-fieldend|move: Trick Room","|turn|13","|","|switch|p1a: Latios|Latios, M|301/301","|-damage|p1a: Latios|264/301|[from] Stealth Rock","|move|p2a: Hoopa-Unbound|Hyperspace Fury|p1a: Latios","|-supereffective|p1a: Latios","|-damage|p1a: Latios|0 fnt","|-unboost|p2a: Hoopa-Unbound|def|1","|faint|p1a: Latios","|","|","|switch|p1a: Slowbro|Slowbro, M|394/394","|-damage|p1a: Slowbro|345/394|[from] Stealth Rock","|turn|14","|","|switch|p2a: Mew|Mew|404/404","|move|p1a: Slowbro|Thunder Wave|p2a: Mew","|-status|p2a: Mew|par","|-status|p1a: Slowbro|par","|","|-heal|p1a: Slowbro|369/394 par|[from] item: Leftovers","|turn|15","|","|switch|p1a: Meloetta|Meloetta|337/404","|-damage|p1a: Meloetta|287/404|[from] Stealth Rock","|cant|p2a: Mew|par","|","|-heal|p1a: Meloetta|312/404|[from] item: Leftovers","|turn|16","|","|move|p1a: Meloetta|Heal Bell|p1a: Meloetta","|-cureteam|p1a: Meloetta|[from] move: HealBell","|move|p2a: Mew|Toxic|p1a: Meloetta","|-status|p1a: Meloetta|tox","|","|-heal|p1a: Meloetta|337/404 tox|[from] item: Leftovers","|-damage|p1a: Meloetta|312/404 tox|[from] psn","|turn|17","|","|move|p1a: Meloetta|Heal Bell|p1a: Meloetta","|-cureteam|p1a: Meloetta|[from] move: HealBell","|cant|p2a: Mew|par","|","|-heal|p1a: Meloetta|337/404|[from] item: Leftovers","|turn|18","|","|switch|p1a: Reuniclus|Reuniclus, F|423/423","|move|p2a: Mew|Heal Bell|p2a: Mew","|-cureteam|p2a: Mew|[from] move: HealBell","|","|turn|19","|","|switch|p2a: Slowbro|Slowbro, F|394/394","|move|p1a: Reuniclus|Trick Room|p1a: Reuniclus","|-fieldstart|move: Trick Room|[of] p1a: Reuniclus","|","|turn|20","|","|move|p1a: Reuniclus|Shadow Ball|p2a: Slowbro","|-supereffective|p2a: Slowbro","|-damage|p2a: Slowbro|48/394","|-unboost|p2a: Slowbro|spd|1","|move|p2a: Slowbro|Yawn|p1a: Reuniclus","|-start|p1a: Reuniclus|move: Yawn|[of] p2a: Slowbro","|","|turn|21","|","|move|p1a: Reuniclus|Shadow Ball|p2a: Slowbro","|-supereffective|p2a: Slowbro","|-damage|p2a: Slowbro|0 fnt","|faint|p2a: Slowbro","|","|-end|p1a: Reuniclus|move: Yawn|[silent]","|-status|p1a: Reuniclus|slp","|","|switch|p2a: Hoopa-Unbound|Hoopa-Unbound|301/301","|turn|22","|","|cant|p1a: Reuniclus|slp","|move|p2a: Hoopa-Unbound|Hyperspace Fury|p1a: Reuniclus","|-supereffective|p1a: Reuniclus","|-damage|p1a: Reuniclus|0 fnt","|-unboost|p2a: Hoopa-Unbound|def|1","|faint|p1a: Reuniclus","|","|","|switch|p1a: Gardevoir|Gardevoir, M|277/277","|-damage|p1a: Gardevoir|243/277|[from] Stealth Rock","|-ability|p1a: Gardevoir|Magician|[from] ability: Trace|[of] p2a: Hoopa-Unbound","|turn|23","|","|switch|p2a: Mew|Mew|404/404","|detailschange|p1a: Gardevoir|Gardevoir-Mega, M","|-mega|p1a: Gardevoir|Gardevoir|Gardevoirite","|move|p1a: Gardevoir|Hyper Voice|p2a: Mew","|-damage|p2a: Mew|215/404","|","|-heal|p2a: Mew|240/404|[from] item: Leftovers","|-fieldend|move: Trick Room","|turn|24","|","|move|p1a: Gardevoir|Substitute|p1a: Gardevoir","|-start|p1a: Gardevoir|Substitute","|-damage|p1a: Gardevoir|174/277","|move|p2a: Mew|Toxic|p1a: Gardevoir","|-fail|p1a: Gardevoir","|","|-heal|p2a: Mew|265/404|[from] item: Leftovers","|turn|25","|","|switch|p2a: Latias|Latias, F|364/364","|move|p1a: Gardevoir|Hyper Voice|p2a: Latias","|-supereffective|p2a: Latias","|-damage|p2a: Latias|0 fnt","|faint|p2a: Latias","|","|","|switch|p2a: Gardevoir|Gardevoir-Mega, F|277/277","|turn|26","|","|switch|p1a: Meloetta|Meloetta|337/404","|-damage|p1a: Meloetta|287/404|[from] Stealth Rock","|move|p2a: Gardevoir|Hyper Voice|p1a: Meloetta","|-damage|p1a: Meloetta|134/404","|","|-heal|p1a: Meloetta|159/404|[from] item: Leftovers","|turn|27","|","|move|p2a: Gardevoir|Psyshock|p1a: Meloetta","|-resisted|p1a: Meloetta","|-damage|p1a: Meloetta|47/404","|move|p1a: Meloetta|Thunder Wave|p2a: Gardevoir","|-status|p2a: Gardevoir|par","|","|-heal|p1a: Meloetta|72/404|[from] item: Leftovers","|turn|28","|","|move|p1a: Meloetta|Hyper Voice|p2a: Gardevoir","|-damage|p2a: Gardevoir|174/277 par","|move|p2a: Gardevoir|Hyper Voice|p1a: Meloetta","|-damage|p1a: Meloetta|0 fnt","|faint|p1a: Meloetta","|","|","|switch|p1a: Gardevoir|Gardevoir-Mega, M|174/277","|-damage|p1a: Gardevoir|140/277|[from] Stealth Rock","|turn|29","|","|switch|p2a: Deoxys-Speed|Deoxys-Speed|304/304","|-ability|p2a: Deoxys-Speed|Pressure","|move|p1a: Gardevoir|Hyper Voice|p2a: Deoxys-Speed","|-damage|p2a: Deoxys-Speed|33/304","|","|turn|30","|","|move|p2a: Deoxys-Speed|Thunder Wave|p1a: Gardevoir","|-status|p1a: Gardevoir|par","|move|p1a: Gardevoir|Hyper Voice|p2a: Deoxys-Speed","|-damage|p2a: Deoxys-Speed|0 fnt","|faint|p2a: Deoxys-Speed","|","|","|switch|p2a: Gardevoir|Gardevoir-Mega, F|174/277 par","|turn|31","|","|move|p1a: Gardevoir|Hyper Voice|p2a: Gardevoir","|-crit|p2a: Gardevoir","|-damage|p2a: Gardevoir|0 fnt","|faint|p2a: Gardevoir","|","|","|switch|p2a: Hoopa-Unbound|Hoopa-Unbound|301/301","|turn|32","|","|move|p2a: Hoopa-Unbound|Hyperspace Fury|p1a: Gardevoir","|-damage|p1a: Gardevoir|0 fnt","|-unboost|p2a: Hoopa-Unbound|def|1","|faint|p1a: Gardevoir","|","|","|switch|p1a: Slowbro|Slowbro, M|394/394","|-damage|p1a: Slowbro|345/394|[from] Stealth Rock","|turn|33","|","|switch|p2a: Mew|Mew|265/404","|move|p1a: Slowbro|Scald|p2a: Mew","|-damage|p2a: Mew|201/404","|-status|p2a: Mew|brn","|-status|p1a: Slowbro|brn","|","|-heal|p2a: Mew|226/404 brn|[from] item: Leftovers","|-heal|p1a: Slowbro|369/394 brn|[from] item: Leftovers","|-damage|p2a: Mew|176/404 brn|[from] brn","|-damage|p1a: Slowbro|320/394 brn|[from] brn","|turn|34","|","|switch|p1a: Hoopa-Unbound|Hoopa-Unbound|301/301","|-damage|p1a: Hoopa-Unbound|264/301|[from] Stealth Rock","|move|p2a: Mew|Roost|p2a: Mew","|-heal|p2a: Mew|378/404 brn","|","|-heal|p2a: Mew|403/404 brn|[from] item: Leftovers","|-damage|p2a: Mew|353/404 brn|[from] brn","|turn|35","|","|move|p1a: Hoopa-Unbound|Knock Off|p2a: Mew","|-supereffective|p2a: Mew","|-damage|p2a: Mew|0 fnt","|-enditem|p2a: Mew|Leftovers|[from] move: Knock Off|[of] p1a: Hoopa-Unbound","|faint|p2a: Mew","|","|","|switch|p2a: Hoopa-Unbound|Hoopa-Unbound|301/301","|turn|36","|","|move|p1a: Hoopa-Unbound|Knock Off|p2a: Hoopa-Unbound","|-damage|p2a: Hoopa-Unbound|15/301","|-enditem|p2a: Hoopa-Unbound|Focus Sash|[from] move: Knock Off|[of] p1a: Hoopa-Unbound","|move|p2a: Hoopa-Unbound|Hyperspace Fury|p1a: Hoopa-Unbound","|-damage|p1a: Hoopa-Unbound|0 fnt","|-item|p2a: Hoopa-Unbound|Choice Scarf|[from] ability: Magician|[of] p1a: Hoopa-Unbound","|-unboost|p2a: Hoopa-Unbound|def|1","|faint|p1a: Hoopa-Unbound","|","|","|switch|p1a: Slowbro|Slowbro, M|394/394 brn","|-damage|p1a: Slowbro|345/394 brn|[from] Stealth Rock","|turn|37","|","|move|p2a: Hoopa-Unbound|Hyperspace Fury|p1a: Slowbro","|-supereffective|p1a: Slowbro","|-damage|p1a: Slowbro|61/394 brn","|-unboost|p2a: Hoopa-Unbound|def|1","|move|p1a: Slowbro|Scald|p2a: Hoopa-Unbound","|-damage|p2a: Hoopa-Unbound|0 fnt","|faint|p2a: Hoopa-Unbound","|","|win|Neowulf - ⓓⓔⓐⓓⓜⓐⓝ"],"p1rating":{"entryid":"94659","serverid":"eos","formatid":"monotype","userid":"neowulf","username":"Neowulf","w":17,"l":"7","t":"0","gxe":66.4,"r":"1627.6527794141","rd":"71.939203516544","sigma":"0","rptime":"1440666000","rpr":1630.1367738311,"rprd":66.125268964726,"rpsigma":"0","acre":1235.728510186,"lacre":1235.728510186,"oldacre":"1205.5078376942"},"p2rating":{"entryid":"86214","serverid":"eos","formatid":"monotype","userid":"sevenswell","username":"Seven Swell","w":"56","l":23,"t":"0","gxe":70.2,"r":"1657.9805982223","rd":"43.1208345499","sigma":"0","rptime":"1440666000","rpr":1662.6220630401,"rprd":42.04395077363,"rpsigma":"0","acre":1248.9242062918,"lacre":1248.9242062918,"oldacre":"1279.1448787836"},"endType":"normal"}