{"seed":[22516,2758,6028,49933],"turns":25,"p1":"Not Reapz","p2":"Crystal★Tempo","p1team":[{"name":"0.F.U","species":"magnezone","item":"leftovers","ability":"Sturdy","moves":["flashcannon","thunderbolt","protect","hiddenpowerice"],"nature":"Modest","evs":{"hp":76,"atk":0,"def":180,"spa":252,"spd":0,"spe":0},"ivs":{"hp":31,"atk":30,"def":30,"spa":31,"spd":31,"spe":31}},{"name":"Nope","species":"zapdos","item":"leftovers","ability":"Pressure","moves":["discharge","heatwave","toxic","roost"],"nature":"Bold","evs":{"hp":4,"atk":0,"def":252,"spa":56,"spd":196,"spe":0},"ivs":{"hp":31,"atk":31,"def":31,"spa":31,"spd":31,"spe":31}},{"name":"Amphabulous","species":"ampharos","item":"ampharosite","ability":"Static","moves":["cottonguard","rest","sleeptalk","dragonpulse"],"nature":"Bold","evs":{"hp":0,"atk":0,"def":252,"spa":136,"spd":120,"spe":0},"ivs":{"hp":31,"atk":31,"def":31,"spa":31,"spd":31,"spe":31}},{"name":"Raikou","species":"Raikou","item":"leftovers","ability":"Pressure","moves":["calmmind","substitute","thunderbolt","extrasensory"],"nature":"Timid","evs":{"hp":0,"atk":0,"def":0,"spa":252,"spd":4,"spe":252},"ivs":{"hp":31,"atk":30,"def":30,"spa":31,"spd":31,"spe":31}},{"name":"Fuck you","species":"rotomwash","item":"choicescarf","ability":"Levitate","moves":["voltswitch","hydropump","willowisp","trick"],"nature":"Timid","evs":{"hp":0,"atk":0,"def":0,"spa":252,"spd":4,"spe":252},"ivs":{"hp":31,"atk":31,"def":31,"spa":31,"spd":31,"spe":31}},{"name":"Thundurus","species":"Thundurus","item":"lifeorb","ability":"Prankster","moves":["thunderwave","thunderbolt","uturn","psychic"],"nature":"Serious","evs":{"hp":4,"atk":96,"def":0,"spa":156,"spd":0,"spe":252},"ivs":{"hp":31,"atk":31,"def":31,"spa":31,"spd":31,"spe":31}}],"p2team":[{"name":"Leavanny","species":"Leavanny","item":"focussash","ability":"Swarm","moves":["swordsdance","stickyweb","xscissor","leafblade"],"nature":"Adamant","evs":{"hp":4,"atk":252,"def":0,"spa":0,"spd":0,"spe":252},"ivs":{"hp":31,"atk":31,"def":31,"spa":31,"spd":31,"spe":31}},{"name":"Sceptile","species":"Sceptile","item":"sceptilite","ability":"Overgrow","moves":["gigadrain","substitute","dragonpulse","hiddenpowerfire"],"nature":"Modest","evs":{"hp":0,"atk":0,"def":0,"spa":252,"spd":4,"spe":252},"ivs":{"hp":31,"atk":30,"def":31,"spa":30,"spd":31,"spe":30}},{"name":"Breloom","species":"Breloom","item":"focussash","ability":"Technician","moves":["swordsdance","spore","machpunch","bulletseed"],"nature":"Jolly","evs":{"hp":0,"atk":252,"def":0,"spa":0,"spd":4,"spe":252},"ivs":{"hp":31,"atk":31,"def":31,"spa":31,"spd":31,"spe":31}},{"name":"Exeggutor","species":"Exeggutor","item":"petayaberry","ability":"Harvest","moves":["substitute","gigadrain","psyshock","sleeppowder"],"nature":"Timid","evs":{"hp":92,"atk":0,"def":0,"spa":164,"spd":0,"spe":252},"ivs":{"hp":31,"atk":31,"def":31,"spa":31,"spd":31,"spe":31}},{"name":"Shaymin","species":"Shaymin","item":"choicespecs","ability":"Natural Cure","moves":["seedflare","dazzlinggleam","earthpower","airslash"],"nature":"Timid","evs":{"hp":0,"atk":0,"def":0,"spa":252,"spd":4,"spe":252},"ivs":{"hp":31,"atk":31,"def":31,"spa":31,"spd":31,"spe":31}},{"name":"Ludicolo","species":"Ludicolo","item":"choicescarf","ability":"Swift Swim","moves":["hydropump","focusblast","icebeam","energyball"],"nature":"Modest","evs":{"hp":0,"atk":0,"def":0,"spa":252,"spd":4,"spe":252},"ivs":{"hp":31,"atk":31,"def":31,"spa":31,"spd":31,"spe":31}}],"log":["|player|p1|Not Reapz|264","|player|p2|Crystal★Tempo|266","|gametype|singles","|gen|6","|tier|Monotype","|rated","|rule|Baton Pass Clause: Limit one Baton Passer, can't pass Spe and other stats simultaneously","|rule|Swagger Clause: Swagger is banned","|rule|Same Type Clause: Pokémon in a team must share a type","|clearpoke","|poke|p1|Magnezone","|poke|p1|Zapdos","|poke|p1|Ampharos, F","|poke|p1|Raikou","|poke|p1|Rotom-Wash","|poke|p1|Thundurus, M","|poke|p2|Leavanny, F","|poke|p2|Sceptile, F","|poke|p2|Breloom, M","|poke|p2|Exeggutor, F","|poke|p2|Shaymin","|poke|p2|Ludicolo, M","|rule|Sleep Clause Mod: Limit one foe put to sleep","|rule|Species Clause: Limit one of each Pokémon","|rule|OHKO Clause: OHKO moves are banned","|rule|Moody Clause: Moody is banned","|rule|Evasion Moves Clause: Evasion moves are banned","|rule|Endless Battle Clause: Forcing endless battles is banned","|rule|HP Percentage Mod: HP is shown in percentages","|teampreview","|","|start","|switch|p1a: Thundurus|Thundurus, M|300/300","|switch|p2a: Leavanny|Leavanny, F|292/292","|turn|1","|","|move|p1a: Thundurus|Thunder Wave|p2a: Leavanny","|-status|p2a: Leavanny|par","|cant|p2a: Leavanny|par","|","|turn|2","|","|move|p1a: Thundurus|U-turn|p2a: Leavanny","|-supereffective|p2a: Leavanny","|-damage|p2a: Leavanny|79/292 par","|-damage|p1a: Thundurus|270/300|[from] item: Life Orb","|","|switch|p1a: Fuck you|Rotom-Wash|241/241","|move|p2a: Leavanny|Sticky Web|p1a: Fuck you","|-sidestart|p1: Not Reapz|move: Sticky Web","|","|turn|3","|","|move|p1a: Fuck you|Volt Switch|p2a: Leavanny","|-resisted|p2a: Leavanny","|-damage|p2a: Leavanny|18/292 par","|","|switch|p1a: Nope|Zapdos|322/322","|-ability|p1a: Nope|Pressure","|move|p2a: Leavanny|Leaf Blade|p1a: Nope","|-resisted|p1a: Nope","|-damage|p1a: Nope|265/322","|","|-heal|p1a: Nope|285/322|[from] item: Leftovers","|turn|4","|","|move|p1a: Nope|Heat Wave|p2a: Leavanny","|-supereffective|p2a: Leavanny","|-damage|p2a: Leavanny|0 fnt","|faint|p2a: Leavanny","|","|-heal|p1a: Nope|305/322|[from] item: Leftovers","|","|switch|p2a: Ludicolo|Ludicolo, M|301/301","|turn|5","|","|move|p2a: Ludicolo|Ice Beam|p1a: Nope","|-supereffective|p1a: Nope","|-damage|p1a: Nope|129/322","|move|p1a: Nope|Toxic|p2a: Ludicolo","|-status|p2a: Ludicolo|tox","|","|-heal|p1a: Nope|149/322|[from] item: Leftovers","|-damage|p2a: Ludicolo|283/301 tox|[from] psn","|turn|6","|","|move|p2a: Ludicolo|Ice Beam|p1a: Nope","|-supereffective|p1a: Nope","|-damage|p1a: Nope|0 fnt","|faint|p1a: Nope","|","|-damage|p2a: Ludicolo|247/301 tox|[from] psn","|","|switch|p1a: Thundurus|Thundurus, M|270/300","|turn|7","|","|switch|p1a: 0.F.U|Magnezone|300/300","|-activate|p1a: 0.F.U|move: Sticky Web","|-unboost|p1a: 0.F.U|spe|1","|move|p2a: Ludicolo|Ice Beam|p1a: 0.F.U","|-resisted|p1a: 0.F.U","|-damage|p1a: 0.F.U|251/300","|","|-heal|p1a: 0.F.U|269/300|[from] item: Leftovers","|-damage|p2a: Ludicolo|193/301 tox|[from] psn","|turn|8","|","|switch|p2a: Shaymin|Shaymin|341/341","|move|p1a: 0.F.U|Protect|p1a: 0.F.U","|-fail|p1a: 0.F.U","|","|-heal|p1a: 0.F.U|287/300|[from] item: Leftovers","|turn|9","|","|switch|p1a: Thundurus|Thundurus, M|270/300","|move|p2a: Shaymin|Earth Power|p1a: Thundurus","|-immune|p1a: Thundurus|[msg]","|","|turn|10","|","|switch|p2a: Ludicolo|Ludicolo, M|193/301 tox","|move|p1a: Thundurus|Thunder Wave|p2a: Ludicolo","|-fail|p2a: Ludicolo","|","|-damage|p2a: Ludicolo|175/301 tox|[from] psn","|turn|11","|","|move|p2a: Ludicolo|Focus Blast|p1a: Thundurus","|-resisted|p1a: Thundurus","|-damage|p1a: Thundurus|196/300","|move|p1a: Thundurus|U-turn|p2a: Ludicolo","|-supereffective|p2a: Ludicolo","|-damage|p2a: Ludicolo|0 fnt","|-damage|p1a: Thundurus|166/300|[from] item: Life Orb","|faint|p2a: Ludicolo","|","|switch|p1a: 0.F.U|Magnezone|287/300","|-activate|p1a: 0.F.U|move: Sticky Web","|-unboost|p1a: 0.F.U|spe|1","|","|-heal|p1a: 0.F.U|300/300|[from] item: Leftovers","|","|switch|p2a: Sceptile|Sceptile, F|281/281","|turn|12","|","|detailschange|p2a: Sceptile|Sceptile-Mega, F","|-mega|p2a: Sceptile|Sceptile|Sceptilite","|move|p2a: Sceptile|Substitute|p2a: Sceptile","|-start|p2a: Sceptile|Substitute","|-damage|p2a: Sceptile|211/281","|move|p1a: 0.F.U|Hidden Power|p2a: Sceptile","|-supereffective|p2a: Sceptile","|-end|p2a: Sceptile|Substitute","|","|turn|13","|","|move|p2a: Sceptile|Hidden Power|p1a: 0.F.U","|-supereffective|p1a: 0.F.U","|-damage|p1a: 0.F.U|118/300","|move|p1a: 0.F.U|Hidden Power|p2a: Sceptile","|-supereffective|p2a: Sceptile","|-damage|p2a: Sceptile|0 fnt","|faint|p2a: Sceptile","|","|-heal|p1a: 0.F.U|136/300|[from] item: Leftovers","|","|switch|p2a: Breloom|Breloom, M|261/261","|turn|14","|","|move|p2a: Breloom|Mach Punch|p1a: 0.F.U","|-supereffective|p1a: 0.F.U","|-damage|p1a: 0.F.U|0 fnt","|faint|p1a: 0.F.U","|","|","|switch|p1a: Thundurus|Thundurus, M|166/300","|turn|15","|","|move|p1a: Thundurus|Thunder Wave|p2a: Breloom","|-status|p2a: Breloom|par","|move|p2a: Breloom|Spore|p1a: Thundurus","|-status|p1a: Thundurus|slp","|","|turn|16","|","|switch|p1a: Amphabulous|Ampharos, F|321/321","|-activate|p1a: Amphabulous|move: Sticky Web","|-unboost|p1a: Amphabulous|spe|1","|move|p2a: Breloom|Swords Dance|p2a: Breloom","|-boost|p2a: Breloom|atk|2","|","|turn|17","|","|switch|p1a: Thundurus|Thundurus, M|166/300 slp","|move|p2a: Breloom|Bullet Seed|p1a: Thundurus","|-resisted|p1a: Thundurus","|-damage|p1a: Thundurus|76/300 slp","|-resisted|p1a: Thundurus","|-damage|p1a: Thundurus|0 fnt","|-hitcount|p1a: Thundurus|2","|faint|p1a: Thundurus","|","|","|switch|p1a: Fuck you|Rotom-Wash|241/241","|turn|18","|","|move|p1a: Fuck you|Trick|p2a: Breloom","|-activate|p1a: Fuck you|move: Trick|[of] p2a: Breloom","|-item|p2a: Breloom|Choice Scarf|[from] move: Trick","|-item|p1a: Fuck you|Focus Sash|[from] move: Trick","|cant|p2a: Breloom|par","|","|turn|19","|","|move|p1a: Fuck you|Hydro Pump|p2a: Breloom","|-resisted|p2a: Breloom","|-damage|p2a: Breloom|132/261 par","|move|p2a: Breloom|Bullet Seed|p1a: Fuck you","|-crit|p1a: Fuck you","|-supereffective|p1a: Fuck you","|-enditem|p1a: Fuck you|Focus Sash","|-damage|p1a: Fuck you|1/241","|-supereffective|p1a: Fuck you","|-damage|p1a: Fuck you|0 fnt","|-hitcount|p1a: Fuck you|2","|faint|p1a: Fuck you","|","|","|switch|p1a: Amphabulous|Ampharos, F|321/321","|-activate|p1a: Amphabulous|move: Sticky Web","|-unboost|p1a: Amphabulous|spe|1","|turn|20","|","|detailschange|p1a: Amphabulous|Ampharos-Mega, F","|-mega|p1a: Amphabulous|Ampharos|Ampharosite","|-ability|p1a: Amphabulous|Mold Breaker","|cant|p2a: Breloom|par","|move|p1a: Amphabulous|Cotton Guard|p1a: Amphabulous","|-boost|p1a: Amphabulous|def|3","|","|turn|21","|","|cant|p2a: Breloom|par","|move|p1a: Amphabulous|Dragon Pulse|p2a: Breloom","|-damage|p2a: Breloom|0 fnt","|faint|p2a: Breloom","|","|","|switch|p2a: Shaymin|Shaymin|341/341","|turn|22","|","|move|p2a: Shaymin|Earth Power|p1a: Amphabulous","|-supereffective|p1a: Amphabulous","|-damage|p1a: Amphabulous|87/321","|move|p1a: Amphabulous|Dragon Pulse|p2a: Shaymin","|-damage|p2a: Shaymin|181/341","|","|turn|23","|","|move|p2a: Shaymin|Earth Power|p1a: Amphabulous","|-supereffective|p1a: Amphabulous","|-damage|p1a: Amphabulous|0 fnt","|faint|p1a: Amphabulous","|","|","|switch|p1a: Raikou|Raikou|321/321","|-activate|p1a: Raikou|move: Sticky Web","|-unboost|p1a: Raikou|spe|1","|-ability|p1a: Raikou|Pressure","|turn|24","|","|move|p2a: Shaymin|Earth Power|p1a: Raikou","|-supereffective|p1a: Raikou","|-damage|p1a: Raikou|75/321","|move|p1a: Raikou|Extrasensory|p2a: Shaymin","|-damage|p2a: Shaymin|91/341","|","|-heal|p1a: Raikou|95/321|[from] item: Leftovers","|turn|25","|","|win|Crystal★Tempo"],"p1rating":{"entryid":"453318","serverid":"eos","formatid":"monotype","userid":"notreapz","username":"Not Reapz","w":"1","l":2,"t":"0","gxe":45.8,"r":"1500","rd":"116.96829795962","sigma":"0","rptime":"1440666000","rpr":1466.9967518471,"rprd":111.32149519734,"rpsigma":"0","acre":1012.6798527552,"lacre":1012.6798527552,"oldacre":"1024.8200125598"},"p2rating":{"entryid":"95965","serverid":"eos","formatid":"monotype","userid":"crystaltempo","username":"Crystal★Tempo","w":5,"l":"5","t":"0","gxe":50.5,"r":"1512.6007502438","rd":"93.60749489543","sigma":"0","rptime":"1440666000","rpr":1504.1071416021,"rprd":88.20301534631,"rpsigma":"0","acre":1091.8243516141,"lacre":1091.8243516141,"oldacre":"1065.0731637762"},"endType":"forfeit"}