{"seed":[14109,13303,16629,40530],"turns":20,"p1":"Rain ☆ S.Herbs","p2":"DjForcast","p1team":[{"name":"Landorus","species":"Landorus","item":"assaultvest","ability":"Sheer Force","moves":["earthpower","stoneedge","sludgewave","grassknot"],"nature":"Naive","evs":{"hp":0,"atk":4,"def":0,"spa":252,"spd":0,"spe":252},"ivs":{"hp":31,"atk":31,"def":31,"spa":31,"spd":31,"spe":31}},{"name":"Hippowdon","species":"Hippowdon","item":"leftovers","ability":"Sand Stream","moves":["earthquake","crunch","stealthrock","toxic"],"nature":"Impish","evs":{"hp":248,"atk":8,"def":252,"spa":0,"spd":0,"spe":0},"ivs":{"hp":31,"atk":31,"def":31,"spa":31,"spd":31,"spe":31}},{"name":"Mamoswine","species":"Mamoswine","item":"lifeorb","ability":"Thick Fat","moves":["iceshard","iciclecrash","earthquake","rockslide"],"nature":"Jolly","evs":{"hp":0,"atk":252,"def":0,"spa":0,"spd":4,"spe":252},"ivs":{"hp":31,"atk":31,"def":31,"spa":31,"spd":31,"spe":31}},{"name":"Garchomp","species":"Garchomp","item":"garchompite","ability":"Rough Skin","moves":["flamethrower","earthquake","dracometeor","ironhead"],"nature":"Rash","evs":{"hp":0,"atk":252,"def":0,"spa":4,"spd":0,"spe":252},"ivs":{"hp":31,"atk":31,"def":31,"spa":31,"spd":31,"spe":31}},{"name":"Gastrodon","species":"Gastrodon","item":"leftovers","ability":"Storm Drain","moves":["icebeam","earthpower","toxic","recover"],"nature":"Bold","evs":{"hp":252,"atk":0,"def":0,"spa":4,"spd":252,"spe":0},"ivs":{"hp":31,"atk":31,"def":31,"spa":31,"spd":31,"spe":31}},{"name":"Excadrill","species":"Excadrill","item":"airballoon","ability":"Sand Rush","moves":["ironhead","earthquake","swordsdance","rockslide"],"nature":"Adamant","evs":{"hp":0,"atk":252,"def":0,"spa":0,"spd":4,"spe":252},"shiny":true,"ivs":{"hp":31,"atk":31,"def":31,"spa":31,"spd":31,"spe":31}}],"p2team":[{"name":"Sableye","species":"Sableye","item":"leftovers","ability":"Prankster","moves":["toxic","protect","substitute","recover"],"nature":"Calm","evs":{"hp":248,"atk":0,"def":8,"spa":0,"spd":252,"spe":0},"ivs":{"hp":31,"atk":31,"def":31,"spa":31,"spd":31,"spe":31}},{"name":"Bisharp","species":"Bisharp","item":"focussash","ability":"Defiant","moves":["suckerpunch","ironhead","psychocut","knockoff"],"nature":"Adamant","evs":{"hp":248,"atk":252,"def":0,"spa":0,"spd":8,"spe":0},"ivs":{"hp":31,"atk":31,"def":31,"spa":31,"spd":31,"spe":31}},{"name":"Scrafty","species":"Scrafty","item":"focussash","ability":"Moxie","moves":["dragondance","drainpunch","ironhead","knockoff"],"nature":"Adamant","evs":{"hp":0,"atk":252,"def":0,"spa":0,"spd":4,"spe":252},"ivs":{"hp":31,"atk":31,"def":31,"spa":31,"spd":31,"spe":31}},{"name":"Hoopa-Unbound","species":"Hoopa-Unbound","item":"focussash","ability":"Magician","moves":["gunkshot","hyperspacefury","zenheadbutt","firepunch"],"nature":"Adamant","evs":{"hp":248,"atk":252,"def":0,"spa":0,"spd":8,"spe":0},"ivs":{"hp":31,"atk":31,"def":31,"spa":31,"spd":31,"spe":31}},{"name":"Weavile","species":"Weavile","item":"focussash","ability":"Pressure","moves":["icepunch","iceshard","fakeout","poisonjab"],"nature":"Jolly","evs":{"hp":0,"atk":252,"def":0,"spa":0,"spd":4,"spe":252},"ivs":{"hp":31,"atk":31,"def":31,"spa":31,"spd":31,"spe":31}},{"name":"Mandibuzz","species":"Mandibuzz","item":"leftovers","ability":"Overcoat","moves":["roost","irondefense","toxic","foulplay"],"nature":"Calm","evs":{"hp":252,"atk":0,"def":4,"spa":0,"spd":252,"spe":0},"ivs":{"hp":31,"atk":31,"def":31,"spa":31,"spd":31,"spe":31}}],"log":["|player|p1|Rain ☆ S.Herbs|154","|player|p2|DjForcast|224","|gametype|singles","|gen|6","|tier|Monotype","|rated","|rule|Baton Pass Clause: Limit one Baton Passer, can't pass Spe and other stats simultaneously","|rule|Swagger Clause: Swagger is banned","|rule|Same Type Clause: Pokémon in a team must share a type","|clearpoke","|poke|p1|Landorus, M","|poke|p1|Hippowdon, F","|poke|p1|Mamoswine, F","|poke|p1|Garchomp, M","|poke|p1|Gastrodon, F","|poke|p1|Excadrill, M, shiny","|poke|p2|Sableye, F","|poke|p2|Bisharp, F","|poke|p2|Scrafty, F","|poke|p2|Hoopa-Unbound","|poke|p2|Weavile, M","|poke|p2|Mandibuzz, F","|rule|Sleep Clause Mod: Limit one foe put to sleep","|rule|Species Clause: Limit one of each Pokémon","|rule|OHKO Clause: OHKO moves are banned","|rule|Moody Clause: Moody is banned","|rule|Evasion Moves Clause: Evasion moves are banned","|rule|Endless Battle Clause: Forcing endless battles is banned","|rule|HP Percentage Mod: HP is shown in percentages","|teampreview","|","|start","|switch|p1a: Garchomp|Garchomp, M|357/357","|switch|p2a: Bisharp|Bisharp, F|333/333","|turn|1","|","|detailschange|p1a: Garchomp|Garchomp-Mega, M","|-mega|p1a: Garchomp|Garchomp|Garchompite","|move|p1a: Garchomp|Earthquake|p2a: Bisharp","|-supereffective|p2a: Bisharp","|-enditem|p2a: Bisharp|Focus Sash","|-damage|p2a: Bisharp|1/333","|move|p2a: Bisharp|Iron Head|p1a: Garchomp","|-damage|p1a: Garchomp|224/357","|","|turn|2","|","|move|p2a: Bisharp|Sucker Punch|p1a: Garchomp","|-damage|p1a: Garchomp|98/357","|move|p1a: Garchomp|Flamethrower|p2a: Bisharp","|-supereffective|p2a: Bisharp","|-damage|p2a: Bisharp|0 fnt","|faint|p2a: Bisharp","|","|","|switch|p2a: Mandibuzz|Mandibuzz, F|424/424","|turn|3","|","|move|p1a: Garchomp|Draco Meteor|p2a: Mandibuzz","|-damage|p2a: Mandibuzz|286/424","|-unboost|p1a: Garchomp|spa|2","|move|p2a: Mandibuzz|Foul Play|p1a: Garchomp","|-damage|p1a: Garchomp|0 fnt","|faint|p1a: Garchomp","|","|-heal|p2a: Mandibuzz|312/424|[from] item: Leftovers","|","|switch|p1a: Mamoswine|Mamoswine, F|361/361","|turn|4","|","|move|p1a: Mamoswine|Icicle Crash|p2a: Mandibuzz","|-supereffective|p2a: Mandibuzz","|-damage|p2a: Mandibuzz|0 fnt","|-damage|p1a: Mamoswine|325/361|[from] item: Life Orb","|faint|p2a: Mandibuzz","|","|","|switch|p2a: Scrafty|Scrafty, F|271/271","|turn|5","|","|switch|p1a: Hippowdon|Hippowdon, F|419/419","|-weather|Sandstorm","|move|p2a: Scrafty|Dragon Dance|p2a: Scrafty","|-boost|p2a: Scrafty|atk|1","|-boost|p2a: Scrafty|spe|1","|","|-weather|Sandstorm|[upkeep]","|-damage|p2a: Scrafty|255/271|[from] sandstorm","|turn|6","|","|move|p2a: Scrafty|Drain Punch|p1a: Hippowdon","|-damage|p1a: Hippowdon|304/419","|-heal|p2a: Scrafty|271/271|[from] drain|[of] p1a: Hippowdon","|move|p1a: Hippowdon|Toxic|p2a: Scrafty","|-status|p2a: Scrafty|tox","|","|-weather|Sandstorm|[upkeep]","|-damage|p2a: Scrafty|255/271 tox|[from] sandstorm","|-heal|p1a: Hippowdon|330/419|[from] item: Leftovers","|-damage|p2a: Scrafty|239/271 tox|[from] psn","|turn|7","|","|move|p2a: Scrafty|Dragon Dance|p2a: Scrafty","|-boost|p2a: Scrafty|atk|1","|-boost|p2a: Scrafty|spe|1","|move|p1a: Hippowdon|Earthquake|p2a: Scrafty","|-crit|p2a: Scrafty","|-damage|p2a: Scrafty|59/271 tox","|","|-weather|Sandstorm|[upkeep]","|-damage|p2a: Scrafty|43/271 tox|[from] sandstorm","|-heal|p1a: Hippowdon|356/419|[from] item: Leftovers","|-damage|p2a: Scrafty|11/271 tox|[from] psn","|turn|8","|","|move|p2a: Scrafty|Drain Punch|p1a: Hippowdon","|-damage|p1a: Hippowdon|202/419","|-heal|p2a: Scrafty|88/271 tox|[from] drain|[of] p1a: Hippowdon","|move|p1a: Hippowdon|Stealth Rock|p2a: Scrafty","|-sidestart|p2: DjForcast|move: Stealth Rock","|","|-weather|Sandstorm|[upkeep]","|-damage|p2a: Scrafty|72/271 tox|[from] sandstorm","|-heal|p1a: Hippowdon|228/419|[from] item: Leftovers","|-damage|p2a: Scrafty|24/271 tox|[from] psn","|turn|9","|","|switch|p1a: Gastrodon|Gastrodon, F|426/426","|move|p2a: Scrafty|Drain Punch|p1a: Gastrodon","|-damage|p1a: Gastrodon|137/426","|-heal|p2a: Scrafty|169/271 tox|[from] drain|[of] p1a: Gastrodon","|","|-weather|none","|-heal|p1a: Gastrodon|163/426|[from] item: Leftovers","|-damage|p2a: Scrafty|105/271 tox|[from] psn","|turn|10","|","|switch|p1a: Hippowdon|Hippowdon, F|228/419","|-weather|Sandstorm","|move|p2a: Scrafty|Drain Punch|p1a: Hippowdon","|-damage|p1a: Hippowdon|81/419","|-heal|p2a: Scrafty|179/271 tox|[from] drain|[of] p1a: Hippowdon","|","|-weather|Sandstorm|[upkeep]","|-damage|p2a: Scrafty|163/271 tox|[from] sandstorm","|-heal|p1a: Hippowdon|107/419|[from] item: Leftovers","|-damage|p2a: Scrafty|83/271 tox|[from] psn","|turn|11","|","|switch|p1a: Gastrodon|Gastrodon, F|163/426","|move|p2a: Scrafty|Drain Punch|p1a: Gastrodon","|-damage|p1a: Gastrodon|0 fnt","|-heal|p2a: Scrafty|165/271 tox|[from] drain|[of] p1a: Gastrodon","|faint|p1a: Gastrodon","|-boost|p2a: Scrafty|atk|1|[from] ability: Moxie","|","|-weather|Sandstorm|[upkeep]","|-damage|p2a: Scrafty|149/271 tox|[from] sandstorm","|-damage|p2a: Scrafty|53/271 tox|[from] psn","|","|switch|p1a: Excadrill|Excadrill, M, shiny|361/361","|-item|p1a: Excadrill|Air Balloon","|turn|12","|","|move|p1a: Excadrill|Earthquake|p2a: Scrafty","|-damage|p2a: Scrafty|0 fnt","|faint|p2a: Scrafty","|","|-weather|Sandstorm|[upkeep]","|","|switch|p2a: Hoopa-Unbound|Hoopa-Unbound|363/363","|-damage|p2a: Hoopa-Unbound|318/363|[from] Stealth Rock","|turn|13","|","|move|p1a: Excadrill|Earthquake|p2a: Hoopa-Unbound","|-damage|p2a: Hoopa-Unbound|26/363","|move|p2a: Hoopa-Unbound|Fire Punch|p1a: Excadrill","|-supereffective|p1a: Excadrill","|-damage|p1a: Excadrill|17/361","|-enditem|p1a: Excadrill|Air Balloon","|","|-weather|Sandstorm|[upkeep]","|-damage|p2a: Hoopa-Unbound|4/363|[from] sandstorm","|turn|14","|","|move|p1a: Excadrill|Iron Head|p2a: Hoopa-Unbound","|-damage|p2a: Hoopa-Unbound|0 fnt","|faint|p2a: Hoopa-Unbound","|","|-weather|none","|","|switch|p2a: Weavile|Weavile, M|281/281","|-damage|p2a: Weavile|211/281|[from] Stealth Rock","|-ability|p2a: Weavile|Pressure","|turn|15","|","|switch|p1a: Hippowdon|Hippowdon, F|107/419","|-weather|Sandstorm","|move|p2a: Weavile|Fake Out|p1a: Hippowdon","|-damage|p1a: Hippowdon|76/419","|","|-weather|Sandstorm|[upkeep]","|-damage|p2a: Weavile|194/281|[from] sandstorm","|-heal|p1a: Hippowdon|102/419|[from] item: Leftovers","|turn|16","|","|move|p2a: Weavile|Ice Punch|p1a: Hippowdon","|-supereffective|p1a: Hippowdon","|-damage|p1a: Hippowdon|0 fnt","|faint|p1a: Hippowdon","|","|-weather|Sandstorm|[upkeep]","|-damage|p2a: Weavile|177/281|[from] sandstorm","|","|switch|p1a: Mamoswine|Mamoswine, F|325/361","|turn|17","|","|switch|p2a: Sableye|Sableye, F|303/303","|-damage|p2a: Sableye|266/303|[from] Stealth Rock","|move|p1a: Mamoswine|Rock Slide|p2a: Sableye","|-damage|p2a: Sableye|118/303","|-damage|p1a: Mamoswine|289/361|[from] item: Life Orb","|","|-weather|Sandstorm|[upkeep]","|-damage|p2a: Sableye|100/303|[from] sandstorm","|-heal|p2a: Sableye|118/303|[from] item: Leftovers","|turn|18","|","|move|p2a: Sableye|Recover|p2a: Sableye","|-heal|p2a: Sableye|270/303","|move|p1a: Mamoswine|Icicle Crash|p2a: Sableye","|-damage|p2a: Sableye|11/303","|-damage|p1a: Mamoswine|253/361|[from] item: Life Orb","|","|-weather|Sandstorm|[upkeep]","|-damage|p2a: Sableye|0 fnt|[from] sandstorm","|faint|p2a: Sableye","|","|switch|p2a: Weavile|Weavile, M|177/281","|-damage|p2a: Weavile|107/281|[from] Stealth Rock","|-ability|p2a: Weavile|Pressure","|turn|19","|","|move|p2a: Weavile|Fake Out|p1a: Mamoswine","|-damage|p1a: Mamoswine|198/361","|cant|p1a: Mamoswine|flinch","|","|-weather|none","|turn|20","|","|move|p2a: Weavile|Poison Jab|p1a: Mamoswine","|-resisted|p1a: Mamoswine","|-damage|p1a: Mamoswine|144/361","|move|p1a: Mamoswine|Rock Slide|p2a: Weavile","|-supereffective|p2a: Weavile","|-damage|p2a: Weavile|0 fnt","|-damage|p1a: Mamoswine|108/361|[from] item: Life Orb","|faint|p2a: Weavile","|","|win|Rain ☆ S.Herbs"],"p1rating":{"entryid":"61538","serverid":"eos","formatid":"monotype","userid":"rainsherbs","username":"Rain ☆ S.Herbs","w":19,"l":"20","t":"0","gxe":48.8,"r":"1484.4870629498","rd":"58.185426103244","sigma":"0","rptime":"1440666000","rpr":1490.6092193707,"rprd":54.334934406869,"rpsigma":"0","acre":1119.3604350807,"lacre":1119.3604350807,"oldacre":"1101.4604091901"},"p2rating":{"entryid":545515,"formatid":"monotype","userid":"djforcast","username":"DjForcast","r":1500,"rd":130,"sigma":0,"rpr":1456.0116884693,"rprd":122.01728317312,"rpsigma":0,"rptime":1440666000,"w":0,"l":1,"t":0,"gxe":44.5,"acre":1000,"lacre":1000,"oldacre":1000},"endType":"normal"}