{"seed":[1963,39083,18414,28095],"turns":23,"p1":"Lord WillWolf","p2":"GTX♅Bzumzum","p1team":[{"name":"Weavile","species":"Weavile","item":"lifeorb","ability":"Pressure","moves":["knockoff","iceshard","iciclecrash","poisonjab"],"nature":"Jolly","evs":{"hp":0,"atk":252,"def":4,"spa":0,"spd":0,"spe":252},"ivs":{"hp":31,"atk":31,"def":31,"spa":31,"spd":31,"spe":31}},{"name":"Bisharp","species":"Bisharp","item":"lifeorb","ability":"Defiant","moves":["suckerpunch","ironhead","knockoff","swordsdance"],"nature":"Adamant","evs":{"hp":252,"atk":252,"def":4,"spa":0,"spd":0,"spe":0},"ivs":{"hp":31,"atk":31,"def":31,"spa":31,"spd":31,"spe":31}},{"name":"Honchkrow","species":"Honchkrow","item":"choicescarf","ability":"Moxie","moves":["bravebird","superpower","nightslash","thunderwave"],"nature":"Jolly","evs":{"hp":0,"atk":252,"def":0,"spa":0,"spd":4,"spe":252},"ivs":{"hp":31,"atk":31,"def":31,"spa":31,"spd":31,"spe":31}},{"name":"Hydreigon","species":"Hydreigon","item":"lifeorb","ability":"Levitate","moves":["darkpulse","irontail","flamethrower","dracometeor"],"nature":"Hasty","evs":{"hp":0,"atk":4,"def":0,"spa":252,"spd":0,"spe":252},"ivs":{"hp":31,"atk":31,"def":31,"spa":31,"spd":31,"spe":31}},{"name":"Absol","species":"Absol","item":"absolite","ability":"Super Luck","moves":["swordsdance","suckerpunch","zenheadbutt","knockoff"],"nature":"Jolly","evs":{"hp":0,"atk":252,"def":0,"spa":0,"spd":4,"spe":252},"ivs":{"hp":31,"atk":31,"def":31,"spa":31,"spd":31,"spe":31}},{"name":"Drapion","species":"Drapion","item":"blacksludge","ability":"Sniper","moves":["poisonjab","earthquake","knockoff","firefang"],"nature":"Impish","evs":{"hp":252,"atk":4,"def":252,"spa":0,"spd":0,"spe":0},"ivs":{"hp":31,"atk":31,"def":31,"spa":31,"spd":31,"spe":31}}],"p2team":[{"name":"Thorns","species":"ferrothorn","item":"focussash","ability":"Iron Barbs","moves":["stealthrock","gyroball","leechseed","protect"],"nature":"Jolly","evs":{"hp":128,"atk":100,"def":116,"spa":0,"spd":120,"spe":44},"gender":"M","ivs":{"hp":31,"atk":31,"def":31,"spa":31,"spd":31,"spe":0}},{"name":"Brawloom","species":"breloom","item":"focussash","ability":"Technician","moves":["swordsdance","rocktomb","machpunch","spore"],"nature":"Jolly","evs":{"hp":4,"atk":252,"def":0,"spa":0,"spd":0,"spe":252},"gender":"M","shiny":true,"ivs":{"hp":31,"atk":31,"def":31,"spa":31,"spd":31,"spe":31}},{"name":"Healer","species":"shaymin","item":"leftovers","ability":"Natural Cure","moves":["aromatherapy","earthpower","airslash","seedflare"],"nature":"Calm","evs":{"hp":0,"atk":0,"def":0,"spa":252,"spd":4,"spe":252},"shiny":true,"ivs":{"hp":31,"atk":31,"def":31,"spa":31,"spd":31,"spe":31}},{"name":"Ludicool","species":"ludicolo","item":"leftovers","ability":"Swift Swim","moves":["icebeam","scald","gigadrain","raindance"],"nature":"Modest","evs":{"hp":200,"atk":0,"def":0,"spa":184,"spd":4,"spe":120},"gender":"M","shiny":true,"ivs":{"hp":31,"atk":31,"def":31,"spa":31,"spd":31,"spe":31}},{"name":"Great-ily","species":"cradily","item":"leftovers","ability":"Storm Drain","moves":["ancientpower","earthpower","recover","toxic"],"nature":"Calm","evs":{"hp":232,"atk":24,"def":0,"spa":0,"spd":252,"spe":0},"gender":"M","shiny":true,"ivs":{"hp":31,"atk":31,"def":31,"spa":31,"spd":31,"spe":31}},{"name":"Plantasaurus","species":"venusaur","item":"venusaurite","ability":"Chlorophyll","moves":["gigadrain","hiddenpowerrock","sludgebomb","synthesis"],"nature":"Modest","evs":{"hp":0,"atk":0,"def":68,"spa":188,"spd":0,"spe":252},"gender":"M","ivs":{"hp":31,"atk":31,"def":30,"spa":31,"spd":30,"spe":30},"shiny":true}],"log":["|player|p1|Lord WillWolf|54","|player|p2|GTX♅Bzumzum|225","|gametype|singles","|gen|6","|tier|Monotype","|rated","|rule|Baton Pass Clause: Limit one Baton Passer, can't pass Spe and other stats simultaneously","|rule|Swagger Clause: Swagger is banned","|rule|Same Type Clause: Pokémon in a team must share a type","|clearpoke","|poke|p1|Weavile, F","|poke|p1|Bisharp, F","|poke|p1|Honchkrow, F","|poke|p1|Hydreigon, F","|poke|p1|Absol, M","|poke|p1|Drapion, M","|poke|p2|Ferrothorn, M","|poke|p2|Breloom, M, shiny","|poke|p2|Shaymin, shiny","|poke|p2|Ludicolo, M, shiny","|poke|p2|Cradily, M, shiny","|poke|p2|Venusaur, M, shiny","|rule|Sleep Clause Mod: Limit one foe put to sleep","|rule|Species Clause: Limit one of each Pokémon","|rule|OHKO Clause: OHKO moves are banned","|rule|Moody Clause: Moody is banned","|rule|Evasion Moves Clause: Evasion moves are banned","|rule|Endless Battle Clause: Forcing endless battles is banned","|rule|HP Percentage Mod: HP is shown in percentages","|teampreview","|","|start","|switch|p1a: Absol|Absol, M|271/271","|switch|p2a: Great-ily|Cradily, M, shiny|371/371","|turn|1","|","|detailschange|p1a: Absol|Absol-Mega, M","|-mega|p1a: Absol|Absol|Absolite","|move|p1a: Absol|Knock Off|p2a: Great-ily","|-damage|p2a: Great-ily|184/371","|-enditem|p2a: Great-ily|Leftovers|[from] move: Knock Off|[of] p1a: Absol","|move|p2a: Great-ily|Ancient Power|p1a: Absol","|-damage|p1a: Absol|184/271","|","|turn|2","|","|switch|p2a: Plantasaurus|Venusaur, M, shiny|301/301","|move|p1a: Absol|Swords Dance|p1a: Absol","|-boost|p1a: Absol|atk|2","|","|turn|3","|","|detailschange|p2a: Plantasaurus|Venusaur-Mega, M, shiny","|-mega|p2a: Plantasaurus|Venusaur|Venusaurite","|move|p1a: Absol|Zen Headbutt|p2a: Plantasaurus|[miss]","|-miss|p1a: Absol|p2a: Plantasaurus","|move|p2a: Plantasaurus|Sludge Bomb|p1a: Absol","|-damage|p1a: Absol|0 fnt","|faint|p1a: Absol","|","|","|switch|p1a: Honchkrow|Honchkrow, F|341/341","|turn|4","|","|switch|p2a: Thorns|Ferrothorn, M|321/321","|move|p1a: Honchkrow|Brave Bird|p2a: Thorns","|-damage|p2a: Thorns|161/321","|-damage|p1a: Honchkrow|299/341|[from] ability: Iron Barbs|[of] p2a: Thorns","|-damage|p1a: Honchkrow|246/341|[from] recoil|[of] p2a: Thorns","|","|turn|5","|","|switch|p1a: Drapion|Drapion, M|344/344","|move|p2a: Thorns|Leech Seed|p1a: Drapion","|-start|p1a: Drapion|move: Leech Seed","|","|-damage|p1a: Drapion|301/344|[from] Leech Seed|[of] p2a: Thorns","|-heal|p2a: Thorns|204/321|[silent]","|turn|6","|","|switch|p1a: Hydreigon|Hydreigon, F|325/325","|move|p2a: Thorns|Stealth Rock|p1a: Hydreigon","|-sidestart|p1: Lord WillWolf|move: Stealth Rock","|","|turn|7","|","|move|p1a: Hydreigon|Flamethrower|p2a: Thorns","|-supereffective|p2a: Thorns","|-damage|p2a: Thorns|0 fnt","|-damage|p1a: Hydreigon|293/325|[from] item: Life Orb","|faint|p2a: Thorns","|","|","|switch|p2a: Great-ily|Cradily, M, shiny|184/371","|turn|8","|","|move|p1a: Hydreigon|Iron Tail|p2a: Great-ily","|-supereffective|p2a: Great-ily","|-damage|p2a: Great-ily|0 fnt","|-damage|p1a: Hydreigon|261/325|[from] item: Life Orb","|faint|p2a: Great-ily","|","|","|switch|p2a: Ludicool|Ludicolo, M, shiny|351/351","|turn|9","|","|move|p1a: Hydreigon|Draco Meteor|p2a: Ludicool","|-damage|p2a: Ludicool|43/351","|-unboost|p1a: Hydreigon|spa|2","|-damage|p1a: Hydreigon|229/325|[from] item: Life Orb","|move|p2a: Ludicool|Ice Beam|p1a: Hydreigon","|-supereffective|p1a: Hydreigon","|-damage|p1a: Hydreigon|45/325","|","|-heal|p2a: Ludicool|64/351|[from] item: Leftovers","|turn|10","|","|switch|p2a: Healer|Shaymin, shiny|341/341","|move|p1a: Hydreigon|Dark Pulse|p2a: Healer","|-damage|p2a: Healer|255/341","|-damage|p1a: Hydreigon|13/325|[from] item: Life Orb","|","|-heal|p2a: Healer|276/341|[from] item: Leftovers","|turn|11","|","|switch|p2a: Ludicool|Ludicolo, M, shiny|64/351","|move|p1a: Hydreigon|Draco Meteor|p2a: Ludicool","|-damage|p2a: Ludicool|0 fnt","|-unboost|p1a: Hydreigon|spa|2","|-damage|p1a: Hydreigon|0 fnt|[from] item: Life Orb","|faint|p2a: Ludicool","|faint|p1a: Hydreigon","|","|","|switch|p1a: Honchkrow|Honchkrow, F|246/341","|switch|p2a: Brawloom|Breloom, M, shiny|262/262","|-damage|p1a: Honchkrow|161/341|[from] Stealth Rock","|turn|12","|","|move|p1a: Honchkrow|Brave Bird|p2a: Brawloom","|-supereffective|p2a: Brawloom","|-enditem|p2a: Brawloom|Focus Sash","|-damage|p2a: Brawloom|1/262","|-damage|p1a: Honchkrow|75/341|[from] recoil|[of] p2a: Brawloom","|move|p2a: Brawloom|Rock Tomb|p1a: Honchkrow","|-supereffective|p1a: Honchkrow","|-damage|p1a: Honchkrow|0 fnt","|faint|p1a: Honchkrow","|","|","|switch|p1a: Weavile|Weavile, F|281/281","|-damage|p1a: Weavile|211/281|[from] Stealth Rock","|-ability|p1a: Weavile|Pressure","|turn|13","|","|move|p1a: Weavile|Ice Shard|p2a: Brawloom","|-supereffective|p2a: Brawloom","|-damage|p2a: Brawloom|0 fnt","|-damage|p1a: Weavile|183/281|[from] item: Life Orb","|faint|p2a: Brawloom","|","|","|switch|p2a: Plantasaurus|Venusaur-Mega, M, shiny|301/301","|turn|14","|","|switch|p1a: Drapion|Drapion, M|301/344","|-damage|p1a: Drapion|258/344|[from] Stealth Rock","|move|p2a: Plantasaurus|Hidden Power|p1a: Drapion","|-damage|p1a: Drapion|168/344","|","|-heal|p1a: Drapion|189/344|[from] item: Black Sludge","|turn|15","|","|move|p2a: Plantasaurus|Giga Drain|p1a: Drapion","|-resisted|p1a: Drapion","|-damage|p1a: Drapion|99/344","|move|p1a: Drapion|Poison Jab|p2a: Plantasaurus","|-damage|p2a: Plantasaurus|229/301","|","|-heal|p1a: Drapion|120/344|[from] item: Black Sludge","|turn|16","|","|move|p2a: Plantasaurus|Giga Drain|p1a: Drapion","|-resisted|p1a: Drapion","|-damage|p1a: Drapion|30/344","|-heal|p2a: Plantasaurus|274/301|[from] drain|[of] p1a: Drapion","|move|p1a: Drapion|Poison Jab|p2a: Plantasaurus","|-damage|p2a: Plantasaurus|201/301","|","|-heal|p1a: Drapion|51/344|[from] item: Black Sludge","|turn|17","|","|move|p2a: Plantasaurus|Giga Drain|p1a: Drapion","|-resisted|p1a: Drapion","|-damage|p1a: Drapion|0 fnt","|-heal|p2a: Plantasaurus|227/301|[from] drain|[of] p1a: Drapion","|faint|p1a: Drapion","|","|","|switch|p1a: Bisharp|Bisharp, F|334/334","|-damage|p1a: Bisharp|314/334|[from] Stealth Rock","|turn|18","|","|switch|p2a: Healer|Shaymin, shiny|276/341","|move|p1a: Bisharp|Sucker Punch|p2a: Healer","|-fail|p1a: Bisharp","|","|-heal|p2a: Healer|297/341|[from] item: Leftovers","|turn|19","|","|move|p2a: Healer|Earth Power|p1a: Bisharp","|-supereffective|p1a: Bisharp","|-damage|p1a: Bisharp|74/334","|move|p1a: Bisharp|Knock Off|p2a: Healer","|-damage|p2a: Healer|47/341","|-enditem|p2a: Healer|Leftovers|[from] move: Knock Off|[of] p1a: Bisharp","|-damage|p1a: Bisharp|41/334|[from] item: Life Orb","|","|turn|20","|","|move|p1a: Bisharp|Sucker Punch|p2a: Healer","|-damage|p2a: Healer|0 fnt","|-damage|p1a: Bisharp|8/334|[from] item: Life Orb","|faint|p2a: Healer","|","|","|switch|p2a: Plantasaurus|Venusaur-Mega, M, shiny|227/301","|turn|21","|","|move|p1a: Bisharp|Sucker Punch|p2a: Plantasaurus","|-fail|p1a: Bisharp","|move|p2a: Plantasaurus|Synthesis|p2a: Plantasaurus","|-heal|p2a: Plantasaurus|301/301","|","|turn|22","|","|move|p1a: Bisharp|Sucker Punch|p2a: Plantasaurus","|-damage|p2a: Plantasaurus|137/301","|-damage|p1a: Bisharp|0 fnt|[from] item: Life Orb","|faint|p1a: Bisharp","|move|p2a: Plantasaurus|Giga Drain|p1: Bisharp|[notarget]","|-notarget","|","|","|switch|p1a: Weavile|Weavile, F|183/281","|-damage|p1a: Weavile|113/281|[from] Stealth Rock","|-ability|p1a: Weavile|Pressure","|turn|23","|","|move|p1a: Weavile|Icicle Crash|p2a: Plantasaurus","|-supereffective|p2a: Plantasaurus","|-damage|p2a: Plantasaurus|0 fnt","|-damage|p1a: Weavile|85/281|[from] item: Life Orb","|faint|p2a: Plantasaurus","|","|win|Lord WillWolf"],"p1rating":{"entryid":"533600","serverid":"eos","formatid":"monotype","userid":"lordwillwolf","username":"Lord WillWolf","w":6,"l":"5","t":"0","gxe":53.9,"r":"1500","rd":"130","sigma":"0","rptime":"1440666000","rpr":1530.4901127434,"rprd":85.890605033736,"rpsigma":"0","acre":1120.7742563834,"lacre":1120.7742563834,"oldacre":"1101.0882735039"},"p2rating":{"entryid":"1463","serverid":"eos","formatid":"monotype","userid":"gtxbzumzum","username":"GTX♅Bzumzum","w":"20","l":56,"t":"0","gxe":28,"r":"1325.6404049447","rd":"44.217342731616","sigma":"0","rptime":"1440666000","rpr":1321.5551612258,"rprd":42.959540309728,"rpsigma":"0","acre":1015.1372420322,"lacre":1015.1372420322,"oldacre":"1026.0937181121"},"endType":"normal"}