{"seed":[57648,55852,7541,55594],"turns":26,"p1":"Twizz","p2":"Void~Pixie","p1team":[{"name":"0.F.U","species":"magnezone","item":"leftovers","ability":"Sturdy","moves":["flashcannon","thunderbolt","protect","hiddenpowerice"],"nature":"Modest","evs":{"hp":76,"atk":0,"def":180,"spa":252,"spd":0,"spe":0},"ivs":{"hp":31,"atk":30,"def":30,"spa":31,"spd":31,"spe":31}},{"name":"Nope","species":"zapdos","item":"leftovers","ability":"Pressure","moves":["discharge","heatwave","toxic","roost"],"nature":"Bold","evs":{"hp":4,"atk":0,"def":252,"spa":56,"spd":196,"spe":0},"ivs":{"hp":31,"atk":31,"def":31,"spa":31,"spd":31,"spe":31}},{"name":"Amphabulous","species":"ampharos","item":"ampharosite","ability":"Static","moves":["cottonguard","rest","sleeptalk","dragonpulse"],"nature":"Bold","evs":{"hp":0,"atk":0,"def":252,"spa":136,"spd":120,"spe":0},"ivs":{"hp":31,"atk":31,"def":31,"spa":31,"spd":31,"spe":31}},{"name":"Raikou","species":"Raikou","item":"leftovers","ability":"Pressure","moves":["calmmind","substitute","thunderbolt","extrasensory"],"nature":"Timid","evs":{"hp":0,"atk":0,"def":0,"spa":252,"spd":4,"spe":252},"ivs":{"hp":31,"atk":30,"def":30,"spa":31,"spd":31,"spe":31}},{"name":"Fuck you","species":"rotomwash","item":"choicescarf","ability":"Levitate","moves":["voltswitch","hydropump","willowisp","trick"],"nature":"Timid","evs":{"hp":0,"atk":0,"def":0,"spa":252,"spd":4,"spe":252},"ivs":{"hp":31,"atk":31,"def":31,"spa":31,"spd":31,"spe":31}},{"name":"Thundurus","species":"Thundurus","item":"lifeorb","ability":"Prankster","moves":["thunderwave","thunderbolt","uturn","psychic"],"nature":"Serious","evs":{"hp":4,"atk":96,"def":0,"spa":156,"spd":0,"spe":252},"ivs":{"hp":31,"atk":31,"def":31,"spa":31,"spd":31,"spe":31}}],"p2team":[{"name":"Cobalion","species":"Cobalion","item":"focussash","ability":"Justified","moves":["thunderwave","taunt","ironhead","stealthrock"],"nature":"Jolly","evs":{"hp":252,"atk":4,"def":0,"spa":0,"spd":0,"spe":252},"ivs":{"hp":31,"atk":31,"def":31,"spa":31,"spd":31,"spe":31}},{"name":"Terrakion","species":"Terrakion","item":"choicescarf","ability":"Justified","moves":["closecombat","earthquake","ironhead","rockslide"],"nature":"Jolly","evs":{"hp":0,"atk":252,"def":0,"spa":0,"spd":4,"spe":252},"ivs":{"hp":31,"atk":31,"def":31,"spa":31,"spd":31,"spe":31}},{"name":"Keldeo","species":"Keldeo","item":"choicespecs","ability":"Justified","moves":["scald","icywind","secretsword","hydropump"],"nature":"Timid","evs":{"hp":0,"atk":0,"def":0,"spa":252,"spd":4,"spe":252},"ivs":{"hp":31,"atk":30,"def":30,"spa":31,"spd":31,"spe":31}},{"name":"Hawlucha","species":"Hawlucha","item":"powerherb","ability":"Unburden","moves":["skyattack","acrobatics","highjumpkick","swordsdance"],"nature":"Adamant","evs":{"hp":0,"atk":252,"def":0,"spa":0,"spd":4,"spe":252},"ivs":{"hp":31,"atk":31,"def":31,"spa":31,"spd":31,"spe":31}},{"name":"Pangoro","species":"Pangoro","item":"assaultvest","ability":"Scrappy","moves":["circlethrow","crunch","knockoff","ironhead"],"nature":"Adamant","evs":{"hp":248,"atk":252,"def":0,"spa":0,"spd":8,"spe":0},"ivs":{"hp":31,"atk":31,"def":31,"spa":31,"spd":31,"spe":31}},{"name":"Medicham","species":"Medicham","item":"medichamite","ability":"Pure Power","moves":["bulletpunch","fakeout","psychocut","highjumpkick"],"nature":"Jolly","evs":{"hp":0,"atk":252,"def":0,"spa":0,"spd":4,"spe":252},"ivs":{"hp":31,"atk":31,"def":31,"spa":31,"spd":31,"spe":31}}],"log":["|player|p1|Twizz|264","|player|p2|Void~Pixie|138","|gametype|singles","|gen|6","|tier|Monotype","|rated","|rule|Baton Pass Clause: Limit one Baton Passer, can't pass Spe and other stats simultaneously","|rule|Swagger Clause: Swagger is banned","|rule|Same Type Clause: Pokémon in a team must share a type","|clearpoke","|poke|p1|Magnezone","|poke|p1|Zapdos","|poke|p1|Ampharos, F","|poke|p1|Raikou","|poke|p1|Rotom-Wash","|poke|p1|Thundurus, M","|poke|p2|Cobalion","|poke|p2|Terrakion","|poke|p2|Keldeo","|poke|p2|Hawlucha, F","|poke|p2|Pangoro, F","|poke|p2|Medicham, M","|rule|Sleep Clause Mod: Limit one foe put to sleep","|rule|Species Clause: Limit one of each Pokémon","|rule|OHKO Clause: OHKO moves are banned","|rule|Moody Clause: Moody is banned","|rule|Evasion Moves Clause: Evasion moves are banned","|rule|Endless Battle Clause: Forcing endless battles is banned","|rule|HP Percentage Mod: HP is shown in percentages","|teampreview","|","|start","|switch|p1a: Fuck you|Rotom-Wash|241/241","|switch|p2a: Cobalion|Cobalion|386/386","|turn|1","|","|move|p1a: Fuck you|Trick|p2a: Cobalion","|-activate|p1a: Fuck you|move: Trick|[of] p2a: Cobalion","|-item|p2a: Cobalion|Choice Scarf|[from] move: Trick","|-item|p1a: Fuck you|Focus Sash|[from] move: Trick","|move|p2a: Cobalion|Taunt|p1a: Fuck you","|-start|p1a: Fuck you|move: Taunt","|","|turn|2","|","|switch|p2a: Hawlucha|Hawlucha, F|297/297","|move|p1a: Fuck you|Volt Switch|p2a: Hawlucha","|-supereffective|p2a: Hawlucha","|-damage|p2a: Hawlucha|0 fnt","|faint|p2a: Hawlucha","|","|switch|p1a: Nope|Zapdos|322/322","|-ability|p1a: Nope|Pressure","|","|","|switch|p2a: Terrakion|Terrakion|323/323","|turn|3","|","|switch|p1a: 0.F.U|Magnezone|300/300","|move|p2a: Terrakion|Rock Slide|p1a: 0.F.U","|-resisted|p1a: 0.F.U","|-damage|p1a: 0.F.U|245/300","|","|-heal|p1a: 0.F.U|263/300|[from] item: Leftovers","|turn|4","|","|switch|p2a: Cobalion|Cobalion|386/386","|move|p1a: 0.F.U|Thunderbolt|p2a: Cobalion","|-damage|p2a: Cobalion|142/386","|","|-heal|p1a: 0.F.U|281/300|[from] item: Leftovers","|turn|5","|","|switch|p1a: Fuck you|Rotom-Wash|241/241","|move|p2a: Cobalion|Stealth Rock|p1a: Fuck you","|-sidestart|p1: Twizz|move: Stealth Rock","|","|turn|6","|","|move|p2a: Cobalion|Stealth Rock|p1a: Fuck you","|-fail|p1a: Fuck you","|move|p1a: Fuck you|Will-O-Wisp|p2a: Cobalion","|-status|p2a: Cobalion|brn","|","|-damage|p2a: Cobalion|94/386 brn|[from] brn","|turn|7","|","|switch|p2a: Keldeo|Keldeo|323/323","|move|p1a: Fuck you|Trick|p2a: Keldeo","|-activate|p1a: Fuck you|move: Trick|[of] p2a: Keldeo","|-item|p2a: Keldeo|Focus Sash|[from] move: Trick","|-item|p1a: Fuck you|Choice Specs|[from] move: Trick","|","|turn|8","|","|move|p2a: Keldeo|Secret Sword|p1a: Fuck you","|-damage|p1a: Fuck you|96/241","|move|p1a: Fuck you|Volt Switch|p2a: Keldeo","|-supereffective|p2a: Keldeo","|-enditem|p2a: Keldeo|Focus Sash","|-damage|p2a: Keldeo|1/323","|","|switch|p1a: Raikou|Raikou|321/321","|-damage|p1a: Raikou|281/321|[from] Stealth Rock","|-ability|p1a: Raikou|Pressure","|","|-heal|p1a: Raikou|301/321|[from] item: Leftovers","|turn|9","|","|move|p1a: Raikou|Thunderbolt|p2a: Keldeo","|-supereffective|p2a: Keldeo","|-damage|p2a: Keldeo|0 fnt","|faint|p2a: Keldeo","|","|-heal|p1a: Raikou|321/321|[from] item: Leftovers","|","|switch|p2a: Cobalion|Cobalion|94/386 brn","|turn|10","|","|move|p2a: Cobalion|Iron Head|p1a: Raikou","|-resisted|p1a: Raikou","|-damage|p1a: Raikou|293/321","|move|p1a: Raikou|Calm Mind|p1a: Raikou","|-boost|p1a: Raikou|spa|1","|-boost|p1a: Raikou|spd|1","|","|-heal|p1a: Raikou|313/321|[from] item: Leftovers","|-damage|p2a: Cobalion|46/386 brn|[from] brn","|turn|11","|","|move|p2a: Cobalion|Iron Head|p1a: Raikou","|-resisted|p1a: Raikou","|-damage|p1a: Raikou|285/321","|cant|p1a: Raikou|flinch","|","|-heal|p1a: Raikou|305/321|[from] item: Leftovers","|-damage|p2a: Cobalion|0 fnt|[from] brn","|faint|p2a: Cobalion","|","|switch|p2a: Terrakion|Terrakion|323/323","|turn|12","|","|switch|p1a: 0.F.U|Magnezone|281/300","|-damage|p1a: 0.F.U|263/300|[from] Stealth Rock","|move|p2a: Terrakion|Close Combat|p1a: 0.F.U","|-supereffective|p1a: 0.F.U","|-damage|p1a: 0.F.U|0 fnt","|-unboost|p2a: Terrakion|def|1","|-unboost|p2a: Terrakion|spd|1","|faint|p1a: 0.F.U","|","|","|switch|p1a: Thundurus|Thundurus, M|300/300","|-damage|p1a: Thundurus|225/300|[from] Stealth Rock","|turn|13","|","|switch|p2a: Pangoro|Pangoro, F|393/393","|move|p1a: Thundurus|Thunder Wave|p2a: Pangoro","|-status|p2a: Pangoro|par","|","|turn|14","|","|move|p1a: Thundurus|Thunderbolt|p2a: Pangoro","|-crit|p2a: Pangoro","|-damage|p2a: Pangoro|123/393 par","|-damage|p1a: Thundurus|195/300|[from] item: Life Orb","|move|p2a: Pangoro|Knock Off|p1a: Thundurus","|-damage|p1a: Thundurus|0 fnt","|-enditem|p1a: Thundurus|Life Orb|[from] move: Knock Off|[of] p2a: Pangoro","|faint|p1a: Thundurus","|","|","|switch|p1a: Fuck you|Rotom-Wash|96/241","|-damage|p1a: Fuck you|66/241|[from] Stealth Rock","|turn|15","|","|move|p1a: Fuck you|Volt Switch|p2a: Pangoro","|-damage|p2a: Pangoro|0 fnt","|faint|p2a: Pangoro","|","|switch|p1a: Amphabulous|Ampharos, F|321/321","|-damage|p1a: Amphabulous|281/321|[from] Stealth Rock","|","|","|switch|p2a: Medicham|Medicham, M|261/261","|turn|16","|","|detailschange|p2a: Medicham|Medicham-Mega, M","|-mega|p2a: Medicham|Medicham|Medichamite","|detailschange|p1a: Amphabulous|Ampharos-Mega, F","|-mega|p1a: Amphabulous|Ampharos|Ampharosite","|-ability|p1a: Amphabulous|Mold Breaker","|move|p2a: Medicham|Fake Out|p1a: Amphabulous","|-damage|p1a: Amphabulous|226/321","|cant|p1a: Amphabulous|flinch","|","|turn|17","|","|move|p2a: Medicham|High Jump Kick|p1a: Amphabulous","|-damage|p1a: Amphabulous|0 fnt","|faint|p1a: Amphabulous","|","|","|switch|p1a: Raikou|Raikou|305/321","|-damage|p1a: Raikou|265/321|[from] Stealth Rock","|-ability|p1a: Raikou|Pressure","|turn|18","|","|move|p1a: Raikou|Thunderbolt|p2a: Medicham","|-damage|p2a: Medicham|102/261","|move|p2a: Medicham|High Jump Kick|p1a: Raikou","|-crit|p1a: Raikou","|-damage|p1a: Raikou|0 fnt","|faint|p1a: Raikou","|","|","|switch|p1a: Nope|Zapdos|322/322","|-damage|p1a: Nope|242/322|[from] Stealth Rock","|-ability|p1a: Nope|Pressure","|turn|19","|","|move|p2a: Medicham|Psycho Cut|p1a: Nope","|-damage|p1a: Nope|89/322","|move|p1a: Nope|Roost|p1a: Nope","|-heal|p1a: Nope|250/322","|","|-heal|p1a: Nope|270/322|[from] item: Leftovers","|turn|20","|","|switch|p2a: Terrakion|Terrakion|323/323","|move|p1a: Nope|Discharge|p2a: Terrakion","|-damage|p2a: Terrakion|193/323","|","|-heal|p1a: Nope|290/322|[from] item: Leftovers","|turn|21","|","|move|p2a: Terrakion|Rock Slide|p1a: Nope","|-supereffective|p1a: Nope","|-damage|p1a: Nope|90/322","|move|p1a: Nope|Discharge|p2a: Terrakion","|-damage|p2a: Terrakion|61/323","|","|-heal|p1a: Nope|110/322|[from] item: Leftovers","|turn|22","|","|move|p2a: Terrakion|Rock Slide|p1a: Nope","|-miss|p2a: Terrakion|p1a: Nope","|move|p1a: Nope|Roost|p1a: Nope","|-heal|p1a: Nope|271/322","|","|-heal|p1a: Nope|291/322|[from] item: Leftovers","|turn|23","|","|move|p2a: Terrakion|Rock Slide|p1a: Nope","|-supereffective|p1a: Nope","|-damage|p1a: Nope|63/322","|move|p1a: Nope|Discharge|p2a: Terrakion","|-damage|p2a: Terrakion|0 fnt","|faint|p2a: Terrakion","|","|-heal|p1a: Nope|83/322|[from] item: Leftovers","|","|switch|p2a: Medicham|Medicham-Mega, M|102/261","|turn|24","|","|move|p2a: Medicham|Fake Out|p1a: Nope","|-damage|p1a: Nope|22/322","|cant|p1a: Nope|flinch","|","|-heal|p1a: Nope|42/322|[from] item: Leftovers","|turn|25","|","|move|p2a: Medicham|Psycho Cut|p1a: Nope","|-damage|p1a: Nope|0 fnt","|faint|p1a: Nope","|","|","|switch|p1a: Fuck you|Rotom-Wash|66/241","|-damage|p1a: Fuck you|36/241|[from] Stealth Rock","|turn|26","|","|move|p2a: Medicham|Psycho Cut|p1a: Fuck you","|-damage|p1a: Fuck you|0 fnt","|faint|p1a: Fuck you","|","|win|Void~Pixie"],"p1rating":{"entryid":"66045","serverid":"eos","formatid":"monotype","userid":"twizz","username":"Twizz","w":"19","l":16,"t":"0","gxe":50.9,"r":"1507.2067733292","rd":"60.672080174269","sigma":"0","rptime":"1440666000","rpr":1507.1151058576,"rprd":57.608156957613,"rpsigma":"0","acre":1073.1440488614,"lacre":1073.1440488614,"oldacre":"1090.2066885147"},"p2rating":{"entryid":"271156","serverid":"eos","formatid":"monotype","userid":"voidpixie","username":"Void~Pixie","w":28,"l":"17","t":"0","gxe":58.9,"r":"1570.0567762912","rd":"51.881902503038","sigma":"0","rptime":"1440666000","rpr":1568.5758215358,"rprd":50.860206390565,"rpsigma":"0","acre":1206.3608652295,"lacre":1206.3608652295,"oldacre":"1188.2330367512"},"endType":"normal"}