{"seed":[63138,37007,46067,48225],"turns":27,"p1":"Void Neo","p2":"Primal Mamoswine","p1team":[{"name":"Miller","species":"skarmory","item":"rockyhelmet","ability":"Sturdy","moves":["bravebird","stealthrock","whirlwind","roost"],"nature":"Impish","evs":{"hp":248,"atk":0,"def":252,"spa":0,"spd":0,"spe":8},"ivs":{"hp":31,"atk":31,"def":31,"spa":31,"spd":31,"spe":31}},{"name":"Andrea","species":"togekiss","item":"leftovers","ability":"Serene Grace","moves":["airslash","dazzlinggleam","toxic","roost"],"nature":"Calm","evs":{"hp":252,"atk":0,"def":0,"spa":4,"spd":252,"spe":0},"ivs":{"hp":31,"atk":31,"def":31,"spa":31,"spd":31,"spe":31}},{"name":"Cyron","species":"zapdos","item":"leftovers","ability":"Pressure","moves":["discharge","heatwave","defog","roost"],"nature":"Calm","evs":{"hp":252,"atk":0,"def":0,"spa":4,"spd":252,"spe":0},"ivs":{"hp":31,"atk":31,"def":31,"spa":31,"spd":31,"spe":31}},{"name":"Ohnta","species":"gyarados","item":"leftovers","ability":"Moxie","moves":["dragondance","substitute","icefang","earthquake"],"nature":"Jolly","evs":{"hp":0,"atk":252,"def":0,"spa":0,"spd":4,"spe":252},"ivs":{"hp":31,"atk":31,"def":31,"spa":31,"spd":31,"spe":31}},{"name":"Rafique","species":"landorustherian","item":"choicescarf","ability":"Intimidate","moves":["uturn","earthquake","stoneedge","knockoff"],"nature":"Jolly","evs":{"hp":0,"atk":252,"def":0,"spa":0,"spd":4,"spe":252},"ivs":{"hp":31,"atk":31,"def":31,"spa":31,"spd":31,"spe":31}},{"name":"Shari","species":"dragonite","item":"choiceband","ability":"Multiscale","moves":["outrage","firepunch","brickbreak","extremespeed"],"nature":"Adamant","evs":{"hp":4,"atk":252,"def":0,"spa":0,"spd":0,"spe":252},"ivs":{"hp":31,"atk":31,"def":31,"spa":31,"spd":31,"spe":31}}],"p2team":[{"name":"Heatran","species":"Heatran","item":"airballoon","ability":"Flash Fire","moves":["substitute","ancientpower","earthpower","lavaplume"],"nature":"Modest","evs":{"hp":248,"atk":0,"def":0,"spa":252,"spd":8,"spe":0},"ivs":{"hp":31,"atk":31,"def":31,"spa":31,"spd":31,"spe":31}},{"name":"Empoleon","species":"Empoleon","item":"chopleberry","ability":"Torrent","moves":["aquajet","waterfall","drillpeck","defog"],"nature":"Adamant","evs":{"hp":248,"atk":252,"def":0,"spa":0,"spd":8,"spe":0},"shiny":true,"ivs":{"hp":31,"atk":31,"def":31,"spa":31,"spd":31,"spe":31}},{"name":"Doublade","species":"Doublade","item":"lifeorb","ability":"No Guard","moves":["swordsdance","shadowsneak","ironhead","sacredsword"],"nature":"Adamant","evs":{"hp":248,"atk":252,"def":0,"spa":0,"spd":8,"spe":0},"ivs":{"hp":31,"atk":31,"def":31,"spa":31,"spd":31,"spe":31}},{"name":"Skarmory","species":"Skarmory","item":"leftovers","ability":"Sturdy","moves":["stealthrock","roost","whirlwind","bravebird"],"nature":"Careful","evs":{"hp":252,"atk":0,"def":0,"spa":0,"spd":232,"spe":24},"ivs":{"hp":31,"atk":31,"def":31,"spa":31,"spd":31,"spe":31}},{"name":"Excadrill","species":"Excadrill","item":"choicescarf","ability":"Mold Breaker","moves":["earthquake","rockslide","ironhead","aerialace"],"nature":"Jolly","evs":{"hp":0,"atk":252,"def":0,"spa":0,"spd":4,"spe":252},"ivs":{"hp":31,"atk":31,"def":31,"spa":31,"spd":31,"spe":31}},{"name":"Scizor","species":"Scizor","item":"scizorite","ability":"Technician","moves":["swordsdance","bulletpunch","bugbite","roost"],"nature":"Adamant","evs":{"hp":248,"atk":252,"def":0,"spa":0,"spd":8,"spe":0},"ivs":{"hp":31,"atk":31,"def":31,"spa":31,"spd":31,"spe":31}}],"log":["|player|p1|Void Neo|169","|player|p2|Primal Mamoswine|1","|gametype|singles","|gen|6","|tier|Monotype","|rated","|rule|Baton Pass Clause: Limit one Baton Passer, can't pass Spe and other stats simultaneously","|rule|Swagger Clause: Swagger is banned","|rule|Same Type Clause: Pokémon in a team must share a type","|clearpoke","|poke|p1|Skarmory, M","|poke|p1|Togekiss, M","|poke|p1|Zapdos","|poke|p1|Gyarados, M","|poke|p1|Landorus-Therian, M","|poke|p1|Dragonite, F","|poke|p2|Heatran, M","|poke|p2|Empoleon, M, shiny","|poke|p2|Doublade, M","|poke|p2|Skarmory, M","|poke|p2|Excadrill, M","|poke|p2|Scizor, F","|rule|Sleep Clause Mod: Limit one foe put to sleep","|rule|Species Clause: Limit one of each Pokémon","|rule|OHKO Clause: OHKO moves are banned","|rule|Moody Clause: Moody is banned","|rule|Evasion Moves Clause: Evasion moves are banned","|rule|Endless Battle Clause: Forcing endless battles is banned","|rule|HP Percentage Mod: HP is shown in percentages","|teampreview","|","|start","|switch|p1a: Cyron|Zapdos|384/384","|switch|p2a: Skarmory|Skarmory, M|334/334","|-ability|p1a: Cyron|Pressure","|turn|1","|","|switch|p2a: Excadrill|Excadrill, M|361/361","|-ability|p2a: Excadrill|Mold Breaker","|move|p1a: Cyron|Discharge|p2a: Excadrill","|-immune|p2a: Excadrill|[msg]","|","|turn|2","|","|switch|p2a: Empoleon|Empoleon, M, shiny|371/371","|switch|p1a: Rafique|Landorus-Therian, M|319/319","|-ability|p1a: Rafique|Intimidate","|-unboost|p2a: Empoleon|atk|1","|","|turn|3","|","|move|p1a: Rafique|U-turn|p2a: Empoleon","|-resisted|p2a: Empoleon","|-damage|p2a: Empoleon|318/371","|","|switch|p1a: Cyron|Zapdos|384/384","|-ability|p1a: Cyron|Pressure","|move|p2a: Empoleon|Waterfall|p1a: Cyron","|-damage|p1a: Cyron|294/384","|","|-heal|p1a: Cyron|318/384|[from] item: Leftovers","|turn|4","|","|switch|p2a: Excadrill|Excadrill, M|361/361","|-ability|p2a: Excadrill|Mold Breaker","|move|p1a: Cyron|Heat Wave|p2a: Excadrill","|-supereffective|p2a: Excadrill","|-damage|p2a: Excadrill|87/361","|","|-heal|p1a: Cyron|342/384|[from] item: Leftovers","|turn|5","|","|switch|p2a: Heatran|Heatran, M|385/385","|-item|p2a: Heatran|Air Balloon","|switch|p1a: Rafique|Landorus-Therian, M|319/319","|-ability|p1a: Rafique|Intimidate","|-unboost|p2a: Heatran|atk|1","|","|turn|6","|","|move|p1a: Rafique|U-turn|p2a: Heatran","|-resisted|p2a: Heatran","|-damage|p2a: Heatran|362/385","|-enditem|p2a: Heatran|Air Balloon","|","|switch|p1a: Cyron|Zapdos|342/384","|-ability|p1a: Cyron|Pressure","|move|p2a: Heatran|Substitute|p2a: Heatran","|-start|p2a: Heatran|Substitute","|-damage|p2a: Heatran|266/385","|","|-heal|p1a: Cyron|366/384|[from] item: Leftovers","|turn|7","|","|move|p1a: Cyron|Discharge|p2a: Heatran","|-end|p2a: Heatran|Substitute","|move|p2a: Heatran|Ancient Power|p1a: Cyron","|-supereffective|p1a: Cyron","|-damage|p1a: Cyron|236/384","|","|-heal|p1a: Cyron|260/384|[from] item: Leftovers","|turn|8","|","|move|p1a: Cyron|Discharge|p2a: Heatran","|-damage|p2a: Heatran|166/385","|move|p2a: Heatran|Ancient Power|p1a: Cyron","|-supereffective|p1a: Cyron","|-damage|p1a: Cyron|140/384","|","|-heal|p1a: Cyron|164/384|[from] item: Leftovers","|turn|9","|","|switch|p2a: Excadrill|Excadrill, M|87/361","|-ability|p2a: Excadrill|Mold Breaker","|move|p1a: Cyron|Roost|p1a: Cyron","|-heal|p1a: Cyron|356/384","|","|-heal|p1a: Cyron|380/384|[from] item: Leftovers","|turn|10","|","|switch|p1a: Miller|Skarmory, M|333/333","|move|p2a: Excadrill|Rock Slide|p1a: Miller","|-damage|p1a: Miller|282/333","|","|turn|11","|","|switch|p2a: Doublade|Doublade, M|321/321","|switch|p1a: Rafique|Landorus-Therian, M|319/319","|-ability|p1a: Rafique|Intimidate","|-unboost|p2a: Doublade|atk|1","|","|turn|12","|","|move|p1a: Rafique|Knock Off|p2a: Doublade","|-supereffective|p2a: Doublade","|-damage|p2a: Doublade|135/321","|-enditem|p2a: Doublade|Life Orb|[from] move: Knock Off|[of] p1a: Rafique","|move|p2a: Doublade|Swords Dance|p2a: Doublade","|-boost|p2a: Doublade|atk|2","|","|turn|13","|","|move|p2a: Doublade|Shadow Sneak|p1a: Rafique","|-damage|p1a: Rafique|202/319","|move|p1a: Rafique|Knock Off|p2a: Doublade","|-supereffective|p2a: Doublade","|-damage|p2a: Doublade|15/321","|","|turn|14","|","|switch|p1a: Miller|Skarmory, M|282/333","|move|p2a: Doublade|Shadow Sneak|p1a: Miller","|-damage|p1a: Miller|222/333","|-damage|p2a: Doublade|0 fnt|[from] item: Rocky Helmet|[of] p1a: Miller","|faint|p2a: Doublade","|","|","|switch|p2a: Heatran|Heatran, M|166/385","|turn|15","|","|switch|p1a: Cyron|Zapdos|380/384","|-ability|p1a: Cyron|Pressure","|move|p2a: Heatran|Lava Plume|p1a: Cyron","|-damage|p1a: Cyron|251/384","|","|-heal|p1a: Cyron|275/384|[from] item: Leftovers","|turn|16","|","|move|p1a: Cyron|Discharge|p2a: Heatran","|-damage|p2a: Heatran|58/385","|move|p2a: Heatran|Lava Plume|p1a: Cyron","|-damage|p1a: Cyron|160/384","|","|-heal|p1a: Cyron|184/384|[from] item: Leftovers","|turn|17","|","|move|p1a: Cyron|Roost|p1a: Cyron","|-heal|p1a: Cyron|376/384","|move|p2a: Heatran|Ancient Power|p1a: Cyron","|-damage|p1a: Cyron|317/384","|","|-heal|p1a: Cyron|341/384|[from] item: Leftovers","|turn|18","|","|switch|p2a: Excadrill|Excadrill, M|87/361","|-ability|p2a: Excadrill|Mold Breaker","|move|p1a: Cyron|Discharge|p2a: Excadrill","|-immune|p2a: Excadrill|[msg]","|","|-heal|p1a: Cyron|365/384|[from] item: Leftovers","|turn|19","|","|move|p2a: Excadrill|Iron Head|p1a: Cyron","|-resisted|p1a: Cyron","|-damage|p1a: Cyron|281/384","|move|p1a: Cyron|Heat Wave|p2a: Excadrill","|-supereffective|p2a: Excadrill","|-damage|p2a: Excadrill|0 fnt","|faint|p2a: Excadrill","|","|-heal|p1a: Cyron|305/384|[from] item: Leftovers","|","|switch|p2a: Scizor|Scizor, F|343/343","|turn|20","|","|move|p1a: Cyron|Heat Wave|p2a: Scizor","|-supereffective|p2a: Scizor","|-damage|p2a: Scizor|0 fnt","|faint|p2a: Scizor","|","|-heal|p1a: Cyron|329/384|[from] item: Leftovers","|","|switch|p2a: Empoleon|Empoleon, M, shiny|318/371","|turn|21","|","|move|p1a: Cyron|Discharge|p2a: Empoleon","|-supereffective|p2a: Empoleon","|-damage|p2a: Empoleon|108/371","|-status|p2a: Empoleon|par","|move|p2a: Empoleon|Waterfall|p1a: Cyron","|-damage|p1a: Cyron|140/384","|","|-heal|p1a: Cyron|164/384|[from] item: Leftovers","|turn|22","|","|move|p2a: Empoleon|Aqua Jet|p1a: Cyron","|-crit|p1a: Cyron","|-damage|p1a: Cyron|2/384","|move|p1a: Cyron|Roost|p1a: Cyron","|-heal|p1a: Cyron|194/384","|","|-heal|p1a: Cyron|218/384|[from] item: Leftovers","|turn|23","|","|move|p2a: Empoleon|Aqua Jet|p1a: Cyron","|-damage|p1a: Cyron|121/384","|move|p1a: Cyron|Roost|p1a: Cyron","|-heal|p1a: Cyron|313/384","|","|-heal|p1a: Cyron|337/384|[from] item: Leftovers","|turn|24","|","|move|p1a: Cyron|Discharge|p2a: Empoleon","|-supereffective|p2a: Empoleon","|-damage|p2a: Empoleon|0 fnt","|faint|p2a: Empoleon","|","|-heal|p1a: Cyron|361/384|[from] item: Leftovers","|","|switch|p2a: Skarmory|Skarmory, M|334/334","|turn|25","|","|move|p1a: Cyron|Discharge|p2a: Skarmory","|-supereffective|p2a: Skarmory","|-damage|p2a: Skarmory|134/334","|move|p2a: Skarmory|Stealth Rock|p1a: Cyron","|-sidestart|p1: Void Neo|move: Stealth Rock","|","|-heal|p1a: Cyron|384/384|[from] item: Leftovers","|-heal|p2a: Skarmory|154/334|[from] item: Leftovers","|turn|26","|","|move|p1a: Cyron|Discharge|p2a: Skarmory","|-supereffective|p2a: Skarmory","|-damage|p2a: Skarmory|0 fnt","|faint|p2a: Skarmory","|","|","|switch|p2a: Heatran|Heatran, M|58/385","|turn|27","|","|move|p1a: Cyron|Discharge|p2a: Heatran","|-damage|p2a: Heatran|0 fnt","|faint|p2a: Heatran","|","|win|Void Neo"],"p1rating":{"entryid":"413977","serverid":"eos","formatid":"monotype","userid":"voidneo","username":"Void Neo","w":14,"l":"2","t":"0","gxe":75.1,"r":"1637.5338330124","rd":"87.998646725071","sigma":"0","rptime":"1440666000","rpr":1712.6249118335,"rprd":76.741877656172,"rpsigma":"0","acre":1289.1462617508,"lacre":1289.1462617508,"oldacre":"1278.9450166929"},"p2rating":{"entryid":"535354","serverid":"eos","formatid":"monotype","userid":"primalmamoswine","username":"Primal Mamoswine","w":"2","l":3,"t":"0","gxe":44.2,"r":"1500","rd":"130","sigma":"0","rptime":"1440666000","rpr":1454.5568653979,"rprd":102.34474803274,"rpsigma":"0","acre":1035.779219456,"lacre":1035.779219456,"oldacre":"1042.4584945237"},"endType":"normal"}