{"seed":[54274,5163,52328,20743],"turns":25,"p1":"GTX♅Bugy","p2":"UberGamer","p1team":[{"name":"Azumarill","species":"Azumarill","item":"assaultvest","ability":"Huge Power","moves":["playrough","waterfall","aquajet","knockoff"],"nature":"Adamant","evs":{"hp":240,"atk":252,"def":0,"spa":0,"spd":16,"spe":0},"ivs":{"hp":31,"atk":31,"def":31,"spa":31,"spd":31,"spe":31}},{"name":"Slowbro","species":"Slowbro","item":"leftovers","ability":"Regenerator","moves":["calmmind","scald","psyshock","slackoff"],"nature":"Bold","evs":{"hp":252,"atk":0,"def":80,"spa":0,"spd":176,"spe":0},"ivs":{"hp":31,"atk":31,"def":31,"spa":31,"spd":31,"spe":31}},{"name":"Swampert","species":"Swampert","item":"swampertite","ability":"Torrent","moves":["icepunch","waterfall","earthquake","superpower"],"nature":"Adamant","evs":{"hp":248,"atk":252,"def":0,"spa":0,"spd":8,"spe":0},"ivs":{"hp":31,"atk":31,"def":31,"spa":31,"spd":31,"spe":31}},{"name":"Rotom-Wash","species":"Rotom-Wash","item":"leftovers","ability":"Levitate","moves":["voltswitch","hydropump","willowisp","painsplit"],"nature":"Bold","evs":{"hp":248,"atk":0,"def":252,"spa":0,"spd":0,"spe":8},"ivs":{"hp":31,"atk":31,"def":31,"spa":31,"spd":31,"spe":31}},{"name":"Politoed","species":"Politoed","item":"leftovers","ability":"Drizzle","moves":["hydropump","encore","icebeam","toxic"],"nature":"Bold","evs":{"hp":252,"atk":0,"def":252,"spa":0,"spd":4,"spe":0},"ivs":{"hp":31,"atk":31,"def":31,"spa":31,"spd":31,"spe":31}},{"name":"Kingdra","species":"Kingdra","item":"scopelens","ability":"Swift Swim","moves":["icebeam","focusenergy","hydropump","dragonpulse"],"nature":"Modest","evs":{"hp":0,"atk":0,"def":0,"spa":252,"spd":4,"spe":252},"ivs":{"hp":31,"atk":31,"def":31,"spa":31,"spd":31,"spe":31}}],"p2team":[{"name":"Bisharp","species":"Bisharp","item":"lifeorb","ability":"Defiant","moves":["ironhead","knockoff","suckerpunch","swordsdance"],"nature":"Jolly","evs":{"hp":0,"atk":252,"def":0,"spa":0,"spd":4,"spe":252},"ivs":{"hp":31,"atk":31,"def":31,"spa":31,"spd":31,"spe":31}},{"name":"Jirachi","species":"Jirachi","item":"leftovers","ability":"Serene Grace","moves":["thunderwave","ironhead","zenheadbutt","icepunch"],"nature":"Adamant","evs":{"hp":224,"atk":252,"def":0,"spa":0,"spd":0,"spe":32},"ivs":{"hp":31,"atk":31,"def":31,"spa":31,"spd":31,"spe":31}},{"name":"Magnezone","species":"Magnezone","item":"choicescarf","ability":"Sturdy","moves":["flashcannon","voltswitch","signalbeam","hiddenpowerice"],"nature":"Timid","evs":{"hp":0,"atk":0,"def":0,"spa":252,"spd":4,"spe":252},"ivs":{"hp":31,"atk":30,"def":30,"spa":31,"spd":31,"spe":31}},{"name":"Excadrill","species":"Excadrill","item":"choicescarf","ability":"Mold Breaker","moves":["earthquake","ironhead","rockslide","xscissor"],"nature":"Jolly","evs":{"hp":0,"atk":252,"def":0,"spa":0,"spd":4,"spe":252},"ivs":{"hp":31,"atk":31,"def":31,"spa":31,"spd":31,"spe":31}},{"name":"Heatran","species":"Heatran","item":"choicescarf","ability":"Flash Fire","moves":["dragonpulse","earthpower","eruption","flashcannon"],"nature":"Quiet","evs":{"hp":0,"atk":0,"def":0,"spa":252,"spd":4,"spe":252},"ivs":{"hp":31,"atk":31,"def":31,"spa":31,"spd":31,"spe":31}},{"name":"Skarmory","species":"Skarmory","item":"leftovers","ability":"Sturdy","moves":["roost","stealthrock","defog","whirlwind"],"nature":"Bold","evs":{"hp":252,"atk":0,"def":232,"spa":0,"spd":0,"spe":24},"ivs":{"hp":31,"atk":31,"def":31,"spa":31,"spd":31,"spe":31}}],"log":["|player|p1|GTX♅Bugy|66","|player|p2|UberGamer|222","|gametype|singles","|gen|6","|tier|Monotype","|rated","|rule|Baton Pass Clause: Limit one Baton Passer, can't pass Spe and other stats simultaneously","|rule|Swagger Clause: Swagger is banned","|rule|Same Type Clause: Pokémon in a team must share a type","|clearpoke","|poke|p1|Azumarill, F","|poke|p1|Slowbro, F","|poke|p1|Swampert, F","|poke|p1|Rotom-Wash","|poke|p1|Politoed, M","|poke|p1|Kingdra, F","|poke|p2|Bisharp, F","|poke|p2|Jirachi","|poke|p2|Magnezone","|poke|p2|Excadrill, M","|poke|p2|Heatran, M","|poke|p2|Skarmory, F","|rule|Sleep Clause Mod: Limit one foe put to sleep","|rule|Species Clause: Limit one of each Pokémon","|rule|OHKO Clause: OHKO moves are banned","|rule|Moody Clause: Moody is banned","|rule|Evasion Moves Clause: Evasion moves are banned","|rule|Endless Battle Clause: Forcing endless battles is banned","|rule|HP Percentage Mod: HP is shown in percentages","|teampreview","|","|start","|switch|p1a: Politoed|Politoed, M|384/384","|switch|p2a: Magnezone|Magnezone|281/281","|-weather|RainDance","|turn|1","|","|move|p2a: Magnezone|Volt Switch|p1a: Politoed","|-supereffective|p1a: Politoed","|-damage|p1a: Politoed|120/384","|","|switch|p2a: Jirachi|Jirachi|397/397","|move|p1a: Politoed|Hydro Pump|p2a: Jirachi","|-damage|p2a: Jirachi|214/397","|","|-weather|RainDance|[upkeep]","|-heal|p2a: Jirachi|238/397|[from] item: Leftovers","|-heal|p1a: Politoed|144/384|[from] item: Leftovers","|turn|2","|","|switch|p1a: Swampert|Swampert, F|403/403","|move|p2a: Jirachi|Thunder Wave|p1a: Swampert","|-immune|p1a: Swampert|[msg]","|","|-weather|RainDance|[upkeep]","|-heal|p2a: Jirachi|262/397|[from] item: Leftovers","|turn|3","|","|switch|p2a: Skarmory|Skarmory, F|334/334","|detailschange|p1a: Swampert|Swampert-Mega, F","|-mega|p1a: Swampert|Swampert|Swampertite","|move|p1a: Swampert|Waterfall|p2a: Skarmory","|-damage|p2a: Skarmory|171/334","|","|-weather|RainDance|[upkeep]","|-heal|p2a: Skarmory|191/334|[from] item: Leftovers","|turn|4","|","|move|p1a: Swampert|Waterfall|p2a: Skarmory","|-damage|p2a: Skarmory|35/334","|move|p2a: Skarmory|Roost|p2a: Skarmory","|-heal|p2a: Skarmory|202/334","|","|-weather|RainDance|[upkeep]","|-heal|p2a: Skarmory|222/334|[from] item: Leftovers","|turn|5","|","|move|p1a: Swampert|Ice Punch|p2a: Skarmory","|-damage|p2a: Skarmory|158/334","|move|p2a: Skarmory|Roost|p2a: Skarmory","|-heal|p2a: Skarmory|325/334","|","|-weather|none","|-heal|p2a: Skarmory|334/334|[from] item: Leftovers","|turn|6","|","|move|p2a: Skarmory|Stealth Rock|p1a: Swampert","|-sidestart|p1: GTX♅Bugy|move: Stealth Rock","|move|p1a: Swampert|Waterfall|p2a: Skarmory","|-damage|p2a: Skarmory|235/334","|","|-heal|p2a: Skarmory|255/334|[from] item: Leftovers","|turn|7","|","|move|p1a: Swampert|Earthquake|p2a: Skarmory","|-immune|p2a: Skarmory|[msg]","|move|p2a: Skarmory|Whirlwind|p1a: Swampert","|drag|p1a: Kingdra|Kingdra, F|291/291","|-damage|p1a: Kingdra|255/291|[from] Stealth Rock","|","|-heal|p2a: Skarmory|275/334|[from] item: Leftovers","|turn|8","|","|move|p1a: Kingdra|Focus Energy|p1a: Kingdra","|-start|p1a: Kingdra|move: Focus Energy","|move|p2a: Skarmory|Whirlwind|p1a: Kingdra","|drag|p1a: Swampert|Swampert-Mega, F|403/403","|-damage|p1a: Swampert|378/403|[from] Stealth Rock","|","|-heal|p2a: Skarmory|295/334|[from] item: Leftovers","|turn|9","|","|switch|p1a: Politoed|Politoed, M|144/384","|-damage|p1a: Politoed|96/384|[from] Stealth Rock","|-weather|RainDance","|move|p2a: Skarmory|Roost|p2a: Skarmory","|-heal|p2a: Skarmory|334/334","|","|-weather|RainDance|[upkeep]","|-heal|p1a: Politoed|120/384|[from] item: Leftovers","|turn|10","|","|move|p1a: Politoed|Encore|p2a: Skarmory","|-start|p2a: Skarmory|Encore","|move|p2a: Skarmory|Roost|p2a: Skarmory","|-fail|p2a: Skarmory","|","|-weather|RainDance|[upkeep]","|-heal|p1a: Politoed|144/384|[from] item: Leftovers","|turn|11","|","|switch|p2a: Magnezone|Magnezone|281/281","|move|p1a: Politoed|Hydro Pump|p2a: Magnezone","|-damage|p2a: Magnezone|91/281","|","|-weather|RainDance|[upkeep]","|-heal|p1a: Politoed|168/384|[from] item: Leftovers","|turn|12","|","|switch|p2a: Skarmory|Skarmory, F|334/334","|switch|p1a: Swampert|Swampert-Mega, F|378/403","|-damage|p1a: Swampert|353/403|[from] Stealth Rock","|","|-weather|RainDance|[upkeep]","|turn|13","|","|move|p1a: Swampert|Waterfall|p2a: Skarmory","|-crit|p2a: Skarmory","|-damage|p2a: Skarmory|127/334","|cant|p2a: Skarmory|flinch","|","|-weather|none","|-heal|p2a: Skarmory|147/334|[from] item: Leftovers","|turn|14","|","|switch|p1a: Azumarill|Azumarill, F|401/401","|-damage|p1a: Azumarill|351/401|[from] Stealth Rock","|move|p2a: Skarmory|Whirlwind|p1a: Azumarill","|drag|p1a: Swampert|Swampert-Mega, F|353/403","|-damage|p1a: Swampert|328/403|[from] Stealth Rock","|","|-heal|p2a: Skarmory|167/334|[from] item: Leftovers","|turn|15","|","|move|p2a: Skarmory|Roost|p2a: Skarmory","|-heal|p2a: Skarmory|334/334","|move|p1a: Swampert|Waterfall|p2a: Skarmory","|-damage|p2a: Skarmory|238/334","|","|-heal|p2a: Skarmory|258/334|[from] item: Leftovers","|turn|16","|","|move|p1a: Swampert|Waterfall|p2a: Skarmory","|-crit|p2a: Skarmory","|-damage|p2a: Skarmory|108/334","|move|p2a: Skarmory|Whirlwind|p1a: Swampert","|drag|p1a: Rotom-Wash|Rotom-Wash|303/303","|-damage|p1a: Rotom-Wash|266/303|[from] Stealth Rock","|","|-heal|p1a: Rotom-Wash|284/303|[from] item: Leftovers","|-heal|p2a: Skarmory|128/334|[from] item: Leftovers","|turn|17","|","|move|p1a: Rotom-Wash|Hydro Pump|p2a: Skarmory","|-damage|p2a: Skarmory|0 fnt","|faint|p2a: Skarmory","|","|-heal|p1a: Rotom-Wash|302/303|[from] item: Leftovers","|","|switch|p2a: Excadrill|Excadrill, M|361/361","|-ability|p2a: Excadrill|Mold Breaker","|turn|18","|","|switch|p1a: Politoed|Politoed, M|168/384","|-damage|p1a: Politoed|120/384|[from] Stealth Rock","|-weather|RainDance","|move|p2a: Excadrill|Earthquake|p1a: Politoed","|-damage|p1a: Politoed|0 fnt","|faint|p1a: Politoed","|","|-weather|RainDance|[upkeep]","|","|switch|p1a: Azumarill|Azumarill, F|351/401","|-damage|p1a: Azumarill|301/401|[from] Stealth Rock","|turn|19","|","|switch|p2a: Jirachi|Jirachi|262/397","|move|p1a: Azumarill|Waterfall|p2a: Jirachi","|-damage|p2a: Jirachi|1/397","|","|-weather|RainDance|[upkeep]","|-heal|p2a: Jirachi|25/397|[from] item: Leftovers","|turn|20","|","|move|p1a: Azumarill|Aqua Jet|p2a: Jirachi","|-damage|p2a: Jirachi|0 fnt","|faint|p2a: Jirachi","|","|-weather|RainDance|[upkeep]","|","|switch|p2a: Magnezone|Magnezone|91/281","|turn|21","|","|switch|p1a: Swampert|Swampert-Mega, F|328/403","|-damage|p1a: Swampert|303/403|[from] Stealth Rock","|move|p2a: Magnezone|Volt Switch|p1a: Swampert","|-immune|p1a: Swampert|[msg]","|","|-weather|RainDance|[upkeep]","|turn|22","|","|switch|p2a: Heatran|Heatran, M|323/323","|move|p1a: Swampert|Earthquake|p2a: Heatran","|-supereffective|p2a: Heatran","|-damage|p2a: Heatran|0 fnt","|faint|p2a: Heatran","|","|-weather|none","|","|switch|p2a: Excadrill|Excadrill, M|361/361","|-ability|p2a: Excadrill|Mold Breaker","|turn|23","|","|move|p2a: Excadrill|Earthquake|p1a: Swampert","|-damage|p1a: Swampert|146/403","|move|p1a: Swampert|Earthquake|p2a: Excadrill","|-supereffective|p2a: Excadrill","|-damage|p2a: Excadrill|0 fnt","|faint|p2a: Excadrill","|","|","|switch|p2a: Bisharp|Bisharp, F|271/271","|turn|24","|","|move|p2a: Bisharp|Swords Dance|p2a: Bisharp","|-boost|p2a: Bisharp|atk|2","|move|p1a: Swampert|Superpower|p2a: Bisharp","|-supereffective|p2a: Bisharp","|-damage|p2a: Bisharp|0 fnt","|-unboost|p1a: Swampert|atk|1","|-unboost|p1a: Swampert|def|1","|faint|p2a: Bisharp","|","|","|switch|p2a: Magnezone|Magnezone|91/281","|turn|25","|","|move|p2a: Magnezone|Flash Cannon|p1a: Swampert","|-resisted|p1a: Swampert","|-damage|p1a: Swampert|77/403","|move|p1a: Swampert|Earthquake|p2a: Magnezone","|-supereffective|p2a: Magnezone","|-damage|p2a: Magnezone|0 fnt","|faint|p2a: Magnezone","|","|win|GTX♅Bugy"],"p1rating":{"entryid":"464882","serverid":"eos","formatid":"monotype","userid":"gtxbugy","username":"GTX♅Bugy","w":8,"l":"4","t":"0","gxe":60.1,"r":"1528.1416763175","rd":"90.518903959948","sigma":"0","rptime":"1440666000","rpr":1579.2111138406,"rprd":83.374350392164,"rpsigma":"0","acre":1139.2895083657,"lacre":1139.2895083657,"oldacre":"1122.7735440474"},"p2rating":{"entryid":552509,"formatid":"monotype","userid":"ubergamer","username":"UberGamer","r":1500,"rd":130,"sigma":0,"rpr":1461.7925795195,"rprd":122.37230408193,"rpsigma":0,"rptime":1440666000,"w":0,"l":1,"t":0,"gxe":45.2,"acre":1000,"lacre":1000,"oldacre":1000},"endType":"normal"}