{"seed":[20160,21666,5463,20112],"turns":33,"p1":"Primal Mamoswine","p2":"Inferno Sasuke","p1team":[{"name":"Rotom-Heat","species":"Rotom-Heat","item":"lightclay","ability":"Levitate","moves":["lightscreen","reflect","willowisp","overheat"],"nature":"Sassy","evs":{"hp":248,"atk":0,"def":252,"spa":8,"spd":0,"spe":0},"ivs":{"hp":31,"atk":31,"def":31,"spa":31,"spd":31,"spe":0}},{"name":"Heatran","species":"Heatran","item":"airballoon","ability":"Flash Fire","moves":["dragonpulse","earthpower","lavaplume","darkpulse"],"nature":"Quiet","evs":{"hp":248,"atk":0,"def":0,"spa":252,"spd":8,"spe":0},"ivs":{"hp":31,"atk":31,"def":31,"spa":31,"spd":31,"spe":0}},{"name":"Emboar","species":"Emboar","item":"","ability":"Blaze","moves":["hammerarm","earthquake","thunderpunch","bulkup"],"nature":"Brave","evs":{"hp":248,"atk":252,"def":0,"spa":0,"spd":8,"spe":0},"ivs":{"hp":31,"atk":31,"def":31,"spa":31,"spd":31,"spe":0}},{"name":"Chandelure","species":"Chandelure","item":"","ability":"Infiltrator","moves":["trickroom","shadowball","fireblast","energyball"],"nature":"Quiet","evs":{"hp":248,"atk":0,"def":0,"spa":252,"spd":8,"spe":0},"ivs":{"hp":31,"atk":31,"def":31,"spa":31,"spd":31,"spe":0}},{"name":"Victini","species":"Victini","item":"sitrusberry","ability":"Victory Star","moves":["trickroom","boltstrike","vcreate","zenheadbutt"],"nature":"Brave","evs":{"hp":252,"atk":252,"def":0,"spa":0,"spd":4,"spe":0},"ivs":{"hp":31,"atk":31,"def":31,"spa":31,"spd":31,"spe":0}},{"name":"Camerupt","species":"Camerupt","item":"cameruptite","ability":"Solid Rock","moves":["protect","earthpower","fireblast","ancientpower"],"nature":"Quiet","evs":{"hp":248,"atk":0,"def":0,"spa":252,"spd":8,"spe":0},"ivs":{"hp":31,"atk":31,"def":31,"spa":31,"spd":31,"spe":0}}],"p2team":[{"name":"Volcarona","species":"Volcarona","item":"leftovers","ability":"Flame Body","moves":["quiverdance","roost","fierydance","bugbuzz"],"nature":"Bold","evs":{"hp":252,"atk":0,"def":204,"spa":0,"spd":0,"spe":52},"shiny":true,"ivs":{"hp":31,"atk":31,"def":31,"spa":31,"spd":31,"spe":31}},{"name":"Torkoal","species":"Torkoal","item":"leftovers","ability":"White Smoke","moves":["yawn","stealthrock","rapidspin","lavaplume"],"nature":"Bold","evs":{"hp":252,"atk":0,"def":252,"spa":4,"spd":0,"spe":0},"shiny":true,"ivs":{"hp":31,"atk":31,"def":31,"spa":31,"spd":31,"spe":31}},{"name":"Heatran","species":"Heatran","item":"airballoon","ability":"Flash Fire","moves":["earthpower","flashcannon","flamethrower","stoneedge"],"nature":"Mild","evs":{"hp":248,"atk":8,"def":0,"spa":252,"spd":0,"spe":0},"shiny":true,"ivs":{"hp":31,"atk":31,"def":31,"spa":31,"spd":31,"spe":31}},{"name":"Arcanine","species":"Arcanine","item":"lifeorb","ability":"Intimidate","moves":["extremespeed","flareblitz","morningsun","crunch"],"nature":"Jolly","evs":{"hp":0,"atk":252,"def":0,"spa":0,"spd":4,"spe":252},"shiny":true,"ivs":{"hp":31,"atk":31,"def":31,"spa":31,"spd":31,"spe":31}},{"name":"Chandelure","species":"Chandelure","item":"leftovers","ability":"Flash Fire","moves":["calmmind","shadowball","flamethrower","darkpulse"],"nature":"Modest","evs":{"hp":252,"atk":0,"def":0,"spa":252,"spd":4,"spe":0},"shiny":true,"ivs":{"hp":31,"atk":31,"def":31,"spa":31,"spd":31,"spe":31}},{"name":"Charizard","species":"Charizard","item":"charizarditey","ability":"Blaze","moves":["roost","flamethrower","earthquake","airslash"],"nature":"Mild","evs":{"hp":248,"atk":8,"def":0,"spa":252,"spd":0,"spe":0},"shiny":true,"ivs":{"hp":31,"atk":31,"def":31,"spa":31,"spd":31,"spe":31}}],"log":["|player|p1|Primal Mamoswine|170","|player|p2|Inferno Sasuke|infernosasuke.png","|gametype|singles","|gen|6","|tier|Monotype","|rated","|rule|Baton Pass Clause: Limit one Baton Passer, can't pass Spe and other stats simultaneously","|rule|Swagger Clause: Swagger is banned","|rule|Same Type Clause: Pokémon in a team must share a type","|clearpoke","|poke|p1|Rotom-Heat","|poke|p1|Heatran, F","|poke|p1|Emboar, M","|poke|p1|Chandelure, M","|poke|p1|Victini","|poke|p1|Camerupt, M","|poke|p2|Volcarona, F, shiny","|poke|p2|Torkoal, F, shiny","|poke|p2|Heatran, M, shiny","|poke|p2|Arcanine, F, shiny","|poke|p2|Chandelure, M, shiny","|poke|p2|Charizard, M, shiny","|rule|Sleep Clause Mod: Limit one foe put to sleep","|rule|Species Clause: Limit one of each Pokémon","|rule|OHKO Clause: OHKO moves are banned","|rule|Moody Clause: Moody is banned","|rule|Evasion Moves Clause: Evasion moves are banned","|rule|Endless Battle Clause: Forcing endless battles is banned","|rule|HP Percentage Mod: HP is shown in percentages","|teampreview","|","|start","|switch|p1a: Chandelure|Chandelure, M|323/323","|switch|p2a: Chandelure|Chandelure, M, shiny|324/324","|turn|1","|","|switch|p2a: Heatran|Heatran, M, shiny|385/385","|-item|p2a: Heatran|Air Balloon","|switch|p1a: Heatran|Heatran, F|385/385","|-item|p1a: Heatran|Air Balloon","|","|turn|2","|","|switch|p2a: Chandelure|Chandelure, M, shiny|324/324","|switch|p1a: Emboar|Emboar, M|423/423","|","|turn|3","|","|move|p2a: Chandelure|Shadow Ball|p1a: Emboar","|-damage|p1a: Emboar|197/423","|move|p1a: Emboar|Earthquake|p2a: Chandelure","|-supereffective|p2a: Chandelure","|-damage|p2a: Chandelure|60/324","|","|-heal|p2a: Chandelure|80/324|[from] item: Leftovers","|turn|4","|","|switch|p1a: Heatran|Heatran, F|385/385","|-item|p1a: Heatran|Air Balloon","|move|p2a: Chandelure|Shadow Ball|p1a: Heatran","|-damage|p1a: Heatran|219/385","|-enditem|p1a: Heatran|Air Balloon","|","|-heal|p2a: Chandelure|100/324|[from] item: Leftovers","|turn|5","|","|move|p2a: Chandelure|Shadow Ball|p1a: Heatran","|-damage|p1a: Heatran|65/385","|-unboost|p1a: Heatran|spd|1","|move|p1a: Heatran|Dark Pulse|p2a: Chandelure","|-supereffective|p2a: Chandelure","|-damage|p2a: Chandelure|0 fnt","|faint|p2a: Chandelure","|","|","|switch|p2a: Volcarona|Volcarona, F, shiny|374/374","|turn|6","|","|switch|p1a: Camerupt|Camerupt, M|343/343","|move|p2a: Volcarona|Bug Buzz|p1a: Camerupt","|-resisted|p1a: Camerupt","|-damage|p1a: Camerupt|261/343","|","|turn|7","|","|switch|p2a: Heatran|Heatran, M, shiny|385/385","|-item|p2a: Heatran|Air Balloon","|detailschange|p1a: Camerupt|Camerupt-Mega, M","|-mega|p1a: Camerupt|Camerupt|Cameruptite","|move|p1a: Camerupt|Ancient Power|p2a: Heatran","|-damage|p2a: Heatran|284/385","|-enditem|p2a: Heatran|Air Balloon","|","|turn|8","|","|move|p2a: Heatran|Earth Power|p1a: Camerupt","|-supereffective|p1a: Camerupt","|-damage|p1a: Camerupt|55/343","|move|p1a: Camerupt|Earth Power|p2a: Heatran","|-supereffective|p2a: Heatran","|-damage|p2a: Heatran|0 fnt","|faint|p2a: Heatran","|","|","|switch|p2a: Arcanine|Arcanine, F, shiny|321/321","|-ability|p2a: Arcanine|Intimidate","|-unboost|p1a: Camerupt|atk|1","|turn|9","|","|move|p2a: Arcanine|Extreme Speed|p1a: Camerupt","|-damage|p1a: Camerupt|0 fnt","|-damage|p2a: Arcanine|289/321|[from] item: Life Orb","|faint|p1a: Camerupt","|","|","|switch|p1a: Victini|Victini|404/404","|turn|10","|","|move|p2a: Arcanine|Extreme Speed|p1a: Victini","|-damage|p1a: Victini|303/404","|-damage|p2a: Arcanine|257/321|[from] item: Life Orb","|move|p1a: Victini|Trick Room|p1a: Victini","|-fieldstart|move: Trick Room|[of] p1a: Victini","|","|turn|11","|","|switch|p2a: Torkoal|Torkoal, F, shiny|344/344","|move|p1a: Victini|Bolt Strike|p2a: Torkoal","|-damage|p2a: Torkoal|264/344","|","|-heal|p2a: Torkoal|285/344|[from] item: Leftovers","|turn|12","|","|switch|p1a: Emboar|Emboar, M|197/423","|move|p2a: Torkoal|Stealth Rock|p1a: Emboar","|-sidestart|p1: Primal Mamoswine|move: Stealth Rock","|","|-heal|p2a: Torkoal|306/344|[from] item: Leftovers","|turn|13","|","|move|p2a: Torkoal|Yawn|p1a: Emboar","|-start|p1a: Emboar|move: Yawn|[of] p2a: Torkoal","|move|p1a: Emboar|Hammer Arm|p2a: Torkoal","|-damage|p2a: Torkoal|194/344","|-unboost|p1a: Emboar|spe|1","|","|-heal|p2a: Torkoal|215/344|[from] item: Leftovers","|turn|14","|","|move|p2a: Torkoal|Lava Plume|p1a: Emboar","|-resisted|p1a: Emboar","|-damage|p1a: Emboar|137/423","|move|p1a: Emboar|Earthquake|p2a: Torkoal","|-supereffective|p2a: Torkoal","|-damage|p2a: Torkoal|69/344","|","|-end|p1a: Emboar|move: Yawn|[silent]","|-status|p1a: Emboar|slp","|-heal|p2a: Torkoal|90/344|[from] item: Leftovers","|-fieldend|move: Trick Room","|turn|15","|","|cant|p1a: Emboar|slp","|move|p2a: Torkoal|Lava Plume|p1a: Emboar","|-crit|p1a: Emboar","|-resisted|p1a: Emboar","|-damage|p1a: Emboar|57/423 slp","|","|-heal|p2a: Torkoal|111/344|[from] item: Leftovers","|turn|16","|","|cant|p1a: Emboar|slp","|move|p2a: Torkoal|Lava Plume|p1a: Emboar","|-resisted|p1a: Emboar","|-damage|p1a: Emboar|3/423 slp","|","|-heal|p2a: Torkoal|132/344|[from] item: Leftovers","|turn|17","|","|cant|p1a: Emboar|slp","|move|p2a: Torkoal|Lava Plume|p1a: Emboar","|-resisted|p1a: Emboar","|-damage|p1a: Emboar|0 fnt","|faint|p1a: Emboar","|","|-heal|p2a: Torkoal|153/344|[from] item: Leftovers","|","|switch|p1a: Rotom-Heat|Rotom-Heat|303/303","|-damage|p1a: Rotom-Heat|228/303|[from] Stealth Rock","|turn|18","|","|move|p1a: Rotom-Heat|Light Screen|p1a: Rotom-Heat","|-sidestart|p1: Primal Mamoswine|move: Light Screen","|move|p2a: Torkoal|Yawn|p1a: Rotom-Heat","|-start|p1a: Rotom-Heat|move: Yawn|[of] p2a: Torkoal","|","|-heal|p2a: Torkoal|174/344|[from] item: Leftovers","|turn|19","|","|move|p1a: Rotom-Heat|Reflect|p1a: Rotom-Heat","|-sidestart|p1: Primal Mamoswine|Reflect","|move|p2a: Torkoal|Rapid Spin|p1a: Rotom-Heat","|-damage|p1a: Rotom-Heat|223/303","|","|-end|p1a: Rotom-Heat|move: Yawn|[silent]","|-status|p1a: Rotom-Heat|slp","|-heal|p2a: Torkoal|195/344|[from] item: Leftovers","|turn|20","|","|switch|p1a: Victini|Victini|303/404","|-damage|p1a: Victini|202/404|[from] Stealth Rock","|-enditem|p1a: Victini|Sitrus Berry|[eat]","|-heal|p1a: Victini|303/404|[from] item: Sitrus Berry","|switch|p2a: Charizard|Charizard, M, shiny|359/359","|","|turn|21","|","|detailschange|p2a: Charizard|Charizard-Mega-Y, M, shiny","|-mega|p2a: Charizard|Charizard|Charizardite Y","|-weather|SunnyDay","|move|p2a: Charizard|Air Slash|p1a: Victini","|-damage|p1a: Victini|221/404","|move|p1a: Victini|Trick Room|p1a: Victini","|-fieldstart|move: Trick Room|[of] p1a: Victini","|","|-weather|SunnyDay|[upkeep]","|turn|22","|","|move|p1a: Victini|Bolt Strike|p2a: Charizard","|-supereffective|p2a: Charizard","|-damage|p2a: Charizard|0 fnt","|faint|p2a: Charizard","|","|-weather|SunnyDay|[upkeep]","|","|switch|p2a: Torkoal|Torkoal, F, shiny|195/344","|turn|23","|","|move|p2a: Torkoal|Yawn|p1a: Victini","|-start|p1a: Victini|move: Yawn|[of] p2a: Torkoal","|move|p1a: Victini|Zen Headbutt|p2a: Torkoal","|-damage|p2a: Torkoal|119/344","|","|-weather|SunnyDay|[upkeep]","|-heal|p2a: Torkoal|140/344|[from] item: Leftovers","|turn|24","|","|switch|p1a: Heatran|Heatran, F|65/385","|-damage|p1a: Heatran|17/385|[from] Stealth Rock","|move|p2a: Torkoal|Lava Plume|p1a: Heatran","|-start|p1a: Heatran|ability: Flash Fire","|","|-weather|SunnyDay|[upkeep]","|-heal|p2a: Torkoal|161/344|[from] item: Leftovers","|turn|25","|","|move|p2a: Torkoal|Rapid Spin|p1a: Heatran","|-resisted|p1a: Heatran","|-damage|p1a: Heatran|14/385","|move|p1a: Heatran|Earth Power|p2a: Torkoal","|-supereffective|p2a: Torkoal","|-damage|p2a: Torkoal|0 fnt","|faint|p2a: Torkoal","|","|-weather|none","|-sideend|p1: Primal Mamoswine|move: Light Screen","|-fieldend|move: Trick Room","|","|switch|p2a: Arcanine|Arcanine, F, shiny|257/321","|-ability|p2a: Arcanine|Intimidate","|-unboost|p1a: Heatran|atk|1","|turn|26","|","|move|p2a: Arcanine|Extreme Speed|p1a: Heatran","|-resisted|p1a: Heatran","|-damage|p1a: Heatran|0 fnt","|-damage|p2a: Arcanine|225/321|[from] item: Life Orb","|faint|p1a: Heatran","|","|-sideend|p1: Primal Mamoswine|Reflect","|","|switch|p1a: Chandelure|Chandelure, M|323/323","|-damage|p1a: Chandelure|243/323|[from] Stealth Rock","|turn|27","|","|move|p2a: Arcanine|Crunch|p1a: Chandelure","|-supereffective|p1a: Chandelure","|-damage|p1a: Chandelure|9/323","|-unboost|p1a: Chandelure|def|1","|-damage|p2a: Arcanine|193/321|[from] item: Life Orb","|move|p1a: Chandelure|Shadow Ball|p2a: Arcanine","|-damage|p2a: Arcanine|0 fnt","|faint|p2a: Arcanine","|","|","|switch|p2a: Volcarona|Volcarona, F, shiny|374/374","|turn|28","|","|move|p2a: Volcarona|Bug Buzz|p1a: Chandelure","|-resisted|p1a: Chandelure","|-damage|p1a: Chandelure|0 fnt","|faint|p1a: Chandelure","|","|","|switch|p1a: Victini|Victini|221/404","|-damage|p1a: Victini|120/404|[from] Stealth Rock","|turn|29","|","|move|p2a: Volcarona|Fiery Dance|p1a: Victini","|-resisted|p1a: Victini","|-damage|p1a: Victini|55/404","|-boost|p2a: Volcarona|spa|1","|move|p1a: Victini|Trick Room|p1a: Victini","|-fieldstart|move: Trick Room|[of] p1a: Victini","|","|turn|30","|","|move|p1a: Victini|V-create|p2a: Volcarona","|-damage|p2a: Volcarona|70/374","|-unboost|p1a: Victini|spe|1","|-unboost|p1a: Victini|def|1","|-unboost|p1a: Victini|spd|1","|move|p2a: Volcarona|Bug Buzz|p1a: Victini","|-damage|p1a: Victini|0 fnt","|faint|p1a: Victini","|","|-heal|p2a: Volcarona|93/374|[from] item: Leftovers","|","|switch|p1a: Rotom-Heat|Rotom-Heat|223/303 slp","|-damage|p1a: Rotom-Heat|148/303 slp|[from] Stealth Rock","|turn|31","|","|cant|p1a: Rotom-Heat|slp","|move|p2a: Volcarona|Roost|p2a: Volcarona","|-heal|p2a: Volcarona|280/374","|","|-heal|p2a: Volcarona|303/374|[from] item: Leftovers","|turn|32","|","|cant|p1a: Rotom-Heat|slp","|move|p2a: Volcarona|Fiery Dance|p1a: Rotom-Heat","|-resisted|p1a: Rotom-Heat","|-damage|p1a: Rotom-Heat|63/303 slp","|","|-heal|p2a: Volcarona|326/374|[from] item: Leftovers","|turn|33","|","|cant|p1a: Rotom-Heat|slp","|move|p2a: Volcarona|Fiery Dance|p1a: Rotom-Heat","|-resisted|p1a: Rotom-Heat","|-damage|p1a: Rotom-Heat|0 fnt","|-boost|p2a: Volcarona|spa|1","|faint|p1a: Rotom-Heat","|","|win|Inferno Sasuke"],"p1rating":{"entryid":"535354","serverid":"eos","formatid":"monotype","userid":"primalmamoswine","username":"Primal Mamoswine","w":"2","l":2,"t":"0","gxe":46.3,"r":"1500","rd":"130","sigma":"0","rptime":"1440666000","rpr":1471.0048581074,"rprd":106.11745732098,"rpsigma":"0","acre":1042.4584945237,"lacre":1042.4584945237,"oldacre":"1062.6166149296"},"p2rating":{"entryid":"45674","serverid":"eos","formatid":"monotype","userid":"infernosasuke","username":"Inferno Sasuke","w":30,"l":"69","t":"0","gxe":32.7,"r":"1362.5579213548","rd":"39.083021319937","sigma":"0","rptime":"1440666000","rpr":1363.2114801212,"rprd":37.532445126651,"rpsigma":"0","acre":1082.8483040342,"lacre":1082.8483040342,"oldacre":"1048.8924991003"},"endType":"normal"}