{"seed":[38222,28408,64921,42217],"turns":24,"p1":"LightOfAKnowing","p2":"GTX♅Bzumzum","p1team":[{"name":"Sharpedo","species":"Sharpedo","item":"sharpedonite","ability":"Speed Boost","moves":["protect","substitute","crunch","waterfall"],"nature":"Adamant","evs":{"hp":0,"atk":252,"def":0,"spa":0,"spd":4,"spe":252},"ivs":{"hp":31,"atk":31,"def":31,"spa":31,"spd":31,"spe":31}},{"name":"Starmie","species":"Starmie","item":"lightclay","ability":"Natural Cure","moves":["rapidspin","scald","lightscreen","reflect"],"nature":"Timid","evs":{"hp":252,"atk":0,"def":0,"spa":4,"spd":0,"spe":252},"ivs":{"hp":31,"atk":31,"def":31,"spa":31,"spd":31,"spe":31}},{"name":"Azumarill","species":"Azumarill","item":"sitrusberry","ability":"Huge Power","moves":["bellydrum","aquajet","playrough","bodyslam"],"nature":"Adamant","evs":{"hp":252,"atk":252,"def":0,"spa":0,"spd":4,"spe":0},"ivs":{"hp":31,"atk":31,"def":31,"spa":31,"spd":31,"spe":31}},{"name":"Poliwrath","species":"Poliwrath","item":"leftovers","ability":"Water Absorb","moves":["substitute","focuspunch","poisonjab","waterfall"],"nature":"Adamant","evs":{"hp":252,"atk":252,"def":0,"spa":0,"spd":4,"spe":0},"ivs":{"hp":31,"atk":31,"def":31,"spa":31,"spd":31,"spe":31}},{"name":"Milotic","species":"Milotic","item":"leftovers","ability":"Competitive","moves":["mirrorcoat","scald","recover","magiccoat"],"nature":"Bold","evs":{"hp":248,"atk":0,"def":252,"spa":0,"spd":8,"spe":0},"ivs":{"hp":31,"atk":31,"def":31,"spa":31,"spd":31,"spe":31}},{"name":"Clawitzer","species":"Clawitzer","item":"choicescarf","ability":"Mega Launcher","moves":["waterpulse","aurasphere","darkpulse","dragonpulse"],"nature":"Timid","evs":{"hp":0,"atk":0,"def":0,"spa":252,"spd":4,"spe":252},"ivs":{"hp":31,"atk":31,"def":31,"spa":31,"spd":31,"spe":31}}],"p2team":[{"name":"Thorns","species":"ferrothorn","item":"focussash","ability":"Iron Barbs","moves":["stealthrock","gyroball","leechseed","protect"],"nature":"Jolly","evs":{"hp":128,"atk":100,"def":116,"spa":0,"spd":120,"spe":44},"gender":"M","ivs":{"hp":31,"atk":31,"def":31,"spa":31,"spd":31,"spe":0}},{"name":"Brawloom","species":"breloom","item":"focussash","ability":"Technician","moves":["swordsdance","rocktomb","machpunch","spore"],"nature":"Jolly","evs":{"hp":4,"atk":252,"def":0,"spa":0,"spd":0,"spe":252},"gender":"M","shiny":true,"ivs":{"hp":31,"atk":31,"def":31,"spa":31,"spd":31,"spe":31}},{"name":"Healer","species":"shaymin","item":"leftovers","ability":"Natural Cure","moves":["aromatherapy","earthpower","airslash","seedflare"],"nature":"Calm","evs":{"hp":0,"atk":0,"def":0,"spa":252,"spd":4,"spe":252},"shiny":true,"ivs":{"hp":31,"atk":31,"def":31,"spa":31,"spd":31,"spe":31}},{"name":"Ludicool","species":"ludicolo","item":"leftovers","ability":"Swift Swim","moves":["icebeam","scald","gigadrain","raindance"],"nature":"Modest","evs":{"hp":200,"atk":0,"def":0,"spa":184,"spd":4,"spe":120},"gender":"M","shiny":true,"ivs":{"hp":31,"atk":31,"def":31,"spa":31,"spd":31,"spe":31}},{"name":"Great-ily","species":"cradily","item":"leftovers","ability":"Storm Drain","moves":["ancientpower","earthpower","recover","toxic"],"nature":"Calm","evs":{"hp":232,"atk":24,"def":0,"spa":0,"spd":252,"spe":0},"gender":"M","shiny":true,"ivs":{"hp":31,"atk":31,"def":31,"spa":31,"spd":31,"spe":31}},{"name":"Plantasaurus","species":"venusaur","item":"venusaurite","ability":"Chlorophyll","moves":["gigadrain","hiddenpowerrock","sludgebomb","synthesis"],"nature":"Modest","evs":{"hp":0,"atk":0,"def":68,"spa":188,"spd":0,"spe":252},"gender":"M","ivs":{"hp":31,"atk":31,"def":30,"spa":31,"spd":30,"spe":30},"shiny":true}],"log":["|player|p1|LightOfAKnowing|lightofaknowing.png","|player|p2|GTX♅Bzumzum|225","|gametype|singles","|gen|6","|tier|Monotype","|rated","|rule|Baton Pass Clause: Limit one Baton Passer, can't pass Spe and other stats simultaneously","|rule|Swagger Clause: Swagger is banned","|rule|Same Type Clause: Pokémon in a team must share a type","|clearpoke","|poke|p1|Sharpedo, M","|poke|p1|Starmie","|poke|p1|Azumarill, F","|poke|p1|Poliwrath, M","|poke|p1|Milotic, F","|poke|p1|Clawitzer, F","|poke|p2|Ferrothorn, M","|poke|p2|Breloom, M, shiny","|poke|p2|Shaymin, shiny","|poke|p2|Ludicolo, M, shiny","|poke|p2|Cradily, M, shiny","|poke|p2|Venusaur, M, shiny","|rule|Sleep Clause Mod: Limit one foe put to sleep","|rule|Species Clause: Limit one of each Pokémon","|rule|OHKO Clause: OHKO moves are banned","|rule|Moody Clause: Moody is banned","|rule|Evasion Moves Clause: Evasion moves are banned","|rule|Endless Battle Clause: Forcing endless battles is banned","|rule|HP Percentage Mod: HP is shown in percentages","|teampreview","|","|start","|switch|p1a: Poliwrath|Poliwrath, M|384/384","|switch|p2a: Thorns|Ferrothorn, M|321/321","|turn|1","|","|move|p1a: Poliwrath|Substitute|p1a: Poliwrath","|-start|p1a: Poliwrath|Substitute","|-damage|p1a: Poliwrath|288/384","|move|p2a: Thorns|Stealth Rock|p1a: Poliwrath","|-sidestart|p1: LightOfAKnowing|move: Stealth Rock","|","|-heal|p1a: Poliwrath|312/384|[from] item: Leftovers","|turn|2","|","|-singleturn|p1a: Poliwrath|move: Focus Punch","|switch|p2a: Great-ily|Cradily, M, shiny|371/371","|move|p1a: Poliwrath|Focus Punch|p2a: Great-ily","|-supereffective|p2a: Great-ily","|-damage|p2a: Great-ily|0 fnt","|faint|p2a: Great-ily","|","|-heal|p1a: Poliwrath|336/384|[from] item: Leftovers","|","|switch|p2a: Ludicool|Ludicolo, M, shiny|351/351","|turn|3","|","|move|p2a: Ludicool|Giga Drain|p1a: Poliwrath","|-supereffective|p1a: Poliwrath","|-end|p1a: Poliwrath|Substitute","|move|p1a: Poliwrath|Poison Jab|p2a: Ludicool","|-supereffective|p2a: Ludicool","|-damage|p2a: Ludicool|123/351","|","|-heal|p2a: Ludicool|144/351|[from] item: Leftovers","|-heal|p1a: Poliwrath|360/384|[from] item: Leftovers","|turn|4","|","|switch|p1a: Starmie|Starmie|324/324","|-damage|p1a: Starmie|284/324|[from] Stealth Rock","|move|p2a: Ludicool|Giga Drain|p1a: Starmie","|-supereffective|p1a: Starmie","|-damage|p1a: Starmie|14/324","|-heal|p2a: Ludicool|279/351|[from] drain|[of] p1a: Starmie","|","|-heal|p2a: Ludicool|300/351|[from] item: Leftovers","|turn|5","|","|move|p1a: Starmie|Rapid Spin|p2a: Ludicool","|-damage|p2a: Ludicool|286/351","|-sideend|p1: LightOfAKnowing|Stealth Rock|[from] move: Rapid Spin|[of] p1a: Starmie","|move|p2a: Ludicool|Ice Beam|p1a: Starmie","|-resisted|p1a: Starmie","|-damage|p1a: Starmie|0 fnt","|faint|p1a: Starmie","|","|-heal|p2a: Ludicool|307/351|[from] item: Leftovers","|","|switch|p1a: Sharpedo|Sharpedo, M|281/281","|turn|6","|","|move|p1a: Sharpedo|Protect|p1a: Sharpedo","|-singleturn|p1a: Sharpedo|Protect","|move|p2a: Ludicool|Giga Drain|p1a: Sharpedo","|-activate|p1a: Sharpedo|Protect","|","|-heal|p2a: Ludicool|328/351|[from] item: Leftovers","|-boost|p1a: Sharpedo|spe|1|[from] ability: Speed Boost","|turn|7","|","|move|p1a: Sharpedo|Substitute|p1a: Sharpedo","|-start|p1a: Sharpedo|Substitute","|-damage|p1a: Sharpedo|211/281","|move|p2a: Ludicool|Giga Drain|p1a: Sharpedo","|-supereffective|p1a: Sharpedo","|-end|p1a: Sharpedo|Substitute","|-heal|p2a: Ludicool|351/351|[from] drain|[of] p1a: Sharpedo","|","|-boost|p1a: Sharpedo|spe|1|[from] ability: Speed Boost","|turn|8","|","|move|p1a: Sharpedo|Protect|p1a: Sharpedo","|-singleturn|p1a: Sharpedo|Protect","|move|p2a: Ludicool|Giga Drain|p1a: Sharpedo","|-activate|p1a: Sharpedo|Protect","|","|-boost|p1a: Sharpedo|spe|1|[from] ability: Speed Boost","|turn|9","|","|switch|p2a: Thorns|Ferrothorn, M|321/321","|detailschange|p1a: Sharpedo|Sharpedo-Mega, M","|-mega|p1a: Sharpedo|Sharpedo|Sharpedonite","|move|p1a: Sharpedo|Crunch|p2a: Thorns","|-damage|p2a: Thorns|131/321","|-damage|p1a: Sharpedo|176/281|[from] ability: Iron Barbs|[of] p2a: Thorns","|","|turn|10","|","|move|p1a: Sharpedo|Crunch|p2a: Thorns","|-damage|p2a: Thorns|0 fnt","|-damage|p1a: Sharpedo|141/281|[from] ability: Iron Barbs|[of] p2a: Thorns","|faint|p2a: Thorns","|","|","|switch|p2a: Brawloom|Breloom, M, shiny|262/262","|turn|11","|","|move|p1a: Sharpedo|Protect|p1a: Sharpedo","|-singleturn|p1a: Sharpedo|Protect","|move|p2a: Brawloom|Swords Dance|p2a: Brawloom","|-boost|p2a: Brawloom|atk|2","|","|turn|12","|","|move|p2a: Brawloom|Mach Punch|p1a: Sharpedo","|-supereffective|p1a: Sharpedo","|-damage|p1a: Sharpedo|0 fnt","|faint|p1a: Sharpedo","|","|","|switch|p1a: Azumarill|Azumarill, F|404/404","|turn|13","|","|move|p2a: Brawloom|Rock Tomb|p1a: Azumarill","|-damage|p1a: Azumarill|163/404","|-unboost|p1a: Azumarill|spe|1","|-enditem|p1a: Azumarill|Sitrus Berry|[eat]","|-heal|p1a: Azumarill|264/404|[from] item: Sitrus Berry","|move|p1a: Azumarill|Play Rough|p2a: Brawloom","|-supereffective|p2a: Brawloom","|-enditem|p2a: Brawloom|Focus Sash","|-damage|p2a: Brawloom|1/262","|","|turn|14","|","|move|p1a: Azumarill|Aqua Jet|p2a: Brawloom","|-resisted|p2a: Brawloom","|-damage|p2a: Brawloom|0 fnt","|faint|p2a: Brawloom","|","|","|switch|p2a: Healer|Shaymin, shiny|341/341","|turn|15","|","|move|p2a: Healer|Earth Power|p1a: Azumarill","|-damage|p1a: Azumarill|155/404","|move|p1a: Azumarill|Play Rough|p2a: Healer|[miss]","|-miss|p1a: Azumarill|p2a: Healer","|","|turn|16","|","|move|p2a: Healer|Air Slash|p1a: Azumarill","|-damage|p1a: Azumarill|63/404","|cant|p1a: Azumarill|flinch","|","|turn|17","|","|move|p1a: Azumarill|Aqua Jet|p2a: Healer","|-resisted|p2a: Healer","|-damage|p2a: Healer|300/341","|move|p2a: Healer|Earth Power|p1a: Azumarill","|-damage|p1a: Azumarill|0 fnt","|faint|p1a: Azumarill","|","|-heal|p2a: Healer|321/341|[from] item: Leftovers","|","|switch|p1a: Milotic|Milotic, F|393/393","|turn|18","|","|move|p2a: Healer|Seed Flare|p1a: Milotic","|-supereffective|p1a: Milotic","|-damage|p1a: Milotic|103/393","|move|p1a: Milotic|Mirror Coat|p2a: Healer","|-damage|p2a: Healer|0 fnt","|faint|p2a: Healer","|","|-heal|p1a: Milotic|127/393|[from] item: Leftovers","|","|switch|p2a: Ludicool|Ludicolo, M, shiny|351/351","|turn|19","|","|move|p2a: Ludicool|Rain Dance|p2a: Ludicool","|-weather|RainDance","|move|p1a: Milotic|Scald|p2a: Ludicool","|-resisted|p2a: Ludicool","|-damage|p2a: Ludicool|319/351","|","|-weather|RainDance|[upkeep]","|-heal|p2a: Ludicool|340/351|[from] item: Leftovers","|-heal|p1a: Milotic|151/393|[from] item: Leftovers","|turn|20","|","|move|p2a: Ludicool|Giga Drain|p1a: Milotic","|-supereffective|p1a: Milotic","|-damage|p1a: Milotic|0 fnt","|-heal|p2a: Ludicool|351/351|[from] drain|[of] p1a: Milotic","|faint|p1a: Milotic","|","|-weather|RainDance|[upkeep]","|","|switch|p1a: Clawitzer|Clawitzer, F|283/283","|turn|21","|","|move|p2a: Ludicool|Giga Drain|p1a: Clawitzer","|-supereffective|p1a: Clawitzer","|-damage|p1a: Clawitzer|43/283","|move|p1a: Clawitzer|Dragon Pulse|p2a: Ludicool","|-damage|p2a: Ludicool|207/351","|","|-weather|RainDance|[upkeep]","|-heal|p2a: Ludicool|228/351|[from] item: Leftovers","|turn|22","|","|move|p2a: Ludicool|Giga Drain|p1a: Clawitzer","|-supereffective|p1a: Clawitzer","|-damage|p1a: Clawitzer|0 fnt","|-heal|p2a: Ludicool|250/351|[from] drain|[of] p1a: Clawitzer","|faint|p1a: Clawitzer","|","|-weather|RainDance|[upkeep]","|-heal|p2a: Ludicool|271/351|[from] item: Leftovers","|","|switch|p1a: Poliwrath|Poliwrath, M|360/384","|turn|23","|","|move|p2a: Ludicool|Giga Drain|p1a: Poliwrath","|-supereffective|p1a: Poliwrath","|-damage|p1a: Poliwrath|124/384","|-heal|p2a: Ludicool|351/351|[from] drain|[of] p1a: Poliwrath","|move|p1a: Poliwrath|Poison Jab|p2a: Ludicool","|-supereffective|p2a: Ludicool","|-damage|p2a: Ludicool|119/351","|-status|p2a: Ludicool|psn","|","|-weather|none","|-heal|p2a: Ludicool|140/351 psn|[from] item: Leftovers","|-heal|p1a: Poliwrath|148/384|[from] item: Leftovers","|-damage|p2a: Ludicool|97/351 psn|[from] psn","|turn|24","|","|move|p2a: Ludicool|Giga Drain|p1a: Poliwrath","|-supereffective|p1a: Poliwrath","|-damage|p1a: Poliwrath|0 fnt","|-heal|p2a: Ludicool|171/351 psn|[from] drain|[of] p1a: Poliwrath","|faint|p1a: Poliwrath","|","|win|GTX♅Bzumzum"],"p1rating":{"entryid":"386","serverid":"eos","formatid":"monotype","userid":"lightofaknowing","username":"LightOfAKnowing","w":"38","l":46,"t":"0","gxe":47,"r":"1477.0084457048","rd":"41.434222905381","sigma":"0","rptime":"1440666000","rpr":1477.2370064993,"rprd":40.499851614987,"rpsigma":"0","acre":1145.4852488331,"lacre":1145.4852488331,"oldacre":"1182.3089069392"},"p2rating":{"entryid":"1463","serverid":"eos","formatid":"monotype","userid":"gtxbzumzum","username":"GTX♅Bzumzum","w":20,"l":"53","t":"0","gxe":29,"r":"1325.6404049447","rd":"44.217342731616","sigma":"0","rptime":"1440666000","rpr":1330.4248371611,"rprd":43.684843790003,"rpsigma":"0","acre":1061.8596362824,"lacre":1061.8596362824,"oldacre":"1003.7760771582"},"endType":"normal"}