{"seed":[5824,57876,15339,8212],"turns":23,"p1":"SWL Roy","p2":"Crystl Sabo","p1team":[{"name":"Terrakion","species":"Terrakion","item":"choicescarf","ability":"Justified","moves":["closecombat","earthquake","rockslide","ironhead"],"nature":"Jolly","evs":{"hp":0,"atk":252,"def":0,"spa":0,"spd":4,"spe":252},"ivs":{"hp":31,"atk":31,"def":31,"spa":31,"spd":31,"spe":31}},{"name":"Aggron","species":"Aggron","item":"aggronite","ability":"Sturdy","moves":["firepunch","ironhead","rest","avalanche"],"nature":"Impish","evs":{"hp":252,"atk":4,"def":252,"spa":0,"spd":0,"spe":0},"ivs":{"hp":31,"atk":31,"def":31,"spa":31,"spd":31,"spe":31}},{"name":"Cradily","species":"Cradily","item":"leftovers","ability":"Storm Drain","moves":["gigadrain","recover","stockpile","toxic"],"nature":"Calm","evs":{"hp":252,"atk":0,"def":0,"spa":4,"spd":252,"spe":0},"ivs":{"hp":31,"atk":31,"def":31,"spa":31,"spd":31,"spe":31}},{"name":"Tyranitar","species":"Tyranitar","item":"choiceband","ability":"Sand Stream","moves":["crunch","pursuit","stoneedge","earthquake"],"nature":"Adamant","evs":{"hp":248,"atk":252,"def":0,"spa":0,"spd":8,"spe":0},"ivs":{"hp":31,"atk":31,"def":31,"spa":31,"spd":31,"spe":31}},{"name":"Omastar","species":"Omastar","item":"focussash","ability":"Weak Armor","moves":["shellsmash","icebeam","scald","hiddenpowergrass"],"nature":"Modest","evs":{"hp":0,"atk":0,"def":0,"spa":252,"spd":4,"spe":252},"ivs":{"hp":31,"atk":30,"def":31,"spa":30,"spd":31,"spe":31}},{"name":"Diancie","species":"Diancie","item":"leftovers","ability":"Clear Body","moves":["stealthrock","moonblast","trickroom","healbell"],"nature":"Sassy","evs":{"hp":252,"atk":0,"def":0,"spa":4,"spd":252,"spe":0},"ivs":{"hp":31,"atk":31,"def":31,"spa":31,"spd":31,"spe":0}}],"p2team":[{"name":"Poseidick","species":"heracross","item":"heracronite","ability":"Moxie","moves":["pinmissile","rockblast","substitute","focuspunch"],"nature":"Impish","evs":{"hp":236,"atk":0,"def":252,"spa":0,"spd":0,"spe":20},"shiny":true,"ivs":{"hp":31,"atk":31,"def":31,"spa":31,"spd":31,"spe":31}},{"name":"Mr.NiceFro","species":"keldeo","item":"choicescarf","ability":"Justified","moves":["hydropump","icywind","secretsword","hiddenpowergrass"],"nature":"Modest","evs":{"hp":0,"atk":0,"def":0,"spa":252,"spd":4,"spe":252},"ivs":{"hp":31,"atk":30,"def":31,"spa":30,"spd":31,"spe":31}},{"name":"Deus","species":"medicham","item":"choicescarf","ability":"Pure Power","moves":["highjumpkick","psychocut","poisonjab","icepunch"],"nature":"Adamant","evs":{"hp":0,"atk":252,"def":0,"spa":0,"spd":4,"spe":252},"shiny":true,"ivs":{"hp":31,"atk":31,"def":31,"spa":31,"spd":31,"spe":31}},{"name":"HotHead","species":"infernape","item":"choiceband","ability":"Blaze","moves":["flareblitz","closecombat","stoneedge","shadowclaw"],"nature":"Jolly","evs":{"hp":0,"atk":252,"def":0,"spa":0,"spd":4,"spe":252},"ivs":{"hp":31,"atk":31,"def":31,"spa":31,"spd":31,"spe":31}},{"name":"Deepthroat","species":"toxicroak","item":"lifeorb","ability":"Dry Skin","moves":["gunkshot","suckerpunch","drainpunch","swordsdance"],"nature":"Jolly","evs":{"hp":0,"atk":252,"def":0,"spa":0,"spd":0,"spe":252},"shiny":true,"ivs":{"hp":31,"atk":31,"def":31,"spa":31,"spd":31,"spe":31}},{"name":"Kobi","species":"cobalion","item":"leftovers","ability":"Justified","moves":["thunderwave","ironhead","stealthrock","voltswitch"],"nature":"Impish","evs":{"hp":252,"atk":0,"def":252,"spa":0,"spd":0,"spe":0},"ivs":{"hp":31,"atk":31,"def":31,"spa":31,"spd":31,"spe":31}}],"log":["|player|p1|SWL Roy|swlroy.png","|player|p2|Crystl Sabo|crystlsabo.png","|gametype|singles","|gen|6","|tier|Monotype","|rated","|rule|Baton Pass Clause: Limit one Baton Passer, can't pass Spe and other stats simultaneously","|rule|Swagger Clause: Swagger is banned","|rule|Same Type Clause: Pokémon in a team must share a type","|clearpoke","|poke|p1|Terrakion","|poke|p1|Aggron, F","|poke|p1|Cradily, F","|poke|p1|Tyranitar, M","|poke|p1|Omastar, M","|poke|p1|Diancie","|poke|p2|Heracross, F, shiny","|poke|p2|Keldeo","|poke|p2|Medicham, M, shiny","|poke|p2|Infernape, M","|poke|p2|Toxicroak, F, shiny","|poke|p2|Cobalion","|rule|Sleep Clause Mod: Limit one foe put to sleep","|rule|Species Clause: Limit one of each Pokémon","|rule|OHKO Clause: OHKO moves are banned","|rule|Moody Clause: Moody is banned","|rule|Evasion Moves Clause: Evasion moves are banned","|rule|Endless Battle Clause: Forcing endless battles is banned","|rule|HP Percentage Mod: HP is shown in percentages","|teampreview","|","|start","|switch|p1a: Diancie|Diancie|304/304","|switch|p2a: Deus|Medicham, M, shiny|261/261","|turn|1","|","|switch|p2a: Kobi|Cobalion|386/386","|move|p1a: Diancie|Moonblast|p2a: Kobi","|-damage|p2a: Kobi|226/386","|","|-heal|p2a: Kobi|250/386|[from] item: Leftovers","|turn|2","|","|switch|p1a: Aggron|Aggron, F|344/344","|move|p2a: Kobi|Iron Head|p1a: Aggron","|-damage|p1a: Aggron|299/344","|","|-heal|p2a: Kobi|274/386|[from] item: Leftovers","|turn|3","|","|detailschange|p1a: Aggron|Aggron-Mega, F","|-mega|p1a: Aggron|Aggron|Aggronite","|move|p2a: Kobi|Volt Switch|p1a: Aggron","|-damage|p1a: Aggron|247/344","|","|switch|p2a: Mr.NiceFro|Keldeo|323/323","|move|p1a: Aggron|Fire Punch|p2a: Mr.NiceFro","|-resisted|p2a: Mr.NiceFro","|-damage|p2a: Mr.NiceFro|280/323","|","|turn|4","|","|switch|p1a: Diancie|Diancie|304/304","|move|p2a: Mr.NiceFro|Secret Sword|p1a: Diancie","|-damage|p1a: Diancie|181/304","|","|-heal|p1a: Diancie|200/304|[from] item: Leftovers","|turn|5","|","|switch|p2a: Kobi|Cobalion|274/386","|move|p1a: Diancie|Trick Room|p1a: Diancie","|-fieldstart|move: Trick Room|[of] p1a: Diancie","|","|-heal|p1a: Diancie|219/304|[from] item: Leftovers","|-heal|p2a: Kobi|298/386|[from] item: Leftovers","|turn|6","|","|move|p1a: Diancie|Stealth Rock|p2a: Kobi","|-sidestart|p2: Crystl Sabo|move: Stealth Rock","|move|p2a: Kobi|Iron Head|p1a: Diancie","|-supereffective|p1a: Diancie","|-damage|p1a: Diancie|0 fnt","|faint|p1a: Diancie","|","|-heal|p2a: Kobi|322/386|[from] item: Leftovers","|","|switch|p1a: Tyranitar|Tyranitar, M|403/403","|-weather|Sandstorm","|turn|7","|","|switch|p2a: Mr.NiceFro|Keldeo|280/323","|-damage|p2a: Mr.NiceFro|260/323|[from] Stealth Rock","|move|p1a: Tyranitar|Earthquake|p2a: Mr.NiceFro","|-damage|p2a: Mr.NiceFro|24/323","|","|-weather|Sandstorm|[upkeep]","|-damage|p2a: Mr.NiceFro|4/323|[from] sandstorm","|turn|8","|","|move|p1a: Tyranitar|Earthquake|p2a: Mr.NiceFro","|-damage|p2a: Mr.NiceFro|0 fnt","|faint|p2a: Mr.NiceFro","|","|-weather|Sandstorm|[upkeep]","|","|switch|p2a: Kobi|Cobalion|322/386","|-damage|p2a: Kobi|310/386|[from] Stealth Rock","|turn|9","|","|move|p1a: Tyranitar|Earthquake|p2a: Kobi","|-supereffective|p2a: Kobi","|-damage|p2a: Kobi|64/386","|move|p2a: Kobi|Thunder Wave|p1a: Tyranitar","|-status|p1a: Tyranitar|par","|","|-weather|Sandstorm|[upkeep]","|-heal|p2a: Kobi|88/386|[from] item: Leftovers","|-fieldend|move: Trick Room","|turn|10","|","|move|p2a: Kobi|Volt Switch|p1a: Tyranitar","|-damage|p1a: Tyranitar|372/403 par","|","|switch|p2a: Poseidick|Heracross, F, shiny|360/360","|-damage|p2a: Poseidick|315/360|[from] Stealth Rock","|cant|p1a: Tyranitar|par","|","|-weather|Sandstorm|[upkeep]","|-damage|p2a: Poseidick|293/360|[from] sandstorm","|turn|11","|","|switch|p1a: Cradily|Cradily, F|376/376","|detailschange|p2a: Poseidick|Heracross-Mega, F, shiny","|-mega|p2a: Poseidick|Heracross|Heracronite","|move|p2a: Poseidick|Substitute|p2a: Poseidick","|-start|p2a: Poseidick|Substitute","|-damage|p2a: Poseidick|203/360","|","|-weather|none","|turn|12","|","|-singleturn|p2a: Poseidick|move: Focus Punch","|move|p1a: Cradily|Giga Drain|p2a: Poseidick","|-crit|p2a: Poseidick","|-resisted|p2a: Poseidick","|-activate|p2a: Poseidick|Substitute|[damage]","|move|p2a: Poseidick|Focus Punch|p1a: Cradily","|-crit|p1a: Cradily","|-supereffective|p1a: Cradily","|-damage|p1a: Cradily|0 fnt","|faint|p1a: Cradily","|","|","|switch|p1a: Omastar|Omastar, M|281/281","|turn|13","|","|move|p1a: Omastar|Scald|p2a: Poseidick","|-end|p2a: Poseidick|Substitute","|move|p2a: Poseidick|Rock Blast|p1a: Omastar","|-crit|p1a: Omastar","|-damage|p1a: Omastar|242/281","|-unboost|p1a: Omastar|def|1|[from] ability: Weak Armor","|-boost|p1a: Omastar|spe|1|[from] ability: Weak Armor","|-damage|p1a: Omastar|197/281","|-unboost|p1a: Omastar|def|1|[from] ability: Weak Armor","|-boost|p1a: Omastar|spe|1|[from] ability: Weak Armor","|-damage|p1a: Omastar|138/281","|-unboost|p1a: Omastar|def|1|[from] ability: Weak Armor","|-boost|p1a: Omastar|spe|1|[from] ability: Weak Armor","|-damage|p1a: Omastar|72/281","|-unboost|p1a: Omastar|def|1|[from] ability: Weak Armor","|-boost|p1a: Omastar|spe|1|[from] ability: Weak Armor","|-damage|p1a: Omastar|0 fnt","|-hitcount|p1a: Omastar|5","|faint|p1a: Omastar","|","|","|switch|p1a: Aggron|Aggron-Mega, F|247/344","|turn|14","|","|switch|p2a: HotHead|Infernape, M|293/293","|-damage|p2a: HotHead|257/293|[from] Stealth Rock","|move|p1a: Aggron|Fire Punch|p2a: HotHead","|-resisted|p2a: HotHead","|-damage|p2a: HotHead|202/293","|","|turn|15","|","|switch|p1a: Tyranitar|Tyranitar, M|372/403 par","|-weather|Sandstorm","|move|p2a: HotHead|Flare Blitz|p1a: Tyranitar","|-resisted|p1a: Tyranitar","|-damage|p1a: Tyranitar|256/403 par","|-damage|p2a: HotHead|164/293|[from] recoil|[of] p1a: Tyranitar","|","|-weather|Sandstorm|[upkeep]","|-damage|p2a: HotHead|146/293|[from] sandstorm","|turn|16","|","|switch|p2a: Poseidick|Heracross-Mega, F, shiny|203/360","|-damage|p2a: Poseidick|158/360|[from] Stealth Rock","|move|p1a: Tyranitar|Crunch|p2a: Poseidick","|-resisted|p2a: Poseidick","|-damage|p2a: Poseidick|85/360","|","|-weather|Sandstorm|[upkeep]","|-damage|p2a: Poseidick|63/360|[from] sandstorm","|turn|17","|","|switch|p1a: Aggron|Aggron-Mega, F|247/344","|move|p2a: Poseidick|Pin Missile|p1a: Aggron","|-resisted|p1a: Aggron","|-damage|p1a: Aggron|236/344","|-resisted|p1a: Aggron","|-damage|p1a: Aggron|226/344","|-resisted|p1a: Aggron","|-damage|p1a: Aggron|217/344","|-crit|p1a: Aggron","|-resisted|p1a: Aggron","|-damage|p1a: Aggron|202/344","|-resisted|p1a: Aggron","|-damage|p1a: Aggron|192/344","|-hitcount|p1a: Aggron|5","|","|-weather|Sandstorm|[upkeep]","|-damage|p2a: Poseidick|41/360|[from] sandstorm","|turn|18","|","|-singleturn|p2a: Poseidick|move: Focus Punch","|move|p1a: Aggron|Iron Head|p2a: Poseidick","|-damage|p2a: Poseidick|0 fnt","|faint|p2a: Poseidick","|","|-weather|Sandstorm|[upkeep]","|","|switch|p2a: HotHead|Infernape, M|146/293","|-damage|p2a: HotHead|110/293|[from] Stealth Rock","|turn|19","|","|switch|p1a: Tyranitar|Tyranitar, M|256/403 par","|move|p2a: HotHead|Close Combat|p1a: Tyranitar","|-supereffective|p1a: Tyranitar","|-damage|p1a: Tyranitar|0 fnt","|-unboost|p2a: HotHead|def|1","|-unboost|p2a: HotHead|spd|1","|faint|p1a: Tyranitar","|","|-weather|none","|","|switch|p1a: Terrakion|Terrakion|323/323","|turn|20","|","|switch|p2a: Kobi|Cobalion|88/386","|-damage|p2a: Kobi|76/386|[from] Stealth Rock","|move|p1a: Terrakion|Earthquake|p2a: Kobi","|-supereffective|p2a: Kobi","|-damage|p2a: Kobi|0 fnt","|faint|p2a: Kobi","|","|","|switch|p2a: Deus|Medicham, M, shiny|261/261","|-damage|p2a: Deus|245/261|[from] Stealth Rock","|turn|21","|","|move|p1a: Terrakion|Earthquake|p2a: Deus","|-damage|p2a: Deus|105/261","|move|p2a: Deus|High Jump Kick|p1a: Terrakion","|-supereffective|p1a: Terrakion","|-damage|p1a: Terrakion|0 fnt","|faint|p1a: Terrakion","|","|","|switch|p1a: Aggron|Aggron-Mega, F|192/344","|turn|22","|","|move|p2a: Deus|High Jump Kick|p1a: Aggron","|-supereffective|p1a: Aggron","|-damage|p1a: Aggron|8/344","|move|p1a: Aggron|Iron Head|p2a: Deus","|-damage|p2a: Deus|0 fnt","|faint|p2a: Deus","|","|","|switch|p2a: HotHead|Infernape, M|110/293","|-damage|p2a: HotHead|74/293|[from] Stealth Rock","|turn|23","|","|move|p2a: HotHead|Flare Blitz|p1a: Aggron","|-supereffective|p1a: Aggron","|-damage|p1a: Aggron|0 fnt","|-damage|p2a: HotHead|71/293|[from] recoil|[of] p1a: Aggron","|faint|p1a: Aggron","|","|win|Crystl Sabo"],"p1rating":{"entryid":"540430","serverid":"eos","formatid":"monotype","userid":"swlroy","username":"SWL Roy","w":"1","l":1,"t":"0","gxe":49.8,"r":"1500","rd":"130","sigma":"0","rptime":"1440666000","rpr":1498.6112828971,"rprd":116.27017359789,"rpsigma":"0","acre":1031.1792483078,"lacre":1031.1792483078,"oldacre":"1047.055271496"},"p2rating":{"entryid":"307070","serverid":"eos","formatid":"monotype","userid":"crystlsabo","username":"Crystl Sabo","w":4,"l":"1","t":"0","gxe":59.2,"r":"1547.8386792914","rd":"107.92606084293","sigma":"0","rptime":"1440666000","rpr":1572.8753408479,"rprd":103.79728421866,"rpsigma":"0","acre":1098.4653892192,"lacre":1098.4653892192,"oldacre":"1071.1738320628"},"endType":"normal"}