{"seed":[41546,10481,34705,41051],"turns":32,"p1":"dezonmatta","p2":"Onion L0rdMudkip","p1team":[{"name":"Milotic","species":"Milotic","item":"flameorb","ability":"Marvel Scale","moves":["recover","scald","toxic","icebeam"],"nature":"Bold","evs":{"hp":252,"atk":0,"def":0,"spa":0,"spd":252,"spe":0},"ivs":{"hp":31,"atk":31,"def":31,"spa":31,"spd":31,"spe":31}},{"name":"Smaking","species":"slaking","item":"choiceband","ability":"Truant","moves":["retaliate","gigaimpact","earthquake","firepunch"],"nature":"Jolly","evs":{"hp":0,"atk":252,"def":0,"spa":0,"spd":0,"spe":252},"ivs":{"hp":31,"atk":31,"def":31,"spa":31,"spd":31,"spe":31}},{"name":"Tentacruel","species":"Tentacruel","item":"blacksludge","ability":"Clear Body","moves":["rapidspin","icebeam","scald","knockoff"],"nature":"Bold","evs":{"hp":252,"atk":0,"def":240,"spa":0,"spd":0,"spe":16},"ivs":{"hp":31,"atk":31,"def":31,"spa":31,"spd":31,"spe":31}},{"name":"Beedrill","species":"Beedrill","item":"beedrillite","ability":"Swarm","moves":["poisonjab","protect","uturn","knockoff"],"nature":"Adamant","evs":{"hp":0,"atk":252,"def":0,"spa":0,"spd":4,"spe":252},"ivs":{"hp":31,"atk":31,"def":31,"spa":31,"spd":31,"spe":31}},{"name":"Goodra","species":"Goodra","item":"assaultvest","ability":"Gooey","moves":["dracometeor","fireblast","thunderbolt","focusblast"],"nature":"Modest","evs":{"hp":248,"atk":0,"def":0,"spa":252,"spd":8,"spe":0},"ivs":{"hp":31,"atk":31,"def":31,"spa":31,"spd":31,"spe":31}},{"name":"Gligar","species":"Gligar","item":"eviolite","ability":"Hyper Cutter","moves":["stealthrock","uturn","earthquake","quickattack"],"nature":"Adamant","evs":{"hp":248,"atk":252,"def":0,"spa":0,"spd":8,"spe":0},"ivs":{"hp":31,"atk":31,"def":31,"spa":31,"spd":31,"spe":31}}],"p2team":[{"name":"Suicune","species":"Suicune","item":"chestoberry","ability":"Pressure","moves":["scald","calmmind","rest","sleeptalk"],"nature":"Bold","evs":{"hp":252,"atk":0,"def":200,"spa":56,"spd":0,"spe":0},"ivs":{"hp":31,"atk":31,"def":31,"spa":31,"spd":31,"spe":31}},{"name":"Crobat","species":"Crobat","item":"blacksludge","ability":"Infiltrator","moves":["defog","bravebird","roost","taunt"],"nature":"Jolly","evs":{"hp":252,"atk":4,"def":0,"spa":0,"spd":0,"spe":252},"ivs":{"hp":31,"atk":31,"def":31,"spa":31,"spd":31,"spe":31}},{"name":"Cresselia","species":"Cresselia","item":"leftovers","ability":"Levitate","moves":["lunardance","toxic","moonlight","psychic"],"nature":"Calm","evs":{"hp":252,"atk":0,"def":0,"spa":4,"spd":252,"spe":0},"ivs":{"hp":31,"atk":31,"def":31,"spa":31,"spd":31,"spe":31}},{"name":"Donphan","species":"Donphan","item":"leftovers","ability":"Sturdy","moves":["stealthrock","earthquake","rapidspin","iceshard"],"nature":"Adamant","evs":{"hp":252,"atk":252,"def":0,"spa":0,"spd":4,"spe":0},"ivs":{"hp":31,"atk":31,"def":31,"spa":31,"spd":31,"spe":31}},{"name":"Rotom-Heat","species":"Rotom-Heat","item":"choicescarf","ability":"Levitate","moves":["voltswitch","overheat","thunderbolt","trick"],"nature":"Timid","evs":{"hp":0,"atk":0,"def":0,"spa":252,"spd":4,"spe":252},"ivs":{"hp":31,"atk":31,"def":31,"spa":31,"spd":31,"spe":31}},{"name":"Absol","species":"Absol","item":"absolite","ability":"Justified","moves":["knockoff","swordsdance","suckerpunch","psychocut"],"nature":"Jolly","evs":{"hp":0,"atk":252,"def":0,"spa":0,"spd":4,"spe":252},"ivs":{"hp":31,"atk":31,"def":31,"spa":31,"spd":31,"spe":31}}],"log":["|player|p1|dezonmatta|278","|player|p2|Onion L0rdMudkip|168","|gametype|singles","|gen|6","|tier|UU","|rated","|rule|Sleep Clause Mod: Limit one foe put to sleep","|rule|Species Clause: Limit one of each Pokémon","|rule|OHKO Clause: OHKO moves are banned","|rule|Moody Clause: Moody is banned","|rule|Evasion Moves Clause: Evasion moves are banned","|rule|Endless Battle Clause: Forcing endless battles is banned","|rule|HP Percentage Mod: HP is shown in percentages","|clearpoke","|poke|p1|Milotic, M","|poke|p1|Slaking, F","|poke|p1|Tentacruel, F","|poke|p1|Beedrill, F","|poke|p1|Goodra, M","|poke|p1|Gligar, F","|poke|p2|Suicune","|poke|p2|Crobat, M","|poke|p2|Cresselia, F","|poke|p2|Donphan, F","|poke|p2|Rotom-Heat","|poke|p2|Absol, M","|rule|Swagger Clause: Swagger is banned","|rule|Baton Pass Clause: Limit one Baton Passer, can't pass Spe and other stats simultaneously","|teampreview","|","|start","|switch|p1a: Gligar|Gligar, F|333/333","|switch|p2a: Donphan|Donphan, F|384/384","|turn|1","|","|move|p1a: Gligar|Stealth Rock|p2a: Donphan","|-sidestart|p2: Onion L0rdMudkip|move: Stealth Rock","|move|p2a: Donphan|Stealth Rock|p1a: Gligar","|-sidestart|p1: dezonmatta|move: Stealth Rock","|","|turn|2","|","|move|p1a: Gligar|U-turn|p2a: Donphan","|-damage|p2a: Donphan|326/384","|","|switch|p1a: Tentacruel|Tentacruel, F|364/364","|-damage|p1a: Tentacruel|319/364|[from] Stealth Rock","|move|p2a: Donphan|Rapid Spin|p1a: Tentacruel","|-damage|p1a: Tentacruel|295/364","|-sideend|p2: Onion L0rdMudkip|Stealth Rock|[from] move: Rapid Spin|[of] p2a: Donphan","|","|-heal|p1a: Tentacruel|317/364|[from] item: Black Sludge","|-heal|p2a: Donphan|350/384|[from] item: Leftovers","|turn|3","|","|switch|p2a: Crobat|Crobat, M|374/374","|move|p1a: Tentacruel|Knock Off|p2a: Crobat","|-damage|p2a: Crobat|314/374","|-enditem|p2a: Crobat|Black Sludge|[from] move: Knock Off|[of] p1a: Tentacruel","|","|-heal|p1a: Tentacruel|339/364|[from] item: Black Sludge","|turn|4","|","|switch|p2a: Suicune|Suicune|404/404","|-ability|p2a: Suicune|Pressure","|move|p1a: Tentacruel|Rapid Spin|p2a: Suicune","|-damage|p2a: Suicune|396/404","|-sideend|p1: dezonmatta|Stealth Rock|[from] move: Rapid Spin|[of] p1a: Tentacruel","|","|-heal|p1a: Tentacruel|361/364|[from] item: Black Sludge","|turn|5","|","|switch|p1a: Milotic|Milotic, M|394/394","|move|p2a: Suicune|Calm Mind|p2a: Suicune","|-boost|p2a: Suicune|spa|1","|-boost|p2a: Suicune|spd|1","|","|-status|p1a: Milotic|brn|[from] item: Flame Orb","|turn|6","|","|move|p2a: Suicune|Calm Mind|p2a: Suicune","|-boost|p2a: Suicune|spa|1","|-boost|p2a: Suicune|spd|1","|move|p1a: Milotic|Toxic|p2a: Suicune","|-status|p2a: Suicune|tox","|","|-damage|p2a: Suicune|371/404 tox|[from] psn","|-damage|p1a: Milotic|345/394 brn|[from] brn","|turn|7","|","|move|p2a: Suicune|Scald|p1a: Milotic","|-crit|p1a: Milotic","|-resisted|p1a: Milotic","|-damage|p1a: Milotic|258/394 brn","|move|p1a: Milotic|Scald|p2a: Suicune","|-resisted|p2a: Suicune","|-damage|p2a: Suicune|350/404 tox","|","|-damage|p2a: Suicune|300/404 tox|[from] psn","|-damage|p1a: Milotic|209/394 brn|[from] brn","|turn|8","|","|move|p2a: Suicune|Rest|p2a: Suicune","|-status|p2a: Suicune|slp","|-heal|p2a: Suicune|404/404 slp|[silent]","|-status|p2a: Suicune|slp|[from] move: Rest","|-enditem|p2a: Suicune|Chesto Berry|[eat]","|-curestatus|p2a: Suicune|slp","|move|p1a: Milotic|Recover|p1a: Milotic","|-heal|p1a: Milotic|394/394 brn","|","|-damage|p1a: Milotic|345/394 brn|[from] brn","|turn|9","|","|move|p2a: Suicune|Calm Mind|p2a: Suicune","|-boost|p2a: Suicune|spa|1","|-boost|p2a: Suicune|spd|1","|move|p1a: Milotic|Toxic|p2a: Suicune","|-status|p2a: Suicune|tox","|","|-damage|p2a: Suicune|379/404 tox|[from] psn","|-damage|p1a: Milotic|296/394 brn|[from] brn","|turn|10","|","|move|p2a: Suicune|Calm Mind|p2a: Suicune","|-boost|p2a: Suicune|spa|1","|-boost|p2a: Suicune|spd|1","|move|p1a: Milotic|Recover|p1a: Milotic","|-heal|p1a: Milotic|394/394 brn","|","|-damage|p2a: Suicune|329/404 tox|[from] psn","|-damage|p1a: Milotic|345/394 brn|[from] brn","|turn|11","|","|switch|p1a: Goodra|Goodra, M|383/383","|move|p2a: Suicune|Scald|p1a: Goodra","|-resisted|p1a: Goodra","|-damage|p1a: Goodra|314/383","|-status|p1a: Goodra|brn","|","|-damage|p2a: Suicune|254/404 tox|[from] psn","|-damage|p1a: Goodra|267/383 brn|[from] brn","|turn|12","|","|move|p2a: Suicune|Rest|p2a: Suicune","|-status|p2a: Suicune|slp","|-heal|p2a: Suicune|404/404 slp|[silent]","|-status|p2a: Suicune|slp|[from] move: Rest","|move|p1a: Goodra|Thunderbolt|p2a: Suicune","|-supereffective|p2a: Suicune","|-damage|p2a: Suicune|342/404 slp","|","|-damage|p1a: Goodra|220/383 brn|[from] brn","|turn|13","|","|switch|p1a: Milotic|Milotic, M|345/394 brn","|cant|p2a: Suicune|slp","|move|p2a: Suicune|Sleep Talk|p2a: Suicune","|move|p2a: Suicune|Rest|p2a: Suicune|[from]Sleep Talk","|-fail|p2a: Suicune","|","|-damage|p1a: Milotic|296/394 brn|[from] brn","|turn|14","|","|cant|p2a: Suicune|slp","|move|p2a: Suicune|Sleep Talk|p2a: Suicune","|move|p2a: Suicune|Rest|p2a: Suicune|[from]Sleep Talk","|-fail|p2a: Suicune","|move|p1a: Milotic|Toxic|p2a: Suicune","|-fail|p2a: Suicune","|","|-damage|p1a: Milotic|247/394 brn|[from] brn","|turn|15","|","|-curestatus|p2a: Suicune|slp","|move|p2a: Suicune|Calm Mind|p2a: Suicune","|-boost|p2a: Suicune|spa|1","|-boost|p2a: Suicune|spd|1","|move|p1a: Milotic|Toxic|p2a: Suicune","|-status|p2a: Suicune|tox","|","|-damage|p2a: Suicune|317/404 tox|[from] psn","|-damage|p1a: Milotic|198/394 brn|[from] brn","|turn|16","|","|move|p2a: Suicune|Calm Mind|p2a: Suicune","|-boost|p2a: Suicune|spa|1","|-boost|p2a: Suicune|spd|1","|move|p1a: Milotic|Recover|p1a: Milotic","|-heal|p1a: Milotic|394/394 brn","|","|-damage|p2a: Suicune|267/404 tox|[from] psn","|-damage|p1a: Milotic|345/394 brn|[from] brn","|turn|17","|","|move|p2a: Suicune|Rest|p2a: Suicune","|-status|p2a: Suicune|slp","|-heal|p2a: Suicune|404/404 slp|[silent]","|-status|p2a: Suicune|slp|[from] move: Rest","|move|p1a: Milotic|Ice Beam|p2a: Suicune","|-resisted|p2a: Suicune","|-damage|p2a: Suicune|397/404 slp","|","|-damage|p1a: Milotic|296/394 brn|[from] brn","|turn|18","|","|cant|p2a: Suicune|slp","|move|p2a: Suicune|Sleep Talk|p2a: Suicune","|move|p2a: Suicune|Scald|p1a: Milotic|[from]Sleep Talk","|-resisted|p1a: Milotic","|-damage|p1a: Milotic|167/394 brn","|move|p1a: Milotic|Ice Beam|p2a: Suicune","|-resisted|p2a: Suicune","|-damage|p2a: Suicune|390/404 slp","|","|-damage|p1a: Milotic|118/394 brn|[from] brn","|turn|19","|","|cant|p2a: Suicune|slp","|move|p2a: Suicune|Sleep Talk|p2a: Suicune","|move|p2a: Suicune|Scald|p1a: Milotic|[from]Sleep Talk","|-resisted|p1a: Milotic","|-damage|p1a: Milotic|0 fnt","|faint|p1a: Milotic","|","|","|switch|p1a: Smaking|Slaking, F|441/441","|turn|20","|","|move|p1a: Smaking|Retaliate|p2a: Suicune","|-damage|p2a: Suicune|99/404 slp","|-curestatus|p2a: Suicune|slp","|move|p2a: Suicune|Scald|p1a: Smaking","|-damage|p1a: Smaking|0 fnt","|faint|p1a: Smaking","|","|","|switch|p1a: Beedrill|Beedrill, F|271/271","|turn|21","|","|detailschange|p1a: Beedrill|Beedrill-Mega, F","|-mega|p1a: Beedrill|Beedrill|Beedrillite","|move|p1a: Beedrill|U-turn|p2a: Suicune","|-damage|p2a: Suicune|0 fnt","|faint|p2a: Suicune","|","|switch|p1a: Gligar|Gligar, F|333/333","|","|","|switch|p2a: Absol|Absol, M|271/271","|turn|22","|","|detailschange|p2a: Absol|Absol-Mega, M","|-mega|p2a: Absol|Absol|Absolite","|move|p2a: Absol|Swords Dance|p2a: Absol","|-boost|p2a: Absol|atk|2","|move|p1a: Gligar|U-turn|p2a: Absol","|-supereffective|p2a: Absol","|-damage|p2a: Absol|67/271","|","|switch|p1a: Tentacruel|Tentacruel, F|361/364","|","|-heal|p1a: Tentacruel|364/364|[from] item: Black Sludge","|turn|23","|","|move|p2a: Absol|Knock Off|p1a: Tentacruel","|-damage|p1a: Tentacruel|16/364","|-enditem|p1a: Tentacruel|Black Sludge|[from] move: Knock Off|[of] p2a: Absol","|move|p1a: Tentacruel|Scald|p2a: Absol","|-damage|p2a: Absol|0 fnt","|faint|p2a: Absol","|","|","|switch|p2a: Crobat|Crobat, M|314/374","|turn|24","|","|switch|p1a: Gligar|Gligar, F|333/333","|move|p2a: Crobat|Brave Bird|p1a: Gligar","|-damage|p1a: Gligar|257/333","|-damage|p2a: Crobat|289/374|[from] recoil|[of] p1a: Gligar","|","|turn|25","|","|move|p2a: Crobat|Taunt|p1a: Gligar","|-start|p1a: Gligar|move: Taunt","|cant|p1a: Gligar|move: Taunt|Stealth Rock","|","|turn|26","|","|move|p2a: Crobat|Brave Bird|p1a: Gligar","|-damage|p1a: Gligar|166/333","|-damage|p2a: Crobat|259/374|[from] recoil|[of] p1a: Gligar","|move|p1a: Gligar|U-turn|p2a: Crobat","|-resisted|p2a: Crobat","|-damage|p2a: Crobat|240/374","|","|switch|p1a: Goodra|Goodra, M|220/383 brn","|","|-damage|p1a: Goodra|173/383 brn|[from] brn","|turn|27","|","|move|p2a: Crobat|Brave Bird|p1a: Goodra","|-damage|p1a: Goodra|2/383 brn","|-unboost|p2a: Crobat|spe|1","|-damage|p2a: Crobat|184/374|[from] recoil|[of] p1a: Goodra","|move|p1a: Goodra|Draco Meteor|p2a: Crobat","|-crit|p2a: Crobat","|-damage|p2a: Crobat|0 fnt","|-unboost|p1a: Goodra|spa|2","|faint|p2a: Crobat","|","|-damage|p1a: Goodra|0 fnt|[from] brn","|faint|p1a: Goodra","|","|switch|p1a: Beedrill|Beedrill-Mega, F|271/271","|switch|p2a: Rotom-Heat|Rotom-Heat|241/241","|turn|28","|","|move|p1a: Beedrill|Protect|p1a: Beedrill","|-singleturn|p1a: Beedrill|Protect","|move|p2a: Rotom-Heat|Overheat|p1a: Beedrill","|-activate|p1a: Beedrill|Protect","|","|turn|29","|","|switch|p1a: Gligar|Gligar, F|166/333","|move|p2a: Rotom-Heat|Overheat|p1a: Gligar","|-damage|p1a: Gligar|0 fnt","|-unboost|p2a: Rotom-Heat|spa|2","|faint|p1a: Gligar","|","|","|switch|p1a: Tentacruel|Tentacruel, F|16/364","|turn|30","|","|move|p2a: Rotom-Heat|Overheat|p1a: Tentacruel","|-crit|p1a: Tentacruel","|-resisted|p1a: Tentacruel","|-damage|p1a: Tentacruel|0 fnt","|-unboost|p2a: Rotom-Heat|spa|2","|faint|p1a: Tentacruel","|","|","|switch|p1a: Beedrill|Beedrill-Mega, F|271/271","|turn|31","|","|switch|p2a: Donphan|Donphan, F|350/384","|move|p1a: Beedrill|Poison Jab|p2a: Donphan","|-resisted|p2a: Donphan","|-damage|p2a: Donphan|249/384","|","|-heal|p2a: Donphan|273/384|[from] item: Leftovers","|turn|32","|","|move|p1a: Beedrill|U-turn|p2a: Donphan","|-crit|p2a: Donphan","|-damage|p2a: Donphan|15/384","|move|p2a: Donphan|Earthquake|p1a: Beedrill","|-damage|p1a: Beedrill|0 fnt","|faint|p1a: Beedrill","|","|win|Onion L0rdMudkip"],"p1rating":{"entryid":"7581217","serverid":"eos","formatid":"uu","userid":"dezonmatta","username":"dezonmatta","w":"1","l":1,"t":"0","gxe":50,"r":"1500","rd":"130","sigma":"0","rptime":"1439370000","rpr":1500,"rprd":116.77753930647,"rpsigma":"0","acre":1022.1660277196,"lacre":1022.1660277196,"oldacre":"1040"},"p2rating":{"entryid":7586879,"formatid":"uu","userid":"onionl0rdmudkip","username":"Onion L0rdMudkip","r":1500,"rd":130,"sigma":0,"rpr":1540.1606143388,"rprd":122.8583080769,"rpsigma":0,"rptime":1439370000,"w":1,"l":0,"t":0,"gxe":55,"acre":1044.584930701,"lacre":1044.584930701,"oldacre":1000},"endType":"normal"}