{"seed":[63299,25163,20572,4676],"turns":23,"p1":"ookillemd-tan","p2":"Big Papa Al","p1team":[{"name":"Hoopa-Bound","species":"hoopaunbound","item":"choiceband","ability":"Magician","moves":["knockoff","zenheadbutt","drainpunch","hyperspacefury"],"nature":"Brave","evs":{"hp":104,"atk":252,"def":152,"spa":0,"spd":0,"spe":0},"ivs":{"hp":31,"atk":31,"def":31,"spa":31,"spd":31,"spe":0},"shiny":true},{"name":"Lanwindowus","species":"landorustherian","item":"choicescarf","ability":"Intimidate","moves":["uturn","earthquake","stoneedge","earthpower"],"nature":"Jolly","evs":{"hp":0,"atk":252,"def":0,"spa":0,"spd":4,"spe":252},"ivs":{"hp":31,"atk":31,"def":31,"spa":31,"spd":31,"spe":31}},{"name":"Azumarill","species":"Azumarill","item":"assaultvest","ability":"Huge Power","moves":["aquajet","waterfall","playrough","superpower"],"nature":"Brave","evs":{"hp":248,"atk":252,"def":0,"spa":0,"spd":8,"spe":0},"ivs":{"hp":31,"atk":31,"def":31,"spa":31,"spd":31,"spe":0}},{"name":"Sablmouth","species":"sableye","item":"sablenite","ability":"Prankster","moves":["calmmind","shadowball","recover","willowisp"],"nature":"Relaxed","evs":{"hp":252,"atk":0,"def":252,"spa":0,"spd":4,"spe":0},"ivs":{"hp":31,"atk":31,"def":31,"spa":31,"spd":31,"spe":0}},{"name":"Coldran","species":"heatran","item":"leftovers","ability":"Flash Fire","moves":["lavaplume","toxic","taunt","stealthrock"],"nature":"Calm","evs":{"hp":248,"atk":0,"def":0,"spa":0,"spd":192,"spe":68},"ivs":{"hp":31,"atk":31,"def":31,"spa":31,"spd":31,"spe":31}},{"name":"Mamosbeer","species":"mamoswine","item":"lifeorb","ability":"Thick Fat","moves":["iceshard","earthquake","iciclecrash","freezedry"],"nature":"Naive","evs":{"hp":0,"atk":244,"def":0,"spa":12,"spd":0,"spe":252},"ivs":{"hp":31,"atk":31,"def":31,"spa":31,"spd":31,"spe":31}}],"p2team":[{"name":"Excadrill","species":"Excadrill","item":"lifeorb","ability":"Sand Rush","moves":["earthquake","ironhead","rockslide","swordsdance"],"nature":"Adamant","evs":{"hp":0,"atk":252,"def":0,"spa":0,"spd":4,"spe":252},"ivs":{"hp":31,"atk":31,"def":31,"spa":31,"spd":31,"spe":31}},{"name":"Chesnaught","species":"Chesnaught","item":"salacberry","ability":"Bulletproof","moves":["bellydrum","substitute","seedbomb","drainpunch"],"nature":"Jolly","evs":{"hp":12,"atk":244,"def":0,"spa":0,"spd":0,"spe":252},"ivs":{"hp":31,"atk":31,"def":31,"spa":31,"spd":31,"spe":31}},{"name":"Tyranitar","species":"Tyranitar","item":"smoothrock","ability":"Sand Stream","moves":["stealthrock","stoneedge","pursuit","icebeam"],"nature":"Relaxed","evs":{"hp":248,"atk":0,"def":80,"spa":0,"spd":180,"spe":0},"ivs":{"hp":31,"atk":31,"def":31,"spa":31,"spd":31,"spe":31}},{"name":"Charizard","species":"Charizard","item":"charizarditey","ability":"Blaze","moves":["fireblast","solarbeam","focusblast","roost"],"nature":"Timid","evs":{"hp":0,"atk":0,"def":0,"spa":252,"spd":4,"spe":252},"ivs":{"hp":31,"atk":31,"def":31,"spa":31,"spd":31,"spe":31}},{"name":"Latios","species":"Latios","item":"lifeorb","ability":"Levitate","moves":["dracometeor","psyshock","hiddenpowerfire","defog"],"nature":"Timid","evs":{"hp":0,"atk":0,"def":4,"spa":252,"spd":0,"spe":252},"ivs":{"hp":31,"atk":30,"def":31,"spa":30,"spd":31,"spe":30}},{"name":"Raikou","species":"Raikou","item":"choicescarf","ability":"Pressure","moves":["voltswitch","aurasphere","thunderbolt","hiddenpowerice"],"nature":"Rash","evs":{"hp":0,"atk":0,"def":0,"spa":252,"spd":4,"spe":252},"ivs":{"hp":31,"atk":30,"def":30,"spa":31,"spd":31,"spe":31},"shiny":true}],"log":["|player|p1|ookillemd-tan|170","|player|p2|Big Papa Al|93","|gametype|singles","|gen|6","|tier|OU","|rated","|clearpoke","|poke|p1|Hoopa-Unbound, shiny","|poke|p1|Landorus-Therian, M","|poke|p1|Azumarill, F","|poke|p1|Sableye, M","|poke|p1|Heatran, F","|poke|p1|Mamoswine, M","|poke|p2|Excadrill, M","|poke|p2|Chesnaught, F","|poke|p2|Tyranitar, F","|poke|p2|Charizard, F","|poke|p2|Latios, M","|poke|p2|Raikou, shiny","|rule|Swagger Clause: Swagger is banned","|rule|Baton Pass Clause: Limit one Baton Passer, can't pass Spe and other stats simultaneously","|rule|Sleep Clause Mod: Limit one foe put to sleep","|rule|Species Clause: Limit one of each Pokémon","|rule|OHKO Clause: OHKO moves are banned","|rule|Moody Clause: Moody is banned","|rule|Evasion Moves Clause: Evasion moves are banned","|rule|Endless Battle Clause: Forcing endless battles is banned","|rule|HP Percentage Mod: HP is shown in percentages","|teampreview","|","|start","|switch|p1a: Hoopa-Bound|Hoopa-Unbound, shiny|327/327","|switch|p2a: Tyranitar|Tyranitar, F|403/403","|-weather|Sandstorm","|turn|1","|","|move|p1a: Hoopa-Bound|Drain Punch|p2a: Tyranitar","|-supereffective|p2a: Tyranitar","|-damage|p2a: Tyranitar|0 fnt","|faint|p2a: Tyranitar","|","|-weather|Sandstorm|[upkeep]","|-damage|p1a: Hoopa-Bound|307/327|[from] sandstorm","|","|switch|p2a: Chesnaught|Chesnaught, F|320/320","|turn|2","|","|switch|p1a: Coldran|Heatran, F|385/385","|move|p2a: Chesnaught|Substitute|p2a: Chesnaught","|-start|p2a: Chesnaught|Substitute","|-damage|p2a: Chesnaught|240/320","|","|-weather|Sandstorm|[upkeep]","|-damage|p2a: Chesnaught|220/320|[from] sandstorm","|turn|3","|","|move|p2a: Chesnaught|Belly Drum|p2a: Chesnaught","|-damage|p2a: Chesnaught|60/320","|-setboost|p2a: Chesnaught|atk|6|[from] move: Belly Drum","|-enditem|p2a: Chesnaught|Salac Berry|[eat]","|-boost|p2a: Chesnaught|spe|1|[from] item: Salac Berry","|move|p1a: Coldran|Lava Plume|p2a: Chesnaught","|-supereffective|p2a: Chesnaught","|-end|p2a: Chesnaught|Substitute","|","|-weather|Sandstorm|[upkeep]","|-damage|p2a: Chesnaught|40/320|[from] sandstorm","|turn|4","|","|switch|p1a: Sablmouth|Sableye, M|304/304","|move|p2a: Chesnaught|Drain Punch|p1a: Sablmouth","|-immune|p1a: Sablmouth|[msg]","|","|-weather|Sandstorm|[upkeep]","|-damage|p2a: Chesnaught|20/320|[from] sandstorm","|-damage|p1a: Sablmouth|285/304|[from] sandstorm","|turn|5","|","|detailschange|p1a: Sablmouth|Sableye-Mega, M","|-mega|p1a: Sablmouth|Sableye|Sablenite","|move|p1a: Sablmouth|Will-O-Wisp|p2a: Chesnaught","|-status|p2a: Chesnaught|brn","|move|p2a: Chesnaught|Seed Bomb|p1a: Sablmouth","|-damage|p1a: Sablmouth|131/304","|","|-weather|Sandstorm|[upkeep]","|-damage|p2a: Chesnaught|0 fnt|[from] sandstorm","|-damage|p1a: Sablmouth|112/304|[from] sandstorm","|faint|p2a: Chesnaught","|","|switch|p2a: Excadrill|Excadrill, M|361/361","|turn|6","|","|move|p2a: Excadrill|Iron Head|p1a: Sablmouth","|-damage|p1a: Sablmouth|0 fnt","|-damage|p2a: Excadrill|325/361|[from] item: Life Orb","|faint|p1a: Sablmouth","|","|-weather|Sandstorm|[upkeep]","|","|switch|p1a: Lanwindowus|Landorus-Therian, M|319/319","|-ability|p1a: Lanwindowus|Intimidate","|-unboost|p2a: Excadrill|atk|1","|turn|7","|","|switch|p2a: Latios|Latios, M|301/301","|move|p1a: Lanwindowus|Earthquake|p2a: Latios","|-immune|p2a: Latios|[msg]","|","|-weather|Sandstorm|[upkeep]","|-damage|p2a: Latios|283/301|[from] sandstorm","|turn|8","|","|switch|p1a: Azumarill|Azumarill, F|403/403","|switch|p2a: Excadrill|Excadrill, M|325/361","|","|-weather|none","|turn|9","|","|move|p2a: Excadrill|Earthquake|p1a: Azumarill","|-crit|p1a: Azumarill","|-damage|p1a: Azumarill|0 fnt","|-damage|p2a: Excadrill|289/361|[from] item: Life Orb","|faint|p1a: Azumarill","|","|","|switch|p1a: Lanwindowus|Landorus-Therian, M|319/319","|-ability|p1a: Lanwindowus|Intimidate","|-unboost|p2a: Excadrill|atk|1","|turn|10","|","|move|p1a: Lanwindowus|Earthquake|p2a: Excadrill","|-supereffective|p2a: Excadrill","|-damage|p2a: Excadrill|0 fnt","|faint|p2a: Excadrill","|","|","|switch|p2a: Charizard|Charizard, F|297/297","|turn|11","|","|switch|p1a: Mamosbeer|Mamoswine, M|361/361","|detailschange|p2a: Charizard|Charizard-Mega-Y, F","|-mega|p2a: Charizard|Charizard|Charizardite Y","|-weather|SunnyDay","|move|p2a: Charizard|Focus Blast|p1a: Mamosbeer|[miss]","|-miss|p2a: Charizard|p1a: Mamosbeer","|","|-weather|SunnyDay|[upkeep]","|turn|12","|","|move|p2a: Charizard|Focus Blast|p1a: Mamosbeer","|-supereffective|p1a: Mamosbeer","|-damage|p1a: Mamosbeer|0 fnt","|faint|p1a: Mamosbeer","|","|-weather|SunnyDay|[upkeep]","|","|switch|p1a: Lanwindowus|Landorus-Therian, M|319/319","|-ability|p1a: Lanwindowus|Intimidate","|-unboost|p2a: Charizard|atk|1","|turn|13","|","|switch|p2a: Raikou|Raikou, shiny|321/321","|-ability|p2a: Raikou|Pressure","|move|p1a: Lanwindowus|Stone Edge|p2a: Raikou|[miss]","|-miss|p1a: Lanwindowus|p2a: Raikou","|","|-weather|SunnyDay|[upkeep]","|turn|14","|","|switch|p1a: Coldran|Heatran, F|385/385","|move|p2a: Raikou|Aura Sphere|p1a: Coldran","|-supereffective|p1a: Coldran","|-damage|p1a: Coldran|253/385","|","|-weather|SunnyDay|[upkeep]","|-heal|p1a: Coldran|277/385|[from] item: Leftovers","|turn|15","|","|switch|p2a: Charizard|Charizard-Mega-Y, F|297/297","|move|p1a: Coldran|Lava Plume|p2a: Charizard","|-resisted|p2a: Charizard","|-damage|p2a: Charizard|214/297","|","|-weather|none","|-heal|p1a: Coldran|301/385|[from] item: Leftovers","|turn|16","|","|move|p2a: Charizard|Focus Blast|p1a: Coldran|[miss]","|-miss|p2a: Charizard|p1a: Coldran","|move|p1a: Coldran|Toxic|p2a: Charizard","|-status|p2a: Charizard|tox","|","|-heal|p1a: Coldran|325/385|[from] item: Leftovers","|-damage|p2a: Charizard|196/297 tox|[from] psn","|turn|17","|","|move|p2a: Charizard|Focus Blast|p1a: Coldran","|-supereffective|p1a: Coldran","|-damage|p1a: Coldran|67/385","|move|p1a: Coldran|Stealth Rock|p2a: Charizard","|-sidestart|p2: Big Papa Al|move: Stealth Rock","|","|-heal|p1a: Coldran|91/385|[from] item: Leftovers","|-damage|p2a: Charizard|160/297 tox|[from] psn","|turn|18","|","|switch|p1a: Lanwindowus|Landorus-Therian, M|319/319","|-ability|p1a: Lanwindowus|Intimidate","|-unboost|p2a: Charizard|atk|1","|move|p2a: Charizard|Focus Blast|p1a: Lanwindowus","|-resisted|p1a: Lanwindowus","|-damage|p1a: Lanwindowus|225/319","|","|-damage|p2a: Charizard|106/297 tox|[from] psn","|turn|19","|","|move|p1a: Lanwindowus|Stone Edge|p2a: Charizard","|-supereffective|p2a: Charizard","|-damage|p2a: Charizard|0 fnt","|faint|p2a: Charizard","|","|","|switch|p2a: Raikou|Raikou, shiny|321/321","|-damage|p2a: Raikou|281/321|[from] Stealth Rock","|-ability|p2a: Raikou|Pressure","|turn|20","|","|switch|p1a: Coldran|Heatran, F|91/385","|move|p2a: Raikou|Hidden Power|p1a: Coldran","|-resisted|p1a: Coldran","|-damage|p1a: Coldran|79/385","|","|-heal|p1a: Coldran|103/385|[from] item: Leftovers","|turn|21","|","|switch|p2a: Latios|Latios, M|283/301","|-damage|p2a: Latios|246/301|[from] Stealth Rock","|switch|p1a: Hoopa-Bound|Hoopa-Unbound, shiny|307/327","|","|turn|22","|","|move|p2a: Latios|Draco Meteor|p1a: Hoopa-Bound","|-damage|p1a: Hoopa-Bound|80/327","|-unboost|p2a: Latios|spa|2","|-damage|p2a: Latios|216/301|[from] item: Life Orb","|move|p1a: Hoopa-Bound|Knock Off|p2a: Latios","|-supereffective|p2a: Latios","|-damage|p2a: Latios|0 fnt","|-enditem|p2a: Latios|Life Orb|[from] move: Knock Off|[of] p1a: Hoopa-Bound","|faint|p2a: Latios","|","|","|switch|p2a: Raikou|Raikou, shiny|281/321","|-damage|p2a: Raikou|241/321|[from] Stealth Rock","|-ability|p2a: Raikou|Pressure","|turn|23","|","|win|ookillemd-tan"],"p1rating":{"entryid":7276516,"formatid":"ou","userid":"ookillemdtan","username":"ookillemd-tan","r":1500,"rd":130,"sigma":0,"rpr":1540.1606143388,"rprd":122.8583080769,"rpsigma":0,"rptime":1438246800,"w":1,"l":0,"t":0,"gxe":55,"acre":1040,"lacre":1040,"oldacre":1000},"p2rating":{"entryid":7276518,"formatid":"ou","userid":"bigpapaal","username":"Big Papa Al","r":1500,"rd":130,"sigma":0,"rpr":1459.8393856612,"rprd":122.8583080769,"rpsigma":0,"rptime":1438246800,"w":0,"l":1,"t":0,"gxe":45,"acre":1000,"lacre":1000,"oldacre":1000},"endType":"forfeit"}