{"seed":[47392,15766,9076,44064],"turns":35,"p1":"Traine✘ Hoodlum","p2":"Traine X DUDE","p1team":[{"name":"Never Catch Me","species":"gengar","item":"lifeorb","ability":"Levitate","moves":["shadowball","sludgewave","focusblast","taunt"],"nature":"Timid","evs":{"hp":0,"atk":0,"def":0,"spa":252,"spd":4,"spe":252},"ivs":{"hp":31,"atk":0,"def":31,"spa":31,"spd":31,"spe":31}},{"name":"Dead Man's Tetris","species":"lopunny","item":"lopunnite","ability":"Limber","moves":["frustration","highjumpkick","substitute","batonpass"],"nature":"Jolly","evs":{"hp":0,"atk":252,"def":4,"spa":0,"spd":0,"spe":252},"shiny":true,"happiness":0,"ivs":{"hp":31,"atk":31,"def":31,"spa":31,"spd":31,"spe":31}},{"name":"Obligatory Cadence","species":"klefki","item":"leftovers","ability":"Prankster","moves":["foulplay","thunderwave","magnetrise","spikes"],"nature":"Bold","evs":{"hp":252,"atk":0,"def":200,"spa":0,"spd":56,"spe":0},"ivs":{"hp":31,"atk":0,"def":31,"spa":31,"spd":31,"spe":31}},{"name":"Ready err Not","species":"bisharp","item":"lifeorb","ability":"Defiant","moves":["knockoff","ironhead","suckerpunch","pursuit"],"nature":"Adamant","evs":{"hp":0,"atk":252,"def":0,"spa":0,"spd":52,"spe":204},"ivs":{"hp":31,"atk":31,"def":31,"spa":31,"spd":31,"spe":31}},{"name":"Cold Dead","species":"slowbro","item":"leftovers","ability":"Regenerator","moves":["scald","psyshock","calmmind","slackoff"],"nature":"Bold","evs":{"hp":252,"atk":0,"def":232,"spa":0,"spd":24,"spe":0},"ivs":{"hp":31,"atk":0,"def":31,"spa":31,"spd":31,"spe":31}},{"name":"Fkn Dead","species":"heatran","item":"leftovers","ability":"Flash Fire","moves":["lavaplume","stoneedge","toxic","stealthrock"],"nature":"Calm","evs":{"hp":248,"atk":0,"def":8,"spa":0,"spd":252,"spe":0},"ivs":{"hp":31,"atk":31,"def":31,"spa":31,"spd":31,"spe":31}}],"p2team":[{"name":"Landorus-Therian","species":"Landorus-Therian","item":"choicescarf","ability":"Intimidate","moves":["earthquake","uturn","rockslide","superpower"],"nature":"Jolly","evs":{"hp":0,"atk":252,"def":0,"spa":0,"spd":6,"spe":252},"shiny":true,"ivs":{"hp":31,"atk":31,"def":31,"spa":31,"spd":31,"spe":31}},{"name":"Talonflame","species":"Talonflame","item":"leftovers","ability":"Gale Wings","moves":["mefirst","bravebird","flareblitz","uturn"],"nature":"Adamant","evs":{"hp":0,"atk":252,"def":0,"spa":0,"spd":6,"spe":252},"ivs":{"hp":31,"atk":31,"def":31,"spa":31,"spd":31,"spe":31}},{"name":"Bisharp","species":"Bisharp","item":"focussash","ability":"Defiant","moves":["suckerpunch","knockoff","stealthrock","ironhead"],"nature":"Adamant","evs":{"hp":0,"atk":252,"def":0,"spa":0,"spd":10,"spe":25},"shiny":true,"ivs":{"hp":31,"atk":31,"def":31,"spa":31,"spd":31,"spe":31}},{"name":"Conkeldurr","species":"Conkeldurr","item":"flameorb","ability":"Guts","moves":["drainpunch","knockoff","earthquake","machpunch"],"nature":"Adamant","evs":{"hp":248,"atk":252,"def":0,"spa":0,"spd":10,"spe":0},"shiny":true,"ivs":{"hp":31,"atk":31,"def":31,"spa":31,"spd":31,"spe":31}},{"name":"Thundurus","species":"Thundurus","item":"leftovers","ability":"Prankster","moves":["thunderwave","thunderbolt","voltswitch","hiddenpowerice"],"nature":"Timid","evs":{"hp":0,"atk":0,"def":0,"spa":252,"spd":4,"spe":252},"ivs":{"hp":31,"atk":30,"def":30,"spa":31,"spd":31,"spe":31}},{"name":"Venusaur","species":"Venusaur","item":"venusaurite","ability":"Overgrow","moves":["leechseed","synthesis","gigadrain","sludgebomb"],"nature":"Bold","evs":{"hp":248,"atk":0,"def":252,"spa":10,"spd":0,"spe":0},"ivs":{"hp":31,"atk":31,"def":31,"spa":31,"spd":31,"spe":31}}],"log":["|player|p1|Traine✘ Hoodlum|141","|player|p2|Traine X DUDE|248","|gametype|singles","|gen|6","|tier|OU","|rated","|clearpoke","|poke|p1|Gengar, M","|poke|p1|Lopunny, F, shiny","|poke|p1|Klefki, M","|poke|p1|Bisharp, F","|poke|p1|Slowbro, F","|poke|p1|Heatran, M","|poke|p2|Landorus-Therian, M, shiny","|poke|p2|Talonflame, M","|poke|p2|Bisharp, F, shiny","|poke|p2|Conkeldurr, F, shiny","|poke|p2|Thundurus, M","|poke|p2|Venusaur, M","|rule|Swagger Clause: Swagger is banned","|rule|Baton Pass Clause: Limit one Baton Passer, can't pass Spe and other stats simultaneously","|rule|Sleep Clause Mod: Limit one foe put to sleep","|rule|Species Clause: Limit one of each Pokémon","|rule|OHKO Clause: OHKO moves are banned","|rule|Moody Clause: Moody is banned","|rule|Evasion Moves Clause: Evasion moves are banned","|rule|Endless Battle Clause: Forcing endless battles is banned","|rule|HP Percentage Mod: HP is shown in percentages","|teampreview","|","|start","|switch|p1a: Obligatory Cadence|Klefki, M|318/318","|switch|p2a: Landorus-Therian|Landorus-Therian, M, shiny|319/319","|-ability|p2a: Landorus-Therian|Intimidate","|-unboost|p1a: Obligatory Cadence|atk|1","|turn|1","|","|move|p1a: Obligatory Cadence|Magnet Rise|p1a: Obligatory Cadence","|-start|p1a: Obligatory Cadence|Magnet Rise","|move|p2a: Landorus-Therian|Earthquake|p1a: Obligatory Cadence","|-immune|p1a: Obligatory Cadence|[msg]","|","|turn|2","|","|switch|p2a: Talonflame|Talonflame, M|297/297","|move|p1a: Obligatory Cadence|Thunder Wave|p2a: Talonflame","|-status|p2a: Talonflame|par","|","|turn|3","|","|switch|p1a: Fkn Dead|Heatran, M|385/385","|move|p2a: Talonflame|Flare Blitz|p1a: Fkn Dead","|-start|p1a: Fkn Dead|ability: Flash Fire","|","|turn|4","|","|move|p1a: Fkn Dead|Lava Plume|p2a: Talonflame","|-resisted|p2a: Talonflame","|-damage|p2a: Talonflame|168/297 par","|move|p2a: Talonflame|U-turn|p1a: Fkn Dead","|-resisted|p1a: Fkn Dead","|-damage|p1a: Fkn Dead|370/385","|","|switch|p2a: Landorus-Therian|Landorus-Therian, M, shiny|319/319","|-ability|p2a: Landorus-Therian|Intimidate","|-unboost|p1a: Fkn Dead|atk|1","|","|-heal|p1a: Fkn Dead|385/385|[from] item: Leftovers","|turn|5","|","|-end|p1a: Fkn Dead|ability: Flash Fire|[silent]","|switch|p1a: Never Catch Me|Gengar, M|261/261","|move|p2a: Landorus-Therian|U-turn|p1a: Never Catch Me","|-resisted|p1a: Never Catch Me","|-damage|p1a: Never Catch Me|225/261","|","|switch|p2a: Bisharp|Bisharp, F, shiny|271/271","|","|turn|6","|","|switch|p1a: Ready err Not|Bisharp, F|271/271","|move|p2a: Bisharp|Knock Off|p1a: Ready err Not","|-resisted|p1a: Ready err Not","|-damage|p1a: Ready err Not|176/271","|-enditem|p1a: Ready err Not|Life Orb|[from] move: Knock Off|[of] p2a: Bisharp","|","|turn|7","|","|move|p1a: Ready err Not|Pursuit|p2a: Bisharp","|-resisted|p2a: Bisharp","|-damage|p2a: Bisharp|230/271","|move|p2a: Bisharp|Stealth Rock|p1a: Ready err Not","|-sidestart|p1: Traine✘ Hoodlum|move: Stealth Rock","|","|turn|8","|","|move|p1a: Ready err Not|Knock Off|p2a: Bisharp","|-resisted|p2a: Bisharp","|-damage|p2a: Bisharp|140/271","|-enditem|p2a: Bisharp|Focus Sash|[from] move: Knock Off|[of] p1a: Ready err Not","|move|p2a: Bisharp|Iron Head|p1a: Ready err Not","|-resisted|p1a: Ready err Not","|-damage|p1a: Ready err Not|97/271","|","|turn|9","|","|move|p1a: Ready err Not|Iron Head|p2a: Bisharp","|-resisted|p2a: Bisharp","|-damage|p2a: Bisharp|66/271","|move|p2a: Bisharp|Iron Head|p1a: Ready err Not","|-resisted|p1a: Ready err Not","|-damage|p1a: Ready err Not|16/271","|","|turn|10","|","|move|p2a: Bisharp|Sucker Punch|p1a: Ready err Not","|-resisted|p1a: Ready err Not","|-damage|p1a: Ready err Not|0 fnt","|faint|p1a: Ready err Not","|","|","|switch|p1a: Dead Man's Tetris|Lopunny, F, shiny|271/271","|-damage|p1a: Dead Man's Tetris|238/271|[from] Stealth Rock","|turn|11","|","|switch|p2a: Landorus-Therian|Landorus-Therian, M, shiny|319/319","|-ability|p2a: Landorus-Therian|Intimidate","|-unboost|p1a: Dead Man's Tetris|atk|1","|detailschange|p1a: Dead Man's Tetris|Lopunny-Mega, F, shiny","|-mega|p1a: Dead Man's Tetris|Lopunny|Lopunnite","|move|p1a: Dead Man's Tetris|Substitute|p1a: Dead Man's Tetris","|-start|p1a: Dead Man's Tetris|Substitute","|-damage|p1a: Dead Man's Tetris|171/271","|","|turn|12","|","|move|p2a: Landorus-Therian|Earthquake|p1a: Dead Man's Tetris","|-end|p1a: Dead Man's Tetris|Substitute","|move|p1a: Dead Man's Tetris|Baton Pass|p1a: Dead Man's Tetris","|","|switch|p1a: Never Catch Me|Gengar, M|225/261","|-damage|p1a: Never Catch Me|193/261|[from] Stealth Rock","|","|turn|13","|","|switch|p2a: Conkeldurr|Conkeldurr, F, shiny|413/413","|move|p1a: Never Catch Me|Focus Blast|p2a: Conkeldurr|[miss]","|-miss|p1a: Never Catch Me|p2a: Conkeldurr","|","|-status|p2a: Conkeldurr|brn|[from] item: Flame Orb","|turn|14","|","|move|p1a: Never Catch Me|Shadow Ball|p2a: Conkeldurr","|-damage|p2a: Conkeldurr|140/413 brn","|-damage|p1a: Never Catch Me|167/261|[from] item: Life Orb","|move|p2a: Conkeldurr|Knock Off|p1a: Never Catch Me","|-supereffective|p1a: Never Catch Me","|-damage|p1a: Never Catch Me|0 fnt","|-enditem|p1a: Never Catch Me|Life Orb|[from] move: Knock Off|[of] p2a: Conkeldurr","|faint|p1a: Never Catch Me","|","|-damage|p2a: Conkeldurr|89/413 brn|[from] brn","|","|switch|p1a: Dead Man's Tetris|Lopunny-Mega, F, shiny|171/271","|-damage|p1a: Dead Man's Tetris|155/271|[from] Stealth Rock","|turn|15","|","|move|p2a: Conkeldurr|Mach Punch|p1a: Dead Man's Tetris","|-supereffective|p1a: Dead Man's Tetris","|-damage|p1a: Dead Man's Tetris|0 fnt","|faint|p1a: Dead Man's Tetris","|","|-damage|p2a: Conkeldurr|38/413 brn|[from] brn","|","|switch|p1a: Obligatory Cadence|Klefki, M|318/318","|-damage|p1a: Obligatory Cadence|299/318|[from] Stealth Rock","|turn|16","|","|move|p1a: Obligatory Cadence|Foul Play|p2a: Conkeldurr","|-resisted|p2a: Conkeldurr","|-damage|p2a: Conkeldurr|0 fnt","|faint|p2a: Conkeldurr","|","|-heal|p1a: Obligatory Cadence|318/318|[from] item: Leftovers","|","|switch|p2a: Landorus-Therian|Landorus-Therian, M, shiny|319/319","|-ability|p2a: Landorus-Therian|Intimidate","|-unboost|p1a: Obligatory Cadence|atk|1","|turn|17","|","|move|p1a: Obligatory Cadence|Magnet Rise|p1a: Obligatory Cadence","|-start|p1a: Obligatory Cadence|Magnet Rise","|move|p2a: Landorus-Therian|Earthquake|p1a: Obligatory Cadence","|-immune|p1a: Obligatory Cadence|[msg]","|","|turn|18","|","|switch|p2a: Talonflame|Talonflame, M|168/297 par","|move|p1a: Obligatory Cadence|Foul Play|p2a: Talonflame","|-crit|p2a: Talonflame","|-damage|p2a: Talonflame|0 fnt","|faint|p2a: Talonflame","|","|","|switch|p2a: Venusaur|Venusaur, M|363/363","|turn|19","|","|move|p2a: Venusaur|Leech Seed|p1a: Obligatory Cadence","|-start|p1a: Obligatory Cadence|move: Leech Seed","|move|p1a: Obligatory Cadence|Foul Play|p2a: Venusaur","|-crit|p2a: Venusaur","|-damage|p2a: Venusaur|297/363","|","|-damage|p1a: Obligatory Cadence|279/318|[from] Leech Seed|[of] p2a: Venusaur","|-heal|p2a: Venusaur|336/363|[silent]","|turn|20","|","|switch|p1a: Cold Dead|Slowbro, F|394/394","|-damage|p1a: Cold Dead|345/394|[from] Stealth Rock","|move|p2a: Venusaur|Giga Drain|p1a: Cold Dead","|-supereffective|p1a: Cold Dead","|-damage|p1a: Cold Dead|141/394","|-heal|p2a: Venusaur|363/363|[from] drain|[of] p1a: Cold Dead","|","|-heal|p1a: Cold Dead|165/394|[from] item: Leftovers","|turn|21","|","|switch|p1a: Fkn Dead|Heatran, M|385/385","|-damage|p1a: Fkn Dead|337/385|[from] Stealth Rock","|move|p2a: Venusaur|Giga Drain|p1a: Fkn Dead","|-resisted|p1a: Fkn Dead","|-damage|p1a: Fkn Dead|322/385","|","|-heal|p1a: Fkn Dead|346/385|[from] item: Leftovers","|turn|22","|","|detailschange|p2a: Venusaur|Venusaur-Mega, M","|-mega|p2a: Venusaur|Venusaur|Venusaurite","|move|p2a: Venusaur|Leech Seed|p1a: Fkn Dead","|-start|p1a: Fkn Dead|move: Leech Seed","|move|p1a: Fkn Dead|Lava Plume|p2a: Venusaur","|-supereffective|p2a: Venusaur","|-damage|p2a: Venusaur|255/363","|-status|p2a: Venusaur|brn","|","|-heal|p1a: Fkn Dead|370/385|[from] item: Leftovers","|-damage|p1a: Fkn Dead|322/385|[from] Leech Seed|[of] p2a: Venusaur","|-heal|p2a: Venusaur|303/363 brn|[silent]","|-damage|p2a: Venusaur|258/363 brn|[from] brn","|turn|23","|","|switch|p1a: Obligatory Cadence|Klefki, M|279/318","|-damage|p1a: Obligatory Cadence|260/318|[from] Stealth Rock","|move|p2a: Venusaur|Giga Drain|p1a: Obligatory Cadence","|-resisted|p1a: Obligatory Cadence","|-damage|p1a: Obligatory Cadence|203/318","|-heal|p2a: Venusaur|287/363 brn|[from] drain|[of] p1a: Obligatory Cadence","|","|-heal|p1a: Obligatory Cadence|222/318|[from] item: Leftovers","|-damage|p2a: Venusaur|242/363 brn|[from] brn","|turn|24","|","|switch|p2a: Thundurus|Thundurus, M|299/299","|move|p1a: Obligatory Cadence|Foul Play|p2a: Thundurus","|-damage|p2a: Thundurus|191/299","|","|-heal|p2a: Thundurus|209/299|[from] item: Leftovers","|-heal|p1a: Obligatory Cadence|241/318|[from] item: Leftovers","|turn|25","|","|switch|p1a: Fkn Dead|Heatran, M|322/385","|-damage|p1a: Fkn Dead|274/385|[from] Stealth Rock","|move|p2a: Thundurus|Thunder Wave|p1a: Fkn Dead","|-status|p1a: Fkn Dead|par","|","|-heal|p2a: Thundurus|227/299|[from] item: Leftovers","|-heal|p1a: Fkn Dead|298/385 par|[from] item: Leftovers","|turn|26","|","|move|p2a: Thundurus|Thunderbolt|p1a: Fkn Dead","|-damage|p1a: Fkn Dead|193/385 par","|move|p1a: Fkn Dead|Stone Edge|p2a: Thundurus","|-supereffective|p2a: Thundurus","|-damage|p2a: Thundurus|55/299","|","|-heal|p2a: Thundurus|73/299|[from] item: Leftovers","|-heal|p1a: Fkn Dead|217/385 par|[from] item: Leftovers","|turn|27","|","|move|p2a: Thundurus|Thunderbolt|p1a: Fkn Dead","|-damage|p1a: Fkn Dead|103/385 par","|cant|p1a: Fkn Dead|par","|","|-heal|p2a: Thundurus|91/299|[from] item: Leftovers","|-heal|p1a: Fkn Dead|127/385 par|[from] item: Leftovers","|turn|28","|","|move|p2a: Thundurus|Thunderbolt|p1a: Fkn Dead","|-damage|p1a: Fkn Dead|27/385 par","|cant|p1a: Fkn Dead|par","|","|-heal|p2a: Thundurus|109/299|[from] item: Leftovers","|-heal|p1a: Fkn Dead|51/385 par|[from] item: Leftovers","|turn|29","|","|move|p2a: Thundurus|Thunderbolt|p1a: Fkn Dead","|-crit|p1a: Fkn Dead","|-damage|p1a: Fkn Dead|0 fnt","|faint|p1a: Fkn Dead","|","|-heal|p2a: Thundurus|127/299|[from] item: Leftovers","|","|switch|p1a: Obligatory Cadence|Klefki, M|241/318","|-damage|p1a: Obligatory Cadence|222/318|[from] Stealth Rock","|turn|30","|","|move|p2a: Thundurus|Thunder Wave|p1a: Obligatory Cadence","|-status|p1a: Obligatory Cadence|par","|move|p1a: Obligatory Cadence|Foul Play|p2a: Thundurus","|-damage|p2a: Thundurus|19/299","|","|-heal|p2a: Thundurus|37/299|[from] item: Leftovers","|-heal|p1a: Obligatory Cadence|241/318 par|[from] item: Leftovers","|turn|31","|","|move|p2a: Thundurus|Thunderbolt|p1a: Obligatory Cadence","|-damage|p1a: Obligatory Cadence|88/318 par","|move|p1a: Obligatory Cadence|Foul Play|p2a: Thundurus","|-crit|p2a: Thundurus","|-damage|p2a: Thundurus|0 fnt","|faint|p2a: Thundurus","|","|-heal|p1a: Obligatory Cadence|107/318 par|[from] item: Leftovers","|","|switch|p2a: Landorus-Therian|Landorus-Therian, M, shiny|319/319","|-ability|p2a: Landorus-Therian|Intimidate","|-unboost|p1a: Obligatory Cadence|atk|1","|turn|32","|","|cant|p1a: Obligatory Cadence|par","|move|p2a: Landorus-Therian|Superpower|p1a: Obligatory Cadence","|-damage|p1a: Obligatory Cadence|0 fnt","|-unboost|p2a: Landorus-Therian|atk|1","|-unboost|p2a: Landorus-Therian|def|1","|faint|p1a: Obligatory Cadence","|","|","|switch|p1a: Cold Dead|Slowbro, F|296/394","|-damage|p1a: Cold Dead|247/394|[from] Stealth Rock","|turn|33","|","|switch|p2a: Venusaur|Venusaur-Mega, M|242/363 brn","|move|p1a: Cold Dead|Psyshock|p2a: Venusaur","|-supereffective|p2a: Venusaur","|-damage|p2a: Venusaur|114/363 brn","|","|-heal|p1a: Cold Dead|271/394|[from] item: Leftovers","|-damage|p2a: Venusaur|69/363 brn|[from] brn","|turn|34","|","|move|p2a: Venusaur|Giga Drain|p1a: Cold Dead","|-supereffective|p1a: Cold Dead","|-damage|p1a: Cold Dead|13/394","|-heal|p2a: Venusaur|198/363 brn|[from] drain|[of] p1a: Cold Dead","|move|p1a: Cold Dead|Calm Mind|p1a: Cold Dead","|-boost|p1a: Cold Dead|spa|1","|-boost|p1a: Cold Dead|spd|1","|","|-heal|p1a: Cold Dead|37/394|[from] item: Leftovers","|-damage|p2a: Venusaur|153/363 brn|[from] brn","|turn|35","|","|move|p2a: Venusaur|Giga Drain|p1a: Cold Dead","|-supereffective|p1a: Cold Dead","|-damage|p1a: Cold Dead|0 fnt","|-heal|p2a: Venusaur|172/363 brn|[from] drain|[of] p1a: Cold Dead","|faint|p1a: Cold Dead","|","|win|Traine X DUDE"],"p1rating":{"entryid":7276502,"formatid":"ou","userid":"trainehoodlum","username":"Traine✘ Hoodlum","r":1500,"rd":130,"sigma":0,"rpr":1459.8393856612,"rprd":122.8583080769,"rpsigma":0,"rptime":1438246800,"w":0,"l":1,"t":0,"gxe":45,"acre":1000,"lacre":1000,"oldacre":1000},"p2rating":{"entryid":7276503,"formatid":"ou","userid":"trainexdude","username":"Traine X DUDE","r":1500,"rd":130,"sigma":0,"rpr":1540.1606143388,"rprd":122.8583080769,"rpsigma":0,"rptime":1438246800,"w":1,"l":0,"t":0,"gxe":55,"acre":1040,"lacre":1040,"oldacre":1000},"endType":"normal"}