{"seed":[15288,58230,64092,41031],"turns":47,"p1":"tkbr","p2":"noah9280","p1team":[{"name":"beijinho","species":"diancie","item":"diancite","ability":"Clear Body","moves":["moonblast","diamondstorm","earthpower","protect"],"nature":"Naive","evs":{"hp":0,"atk":0,"def":4,"spa":252,"spd":0,"spe":252},"ivs":{"hp":31,"atk":31,"def":31,"spa":31,"spd":31,"spe":31}},{"name":"aquamarine","species":"manaphy","item":"leftovers","ability":"Hydration","moves":["tailglow","surf","energyball","frustration"],"nature":"Timid","evs":{"hp":88,"atk":0,"def":0,"spa":252,"spd":0,"spe":168},"ivs":{"hp":31,"atk":30,"def":31,"spa":30,"spd":31,"spe":30},"shiny":true,"happiness":0},{"name":"ferro","species":"ferrothorn","item":"leftovers","ability":"Iron Barbs","moves":["thunderwave","leechseed","protect","powerwhip"],"nature":"Relaxed","evs":{"hp":248,"atk":0,"def":92,"spa":0,"spd":168,"spe":0},"gender":"M","shiny":true,"ivs":{"hp":31,"atk":31,"def":31,"spa":31,"spd":31,"spe":31}},{"name":"Victini","species":"Victini","item":"choiceband","ability":"Victory Star","moves":["vcreate","boltstrike","trick","uturn"],"nature":"Adamant","evs":{"hp":0,"atk":252,"def":4,"spa":0,"spd":0,"spe":252},"ivs":{"hp":31,"atk":31,"def":31,"spa":31,"spd":31,"spe":31}},{"name":"Garchomp","species":"Garchomp","item":"rockyhelmet","ability":"Rough Skin","moves":["stealthrock","earthquake","dragontail","fireblast"],"nature":"Impish","evs":{"hp":248,"atk":0,"def":168,"spa":0,"spd":0,"spe":92},"gender":"M","shiny":true,"ivs":{"hp":31,"atk":31,"def":31,"spa":31,"spd":31,"spe":31}},{"name":"Latios","species":"Latios","item":"lifeorb","ability":"Levitate","moves":["dracometeor","defog","roost","psyshock"],"nature":"Timid","evs":{"hp":0,"atk":0,"def":0,"spa":252,"spd":4,"spe":252},"shiny":true,"ivs":{"hp":31,"atk":31,"def":31,"spa":31,"spd":31,"spe":31}}],"p2team":[{"name":"Hoopa-Unbound","species":"Hoopa-Unbound","item":"lifeorb","ability":"Magician","moves":["drainpunch","firepunch","gunkshot","hyperspacefury"],"nature":"Jolly","evs":{"hp":0,"atk":252,"def":0,"spa":0,"spd":4,"spe":252},"ivs":{"hp":31,"atk":31,"def":31,"spa":31,"spd":31,"spe":31}},{"name":"Gengar","species":"Gengar","item":"choicescarf","ability":"Levitate","moves":["shadowball","thunderbolt","sludgewave","icywind"],"nature":"Modest","evs":{"hp":0,"atk":0,"def":0,"spa":252,"spd":4,"spe":252},"shiny":true,"ivs":{"hp":31,"atk":31,"def":31,"spa":31,"spd":31,"spe":31}},{"name":"Gliscor","species":"Gliscor","item":"toxicorb","ability":"Poison Heal","moves":["earthquake","roost","toxic","stealthrock"],"nature":"Impish","evs":{"hp":248,"atk":0,"def":188,"spa":0,"spd":0,"spe":72},"gender":"M","shiny":true,"ivs":{"hp":31,"atk":31,"def":31,"spa":31,"spd":31,"spe":31}},{"name":"Sylveon","species":"Sylveon","item":"leftovers","ability":"Pixilate","moves":["hypervoice","protect","calmmind","wish"],"nature":"Bold","evs":{"hp":252,"atk":0,"def":252,"spa":4,"spd":0,"spe":0},"gender":"F","ivs":{"hp":31,"atk":31,"def":31,"spa":31,"spd":31,"spe":31}},{"name":"Dragonite","species":"Dragonite","item":"leftovers","ability":"Multiscale","moves":["dragondance","outrage","earthquake","roost"],"nature":"Jolly","evs":{"hp":252,"atk":36,"def":0,"spa":0,"spd":0,"spe":220},"shiny":true,"ivs":{"hp":31,"atk":31,"def":31,"spa":31,"spd":31,"spe":31}},{"name":"Venusaur","species":"Venusaur","item":"venusaurite","ability":"Overgrow","moves":["synthesis","gigadrain","hiddenpowerfire","sludgebomb"],"nature":"Modest","evs":{"hp":248,"atk":0,"def":0,"spa":252,"spd":8,"spe":0},"gender":"M","ivs":{"hp":31,"atk":30,"def":31,"spa":30,"spd":31,"spe":30},"shiny":true}],"log":["|player|p1|tkbr|1","|player|p2|noah9280|68","|gametype|singles","|gen|6","|tier|OU","|rated","|clearpoke","|poke|p1|Diancie","|poke|p1|Manaphy, shiny","|poke|p1|Ferrothorn, M, shiny","|poke|p1|Victini","|poke|p1|Garchomp, M, shiny","|poke|p1|Latios, M, shiny","|poke|p2|Hoopa-Unbound","|poke|p2|Gengar, F, shiny","|poke|p2|Gliscor, M, shiny","|poke|p2|Sylveon, F","|poke|p2|Dragonite, F, shiny","|poke|p2|Venusaur, M, shiny","|rule|Swagger Clause: Swagger is banned","|rule|Baton Pass Clause: Limit one Baton Passer, can't pass Spe and other stats simultaneously","|rule|Sleep Clause Mod: Limit one foe put to sleep","|rule|Species Clause: Limit one of each Pokémon","|rule|OHKO Clause: OHKO moves are banned","|rule|Moody Clause: Moody is banned","|rule|Evasion Moves Clause: Evasion moves are banned","|rule|Endless Battle Clause: Forcing endless battles is banned","|rule|HP Percentage Mod: HP is shown in percentages","|teampreview","|","|start","|switch|p1a: Garchomp|Garchomp, M, shiny|419/419","|switch|p2a: Gengar|Gengar, F, shiny|261/261","|turn|1","|","|move|p2a: Gengar|Icy Wind|p1a: Garchomp","|-supereffective|p1a: Garchomp","|-damage|p1a: Garchomp|71/419","|-unboost|p1a: Garchomp|spe|1","|move|p1a: Garchomp|Stealth Rock|p2a: Gengar","|-sidestart|p2: noah9280|move: Stealth Rock","|","|turn|2","|","|switch|p1a: Victini|Victini|341/341","|move|p2a: Gengar|Icy Wind|p1a: Victini","|-resisted|p1a: Victini","|-damage|p1a: Victini|308/341","|-unboost|p1a: Victini|spe|1","|","|turn|3","|","|switch|p2a: Gliscor|Gliscor, M, shiny|353/353","|-damage|p2a: Gliscor|309/353|[from] Stealth Rock","|move|p1a: Victini|Trick|p2a: Gliscor","|-activate|p1a: Victini|move: Trick|[of] p2a: Gliscor","|-item|p2a: Gliscor|Choice Band|[from] move: Trick","|-item|p1a: Victini|Toxic Orb|[from] move: Trick","|","|-status|p1a: Victini|tox|[from] item: Toxic Orb","|turn|4","|","|switch|p1a: Garchomp|Garchomp, M, shiny|71/419","|move|p2a: Gliscor|Stealth Rock|p1a: Garchomp","|-sidestart|p1: tkbr|move: Stealth Rock","|","|turn|5","|","|switch|p2a: Gengar|Gengar, F, shiny|261/261","|-damage|p2a: Gengar|229/261|[from] Stealth Rock","|move|p1a: Garchomp|Dragon Tail|p2a: Gengar","|-damage|p2a: Gengar|106/261","|drag|p2a: Venusaur|Venusaur, M, shiny|363/363","|-damage|p2a: Venusaur|318/363|[from] Stealth Rock","|","|turn|6","|","|detailschange|p2a: Venusaur|Venusaur-Mega, M, shiny","|-mega|p2a: Venusaur|Venusaur|Venusaurite","|move|p2a: Venusaur|Giga Drain|p1a: Garchomp","|-damage|p1a: Garchomp|0 fnt","|-heal|p2a: Venusaur|354/363|[from] drain|[of] p1a: Garchomp","|faint|p1a: Garchomp","|","|","|switch|p1a: Victini|Victini|308/341 tox","|-damage|p1a: Victini|223/341 tox|[from] Stealth Rock","|turn|7","|","|switch|p2a: Gliscor|Gliscor, M, shiny|309/353","|-damage|p2a: Gliscor|265/353|[from] Stealth Rock","|move|p1a: Victini|Trick|p2a: Gliscor","|-activate|p1a: Victini|move: Trick|[of] p2a: Gliscor","|-item|p2a: Gliscor|Toxic Orb|[from] move: Trick","|-item|p1a: Victini|Choice Band|[from] move: Trick","|","|-damage|p1a: Victini|202/341 tox|[from] psn","|-status|p2a: Gliscor|tox|[from] item: Toxic Orb","|turn|8","|","|move|p1a: Victini|Trick|p2a: Gliscor","|-activate|p1a: Victini|move: Trick|[of] p2a: Gliscor","|-item|p2a: Gliscor|Choice Band|[from] move: Trick","|-item|p1a: Victini|Toxic Orb|[from] move: Trick","|move|p2a: Gliscor|Roost|p2a: Gliscor","|-heal|p2a: Gliscor|353/353 tox","|","|-damage|p1a: Victini|160/341 tox|[from] psn","|turn|9","|","|move|p1a: Victini|Bolt Strike|p2a: Gliscor","|-immune|p2a: Gliscor|[msg]","|move|p2a: Gliscor|Roost|p2a: Gliscor","|-fail|p2a: Gliscor","|","|-damage|p1a: Victini|97/341 tox|[from] psn","|turn|10","|","|switch|p1a: aquamarine|Manaphy, shiny|363/363","|-damage|p1a: aquamarine|318/363|[from] Stealth Rock","|move|p2a: Gliscor|Roost|p2a: Gliscor","|-fail|p2a: Gliscor","|","|-heal|p1a: aquamarine|340/363|[from] item: Leftovers","|turn|11","|","|switch|p2a: Gengar|Gengar, F, shiny|106/261","|-damage|p2a: Gengar|74/261|[from] Stealth Rock","|move|p1a: aquamarine|Energy Ball|p2a: Gengar","|-resisted|p2a: Gengar","|-damage|p2a: Gengar|21/261","|","|-heal|p1a: aquamarine|362/363|[from] item: Leftovers","|turn|12","|","|move|p2a: Gengar|Thunderbolt|p1a: aquamarine","|-supereffective|p1a: aquamarine","|-damage|p1a: aquamarine|112/363","|move|p1a: aquamarine|Surf|p2a: Gengar","|-damage|p2a: Gengar|0 fnt","|faint|p2a: Gengar","|","|-heal|p1a: aquamarine|134/363|[from] item: Leftovers","|","|switch|p2a: Venusaur|Venusaur-Mega, M, shiny|354/363","|-damage|p2a: Venusaur|309/363|[from] Stealth Rock","|turn|13","|","|switch|p1a: ferro|Ferrothorn, M, shiny|351/351","|-damage|p1a: ferro|330/351|[from] Stealth Rock","|move|p2a: Venusaur|Sludge Bomb|p1a: ferro","|-immune|p1a: ferro|[msg]","|","|-heal|p1a: ferro|351/351|[from] item: Leftovers","|turn|14","|","|switch|p1a: Latios|Latios, M, shiny|301/301","|-damage|p1a: Latios|264/301|[from] Stealth Rock","|move|p2a: Venusaur|Hidden Power|p1a: Latios","|-resisted|p1a: Latios","|-damage|p1a: Latios|230/301","|","|turn|15","|","|switch|p2a: Sylveon|Sylveon, F|394/394","|-damage|p2a: Sylveon|345/394|[from] Stealth Rock","|move|p1a: Latios|Psyshock|p2a: Sylveon","|-damage|p2a: Sylveon|157/394","|-damage|p1a: Latios|200/301|[from] item: Life Orb","|","|-heal|p2a: Sylveon|181/394|[from] item: Leftovers","|turn|16","|","|move|p2a: Sylveon|Protect|p2a: Sylveon","|-singleturn|p2a: Sylveon|Protect","|move|p1a: Latios|Psyshock|p2a: Sylveon","|-activate|p2a: Sylveon|Protect","|","|-heal|p2a: Sylveon|205/394|[from] item: Leftovers","|turn|17","|","|move|p1a: Latios|Psyshock|p2a: Sylveon","|-damage|p2a: Sylveon|40/394","|-damage|p1a: Latios|170/301|[from] item: Life Orb","|move|p2a: Sylveon|Wish|p2a: Sylveon","|","|-heal|p2a: Sylveon|64/394|[from] item: Leftovers","|turn|18","|","|move|p2a: Sylveon|Protect|p2a: Sylveon","|-singleturn|p2a: Sylveon|Protect","|move|p1a: Latios|Draco Meteor|p2a: Sylveon","|-immune|p2a: Sylveon|[msg]","|","|-heal|p2a: Sylveon|261/394|[from] move: Wish|[wisher] Sylveon","|-heal|p2a: Sylveon|285/394|[from] item: Leftovers","|turn|19","|","|move|p1a: Latios|Defog|p2a: Sylveon","|-unboost|p2a: Sylveon|evasion|1","|-sideend|p2: noah9280|Stealth Rock|[from] move: Defog|[of] p2a: Sylveon","|-sideend|p1: tkbr|Stealth Rock|[from] move: Defog|[of] p1a: Latios","|move|p2a: Sylveon|Calm Mind|p2a: Sylveon","|-boost|p2a: Sylveon|spa|1","|-boost|p2a: Sylveon|spd|1","|","|-heal|p2a: Sylveon|309/394|[from] item: Leftovers","|turn|20","|","|move|p2a: Sylveon|Protect|p2a: Sylveon","|-singleturn|p2a: Sylveon|Protect","|move|p1a: Latios|Psyshock|p2a: Sylveon","|-activate|p2a: Sylveon|Protect","|","|-heal|p2a: Sylveon|333/394|[from] item: Leftovers","|turn|21","|","|switch|p1a: ferro|Ferrothorn, M, shiny|351/351","|move|p2a: Sylveon|Calm Mind|p2a: Sylveon","|-boost|p2a: Sylveon|spa|1","|-boost|p2a: Sylveon|spd|1","|","|-heal|p2a: Sylveon|357/394|[from] item: Leftovers","|turn|22","|","|move|p2a: Sylveon|Hyper Voice|p1a: ferro","|-resisted|p1a: ferro","|-damage|p1a: ferro|241/351","|move|p1a: ferro|Thunder Wave|p2a: Sylveon","|-status|p2a: Sylveon|par","|","|-heal|p1a: ferro|262/351|[from] item: Leftovers","|-heal|p2a: Sylveon|381/394 par|[from] item: Leftovers","|turn|23","|","|switch|p2a: Dragonite|Dragonite, F, shiny|386/386","|move|p1a: ferro|Leech Seed|p2a: Dragonite|[miss]","|-miss|p1a: ferro|p2a: Dragonite","|","|-heal|p1a: ferro|283/351|[from] item: Leftovers","|turn|24","|","|switch|p2a: Gliscor|Gliscor, M, shiny|353/353 tox","|switch|p1a: beijinho|Diancie|241/241","|","|turn|25","|","|detailschange|p1a: beijinho|Diancie-Mega","|-mega|p1a: beijinho|Diancie|Diancite","|move|p2a: Gliscor|Earthquake|p1a: beijinho","|-supereffective|p1a: beijinho","|-damage|p1a: beijinho|0 fnt","|faint|p1a: beijinho","|","|","|switch|p1a: aquamarine|Manaphy, shiny|134/363","|turn|26","|","|move|p1a: aquamarine|Surf|p2a: Gliscor","|-supereffective|p2a: Gliscor","|-damage|p2a: Gliscor|0 fnt","|faint|p2a: Gliscor","|","|-heal|p1a: aquamarine|156/363|[from] item: Leftovers","|","|switch|p2a: Dragonite|Dragonite, F, shiny|386/386","|turn|27","|","|move|p1a: aquamarine|Frustration|p2a: Dragonite","|-damage|p2a: Dragonite|350/386","|move|p2a: Dragonite|Dragon Dance|p2a: Dragonite","|-boost|p2a: Dragonite|atk|1","|-boost|p2a: Dragonite|spe|1","|","|-heal|p2a: Dragonite|374/386|[from] item: Leftovers","|-heal|p1a: aquamarine|178/363|[from] item: Leftovers","|turn|28","|","|move|p2a: Dragonite|Dragon Dance|p2a: Dragonite","|-boost|p2a: Dragonite|atk|1","|-boost|p2a: Dragonite|spe|1","|move|p1a: aquamarine|Frustration|p2a: Dragonite","|-damage|p2a: Dragonite|295/386","|","|-heal|p2a: Dragonite|319/386|[from] item: Leftovers","|-heal|p1a: aquamarine|200/363|[from] item: Leftovers","|turn|29","|","|move|p2a: Dragonite|Dragon Dance|p2a: Dragonite","|-boost|p2a: Dragonite|atk|1","|-boost|p2a: Dragonite|spe|1","|move|p1a: aquamarine|Frustration|p2a: Dragonite","|-damage|p2a: Dragonite|243/386","|","|-heal|p2a: Dragonite|267/386|[from] item: Leftovers","|-heal|p1a: aquamarine|222/363|[from] item: Leftovers","|turn|30","|","|move|p2a: Dragonite|Roost|p2a: Dragonite","|-heal|p2a: Dragonite|386/386","|move|p1a: aquamarine|Tail Glow|p1a: aquamarine","|-boost|p1a: aquamarine|spa|3","|","|-heal|p1a: aquamarine|244/363|[from] item: Leftovers","|turn|31","|","|move|p2a: Dragonite|Outrage|p1a: aquamarine","|-damage|p1a: aquamarine|0 fnt","|faint|p1a: aquamarine","|","|","|switch|p1a: ferro|Ferrothorn, M, shiny|283/351","|turn|32","|","|move|p1a: ferro|Protect|p1a: ferro","|-singleturn|p1a: ferro|Protect","|move|p2a: Dragonite|Outrage|p1a: ferro","|-activate|p1a: ferro|Protect","|","|-heal|p1a: ferro|304/351|[from] item: Leftovers","|turn|33","|","|move|p2a: Dragonite|Earthquake|p1a: ferro","|-damage|p1a: ferro|133/351","|move|p1a: ferro|Thunder Wave|p2a: Dragonite","|-status|p2a: Dragonite|par","|","|-heal|p1a: ferro|154/351|[from] item: Leftovers","|turn|34","|","|move|p2a: Dragonite|Dragon Dance|p2a: Dragonite","|-boost|p2a: Dragonite|atk|1","|-boost|p2a: Dragonite|spe|1","|move|p1a: ferro|Leech Seed|p2a: Dragonite","|-start|p2a: Dragonite|move: Leech Seed","|","|-heal|p1a: ferro|175/351|[from] item: Leftovers","|-damage|p2a: Dragonite|338/386 par|[from] Leech Seed|[of] p1a: ferro","|-heal|p1a: ferro|223/351|[silent]","|turn|35","|","|switch|p1a: Latios|Latios, M, shiny|170/301","|cant|p2a: Dragonite|par","|","|-heal|p2a: Dragonite|362/386 par|[from] item: Leftovers","|-damage|p2a: Dragonite|314/386 par|[from] Leech Seed|[of] p1a: Latios","|-heal|p1a: Latios|218/301|[silent]","|turn|36","|","|move|p1a: Latios|Draco Meteor|p2a: Dragonite","|-supereffective|p2a: Dragonite","|-damage|p2a: Dragonite|0 fnt","|-unboost|p1a: Latios|spa|2","|-damage|p1a: Latios|188/301|[from] item: Life Orb","|faint|p2a: Dragonite","|","|","|switch|p2a: Sylveon|Sylveon, F|381/394 par","|turn|37","|","|switch|p1a: ferro|Ferrothorn, M, shiny|223/351","|cant|p2a: Sylveon|par","|","|-heal|p1a: ferro|244/351|[from] item: Leftovers","|-heal|p2a: Sylveon|394/394 par|[from] item: Leftovers","|turn|38","|","|move|p1a: ferro|Power Whip|p2a: Sylveon","|-damage|p2a: Sylveon|270/394 par","|move|p2a: Sylveon|Calm Mind|p2a: Sylveon","|-boost|p2a: Sylveon|spa|1","|-boost|p2a: Sylveon|spd|1","|","|-heal|p1a: ferro|265/351|[from] item: Leftovers","|-heal|p2a: Sylveon|294/394 par|[from] item: Leftovers","|turn|39","|","|move|p2a: Sylveon|Protect|p2a: Sylveon","|-singleturn|p2a: Sylveon|Protect","|move|p1a: ferro|Leech Seed|p2a: Sylveon","|-activate|p2a: Sylveon|Protect","|","|-heal|p1a: ferro|286/351|[from] item: Leftovers","|-heal|p2a: Sylveon|318/394 par|[from] item: Leftovers","|turn|40","|","|switch|p2a: Venusaur|Venusaur-Mega, M, shiny|309/363","|move|p1a: ferro|Leech Seed|p2a: Venusaur","|-immune|p2a: Venusaur|[msg]","|","|-heal|p1a: ferro|307/351|[from] item: Leftovers","|turn|41","|","|move|p1a: ferro|Protect|p1a: ferro","|-singleturn|p1a: ferro|Protect","|move|p2a: Venusaur|Sludge Bomb|p1a: ferro","|-immune|p1a: ferro|[msg]","|","|-heal|p1a: ferro|328/351|[from] item: Leftovers","|turn|42","|","|move|p2a: Venusaur|Hidden Power|p1a: ferro","|-supereffective|p1a: ferro","|-damage|p1a: ferro|116/351","|move|p1a: ferro|Thunder Wave|p2a: Venusaur","|-status|p2a: Venusaur|par","|","|-heal|p1a: ferro|137/351|[from] item: Leftovers","|turn|43","|","|switch|p1a: Victini|Victini|97/341 tox","|move|p2a: Venusaur|Hidden Power|p1a: Victini","|-resisted|p1a: Victini","|-damage|p1a: Victini|60/341 tox","|","|-damage|p1a: Victini|39/341 tox|[from] psn","|turn|44","|","|move|p1a: Victini|V-create|p2a: Venusaur","|-supereffective|p2a: Venusaur","|-damage|p2a: Venusaur|45/363 par","|-unboost|p1a: Victini|def|1","|-unboost|p1a: Victini|spd|1","|-unboost|p1a: Victini|spe|1","|move|p2a: Venusaur|Synthesis|p2a: Venusaur","|-heal|p2a: Venusaur|226/363 par","|","|-damage|p1a: Victini|0 fnt|[from] psn","|faint|p1a: Victini","|","|switch|p1a: Latios|Latios, M, shiny|188/301","|turn|45","|","|move|p1a: Latios|Psyshock|p2a: Venusaur","|-supereffective|p2a: Venusaur","|-damage|p2a: Venusaur|0 fnt","|-damage|p1a: Latios|158/301|[from] item: Life Orb","|faint|p2a: Venusaur","|","|","|switch|p2a: Hoopa-Unbound|Hoopa-Unbound|301/301","|turn|46","|","|move|p1a: Latios|Draco Meteor|p2a: Hoopa-Unbound","|-damage|p2a: Hoopa-Unbound|81/301","|-unboost|p1a: Latios|spa|2","|-damage|p1a: Latios|128/301|[from] item: Life Orb","|move|p2a: Hoopa-Unbound|Hyperspace Fury|p1a: Latios","|-supereffective|p1a: Latios","|-damage|p1a: Latios|0 fnt","|-unboost|p2a: Hoopa-Unbound|def|1","|-damage|p2a: Hoopa-Unbound|51/301|[from] item: Life Orb","|faint|p1a: Latios","|","|","|switch|p1a: ferro|Ferrothorn, M, shiny|137/351","|turn|47","|","|move|p2a: Hoopa-Unbound|Fire Punch|p1a: ferro","|-supereffective|p1a: ferro","|-damage|p1a: ferro|0 fnt","|-damage|p2a: Hoopa-Unbound|14/301|[from] ability: Iron Barbs|[of] p1a: ferro","|-damage|p2a: Hoopa-Unbound|0 fnt|[from] item: Life Orb","|faint|p1a: ferro","|faint|p2a: Hoopa-Unbound","|","|win|noah9280"],"p1rating":{"entryid":"7256175","serverid":"eos","formatid":"ou","userid":"tkbr","username":"tkbr","w":"1","l":1,"t":"0","gxe":50,"r":"1540.1606143388","rd":"122.8583080769","sigma":"0","rptime":"1438246800","rpr":1499.970724027,"rprd":116.84146468108,"rpsigma":"0","acre":1022.1660277196,"lacre":1022.1660277196,"oldacre":"1040"},"p2rating":{"entryid":7276574,"formatid":"ou","userid":"noah9280","username":"noah9280","r":1500,"rd":130,"sigma":0,"rpr":1544.7991079654,"rprd":122.83141802352,"rpsigma":0,"rptime":1438246800,"w":1,"l":0,"t":0,"gxe":55.6,"acre":1044.584930701,"lacre":1044.584930701,"oldacre":1000},"endType":"normal"}