{"seed":[5864,1719,21178,61529],"turns":20,"p1":"stuner323","p2":"Big Papa Al","p1team":[{"name":"Weavile","species":"Weavile","item":"lifeorb","ability":"Pressure","moves":["iceshard","knockoff","pursuit","icepunch"],"nature":"Jolly","evs":{"hp":0,"atk":252,"def":0,"spa":0,"spd":4,"spe":252},"ivs":{"hp":31,"atk":31,"def":31,"spa":31,"spd":31,"spe":31}},{"name":"Magnezone","species":"Magnezone","item":"choicescarf","ability":"Magnet Pull","moves":["hiddenpowerfire","voltswitch","thunderbolt","flashcannon"],"nature":"Timid","evs":{"hp":0,"atk":0,"def":0,"spa":252,"spd":4,"spe":252},"ivs":{"hp":31,"atk":30,"def":31,"spa":30,"spd":31,"spe":30}},{"name":"Celebi","species":"Celebi","item":"lifeorb","ability":"Natural Cure","moves":["nastyplot","earthpower","gigadrain","psychic"],"nature":"Timid","evs":{"hp":0,"atk":0,"def":0,"spa":252,"spd":4,"spe":252},"ivs":{"hp":31,"atk":31,"def":31,"spa":31,"spd":31,"spe":31}},{"name":"Diancie","species":"Diancie","item":"diancite","ability":"Clear Body","moves":["protect","earthpower","moonblast","diamondstorm"],"nature":"Naive","evs":{"hp":0,"atk":4,"def":0,"spa":252,"spd":0,"spe":252},"ivs":{"hp":31,"atk":31,"def":31,"spa":31,"spd":31,"spe":31}},{"name":"Gliscor","species":"Gliscor","item":"toxicorb","ability":"Poison Heal","moves":["stealthrock","earthquake","knockoff","protect"],"nature":"Impish","evs":{"hp":248,"atk":0,"def":188,"spa":0,"spd":0,"spe":72},"ivs":{"hp":31,"atk":31,"def":31,"spa":31,"spd":31,"spe":31}},{"name":"Azumarill","species":"Azumarill","item":"assaultvest","ability":"Huge Power","moves":["aquajet","knockoff","superpower","playrough"],"nature":"Adamant","evs":{"hp":248,"atk":252,"def":0,"spa":0,"spd":8,"spe":0},"ivs":{"hp":31,"atk":31,"def":31,"spa":31,"spd":31,"spe":31}}],"p2team":[{"name":"Excadrill","species":"Excadrill","item":"lifeorb","ability":"Sand Rush","moves":["earthquake","ironhead","rockslide","swordsdance"],"nature":"Adamant","evs":{"hp":0,"atk":252,"def":0,"spa":0,"spd":4,"spe":252},"ivs":{"hp":31,"atk":31,"def":31,"spa":31,"spd":31,"spe":31}},{"name":"Chesnaught","species":"Chesnaught","item":"salacberry","ability":"Bulletproof","moves":["bellydrum","substitute","seedbomb","drainpunch"],"nature":"Jolly","evs":{"hp":12,"atk":244,"def":0,"spa":0,"spd":0,"spe":252},"ivs":{"hp":31,"atk":31,"def":31,"spa":31,"spd":31,"spe":31}},{"name":"Tyranitar","species":"Tyranitar","item":"smoothrock","ability":"Sand Stream","moves":["stealthrock","stoneedge","pursuit","icebeam"],"nature":"Relaxed","evs":{"hp":248,"atk":0,"def":80,"spa":0,"spd":180,"spe":0},"ivs":{"hp":31,"atk":31,"def":31,"spa":31,"spd":31,"spe":31}},{"name":"Charizard","species":"Charizard","item":"charizarditey","ability":"Blaze","moves":["fireblast","solarbeam","focusblast","roost"],"nature":"Timid","evs":{"hp":0,"atk":0,"def":0,"spa":252,"spd":4,"spe":252},"ivs":{"hp":31,"atk":31,"def":31,"spa":31,"spd":31,"spe":31}},{"name":"Latios","species":"Latios","item":"lifeorb","ability":"Levitate","moves":["dracometeor","psyshock","hiddenpowerfire","defog"],"nature":"Timid","evs":{"hp":0,"atk":0,"def":4,"spa":252,"spd":0,"spe":252},"ivs":{"hp":31,"atk":30,"def":31,"spa":30,"spd":31,"spe":30}},{"name":"Raikou","species":"Raikou","item":"choicescarf","ability":"Pressure","moves":["voltswitch","aurasphere","thunderbolt","hiddenpowerice"],"nature":"Rash","evs":{"hp":0,"atk":0,"def":0,"spa":252,"spd":4,"spe":252},"ivs":{"hp":31,"atk":30,"def":30,"spa":31,"spd":31,"spe":31},"shiny":true}],"log":["|player|p1|stuner323|247","|player|p2|Big Papa Al|93","|gametype|singles","|gen|6","|tier|OU","|rated","|clearpoke","|poke|p1|Weavile, F","|poke|p1|Magnezone","|poke|p1|Celebi","|poke|p1|Diancie","|poke|p1|Gliscor, F","|poke|p1|Azumarill, M","|poke|p2|Excadrill, F","|poke|p2|Chesnaught, M","|poke|p2|Tyranitar, M","|poke|p2|Charizard, F","|poke|p2|Latios, M","|poke|p2|Raikou, shiny","|rule|Swagger Clause: Swagger is banned","|rule|Baton Pass Clause: Limit one Baton Passer, can't pass Spe and other stats simultaneously","|rule|Sleep Clause Mod: Limit one foe put to sleep","|rule|Species Clause: Limit one of each Pokémon","|rule|OHKO Clause: OHKO moves are banned","|rule|Moody Clause: Moody is banned","|rule|Evasion Moves Clause: Evasion moves are banned","|rule|Endless Battle Clause: Forcing endless battles is banned","|rule|HP Percentage Mod: HP is shown in percentages","|teampreview","|","|start","|switch|p1a: Azumarill|Azumarill, M|403/403","|switch|p2a: Chesnaught|Chesnaught, M|320/320","|turn|1","|","|move|p2a: Chesnaught|Substitute|p2a: Chesnaught","|-start|p2a: Chesnaught|Substitute","|-damage|p2a: Chesnaught|240/320","|move|p1a: Azumarill|Play Rough|p2a: Chesnaught","|-supereffective|p2a: Chesnaught","|-end|p2a: Chesnaught|Substitute","|","|turn|2","|","|switch|p1a: Celebi|Celebi|341/341","|move|p2a: Chesnaught|Seed Bomb|p1a: Celebi","|-resisted|p1a: Celebi","|-damage|p1a: Celebi|281/341","|","|turn|3","|","|switch|p2a: Tyranitar|Tyranitar, M|403/403","|-weather|Sandstorm","|move|p1a: Celebi|Nasty Plot|p1a: Celebi","|-boost|p1a: Celebi|spa|2","|","|-weather|Sandstorm|[upkeep]","|-damage|p1a: Celebi|260/341|[from] sandstorm","|turn|4","|","|move|p1a: Celebi|Giga Drain|p2a: Tyranitar","|-supereffective|p2a: Tyranitar","|-damage|p2a: Tyranitar|99/403","|-heal|p1a: Celebi|341/341|[from] drain|[of] p2a: Tyranitar","|-damage|p1a: Celebi|307/341|[from] item: Life Orb","|move|p2a: Tyranitar|Pursuit|p1a: Celebi","|-supereffective|p1a: Celebi","|-damage|p1a: Celebi|193/341","|","|-weather|Sandstorm|[upkeep]","|-damage|p1a: Celebi|172/341|[from] sandstorm","|turn|5","|","|switch|p2a: Charizard|Charizard, F|297/297","|move|p1a: Celebi|Giga Drain|p2a: Charizard","|-resisted|p2a: Charizard","|-damage|p2a: Charizard|214/297","|-heal|p1a: Celebi|214/341|[from] drain|[of] p2a: Charizard","|-damage|p1a: Celebi|180/341|[from] item: Life Orb","|","|-weather|Sandstorm|[upkeep]","|-damage|p2a: Charizard|196/297|[from] sandstorm","|-damage|p1a: Celebi|159/341|[from] sandstorm","|turn|6","|","|detailschange|p2a: Charizard|Charizard-Mega-Y, F","|-mega|p2a: Charizard|Charizard|Charizardite Y","|-weather|SunnyDay","|move|p1a: Celebi|Psychic|p2a: Charizard","|-damage|p2a: Charizard|0 fnt","|-damage|p1a: Celebi|125/341|[from] item: Life Orb","|faint|p2a: Charizard","|","|-weather|SunnyDay|[upkeep]","|","|switch|p2a: Latios|Latios, M|301/301","|turn|7","|","|switch|p1a: Magnezone|Magnezone|281/281","|move|p2a: Latios|Hidden Power|p1a: Magnezone","|-supereffective|p1a: Magnezone","|-damage|p1a: Magnezone|3/281","|-damage|p2a: Latios|271/301|[from] item: Life Orb","|","|-weather|SunnyDay|[upkeep]","|turn|8","|","|move|p1a: Magnezone|Flash Cannon|p2a: Latios","|-damage|p2a: Latios|129/301","|move|p2a: Latios|Psyshock|p1a: Magnezone","|-resisted|p1a: Magnezone","|-damage|p1a: Magnezone|0 fnt","|-damage|p2a: Latios|99/301|[from] item: Life Orb","|faint|p1a: Magnezone","|","|-weather|SunnyDay|[upkeep]","|","|switch|p1a: Weavile|Weavile, F|281/281","|-ability|p1a: Weavile|Pressure","|turn|9","|","|move|p1a: Weavile|Pursuit|p2a: Latios","|-supereffective|p2a: Latios","|-damage|p2a: Latios|0 fnt","|-damage|p1a: Weavile|253/281|[from] item: Life Orb","|faint|p2a: Latios","|","|-weather|SunnyDay|[upkeep]","|","|switch|p2a: Raikou|Raikou, shiny|321/321","|-ability|p2a: Raikou|Pressure","|turn|10","|","|move|p2a: Raikou|Aura Sphere|p1a: Weavile","|-supereffective|p1a: Weavile","|-damage|p1a: Weavile|0 fnt","|faint|p1a: Weavile","|","|-weather|none","|","|switch|p1a: Celebi|Celebi|125/341","|turn|11","|","|switch|p2a: Tyranitar|Tyranitar, M|99/403","|-weather|Sandstorm","|move|p1a: Celebi|Giga Drain|p2a: Tyranitar","|-crit|p2a: Tyranitar","|-supereffective|p2a: Tyranitar","|-damage|p2a: Tyranitar|0 fnt","|-heal|p1a: Celebi|175/341|[from] drain|[of] p2a: Tyranitar","|-damage|p1a: Celebi|141/341|[from] item: Life Orb","|faint|p2a: Tyranitar","|","|-weather|Sandstorm|[upkeep]","|-damage|p1a: Celebi|120/341|[from] sandstorm","|","|switch|p2a: Excadrill|Excadrill, F|361/361","|turn|12","|","|move|p2a: Excadrill|Iron Head|p1a: Celebi","|-damage|p1a: Celebi|0 fnt","|-damage|p2a: Excadrill|325/361|[from] item: Life Orb","|faint|p1a: Celebi","|","|-weather|Sandstorm|[upkeep]","|","|switch|p1a: Gliscor|Gliscor, F|353/353","|turn|13","|","|switch|p2a: Chesnaught|Chesnaught, M|240/320","|move|p1a: Gliscor|Earthquake|p2a: Chesnaught","|-crit|p2a: Chesnaught","|-resisted|p2a: Chesnaught","|-damage|p2a: Chesnaught|174/320","|","|-weather|Sandstorm|[upkeep]","|-damage|p2a: Chesnaught|154/320|[from] sandstorm","|-status|p1a: Gliscor|tox|[from] item: Toxic Orb","|turn|14","|","|move|p2a: Chesnaught|Substitute|p2a: Chesnaught","|-start|p2a: Chesnaught|Substitute","|-damage|p2a: Chesnaught|74/320","|-enditem|p2a: Chesnaught|Salac Berry|[eat]","|-boost|p2a: Chesnaught|spe|1|[from] item: Salac Berry","|move|p1a: Gliscor|Stealth Rock|p2a: Chesnaught","|-sidestart|p2: Big Papa Al|move: Stealth Rock","|","|-weather|Sandstorm|[upkeep]","|-damage|p2a: Chesnaught|54/320|[from] sandstorm","|turn|15","|","|move|p2a: Chesnaught|Seed Bomb|p1a: Gliscor","|-damage|p1a: Gliscor|271/353 tox","|move|p1a: Gliscor|Earthquake|p2a: Chesnaught","|-crit|p2a: Chesnaught","|-resisted|p2a: Chesnaught","|-activate|p2a: Chesnaught|Substitute|[damage]","|","|-weather|Sandstorm|[upkeep]","|-damage|p2a: Chesnaught|34/320|[from] sandstorm","|-heal|p1a: Gliscor|315/353 tox|[from] ability: Poison Heal","|turn|16","|","|move|p2a: Chesnaught|Seed Bomb|p1a: Gliscor","|-damage|p1a: Gliscor|227/353 tox","|move|p1a: Gliscor|Earthquake|p2a: Chesnaught","|-resisted|p2a: Chesnaught","|-end|p2a: Chesnaught|Substitute","|","|-weather|Sandstorm|[upkeep]","|-damage|p2a: Chesnaught|14/320|[from] sandstorm","|-heal|p1a: Gliscor|271/353 tox|[from] ability: Poison Heal","|turn|17","|","|move|p1a: Gliscor|Protect|p1a: Gliscor","|-singleturn|p1a: Gliscor|Protect","|move|p2a: Chesnaught|Seed Bomb|p1a: Gliscor","|-activate|p1a: Gliscor|Protect","|","|-weather|Sandstorm|[upkeep]","|-damage|p2a: Chesnaught|0 fnt|[from] sandstorm","|-heal|p1a: Gliscor|315/353 tox|[from] ability: Poison Heal","|faint|p2a: Chesnaught","|","|switch|p2a: Raikou|Raikou, shiny|321/321","|-damage|p2a: Raikou|281/321|[from] Stealth Rock","|-ability|p2a: Raikou|Pressure","|turn|18","|","|move|p2a: Raikou|Hidden Power|p1a: Gliscor","|-supereffective|p1a: Gliscor","|-damage|p1a: Gliscor|0 fnt","|faint|p1a: Gliscor","|","|-weather|none","|","|switch|p1a: Diancie|Diancie|241/241","|turn|19","|","|switch|p2a: Excadrill|Excadrill, F|325/361","|-damage|p2a: Excadrill|314/361|[from] Stealth Rock","|detailschange|p1a: Diancie|Diancie-Mega","|-mega|p1a: Diancie|Diancie|Diancite","|move|p1a: Diancie|Earth Power|p2a: Excadrill","|-supereffective|p2a: Excadrill","|-damage|p2a: Excadrill|0 fnt","|faint|p2a: Excadrill","|","|","|switch|p2a: Raikou|Raikou, shiny|281/321","|-damage|p2a: Raikou|241/321|[from] Stealth Rock","|-ability|p2a: Raikou|Pressure","|turn|20","|","|move|p2a: Raikou|Thunderbolt|p1a: Diancie","|-damage|p1a: Diancie|87/241","|move|p1a: Diancie|Earth Power|p2a: Raikou","|-supereffective|p2a: Raikou","|-damage|p2a: Raikou|0 fnt","|faint|p2a: Raikou","|","|win|stuner323"],"p1rating":{"entryid":"6385864","serverid":"eos","formatid":"ou","userid":"stuner323","username":"stuner323","w":2,"l":"0","t":"0","gxe":59.4,"r":"1540.1606143388","rd":"129.3984481517","sigma":"0","rptime":"1438246800","rpr":1575.7927172774,"rprd":122.42370047274,"rpsigma":"0","acre":1079.6876185671,"lacre":1079.6876185671,"oldacre":"1052.3469686284"},"p2rating":{"entryid":"7276518","serverid":"eos","formatid":"ou","userid":"bigpapaal","username":"Big Papa Al","w":"0","l":2,"t":"0","gxe":41.4,"r":"1500","rd":"130","sigma":"0","rptime":"1438246800","rpr":1431.2094989995,"rprd":116.83404361664,"rpsigma":"0","acre":1000,"lacre":1000,"oldacre":"1000"},"endType":"normal"}