{"seed":[30154,58234,10257,9438],"turns":24,"p1":"Dusk Deucez","p2":"kraxuz","p1team":[{"name":"Lanturn","moves":["icebeam","voltswitch","hydropump","hiddenpowergrass"],"ability":"Water Absorb","evs":{"hp":85,"atk":85,"def":85,"spa":85,"spd":85,"spe":85},"ivs":{"hp":31,"atk":30,"def":31,"spa":30,"spd":31,"spe":31},"item":"Choice Specs","level":81,"shiny":false},{"name":"Landorus","moves":["focusblast","psychic","rockpolish","earthpower"],"ability":"Sheer Force","evs":{"hp":85,"atk":85,"def":85,"spa":85,"spd":85,"spe":85},"ivs":{"hp":31,"atk":31,"def":31,"spa":31,"spd":31,"spe":31},"item":"Life Orb","level":73,"shiny":false},{"name":"Noivern","moves":["uturn","boomburst","hurricane","switcheroo"],"ability":"Infiltrator","evs":{"hp":85,"atk":85,"def":85,"spa":85,"spd":85,"spe":85},"ivs":{"hp":31,"atk":31,"def":31,"spa":31,"spd":31,"spe":31},"item":"Choice Scarf","level":78,"shiny":false},{"name":"Machamp","moves":["stoneedge","bulletpunch","substitute","dynamicpunch"],"ability":"No Guard","evs":{"hp":85,"atk":85,"def":85,"spa":85,"spd":85,"spe":85},"ivs":{"hp":31,"atk":31,"def":31,"spa":31,"spd":31,"spe":31},"item":"Leftovers","level":77,"shiny":false},{"name":"Skuntank","moves":["fireblast","pursuit","taunt","suckerpunch"],"ability":"Aftermath","evs":{"hp":85,"atk":85,"def":85,"spa":85,"spd":85,"spe":85},"ivs":{"hp":31,"atk":31,"def":31,"spa":31,"spd":31,"spe":31},"item":"Life Orb","level":79,"shiny":false},{"name":"Genesect-Douse","moves":["extremespeed","flamethrower","thunderbolt","technoblast"],"ability":"Download","evs":{"hp":85,"atk":85,"def":85,"spa":85,"spd":85,"spe":85},"ivs":{"hp":31,"atk":31,"def":31,"spa":31,"spd":31,"spe":31},"item":"Douse Drive","level":74,"shiny":false}],"p2team":[{"name":"Krookodile","moves":["pursuit","earthquake","superpower","knockoff"],"ability":"Intimidate","evs":{"hp":85,"atk":85,"def":85,"spa":85,"spd":85,"spe":85},"ivs":{"hp":31,"atk":31,"def":31,"spa":31,"spd":31,"spe":31},"item":"Choice Band","level":77,"shiny":false},{"name":"Blaziken","moves":["batonpass","swordsdance","substitute","flareblitz"],"ability":"Speed Boost","evs":{"hp":85,"atk":85,"def":85,"spa":85,"spd":85,"spe":85},"ivs":{"hp":31,"atk":31,"def":31,"spa":31,"spd":31,"spe":31},"item":"Blazikenite","level":74,"shiny":false},{"name":"Feraligatr","moves":["waterfall","crunch","earthquake","icepunch"],"ability":"Sheer Force","evs":{"hp":85,"atk":85,"def":85,"spa":85,"spd":85,"spe":85},"ivs":{"hp":31,"atk":31,"def":31,"spa":31,"spd":31,"spe":31},"item":"Life Orb","level":77,"shiny":false},{"name":"Mightyena","moves":["crunch","playrough","suckerpunch","firefang"],"ability":"Intimidate","evs":{"hp":85,"atk":85,"def":85,"spa":85,"spd":85,"spe":85},"ivs":{"hp":31,"atk":31,"def":31,"spa":31,"spd":31,"spe":31},"item":"Expert Belt","level":83,"shiny":false},{"name":"Uxie","moves":["knockoff","thunderwave","psychic","uturn"],"ability":"Levitate","evs":{"hp":85,"atk":85,"def":85,"spa":85,"spd":85,"spe":85},"ivs":{"hp":31,"atk":31,"def":31,"spa":31,"spd":31,"spe":31},"item":"Leftovers","level":81,"shiny":false},{"name":"Conkeldurr","moves":["machpunch","bulkup","icepunch","knockoff"],"ability":"Sheer Force","evs":{"hp":85,"atk":85,"def":85,"spa":85,"spd":85,"spe":85},"ivs":{"hp":31,"atk":31,"def":31,"spa":31,"spd":31,"spe":31},"item":"Life Orb","level":75,"shiny":false}],"log":["|player|p1|Dusk Deucez|acedeuce92.png","|player|p2|kraxuz|266","|gametype|singles","|gen|6","|tier|Random Battle","|rated","|rule|Sleep Clause Mod: Limit one foe put to sleep","|rule|HP Percentage Mod: HP is shown in percentages","|","|start","|switch|p1a: Lanturn|Lanturn, L81, F|335/335","|switch|p2a: Krookodile|Krookodile, L77, M|273/273","|-ability|p2a: Krookodile|Intimidate","|-unboost|p1a: Lanturn|atk|1","|turn|1","|","|move|p2a: Krookodile|Earthquake|p1a: Lanturn","|-supereffective|p1a: Lanturn","|-damage|p1a: Lanturn|0 fnt","|faint|p1a: Lanturn","|","|","|switch|p1a: Noivern|Noivern, L78, M|261/261","|turn|2","|","|switch|p2a: Feraligatr|Feraligatr, L77, F|257/257","|move|p1a: Noivern|Switcheroo|p2a: Feraligatr","|-activate|p1a: Noivern|move: Trick|[of] p2a: Feraligatr","|-item|p2a: Feraligatr|Choice Scarf|[from] Trick","|-item|p1a: Noivern|Life Orb|[from] Trick","|","|turn|3","|","|switch|p1a: Genesect-Douse|Genesect-Douse, L74|227/227","|-boost|p1a: Genesect-Douse|spa|1|[from] ability: Download","|move|p2a: Feraligatr|Ice Punch|p1a: Genesect-Douse","|-resisted|p1a: Genesect-Douse","|-damage|p1a: Genesect-Douse|193/227","|","|turn|4","|","|switch|p2a: Krookodile|Krookodile, L77, M|273/273","|-ability|p2a: Krookodile|Intimidate","|-unboost|p1a: Genesect-Douse|atk|1","|move|p1a: Genesect-Douse|Thunderbolt|p2a: Krookodile","|-immune|p2a: Krookodile|[msg]","|","|turn|5","|","|move|p1a: Genesect-Douse|Techno Blast|p2a: Krookodile","|-supereffective|p2a: Krookodile","|-damage|p2a: Krookodile|0 fnt","|faint|p2a: Krookodile","|","|","|switch|p2a: Mightyena|Mightyena, L83, M|252/252","|-ability|p2a: Mightyena|Intimidate","|-unboost|p1a: Genesect-Douse|atk|1","|turn|6","|","|switch|p1a: Skuntank|Skuntank, L79, F|292/292","|move|p2a: Mightyena|Fire Fang|p1a: Skuntank","|-damage|p1a: Skuntank|240/292","|","|turn|7","|","|move|p1a: Skuntank|Pursuit|p2a: Mightyena","|-resisted|p2a: Mightyena","|-damage|p2a: Mightyena|225/252","|-damage|p1a: Skuntank|211/292|[from] item: Life Orb","|move|p2a: Mightyena|Play Rough|p1a: Skuntank|[miss]","|-miss|p2a: Mightyena|p1a: Skuntank","|","|turn|8","|","|move|p2a: Mightyena|Sucker Punch|p1a: Skuntank","|-resisted|p1a: Skuntank","|-damage|p1a: Skuntank|157/292","|move|p1a: Skuntank|Fire Blast|p2a: Mightyena","|-damage|p2a: Mightyena|126/252","|-damage|p1a: Skuntank|128/292|[from] item: Life Orb","|","|turn|9","|","|move|p1a: Skuntank|Sucker Punch|p2a: Mightyena","|-resisted|p2a: Mightyena","|-damage|p2a: Mightyena|66/252","|-damage|p1a: Skuntank|99/292|[from] item: Life Orb","|move|p2a: Mightyena|Crunch|p1a: Skuntank","|-resisted|p1a: Skuntank","|-damage|p1a: Skuntank|50/292","|","|turn|10","|","|switch|p2a: Feraligatr|Feraligatr, L77, F|257/257","|move|p1a: Skuntank|Fire Blast|p2a: Feraligatr","|-resisted|p2a: Feraligatr","|-damage|p2a: Feraligatr|219/257","|-damage|p1a: Skuntank|21/292|[from] item: Life Orb","|","|turn|11","|","|move|p1a: Skuntank|Sucker Punch|p2a: Feraligatr","|-damage|p2a: Feraligatr|129/257","|-damage|p1a: Skuntank|0 fnt|[from] item: Life Orb","|faint|p1a: Skuntank","|move|p2a: Feraligatr|Ice Punch|p1: Skuntank|[notarget]","|-notarget","|","|","|switch|p1a: Noivern|Noivern, L78, M|261/261","|turn|12","|","|move|p2a: Feraligatr|Ice Punch|p1a: Noivern","|-supereffective|p1a: Noivern","|-damage|p1a: Noivern|0 fnt","|faint|p1a: Noivern","|","|","|switch|p1a: Genesect-Douse|Genesect-Douse, L74|193/227","|-boost|p1a: Genesect-Douse|spa|1|[from] ability: Download","|turn|13","|","|switch|p2a: Uxie|Uxie, L81|254/254","|move|p1a: Genesect-Douse|Thunderbolt|p2a: Uxie","|-damage|p2a: Uxie|183/254","|","|-heal|p2a: Uxie|198/254|[from] item: Leftovers","|turn|14","|","|move|p2a: Uxie|Thunder Wave|p1a: Genesect-Douse","|-status|p1a: Genesect-Douse|par","|move|p1a: Genesect-Douse|Techno Blast|p2a: Uxie","|-damage|p2a: Uxie|109/254","|","|-heal|p2a: Uxie|124/254|[from] item: Leftovers","|turn|15","|","|move|p2a: Uxie|Knock Off|p1a: Genesect-Douse","|-damage|p1a: Genesect-Douse|151/227 par","|move|p1a: Genesect-Douse|Techno Blast|p2a: Uxie","|-damage|p2a: Uxie|33/254","|","|-heal|p2a: Uxie|48/254|[from] item: Leftovers","|turn|16","|","|move|p2a: Uxie|Psychic|p1a: Genesect-Douse","|-crit|p1a: Genesect-Douse","|-resisted|p1a: Genesect-Douse","|-damage|p1a: Genesect-Douse|88/227 par","|move|p1a: Genesect-Douse|Thunderbolt|p2a: Uxie","|-damage|p2a: Uxie|0 fnt","|faint|p2a: Uxie","|","|","|switch|p2a: Mightyena|Mightyena, L83, M|66/252","|-ability|p2a: Mightyena|Intimidate","|-unboost|p1a: Genesect-Douse|atk|1","|turn|17","|","|move|p2a: Mightyena|Fire Fang|p1a: Genesect-Douse","|-supereffective|p1a: Genesect-Douse","|-damage|p1a: Genesect-Douse|0 fnt","|faint|p1a: Genesect-Douse","|","|","|switch|p1a: Landorus|Landorus, L73, M|250/250","|turn|18","|","|move|p2a: Mightyena|Sucker Punch|p1a: Landorus","|-fail|p2a: Mightyena","|move|p1a: Landorus|Rock Polish|p1a: Landorus","|-boost|p1a: Landorus|spe|2","|","|turn|19","|","|move|p1a: Landorus|Psychic|p2a: Mightyena","|-immune|p2a: Mightyena|[msg]","|move|p2a: Mightyena|Crunch|p1a: Landorus","|-damage|p1a: Landorus|168/250","|","|turn|20","|","|move|p1a: Landorus|Earth Power|p2a: Mightyena","|-damage|p2a: Mightyena|0 fnt","|faint|p2a: Mightyena","|","|","|switch|p2a: Feraligatr|Feraligatr, L77, F|129/257","|turn|21","|","|move|p1a: Landorus|Focus Blast|p2a: Feraligatr","|-damage|p2a: Feraligatr|0 fnt","|faint|p2a: Feraligatr","|","|","|switch|p2a: Blaziken|Blaziken, L74, M|240/240","|turn|22","|","|detailschange|p2a: Blaziken|Blaziken-Mega, L74, M","|-mega|p2a: Blaziken|Blaziken|Blazikenite","|move|p1a: Landorus|Earth Power|p2a: Blaziken","|-supereffective|p2a: Blaziken","|-damage|p2a: Blaziken|0 fnt","|faint|p2a: Blaziken","|","|","|switch|p2a: Conkeldurr|Conkeldurr, L75, M|281/281","|turn|23","|","|move|p1a: Landorus|Psychic|p2a: Conkeldurr","|-supereffective|p2a: Conkeldurr","|-damage|p2a: Conkeldurr|29/281","|move|p2a: Conkeldurr|Ice Punch|p1a: Landorus","|-crit|p1a: Landorus","|-supereffective|p1a: Landorus","|-damage|p1a: Landorus|0 fnt","|faint|p1a: Landorus","|","|","|switch|p1a: Machamp|Machamp, L77, M|265/265","|turn|24","|","|move|p1a: Machamp|Bullet Punch|p2a: Conkeldurr","|-damage|p2a: Conkeldurr|0 fnt","|faint|p2a: Conkeldurr","|","|win|Dusk Deucez"],"p1rating":{"entryid":"7210203","serverid":"eos","formatid":"randombattle","userid":"duskdeucez","username":"Dusk Deucez","w":3,"l":"0","t":"0","gxe":61.8,"r":"1564.6225906142","rd":"116.51628709355","sigma":"0","rptime":"1438074000","rpr":1595.0813349398,"rprd":111.16033501902,"rpsigma":"0","acre":1103.4567042307,"lacre":1103.4567042307,"oldacre":"1077.0265454909"},"p2rating":{"entryid":"6891216","serverid":"eos","formatid":"randombattle","userid":"kraxuz","username":"kraxuz","w":"2","l":2,"t":"0","gxe":50.3,"r":"1531.5092527406","rd":"113.84107195683","sigma":"0","rptime":"1438074000","rpr":1502.3725384412,"rprd":108.85557100856,"rpsigma":"0","acre":1035.7745028193,"lacre":1035.7745028193,"oldacre":"1052.3637865284"},"endType":"normal"}