{"seed":[5342,38358,9703,38734],"turns":20,"p1":"Liquid Stranger","p2":"J.Kura","p1team":[{"name":"Braviary","moves":["bulkup","rockslide","bravebird","roost"],"ability":"Sheer Force","evs":{"hp":81,"atk":89,"def":85,"spa":85,"spd":85,"spe":85},"ivs":{"hp":31,"atk":31,"def":31,"spa":31,"spd":31,"spe":31},"item":"Life Orb","level":79,"shiny":false},{"name":"Jolteon","moves":["voltswitch","thunderbolt","signalbeam","hiddenpowerice"],"ability":"Volt Absorb","evs":{"hp":85,"atk":85,"def":85,"spa":85,"spd":85,"spe":85},"ivs":{"hp":31,"atk":30,"def":30,"spa":31,"spd":31,"spe":31},"item":"Choice Specs","level":79,"shiny":false},{"name":"Sceptile","moves":["dragonpulse","gigadrain","focusblast","substitute"],"ability":"Overgrow","evs":{"hp":85,"atk":85,"def":85,"spa":85,"spd":85,"spe":85},"ivs":{"hp":31,"atk":31,"def":31,"spa":31,"spd":31,"spe":31},"item":"Sceptilite","level":77,"shiny":false},{"name":"Giratina-Origin","moves":["shadowball","shadowsneak","dracometeor","earthquake"],"ability":"Levitate","evs":{"hp":85,"atk":85,"def":85,"spa":85,"spd":85,"spe":85},"ivs":{"hp":31,"atk":31,"def":31,"spa":31,"spd":31,"spe":31},"item":"Griseous Orb","level":73,"shiny":false},{"name":"Rotom-Frost","moves":["thunderbolt","painsplit","blizzard","voltswitch"],"ability":"Levitate","evs":{"hp":85,"atk":85,"def":85,"spa":85,"spd":85,"spe":85},"ivs":{"hp":31,"atk":31,"def":31,"spa":31,"spd":31,"spe":31},"item":"Life Orb","level":83,"shiny":false},{"name":"Heatran","moves":["roar","protect","fireblast","earthpower"],"ability":"Flash Fire","evs":{"hp":85,"atk":85,"def":85,"spa":85,"spd":85,"spe":85},"ivs":{"hp":31,"atk":31,"def":31,"spa":31,"spd":31,"spe":31},"item":"Air Balloon","level":75,"shiny":false}],"p2team":[{"name":"Smeargle","moves":["spikes","stickyweb","stealthrock","spore"],"ability":"Technician","evs":{"hp":85,"atk":85,"def":85,"spa":85,"spd":85,"spe":85},"ivs":{"hp":31,"atk":31,"def":31,"spa":31,"spd":31,"spe":31},"item":"Focus Sash","level":76,"shiny":false},{"name":"Cresselia","moves":["moonlight","moonblast","toxic","psyshock"],"ability":"Levitate","evs":{"hp":85,"atk":85,"def":85,"spa":85,"spd":85,"spe":85},"ivs":{"hp":31,"atk":31,"def":31,"spa":31,"spd":31,"spe":31},"item":"Leftovers","level":77,"shiny":false},{"name":"Throh","moves":["circlethrow","icepunch","bulkup","knockoff"],"ability":"Mold Breaker","evs":{"hp":85,"atk":85,"def":85,"spa":85,"spd":85,"spe":85},"ivs":{"hp":31,"atk":31,"def":31,"spa":31,"spd":31,"spe":31},"item":"Leftovers","level":82,"shiny":false},{"name":"Skuntank","moves":["crunch","taunt","suckerpunch","fireblast"],"ability":"Aftermath","evs":{"hp":85,"atk":85,"def":85,"spa":85,"spd":85,"spe":85},"ivs":{"hp":31,"atk":31,"def":31,"spa":31,"spd":31,"spe":31},"item":"Life Orb","level":79,"shiny":false},{"name":"Accelgor","moves":["gigadrain","bugbuzz","focusblast","spikes"],"ability":"Hydration","evs":{"hp":81,"atk":85,"def":85,"spa":89,"spd":85,"spe":85},"ivs":{"hp":31,"atk":31,"def":31,"spa":31,"spd":31,"spe":31},"item":"Life Orb","level":79,"shiny":false},{"name":"Aurorus","moves":["thunderwave","stealthrock","encore","hypervoice"],"ability":"Refrigerate","evs":{"hp":81,"atk":85,"def":85,"spa":89,"spd":85,"spe":85},"ivs":{"hp":31,"atk":31,"def":31,"spa":31,"spd":31,"spe":31},"item":"Leftovers","level":83,"shiny":false}],"log":["|player|p1|Liquid Stranger|92","|player|p2|J.Kura|169","|gametype|singles","|gen|6","|tier|Random Battle","|rated","|rule|Sleep Clause Mod: Limit one foe put to sleep","|rule|HP Percentage Mod: HP is shown in percentages","|","|start","|switch|p1a: Braviary|Braviary, L79, M|287/287","|switch|p2a: Smeargle|Smeargle, L76, M|209/209","|turn|1","|","|move|p1a: Braviary|Brave Bird|p2a: Smeargle","|-enditem|p2a: Smeargle|Focus Sash","|-damage|p2a: Smeargle|1/209","|-damage|p1a: Braviary|218/287|[from] recoil|[of] p2a: Smeargle","|-damage|p1a: Braviary|190/287|[from] item: Life Orb","|move|p2a: Smeargle|Spore|p1a: Braviary","|-status|p1a: Braviary|slp","|","|turn|2","|","|switch|p1a: Sceptile|Sceptile, L77, M|234/234","|move|p2a: Smeargle|Stealth Rock|p1a: Sceptile","|-sidestart|p1: Liquid Stranger|move: Stealth Rock","|","|turn|3","|","|detailschange|p1a: Sceptile|Sceptile-Mega, L77, M","|-mega|p1a: Sceptile|Sceptile|Sceptilite","|move|p1a: Sceptile|Dragon Pulse|p2a: Smeargle","|-damage|p2a: Smeargle|0 fnt","|faint|p2a: Smeargle","|","|","|switch|p2a: Aurorus|Aurorus, L83, M|339/339","|turn|4","|","|move|p1a: Sceptile|Focus Blast|p2a: Aurorus","|-supereffective|p2a: Aurorus","|-damage|p2a: Aurorus|0 fnt","|faint|p2a: Aurorus","|","|","|switch|p2a: Accelgor|Accelgor, L79, M|255/255","|turn|5","|","|switch|p1a: Giratina-Origin|Giratina-Origin, L73|339/339","|-damage|p1a: Giratina-Origin|297/339|[from] Stealth Rock","|move|p2a: Accelgor|Bug Buzz|p1a: Giratina-Origin","|-resisted|p1a: Giratina-Origin","|-damage|p1a: Giratina-Origin|240/339","|-damage|p2a: Accelgor|230/255|[from] item: Life Orb","|","|turn|6","|","|switch|p2a: Skuntank|Skuntank, L79, M|292/292","|move|p1a: Giratina-Origin|Shadow Ball|p2a: Skuntank","|-resisted|p2a: Skuntank","|-damage|p2a: Skuntank|228/292","|-unboost|p2a: Skuntank|spd|1","|","|turn|7","|","|switch|p1a: Heatran|Heatran, L75, M|260/260","|-damage|p1a: Heatran|228/260|[from] Stealth Rock","|-item|p1a: Heatran|Air Balloon","|move|p2a: Skuntank|Crunch|p1a: Heatran","|-damage|p1a: Heatran|142/260","|-enditem|p1a: Heatran|Air Balloon","|-damage|p2a: Skuntank|199/292|[from] item: Life Orb","|","|turn|8","|","|move|p2a: Skuntank|Taunt|p1a: Heatran","|-start|p1a: Heatran|move: Taunt","|move|p1a: Heatran|Fire Blast|p2a: Skuntank","|-damage|p2a: Skuntank|0 fnt","|faint|p2a: Skuntank","|","|","|switch|p2a: Throh|Throh, L82, M|331/331","|-ability|p2a: Throh|Mold Breaker","|turn|9","|","|move|p1a: Heatran|Fire Blast|p2a: Throh","|-damage|p2a: Throh|211/331","|move|p2a: Throh|Circle Throw|p1a: Heatran","|-supereffective|p1a: Heatran","|-damage|p1a: Heatran|32/260","|drag|p1a: Rotom-Frost|Rotom-Frost, L83|219/219","|-damage|p1a: Rotom-Frost|165/219|[from] Stealth Rock","|","|-heal|p2a: Throh|231/331|[from] item: Leftovers","|turn|10","|","|move|p1a: Rotom-Frost|Volt Switch|p2a: Throh","|-damage|p2a: Throh|122/331","|-damage|p1a: Rotom-Frost|144/219|[from] item: Life Orb","|","|switch|p1a: Giratina-Origin|Giratina-Origin, L73|240/339","|-damage|p1a: Giratina-Origin|198/339|[from] Stealth Rock","|move|p2a: Throh|Knock Off|p1a: Giratina-Origin","|-supereffective|p1a: Giratina-Origin","|-damage|p1a: Giratina-Origin|104/339","|","|-heal|p2a: Throh|142/331|[from] item: Leftovers","|turn|11","|","|move|p1a: Giratina-Origin|Draco Meteor|p2a: Throh","|-damage|p2a: Throh|0 fnt","|-unboost|p1a: Giratina-Origin|spa|2","|faint|p2a: Throh","|","|","|switch|p2a: Cresselia|Cresselia, L77, F|311/311","|turn|12","|","|move|p1a: Giratina-Origin|Shadow Sneak|p2a: Cresselia","|-supereffective|p2a: Cresselia","|-damage|p2a: Cresselia|237/311","|move|p2a: Cresselia|Moonblast|p1a: Giratina-Origin","|-supereffective|p1a: Giratina-Origin","|-damage|p1a: Giratina-Origin|0 fnt","|faint|p1a: Giratina-Origin","|","|-heal|p2a: Cresselia|256/311|[from] item: Leftovers","|","|switch|p1a: Braviary|Braviary, L79, M|190/287 slp","|-damage|p1a: Braviary|119/287 slp|[from] Stealth Rock","|turn|13","|","|move|p2a: Cresselia|Psyshock|p1a: Braviary","|-damage|p1a: Braviary|49/287 slp","|cant|p1a: Braviary|slp","|","|-heal|p2a: Cresselia|275/311|[from] item: Leftovers","|turn|14","|","|move|p2a: Cresselia|Psyshock|p1a: Braviary","|-damage|p1a: Braviary|0 fnt","|faint|p1a: Braviary","|","|-heal|p2a: Cresselia|294/311|[from] item: Leftovers","|","|switch|p1a: Jolteon|Jolteon, L79, M|232/232","|-damage|p1a: Jolteon|203/232|[from] Stealth Rock","|turn|15","|","|move|p1a: Jolteon|Signal Beam|p2a: Cresselia","|-supereffective|p2a: Cresselia","|-damage|p2a: Cresselia|164/311","|-start|p2a: Cresselia|confusion","|-activate|p2a: Cresselia|confusion","|move|p2a: Cresselia|Psyshock|p1a: Jolteon","|-damage|p1a: Jolteon|115/232","|","|-heal|p2a: Cresselia|183/311|[from] item: Leftovers","|turn|16","|","|move|p1a: Jolteon|Signal Beam|p2a: Cresselia","|-supereffective|p2a: Cresselia","|-damage|p2a: Cresselia|57/311","|-end|p2a: Cresselia|confusion","|move|p2a: Cresselia|Psyshock|p1a: Jolteon","|-crit|p1a: Jolteon","|-damage|p1a: Jolteon|1/232","|","|-heal|p2a: Cresselia|76/311|[from] item: Leftovers","|turn|17","|","|switch|p2a: Accelgor|Accelgor, L79, M|230/255","|move|p1a: Jolteon|Signal Beam|p2a: Accelgor","|-damage|p2a: Accelgor|115/255","|","|turn|18","|","|move|p2a: Accelgor|Bug Buzz|p1a: Jolteon","|-damage|p1a: Jolteon|0 fnt","|-damage|p2a: Accelgor|90/255|[from] item: Life Orb","|faint|p1a: Jolteon","|","|","|switch|p1a: Sceptile|Sceptile-Mega, L77, M|234/234","|-damage|p1a: Sceptile|205/234|[from] Stealth Rock","|turn|19","|","|move|p2a: Accelgor|Bug Buzz|p1a: Sceptile","|-supereffective|p1a: Sceptile","|-damage|p1a: Sceptile|0 fnt","|-damage|p2a: Accelgor|65/255|[from] item: Life Orb","|faint|p1a: Sceptile","|","|","|switch|p1a: Rotom-Frost|Rotom-Frost, L83|144/219","|-damage|p1a: Rotom-Frost|90/219|[from] Stealth Rock","|turn|20","|","|move|p2a: Accelgor|Focus Blast|p1a: Rotom-Frost","|-supereffective|p1a: Rotom-Frost","|-damage|p1a: Rotom-Frost|0 fnt","|-damage|p2a: Accelgor|40/255|[from] item: Life Orb","|faint|p1a: Rotom-Frost","|","|","|switch|p1a: Heatran|Heatran, L75, M|32/260","|-damage|p1a: Heatran|0 fnt|[from] Stealth Rock","|faint|p1a: Heatran","|","|win|J.Kura"],"p1rating":{"entryid":"7128950","serverid":"eos","formatid":"randombattle","userid":"liquidstranger","username":"Liquid Stranger","w":"8","l":6,"t":"0","gxe":55.2,"r":"1530.0631607161","rd":"90.091977107181","sigma":"0","rptime":"1438074000","rpr":1540.1583245493,"rprd":79.461435630648,"rpsigma":"0","acre":1065.4337926111,"lacre":1065.4337926111,"oldacre":"1096.5499012275"},"p2rating":{"entryid":7232658,"formatid":"randombattle","userid":"jkura","username":"J.Kura","r":1500,"rd":130,"sigma":0,"rpr":1544.8812221895,"rprd":122.37328861834,"rpsigma":0,"rptime":1438074000,"w":1,"l":0,"t":0,"gxe":55.6,"acre":1050.8381536962,"lacre":1050.8381536962,"oldacre":1000},"endType":"normal"}