{"seed":[11070,44800,23310,37657],"turns":18,"p1":"KawaiiBear","p2":"Director Flare","p1team":[{"name":"Rotom-Fan","moves":["thunderbolt","painsplit","willowisp","airslash"],"ability":"Levitate","evs":{"hp":85,"atk":85,"def":85,"spa":85,"spd":85,"spe":85},"ivs":{"hp":31,"atk":31,"def":31,"spa":31,"spd":31,"spe":31},"item":"Air Balloon","level":81,"shiny":false},{"name":"Palkia","moves":["fireblast","hydropump","thunderwave","dracometeor"],"ability":"Pressure","evs":{"hp":85,"atk":85,"def":85,"spa":85,"spd":85,"spe":85},"ivs":{"hp":31,"atk":31,"def":31,"spa":31,"spd":31,"spe":31},"item":"Leftovers","level":73,"shiny":false},{"name":"Meganium","moves":["reflect","gigadrain","dragontail","toxic"],"ability":"Overgrow","evs":{"hp":85,"atk":85,"def":85,"spa":85,"spd":85,"spe":85},"ivs":{"hp":31,"atk":31,"def":31,"spa":31,"spd":31,"spe":31},"item":"Light Clay","level":83,"shiny":false},{"name":"Lugia","moves":["aeroblast","roost","thunderwave","whirlwind"],"ability":"Multiscale","evs":{"hp":85,"atk":85,"def":85,"spa":85,"spd":85,"spe":85},"ivs":{"hp":31,"atk":31,"def":31,"spa":31,"spd":31,"spe":31},"item":"Leftovers","level":73,"shiny":false},{"name":"Crobat","moves":["uturn","toxic","bravebird","roost"],"ability":"Infiltrator","evs":{"hp":85,"atk":85,"def":85,"spa":85,"spd":85,"spe":85},"ivs":{"hp":31,"atk":31,"def":31,"spa":31,"spd":31,"spe":31},"item":"Black Sludge","level":77,"shiny":false},{"name":"Trevenant","moves":["leechseed","hornleech","phantomforce","willowisp"],"ability":"Natural Cure","evs":{"hp":85,"atk":85,"def":85,"spa":85,"spd":85,"spe":85},"ivs":{"hp":31,"atk":31,"def":31,"spa":31,"spd":31,"spe":31},"item":"Leftovers","level":79,"shiny":false}],"p2team":[{"name":"Scyther","moves":["knockoff","aerialace","swordsdance","quickattack"],"ability":"Technician","evs":{"hp":81,"atk":89,"def":85,"spa":85,"spd":85,"spe":85},"ivs":{"hp":31,"atk":31,"def":31,"spa":31,"spd":31,"spe":31},"item":"Eviolite","level":81,"shiny":false},{"name":"Rayquaza","moves":["dragonclaw","earthquake","dragonascent","dragondance"],"ability":"Air Lock","evs":{"hp":85,"atk":85,"def":85,"spa":85,"spd":85,"spe":85},"ivs":{"hp":31,"atk":31,"def":31,"spa":31,"spd":31,"spe":31},"item":"Leftovers","level":71,"shiny":false},{"name":"Trevenant","moves":["willowisp","leechseed","shadowclaw","rest"],"ability":"Natural Cure","evs":{"hp":85,"atk":85,"def":85,"spa":85,"spd":85,"spe":85},"ivs":{"hp":31,"atk":31,"def":31,"spa":31,"spd":31,"spe":31},"item":"Leftovers","level":79,"shiny":false},{"name":"Empoleon","moves":["icebeam","stealthrock","scald","grassknot"],"ability":"Torrent","evs":{"hp":85,"atk":85,"def":85,"spa":85,"spd":85,"spe":85},"ivs":{"hp":31,"atk":31,"def":31,"spa":31,"spd":31,"spe":31},"item":"Life Orb","level":77,"shiny":false},{"name":"Glalie","moves":["spikes","superfang","taunt","icebeam"],"ability":"Ice Body","evs":{"hp":81,"atk":85,"def":85,"spa":89,"spd":85,"spe":85},"ivs":{"hp":31,"atk":31,"def":31,"spa":31,"spd":31,"spe":31},"item":"Leftovers","level":83,"shiny":false},{"name":"Darkrai","moves":["darkvoid","substitute","focusblast","darkpulse"],"ability":"Bad Dreams","evs":{"hp":85,"atk":85,"def":85,"spa":85,"spd":85,"spe":85},"ivs":{"hp":31,"atk":31,"def":31,"spa":31,"spd":31,"spe":31},"item":"Leftovers","level":73,"shiny":false}],"log":["|player|p1|KawaiiBear|34","|player|p2|Director Flare|directorflare.png","|gametype|singles","|gen|6","|tier|Random Battle","|rated","|rule|Sleep Clause Mod: Limit one foe put to sleep","|rule|HP Percentage Mod: HP is shown in percentages","|","|start","|switch|p1a: Rotom-Fan|Rotom-Fan, L81|214/214","|switch|p2a: Scyther|Scyther, L81, F|245/245","|-item|p1a: Rotom-Fan|Air Balloon","|turn|1","|","|switch|p2a: Trevenant|Trevenant, L79, F|264/264","|move|p1a: Rotom-Fan|Will-O-Wisp|p2a: Trevenant","|-status|p2a: Trevenant|brn","|","|-damage|p2a: Trevenant|231/264 brn|[from] brn","|turn|2","|","|move|p1a: Rotom-Fan|Air Slash|p2a: Trevenant","|-supereffective|p2a: Trevenant","|-damage|p2a: Trevenant|51/264 brn","|move|p2a: Trevenant|Will-O-Wisp|p1a: Rotom-Fan","|-status|p1a: Rotom-Fan|brn","|","|-heal|p2a: Trevenant|67/264 brn|[from] item: Leftovers","|-damage|p1a: Rotom-Fan|188/214 brn|[from] brn","|-damage|p2a: Trevenant|34/264 brn|[from] brn","|turn|3","|","|move|p1a: Rotom-Fan|Air Slash|p2a: Trevenant","|-supereffective|p2a: Trevenant","|-damage|p2a: Trevenant|0 fnt","|faint|p2a: Trevenant","|","|-damage|p1a: Rotom-Fan|162/214 brn|[from] brn","|","|switch|p2a: Darkrai|Darkrai, L73|223/223","|turn|4","|","|move|p2a: Darkrai|Substitute|p2a: Darkrai","|-start|p2a: Darkrai|Substitute","|-damage|p2a: Darkrai|168/223","|move|p1a: Rotom-Fan|Air Slash|p2a: Darkrai","|-end|p2a: Darkrai|Substitute","|","|-heal|p2a: Darkrai|181/223|[from] item: Leftovers","|-damage|p1a: Rotom-Fan|136/214 brn|[from] brn","|turn|5","|","|move|p2a: Darkrai|Dark Pulse|p1a: Rotom-Fan","|-damage|p1a: Rotom-Fan|57/214 brn","|-enditem|p1a: Rotom-Fan|Air Balloon","|move|p1a: Rotom-Fan|Air Slash|p2a: Darkrai","|-crit|p2a: Darkrai","|-damage|p2a: Darkrai|48/223","|","|-heal|p2a: Darkrai|61/223|[from] item: Leftovers","|-damage|p1a: Rotom-Fan|31/214 brn|[from] brn","|turn|6","|","|move|p2a: Darkrai|Dark Pulse|p1a: Rotom-Fan","|-damage|p1a: Rotom-Fan|0 fnt","|faint|p1a: Rotom-Fan","|","|-heal|p2a: Darkrai|74/223|[from] item: Leftovers","|","|switch|p1a: Crobat|Crobat, L77, F|257/257","|turn|7","|","|move|p1a: Crobat|Brave Bird|p2a: Darkrai","|-damage|p2a: Darkrai|0 fnt","|-damage|p1a: Crobat|233/257|[from] recoil|[of] p2a: Darkrai","|faint|p2a: Darkrai","|","|-heal|p1a: Crobat|249/257|[from] item: Black Sludge","|","|switch|p2a: Glalie|Glalie, L83, F|268/268","|turn|8","|","|move|p1a: Crobat|Toxic|p2a: Glalie","|-status|p2a: Glalie|tox","|move|p2a: Glalie|Ice Beam|p1a: Crobat","|-supereffective|p1a: Crobat","|-damage|p1a: Crobat|61/257","|","|-heal|p1a: Crobat|77/257|[from] item: Black Sludge","|-damage|p2a: Glalie|252/268 tox|[from] psn","|turn|9","|","|move|p1a: Crobat|U-turn|p2a: Glalie","|-damage|p2a: Glalie|205/268 tox","|","|switch|p1a: Lugia|Lugia, L73|275/275","|move|p2a: Glalie|Spikes|p1a: Lugia","|-sidestart|p1: KawaiiBear|Spikes","|","|-heal|p2a: Glalie|221/268 tox|[from] item: Leftovers","|-damage|p2a: Glalie|189/268 tox|[from] psn","|turn|10","|","|move|p1a: Lugia|Aeroblast|p2a: Glalie|[miss]","|-miss|p1a: Lugia|p2a: Glalie","|move|p2a: Glalie|Taunt|p1a: Lugia","|-start|p1a: Lugia|move: Taunt","|","|-heal|p2a: Glalie|205/268 tox|[from] item: Leftovers","|-damage|p2a: Glalie|157/268 tox|[from] psn","|turn|11","|","|move|p1a: Lugia|Aeroblast|p2a: Glalie","|-damage|p2a: Glalie|72/268 tox","|move|p2a: Glalie|Super Fang|p1a: Lugia","|-damage|p1a: Lugia|138/275","|","|-heal|p1a: Lugia|155/275|[from] item: Leftovers","|-heal|p2a: Glalie|88/268 tox|[from] item: Leftovers","|-damage|p2a: Glalie|24/268 tox|[from] psn","|turn|12","|","|move|p1a: Lugia|Aeroblast|p2a: Glalie","|-damage|p2a: Glalie|0 fnt","|faint|p2a: Glalie","|","|-heal|p1a: Lugia|172/275|[from] item: Leftovers","|","|switch|p2a: Rayquaza|Rayquaza, L71|267/267","|-ability|p2a: Rayquaza|Air Lock","|turn|13","|","|detailschange|p2a: Rayquaza|Rayquaza-Mega, L71","|-mega|p2a: Rayquaza|Rayquaza|","|-weather|DeltaStream","|move|p1a: Lugia|Aeroblast|p2a: Rayquaza","|-damage|p2a: Rayquaza|180/267","|move|p2a: Rayquaza|Dragon Dance|p2a: Rayquaza","|-boost|p2a: Rayquaza|atk|1","|-boost|p2a: Rayquaza|spe|1","|","|-weather|DeltaStream|[upkeep]","|-heal|p2a: Rayquaza|196/267|[from] item: Leftovers","|-heal|p1a: Lugia|189/275|[from] item: Leftovers","|-end|p1a: Lugia|move: Taunt","|turn|14","|","|move|p2a: Rayquaza|Dragon Ascent|p1a: Lugia","|-damage|p1a: Lugia|0 fnt","|-unboost|p2a: Rayquaza|def|1","|-unboost|p2a: Rayquaza|spd|1","|faint|p1a: Lugia","|","|-weather|DeltaStream|[upkeep]","|-heal|p2a: Rayquaza|212/267|[from] item: Leftovers","|","|switch|p1a: Crobat|Crobat, L77, F|77/257","|turn|15","|","|move|p2a: Rayquaza|Dragon Claw|p1a: Crobat","|-crit|p1a: Crobat","|-damage|p1a: Crobat|0 fnt","|faint|p1a: Crobat","|","|-weather|DeltaStream|[upkeep]","|-heal|p2a: Rayquaza|228/267|[from] item: Leftovers","|","|switch|p1a: Meganium|Meganium, L83, F|268/268","|-damage|p1a: Meganium|235/268|[from] Spikes","|turn|16","|","|move|p2a: Rayquaza|Dragon Ascent|p1a: Meganium","|-supereffective|p1a: Meganium","|-damage|p1a: Meganium|0 fnt","|-unboost|p2a: Rayquaza|def|1","|-unboost|p2a: Rayquaza|spd|1","|faint|p1a: Meganium","|","|-weather|DeltaStream|[upkeep]","|-heal|p2a: Rayquaza|244/267|[from] item: Leftovers","|","|switch|p1a: Trevenant|Trevenant, L79, F|264/264","|-damage|p1a: Trevenant|231/264|[from] Spikes","|turn|17","|","|move|p2a: Rayquaza|Dragon Ascent|p1a: Trevenant","|-supereffective|p1a: Trevenant","|-damage|p1a: Trevenant|0 fnt","|-unboost|p2a: Rayquaza|def|1","|-unboost|p2a: Rayquaza|spd|1","|faint|p1a: Trevenant","|","|-weather|DeltaStream|[upkeep]","|-heal|p2a: Rayquaza|260/267|[from] item: Leftovers","|","|switch|p1a: Palkia|Palkia, L73|252/252","|-damage|p1a: Palkia|221/252|[from] Spikes","|-ability|p1a: Palkia|Pressure","|turn|18","|","|move|p2a: Rayquaza|Dragon Claw|p1a: Palkia","|-supereffective|p1a: Palkia","|-damage|p1a: Palkia|0 fnt","|faint|p1a: Palkia","|","|win|Director Flare"],"p1rating":{"entryid":7235433,"formatid":"randombattle","userid":"kawaiibear","username":"KawaiiBear","r":1500,"rd":130,"sigma":0,"rpr":1459.8393856612,"rprd":122.8583080769,"rpsigma":0,"rptime":1438074000,"w":0,"l":1,"t":0,"gxe":45,"acre":1000,"lacre":1000,"oldacre":1000},"p2rating":{"entryid":"7231579","serverid":"eos","formatid":"randombattle","userid":"directorflare","username":"Director Flare","w":1,"l":"1","t":"0","gxe":50.2,"r":"1500","rd":"130","sigma":"0","rptime":"1438074000","rpr":1501.6658833322,"rprd":116.36079318672,"rpsigma":"0","acre":1040,"lacre":1040,"oldacre":"1000"},"endType":"normal"}