{"seed":[189,54704,51172,13560],"turns":37,"p1":"efalunt","p2":"Liquid Stranger","p1team":[{"name":"Breloom","moves":["machpunch","swordsdance","bulletseed","rocktomb"],"ability":"Technician","evs":{"hp":85,"atk":85,"def":85,"spa":85,"spd":85,"spe":85},"ivs":{"hp":31,"atk":31,"def":31,"spa":31,"spd":31,"spe":31},"item":"Life Orb","level":75,"shiny":false},{"name":"Vanilluxe","moves":["autotomize","hiddenpowerground","explosion","icebeam"],"ability":"Ice Body","evs":{"hp":85,"atk":85,"def":85,"spa":85,"spd":85,"spe":85},"ivs":{"hp":31,"atk":31,"def":31,"spa":30,"spd":30,"spe":31},"item":"Life Orb","level":83,"shiny":false},{"name":"Garchomp","moves":["fireblast","earthquake","outrage","stoneedge"],"ability":"Rough Skin","evs":{"hp":85,"atk":85,"def":85,"spa":85,"spd":85,"spe":85},"ivs":{"hp":31,"atk":31,"def":31,"spa":31,"spd":31,"spe":31},"item":"Garchompite","level":75,"shiny":false},{"name":"Ariados","moves":["suckerpunch","stickyweb","poisonjab","toxicspikes"],"ability":"Insomnia","evs":{"hp":81,"atk":89,"def":85,"spa":85,"spd":85,"spe":85},"ivs":{"hp":31,"atk":31,"def":31,"spa":31,"spd":31,"spe":31},"item":"Black Sludge","level":83,"shiny":false},{"name":"Kyurem","moves":["roost","icebeam","dracometeor","earthpower"],"ability":"Pressure","evs":{"hp":85,"atk":85,"def":85,"spa":85,"spd":85,"spe":85},"ivs":{"hp":31,"atk":31,"def":31,"spa":31,"spd":31,"spe":31},"item":"Leftovers","level":78,"shiny":false},{"name":"Electivire","moves":["flamethrower","earthquake","icepunch","voltswitch"],"ability":"Motor Drive","evs":{"hp":85,"atk":85,"def":85,"spa":85,"spd":85,"spe":85},"ivs":{"hp":31,"atk":31,"def":31,"spa":31,"spd":31,"spe":31},"item":"Expert Belt","level":81,"shiny":false}],"p2team":[{"name":"Pidgeot","moves":["heatwave","roost","uturn","hurricane"],"ability":"Keen Eye","evs":{"hp":85,"atk":85,"def":85,"spa":85,"spd":85,"spe":85},"ivs":{"hp":31,"atk":31,"def":31,"spa":31,"spd":31,"spe":31},"item":"Pidgeotite","level":77,"shiny":false},{"name":"Landorus","moves":["focusblast","earthpower","sludgewave","knockoff"],"ability":"Sheer Force","evs":{"hp":85,"atk":85,"def":85,"spa":85,"spd":85,"spe":85},"ivs":{"hp":31,"atk":31,"def":31,"spa":31,"spd":31,"spe":31},"item":"Life Orb","level":73,"shiny":false},{"name":"Poliwrath","moves":["rest","sleeptalk","scald","icebeam"],"ability":"Water Absorb","evs":{"hp":85,"atk":85,"def":85,"spa":85,"spd":85,"spe":85},"ivs":{"hp":31,"atk":31,"def":31,"spa":31,"spd":31,"spe":31},"item":"Leftovers","level":83,"shiny":false},{"name":"Ludicolo","moves":["raindance","focusblast","scald","gigadrain"],"ability":"Swift Swim","evs":{"hp":85,"atk":85,"def":85,"spa":85,"spd":85,"spe":85},"ivs":{"hp":31,"atk":31,"def":31,"spa":31,"spd":31,"spe":31},"item":"Damp Rock","level":81,"shiny":false},{"name":"Flareon","moves":["toxic","wish","flareblitz","facade"],"ability":"Guts","evs":{"hp":81,"atk":89,"def":85,"spa":85,"spd":85,"spe":85},"ivs":{"hp":31,"atk":31,"def":31,"spa":31,"spd":31,"spe":31},"item":"Toxic Orb","level":83,"shiny":false},{"name":"Wigglytuff","moves":["fireblast","dazzlinggleam","stealthrock","wish"],"ability":"Competitive","evs":{"hp":85,"atk":85,"def":85,"spa":85,"spd":85,"spe":85},"ivs":{"hp":31,"atk":31,"def":31,"spa":31,"spd":31,"spe":31},"item":"Leftovers","level":83,"shiny":false}],"log":["|player|p1|efalunt|120","|player|p2|Liquid Stranger|92","|gametype|singles","|gen|6","|tier|Random Battle","|rated","|rule|Sleep Clause Mod: Limit one foe put to sleep","|rule|HP Percentage Mod: HP is shown in percentages","|","|start","|switch|p1a: Breloom|Breloom, L75, M|214/214","|switch|p2a: Pidgeot|Pidgeot, L77, M|254/254","|turn|1","|","|switch|p1a: Electivire|Electivire, L81, M|254/254","|detailschange|p2a: Pidgeot|Pidgeot-Mega, L77, M","|-mega|p2a: Pidgeot|Pidgeot|Pidgeotite","|move|p2a: Pidgeot|Hurricane|p1a: Electivire","|-resisted|p1a: Electivire","|-damage|p1a: Electivire|185/254","|-start|p1a: Electivire|confusion","|","|turn|2","|","|move|p2a: Pidgeot|U-turn|p1a: Electivire","|-damage|p1a: Electivire|142/254","|","|switch|p2a: Landorus|Landorus, L73, M|250/250","|-activate|p1a: Electivire|confusion","|-damage|p1a: Electivire|102/254|[from] confusion","|","|turn|3","|","|-activate|p1a: Electivire|confusion","|move|p1a: Electivire|Ice Punch|p2a: Landorus","|-supereffective|p2a: Landorus","|-damage|p2a: Landorus|0 fnt","|faint|p2a: Landorus","|","|","|switch|p2a: Ludicolo|Ludicolo, L81, M|262/262","|turn|4","|","|switch|p1a: Vanilluxe|Vanilluxe, L83, F|254/254","|move|p2a: Ludicolo|Rain Dance|p2a: Ludicolo","|-weather|RainDance","|","|-weather|RainDance|[upkeep]","|turn|5","|","|move|p2a: Ludicolo|Scald|p1a: Vanilluxe","|-damage|p1a: Vanilluxe|137/254","|-status|p1a: Vanilluxe|brn","|move|p1a: Vanilluxe|Ice Beam|p2a: Ludicolo","|-damage|p2a: Ludicolo|137/262","|-damage|p1a: Vanilluxe|112/254 brn|[from] item: Life Orb","|","|-weather|RainDance|[upkeep]","|-damage|p1a: Vanilluxe|81/254 brn|[from] brn","|turn|6","|","|move|p2a: Ludicolo|Giga Drain|p1a: Vanilluxe","|-damage|p1a: Vanilluxe|11/254 brn","|-heal|p2a: Ludicolo|172/262|[from] drain|[of] p1a: Vanilluxe","|move|p1a: Vanilluxe|Ice Beam|p2a: Ludicolo","|-damage|p2a: Ludicolo|34/262","|-damage|p1a: Vanilluxe|0 fnt|[from] item: Life Orb","|faint|p1a: Vanilluxe","|","|-weather|RainDance|[upkeep]","|","|switch|p1a: Breloom|Breloom, L75, M|214/214","|turn|7","|","|move|p1a: Breloom|Mach Punch|p2a: Ludicolo","|-damage|p2a: Ludicolo|0 fnt","|-damage|p1a: Breloom|193/214|[from] item: Life Orb","|faint|p2a: Ludicolo","|","|-weather|RainDance|[upkeep]","|","|switch|p2a: Pidgeot|Pidgeot-Mega, L77, M|254/254","|turn|8","|","|move|p2a: Pidgeot|Hurricane|p1a: Breloom","|-supereffective|p1a: Breloom","|-damage|p1a: Breloom|0 fnt","|faint|p1a: Breloom","|","|-weather|RainDance|[upkeep]","|","|switch|p1a: Electivire|Electivire, L81, M|102/254","|turn|9","|","|move|p2a: Pidgeot|U-turn|p1a: Electivire","|-damage|p1a: Electivire|55/254","|","|switch|p2a: Wigglytuff|Wigglytuff, L83, F|368/368","|move|p1a: Electivire|Ice Punch|p2a: Wigglytuff","|-damage|p2a: Wigglytuff|274/368","|","|-weather|RainDance|[upkeep]","|-heal|p2a: Wigglytuff|297/368|[from] item: Leftovers","|turn|10","|","|move|p1a: Electivire|Volt Switch|p2a: Wigglytuff","|-damage|p2a: Wigglytuff|198/368","|","|switch|p1a: Ariados|Ariados, L83, M|251/251","|move|p2a: Wigglytuff|Stealth Rock|p1a: Ariados","|-sidestart|p1: efalunt|move: Stealth Rock","|","|-weather|RainDance|[upkeep]","|-heal|p2a: Wigglytuff|221/368|[from] item: Leftovers","|turn|11","|","|switch|p2a: Flareon|Flareon, L83, M|243/243","|move|p1a: Ariados|Sticky Web|p2a: Flareon","|-sidestart|p2: Liquid Stranger|move: Sticky Web","|","|-weather|none","|-status|p2a: Flareon|tox|[from] item: Toxic Orb","|turn|12","|","|switch|p1a: Garchomp|Garchomp, L75, F|286/286","|-damage|p1a: Garchomp|269/286|[from] Stealth Rock","|move|p2a: Flareon|Flare Blitz|p1a: Garchomp","|-crit|p1a: Garchomp","|-resisted|p1a: Garchomp","|-damage|p1a: Garchomp|98/286","|-damage|p2a: Flareon|213/243 tox|[from] ability: Rough Skin|[of] p1a: Garchomp","|-damage|p2a: Flareon|157/243 tox|[from] recoil|[of] p1a: Garchomp","|","|-damage|p2a: Flareon|142/243 tox|[from] psn","|turn|13","|","|switch|p2a: Pidgeot|Pidgeot-Mega, L77, M|254/254","|detailschange|p1a: Garchomp|Garchomp-Mega, L75, F","|-mega|p1a: Garchomp|Garchomp|Garchompite","|move|p1a: Garchomp|Earthquake|p2a: Pidgeot","|-immune|p2a: Pidgeot|[msg]","|","|turn|14","|","|move|p2a: Pidgeot|Hurricane|p1a: Garchomp","|-damage|p1a: Garchomp|0 fnt","|faint|p1a: Garchomp","|","|","|switch|p1a: Kyurem|Kyurem, L78|323/323","|-damage|p1a: Kyurem|243/323|[from] Stealth Rock","|-ability|p1a: Kyurem|Pressure","|turn|15","|","|move|p2a: Pidgeot|Heat Wave|p1a: Kyurem","|-damage|p1a: Kyurem|168/323","|move|p1a: Kyurem|Ice Beam|p2a: Pidgeot","|-supereffective|p2a: Pidgeot","|-damage|p2a: Pidgeot|6/254","|","|-heal|p1a: Kyurem|188/323|[from] item: Leftovers","|turn|16","|","|move|p2a: Pidgeot|Roost|p2a: Pidgeot","|-heal|p2a: Pidgeot|133/254","|move|p1a: Kyurem|Ice Beam|p2a: Pidgeot","|-damage|p2a: Pidgeot|13/254","|","|-heal|p1a: Kyurem|208/323|[from] item: Leftovers","|turn|17","|","|move|p2a: Pidgeot|U-turn|p1a: Kyurem","|-damage|p1a: Kyurem|170/323","|","|switch|p2a: Wigglytuff|Wigglytuff, L83, F|221/368","|-activate|p2a: Wigglytuff|move: Sticky Web","|-unboost|p2a: Wigglytuff|spe|1","|-boost|p2a: Wigglytuff|spa|2|[from] ability: Competitive","|move|p1a: Kyurem|Ice Beam|p2a: Wigglytuff","|-damage|p2a: Wigglytuff|50/368","|","|-heal|p1a: Kyurem|190/323|[from] item: Leftovers","|-heal|p2a: Wigglytuff|73/368|[from] item: Leftovers","|turn|18","|","|move|p1a: Kyurem|Ice Beam|p2a: Wigglytuff","|-damage|p2a: Wigglytuff|0 fnt","|faint|p2a: Wigglytuff","|","|-heal|p1a: Kyurem|210/323|[from] item: Leftovers","|","|switch|p2a: Poliwrath|Poliwrath, L83, F|285/285","|-activate|p2a: Poliwrath|move: Sticky Web","|-unboost|p2a: Poliwrath|spe|1","|turn|19","|","|switch|p1a: Ariados|Ariados, L83, M|251/251","|-damage|p1a: Ariados|189/251|[from] Stealth Rock","|move|p2a: Poliwrath|Ice Beam|p1a: Ariados","|-damage|p1a: Ariados|128/251","|-status|p1a: Ariados|frz","|","|-heal|p1a: Ariados|143/251 frz|[from] item: Black Sludge","|turn|20","|","|-curestatus|p1a: Ariados|frz","|move|p1a: Ariados|Poison Jab|p2a: Poliwrath","|-damage|p2a: Poliwrath|201/285","|-status|p2a: Poliwrath|psn","|move|p2a: Poliwrath|Scald|p1a: Ariados","|-damage|p1a: Ariados|53/251","|","|-heal|p1a: Ariados|68/251|[from] item: Black Sludge","|-heal|p2a: Poliwrath|218/285 psn|[from] item: Leftovers","|-damage|p2a: Poliwrath|183/285 psn|[from] psn","|turn|21","|","|move|p1a: Ariados|Poison Jab|p2a: Poliwrath","|-damage|p2a: Poliwrath|102/285 psn","|move|p2a: Poliwrath|Rest|p2a: Poliwrath","|-status|p2a: Poliwrath|slp","|-heal|p2a: Poliwrath|285/285 slp|[silent]","|-status|p2a: Poliwrath|slp|[from] move: Rest","|","|-heal|p1a: Ariados|83/251|[from] item: Black Sludge","|turn|22","|","|move|p1a: Ariados|Poison Jab|p2a: Poliwrath","|-damage|p2a: Poliwrath|204/285 slp","|cant|p2a: Poliwrath|slp","|move|p2a: Poliwrath|Sleep Talk|p2a: Poliwrath","|move|p2a: Poliwrath|Scald|p1a: Ariados|[from]Sleep Talk","|-damage|p1a: Ariados|0 fnt","|faint|p1a: Ariados","|","|-heal|p2a: Poliwrath|221/285 slp|[from] item: Leftovers","|","|switch|p1a: Electivire|Electivire, L81, M|55/254","|-damage|p1a: Electivire|24/254|[from] Stealth Rock","|turn|23","|","|move|p1a: Electivire|Earthquake|p2a: Poliwrath","|-damage|p2a: Poliwrath|150/285 slp","|cant|p2a: Poliwrath|slp","|move|p2a: Poliwrath|Sleep Talk|p2a: Poliwrath","|move|p2a: Poliwrath|Ice Beam|p1a: Electivire|[from]Sleep Talk","|-damage|p1a: Electivire|0 fnt","|faint|p1a: Electivire","|","|-heal|p2a: Poliwrath|167/285 slp|[from] item: Leftovers","|","|switch|p1a: Kyurem|Kyurem, L78|210/323","|-damage|p1a: Kyurem|130/323|[from] Stealth Rock","|-ability|p1a: Kyurem|Pressure","|turn|24","|","|move|p1a: Kyurem|Roost|p1a: Kyurem","|-heal|p1a: Kyurem|292/323","|-curestatus|p2a: Poliwrath|slp","|move|p2a: Poliwrath|Scald|p1a: Kyurem","|-resisted|p1a: Kyurem","|-damage|p1a: Kyurem|255/323","|","|-heal|p1a: Kyurem|275/323|[from] item: Leftovers","|-heal|p2a: Poliwrath|184/285|[from] item: Leftovers","|turn|25","|","|move|p1a: Kyurem|Earth Power|p2a: Poliwrath","|-damage|p2a: Poliwrath|118/285","|move|p2a: Poliwrath|Scald|p1a: Kyurem","|-resisted|p1a: Kyurem","|-damage|p1a: Kyurem|242/323","|","|-heal|p1a: Kyurem|262/323|[from] item: Leftovers","|-heal|p2a: Poliwrath|135/285|[from] item: Leftovers","|turn|26","|","|move|p1a: Kyurem|Earth Power|p2a: Poliwrath","|-damage|p2a: Poliwrath|66/285","|-unboost|p2a: Poliwrath|spd|1","|move|p2a: Poliwrath|Rest|p2a: Poliwrath","|-status|p2a: Poliwrath|slp","|-heal|p2a: Poliwrath|285/285 slp|[silent]","|-status|p2a: Poliwrath|slp|[from] move: Rest","|","|-heal|p1a: Kyurem|282/323|[from] item: Leftovers","|turn|27","|","|move|p1a: Kyurem|Ice Beam|p2a: Poliwrath","|-resisted|p2a: Poliwrath","|-damage|p2a: Poliwrath|212/285 slp","|cant|p2a: Poliwrath|slp","|move|p2a: Poliwrath|Sleep Talk|p2a: Poliwrath","|move|p2a: Poliwrath|Ice Beam|p1a: Kyurem|[from]Sleep Talk","|-damage|p1a: Kyurem|229/323","|","|-heal|p1a: Kyurem|249/323|[from] item: Leftovers","|-heal|p2a: Poliwrath|229/285 slp|[from] item: Leftovers","|turn|28","|","|move|p1a: Kyurem|Earth Power|p2a: Poliwrath","|-damage|p2a: Poliwrath|120/285 slp","|cant|p2a: Poliwrath|slp","|move|p2a: Poliwrath|Sleep Talk|p2a: Poliwrath","|move|p2a: Poliwrath|Scald|p1a: Kyurem|[from]Sleep Talk","|-resisted|p1a: Kyurem","|-damage|p1a: Kyurem|213/323","|","|-heal|p1a: Kyurem|233/323|[from] item: Leftovers","|-heal|p2a: Poliwrath|137/285 slp|[from] item: Leftovers","|turn|29","|","|move|p1a: Kyurem|Earth Power|p2a: Poliwrath","|-damage|p2a: Poliwrath|31/285 slp","|-curestatus|p2a: Poliwrath|slp","|move|p2a: Poliwrath|Rest|p2a: Poliwrath","|-status|p2a: Poliwrath|slp","|-heal|p2a: Poliwrath|285/285 slp|[silent]","|-status|p2a: Poliwrath|slp|[from] move: Rest","|","|-heal|p1a: Kyurem|253/323|[from] item: Leftovers","|turn|30","|","|move|p1a: Kyurem|Ice Beam|p2a: Poliwrath","|-resisted|p2a: Poliwrath","|-damage|p2a: Poliwrath|201/285 slp","|cant|p2a: Poliwrath|slp","|move|p2a: Poliwrath|Sleep Talk|p2a: Poliwrath","|move|p2a: Poliwrath|Ice Beam|p1a: Kyurem|[from]Sleep Talk","|-damage|p1a: Kyurem|202/323","|","|-heal|p1a: Kyurem|222/323|[from] item: Leftovers","|-heal|p2a: Poliwrath|218/285 slp|[from] item: Leftovers","|turn|31","|","|move|p1a: Kyurem|Earth Power|p2a: Poliwrath","|-damage|p2a: Poliwrath|111/285 slp","|cant|p2a: Poliwrath|slp","|move|p2a: Poliwrath|Sleep Talk|p2a: Poliwrath","|move|p2a: Poliwrath|Rest|p2a: Poliwrath|[from]Sleep Talk","|-fail|p2a: Poliwrath","|","|-heal|p1a: Kyurem|242/323|[from] item: Leftovers","|-heal|p2a: Poliwrath|128/285 slp|[from] item: Leftovers","|turn|32","|","|move|p1a: Kyurem|Ice Beam|p2a: Poliwrath","|-resisted|p2a: Poliwrath","|-damage|p2a: Poliwrath|47/285 slp","|-curestatus|p2a: Poliwrath|slp","|move|p2a: Poliwrath|Rest|p2a: Poliwrath","|-status|p2a: Poliwrath|slp","|-heal|p2a: Poliwrath|285/285 slp|[silent]","|-status|p2a: Poliwrath|slp|[from] move: Rest","|","|-heal|p1a: Kyurem|262/323|[from] item: Leftovers","|turn|33","|","|move|p1a: Kyurem|Earth Power|p2a: Poliwrath","|-damage|p2a: Poliwrath|184/285 slp","|cant|p2a: Poliwrath|slp","|move|p2a: Poliwrath|Sleep Talk|p2a: Poliwrath","|move|p2a: Poliwrath|Rest|p2a: Poliwrath|[from]Sleep Talk","|-fail|p2a: Poliwrath","|","|-heal|p1a: Kyurem|282/323|[from] item: Leftovers","|-heal|p2a: Poliwrath|201/285 slp|[from] item: Leftovers","|turn|34","|","|move|p1a: Kyurem|Earth Power|p2a: Poliwrath","|-damage|p2a: Poliwrath|95/285 slp","|cant|p2a: Poliwrath|slp","|move|p2a: Poliwrath|Sleep Talk|p2a: Poliwrath","|move|p2a: Poliwrath|Rest|p2a: Poliwrath|[from]Sleep Talk","|-fail|p2a: Poliwrath","|","|-heal|p1a: Kyurem|302/323|[from] item: Leftovers","|-heal|p2a: Poliwrath|112/285 slp|[from] item: Leftovers","|turn|35","|","|move|p1a: Kyurem|Earth Power|p2a: Poliwrath","|-damage|p2a: Poliwrath|6/285 slp","|-curestatus|p2a: Poliwrath|slp","|move|p2a: Poliwrath|Scald|p1a: Kyurem","|-resisted|p1a: Kyurem","|-damage|p1a: Kyurem|269/323","|-status|p1a: Kyurem|brn","|","|-heal|p1a: Kyurem|289/323 brn|[from] item: Leftovers","|-heal|p2a: Poliwrath|23/285|[from] item: Leftovers","|-damage|p1a: Kyurem|249/323 brn|[from] brn","|turn|36","|","|move|p1a: Kyurem|Ice Beam|p2a: Poliwrath","|-resisted|p2a: Poliwrath","|-damage|p2a: Poliwrath|0 fnt","|faint|p2a: Poliwrath","|","|-heal|p1a: Kyurem|269/323 brn|[from] item: Leftovers","|-damage|p1a: Kyurem|229/323 brn|[from] brn","|","|switch|p2a: Flareon|Flareon, L83, M|142/243 tox","|-activate|p2a: Flareon|move: Sticky Web","|-unboost|p2a: Flareon|spe|1","|turn|37","|","|move|p1a: Kyurem|Earth Power|p2a: Flareon","|-supereffective|p2a: Flareon","|-damage|p2a: Flareon|24/243 tox","|move|p2a: Flareon|Flare Blitz|p1a: Kyurem","|-damage|p1a: Kyurem|0 fnt","|-damage|p2a: Flareon|0 fnt|[from] recoil|[of] p1a: Kyurem","|faint|p1a: Kyurem","|faint|p2a: Flareon","|","|win|Liquid Stranger"],"p1rating":{"entryid":"6602665","serverid":"eos","formatid":"randombattle","userid":"efalunt","username":"efalunt","w":"1","l":2,"t":"0","gxe":46.2,"r":1503.462104833,"rd":121.32375788096,"sigma":"0","rptime":1438074000,"rpr":1469.5263279876,"rprd":115.04586462055,"rpsigma":"0","acre":1015.4326387448,"lacre":1015.4326387448,"oldacre":"1028.131509066"},"p2rating":{"entryid":"7128950","serverid":"eos","formatid":"randombattle","userid":"liquidstranger","username":"Liquid Stranger","w":9,"l":"6","t":"0","gxe":57.3,"r":"1530.0631607161","rd":"90.091977107181","sigma":"0","rptime":"1438074000","rpr":1556.5379307097,"rprd":77.723185424475,"rpsigma":"0","acre":1092.390325817,"lacre":1092.390325817,"oldacre":"1065.4337926111"},"endType":"normal"}