{"seed":[3174,5907,1704,9239],"turns":26,"p1":"Liquid Stranger","p2":"GamingNoah","p1team":[{"name":"Thundurus-Therian","moves":["nastyplot","hiddenpowerflying","thunderbolt","focusblast"],"ability":"Volt Absorb","evs":{"hp":81,"atk":85,"def":85,"spa":89,"spd":85,"spe":85},"ivs":{"hp":30,"atk":30,"def":30,"spa":30,"spd":30,"spe":31},"item":"Life Orb","level":76,"shiny":false},{"name":"Registeel","moves":["thunderwave","rest","ironhead","seismictoss"],"ability":"Clear Body","evs":{"hp":85,"atk":85,"def":85,"spa":85,"spd":85,"spe":85},"ivs":{"hp":31,"atk":31,"def":31,"spa":31,"spd":31,"spe":31},"item":"Chesto Berry","level":79,"shiny":false},{"name":"Samurott","moves":["swordsdance","aquajet","megahorn","superpower"],"ability":"Torrent","evs":{"hp":85,"atk":85,"def":85,"spa":85,"spd":85,"spe":85},"ivs":{"hp":31,"atk":31,"def":31,"spa":31,"spd":31,"spe":31},"item":"Life Orb","level":81,"shiny":false},{"name":"Simisage","moves":["superpower","substitute","knockoff","gigadrain"],"ability":"Overgrow","evs":{"hp":85,"atk":85,"def":85,"spa":85,"spd":85,"spe":85},"ivs":{"hp":31,"atk":31,"def":31,"spa":31,"spd":31,"spe":31},"item":"Leftovers","level":83,"shiny":false},{"name":"Magnezone","moves":["thunderbolt","flashcannon","chargebeam","hiddenpowerice"],"ability":"Magnet Pull","evs":{"hp":85,"atk":85,"def":85,"spa":85,"spd":85,"spe":85},"ivs":{"hp":31,"atk":30,"def":30,"spa":31,"spd":31,"spe":31},"item":"Air Balloon","level":75,"shiny":false},{"name":"Pelipper","moves":["scald","toxic","uturn","roost"],"ability":"Rain Dish","evs":{"hp":85,"atk":85,"def":85,"spa":85,"spd":85,"spe":85},"ivs":{"hp":31,"atk":31,"def":31,"spa":31,"spd":31,"spe":31},"item":"Leftovers","level":83,"shiny":false}],"p2team":[{"name":"Flygon","moves":["firepunch","uturn","roost","outrage"],"ability":"Levitate","evs":{"hp":85,"atk":85,"def":85,"spa":85,"spd":85,"spe":85},"ivs":{"hp":31,"atk":31,"def":31,"spa":31,"spd":31,"spe":31},"item":"Life Orb","level":79,"shiny":false},{"name":"Latias","moves":["surf","roost","calmmind","dracometeor"],"ability":"Levitate","evs":{"hp":85,"atk":85,"def":85,"spa":85,"spd":85,"spe":85},"ivs":{"hp":31,"atk":31,"def":31,"spa":31,"spd":31,"spe":31},"item":"Latiasite","level":75,"shiny":false},{"name":"Hoopa","moves":["focusblast","nastyplot","shadowball","psyshock"],"ability":"Magician","evs":{"hp":85,"atk":85,"def":85,"spa":85,"spd":85,"spe":85},"ivs":{"hp":31,"atk":31,"def":31,"spa":31,"spd":31,"spe":31},"item":"Life Orb","level":75,"shiny":false},{"name":"Hitmontop","moves":["closecombat","rapidspin","suckerpunch","machpunch"],"ability":"Technician","evs":{"hp":85,"atk":85,"def":85,"spa":85,"spd":85,"spe":85},"ivs":{"hp":31,"atk":31,"def":31,"spa":31,"spd":31,"spe":31},"item":"Assault Vest","level":79,"shiny":false},{"name":"Beautifly","moves":["bugbuzz","quiverdance","hiddenpowerrock","psychic"],"ability":"Swarm","evs":{"hp":85,"atk":85,"def":85,"spa":85,"spd":85,"spe":85},"ivs":{"hp":31,"atk":31,"def":30,"spa":31,"spd":30,"spe":30},"item":"Life Orb","level":83,"shiny":false},{"name":"Kingler","moves":["xscissor","swordsdance","agility","crabhammer"],"ability":"Hyper Cutter","evs":{"hp":85,"atk":85,"def":85,"spa":85,"spd":85,"spe":85},"ivs":{"hp":31,"atk":31,"def":31,"spa":31,"spd":31,"spe":31},"item":"Leftovers","level":83,"shiny":false}],"log":["|player|p1|Liquid Stranger|92","|player|p2|GamingNoah|gamingnoah.png","|gametype|singles","|gen|6","|tier|Random Battle","|rated","|rule|Sleep Clause Mod: Limit one foe put to sleep","|rule|HP Percentage Mod: HP is shown in percentages","|","|start","|switch|p1a: Thundurus-Therian|Thundurus-Therian, L76, M|244/244","|switch|p2a: Flygon|Flygon, L79, F|256/256","|turn|1","|","|switch|p1a: Samurott|Samurott, L81, M|287/287","|move|p2a: Flygon|Outrage|p1a: Samurott","|-damage|p1a: Samurott|139/287","|-damage|p2a: Flygon|231/256|[from] item: Life Orb","|","|turn|2","|","|switch|p1a: Registeel|Registeel, L79|256/256","|move|p2a: Flygon|Outrage|p1a: Registeel","|-resisted|p1a: Registeel","|-damage|p1a: Registeel|200/256","|-damage|p2a: Flygon|206/256|[from] item: Life Orb","|-start|p2a: Flygon|confusion|[fatigue]","|","|turn|3","|","|-activate|p2a: Flygon|confusion","|-damage|p2a: Flygon|166/256|[from] confusion","|move|p1a: Registeel|Iron Head|p2a: Flygon","|-damage|p2a: Flygon|91/256","|","|turn|4","|","|-activate|p2a: Flygon|confusion","|move|p2a: Flygon|Fire Punch|p1a: Registeel","|-supereffective|p1a: Registeel","|-damage|p1a: Registeel|117/256","|-damage|p2a: Flygon|66/256|[from] item: Life Orb","|move|p1a: Registeel|Iron Head|p2a: Flygon","|-crit|p2a: Flygon","|-damage|p2a: Flygon|0 fnt","|faint|p2a: Flygon","|","|","|switch|p2a: Hoopa|Hoopa, L75|244/244","|turn|5","|","|move|p2a: Hoopa|Focus Blast|p1a: Registeel|[miss]","|-miss|p2a: Hoopa|p1a: Registeel","|move|p1a: Registeel|Thunder Wave|p2a: Hoopa","|-status|p2a: Hoopa|par","|","|turn|6","|","|move|p1a: Registeel|Iron Head|p2a: Hoopa","|-damage|p2a: Hoopa|160/244 par","|cant|p2a: Hoopa|par","|","|turn|7","|","|move|p1a: Registeel|Iron Head|p2a: Hoopa","|-damage|p2a: Hoopa|67/244 par","|move|p2a: Hoopa|Focus Blast|p1a: Registeel|[miss]","|-miss|p2a: Hoopa|p1a: Registeel","|","|turn|8","|","|move|p1a: Registeel|Iron Head|p2a: Hoopa","|-damage|p2a: Hoopa|0 fnt","|faint|p2a: Hoopa","|","|","|switch|p2a: Hitmontop|Hitmontop, L79, M|209/209","|turn|9","|","|switch|p1a: Thundurus-Therian|Thundurus-Therian, L76, M|244/244","|move|p2a: Hitmontop|Mach Punch|p1a: Thundurus-Therian","|-resisted|p1a: Thundurus-Therian","|-damage|p1a: Thundurus-Therian|211/244","|","|turn|10","|","|switch|p2a: Kingler|Kingler, L83, M|227/227","|move|p1a: Thundurus-Therian|Nasty Plot|p1a: Thundurus-Therian","|-boost|p1a: Thundurus-Therian|spa|2","|","|turn|11","|","|move|p1a: Thundurus-Therian|Thunderbolt|p2a: Kingler","|-supereffective|p2a: Kingler","|-damage|p2a: Kingler|0 fnt","|-damage|p1a: Thundurus-Therian|187/244|[from] item: Life Orb","|faint|p2a: Kingler","|","|","|switch|p2a: Latias|Latias, L75, F|244/244","|turn|12","|","|detailschange|p2a: Latias|Latias-Mega, L75, F","|-mega|p2a: Latias|Latias|Latiasite","|move|p2a: Latias|Calm Mind|p2a: Latias","|-boost|p2a: Latias|spa|1","|-boost|p2a: Latias|spd|1","|move|p1a: Thundurus-Therian|Hidden Power|p2a: Latias","|-damage|p2a: Latias|157/244","|-damage|p1a: Thundurus-Therian|163/244|[from] item: Life Orb","|","|turn|13","|","|move|p2a: Latias|Draco Meteor|p1a: Thundurus-Therian","|-damage|p1a: Thundurus-Therian|0 fnt","|-unboost|p2a: Latias|spa|2","|faint|p1a: Thundurus-Therian","|","|","|switch|p1a: Registeel|Registeel, L79|117/256","|turn|14","|","|move|p2a: Latias|Surf|p1a: Registeel","|-damage|p1a: Registeel|87/256","|move|p1a: Registeel|Thunder Wave|p2a: Latias","|-status|p2a: Latias|par","|","|turn|15","|","|switch|p2a: Hitmontop|Hitmontop, L79, M|209/209","|move|p1a: Registeel|Rest|p1a: Registeel","|-status|p1a: Registeel|slp","|-heal|p1a: Registeel|256/256 slp|[silent]","|-status|p1a: Registeel|slp|[from] move: Rest","|-enditem|p1a: Registeel|Chesto Berry|[eat]","|-curestatus|p1a: Registeel|slp","|","|turn|16","|","|switch|p1a: Pelipper|Pelipper, L83, M|235/235","|move|p2a: Hitmontop|Mach Punch|p1a: Pelipper","|-resisted|p1a: Pelipper","|-damage|p1a: Pelipper|208/235","|","|-heal|p1a: Pelipper|222/235|[from] item: Leftovers","|turn|17","|","|switch|p2a: Beautifly|Beautifly, L83, M|235/235","|move|p1a: Pelipper|Scald|p2a: Beautifly","|-damage|p2a: Beautifly|124/235","|-status|p2a: Beautifly|brn","|","|-heal|p1a: Pelipper|235/235|[from] item: Leftovers","|-damage|p2a: Beautifly|95/235 brn|[from] brn","|turn|18","|","|move|p1a: Pelipper|U-turn|p2a: Beautifly","|-resisted|p2a: Beautifly","|-damage|p2a: Beautifly|72/235 brn","|","|switch|p1a: Magnezone|Magnezone, L75|229/229","|-item|p1a: Magnezone|Air Balloon","|move|p2a: Beautifly|Hidden Power|p1a: Magnezone","|-resisted|p1a: Magnezone","|-damage|p1a: Magnezone|198/229","|-enditem|p1a: Magnezone|Air Balloon","|-damage|p2a: Beautifly|49/235 brn|[from] item: Life Orb","|","|-damage|p2a: Beautifly|20/235 brn|[from] brn","|turn|19","|","|move|p2a: Beautifly|Psychic|p1a: Magnezone","|-resisted|p1a: Magnezone","|-damage|p1a: Magnezone|149/229","|-damage|p2a: Beautifly|0 fnt|[from] item: Life Orb","|faint|p2a: Beautifly","|move|p1a: Magnezone|Charge Beam|p2: Beautifly|[notarget]","|-notarget","|","|","|switch|p2a: Hitmontop|Hitmontop, L79, M|209/209","|turn|20","|","|move|p2a: Hitmontop|Mach Punch|p1a: Magnezone","|-supereffective|p1a: Magnezone","|-damage|p1a: Magnezone|47/229","|move|p1a: Magnezone|Thunderbolt|p2a: Hitmontop","|-damage|p2a: Hitmontop|155/209","|","|turn|21","|","|move|p2a: Hitmontop|Mach Punch|p1a: Magnezone","|-supereffective|p1a: Magnezone","|-damage|p1a: Magnezone|0 fnt","|faint|p1a: Magnezone","|","|","|switch|p1a: Simisage|Simisage, L83, M|260/260","|turn|22","|","|switch|p2a: Latias|Latias-Mega, L75, F|157/244 par","|move|p1a: Simisage|Knock Off|p2a: Latias","|-supereffective|p2a: Latias","|-damage|p2a: Latias|75/244 par","|","|turn|23","|","|move|p1a: Simisage|Knock Off|p2a: Latias","|-supereffective|p2a: Latias","|-damage|p2a: Latias|0 fnt","|faint|p2a: Latias","|","|","|switch|p2a: Hitmontop|Hitmontop, L79, M|155/209","|turn|24","|","|move|p2a: Hitmontop|Sucker Punch|p1a: Simisage","|-damage|p1a: Simisage|191/260","|move|p1a: Simisage|Knock Off|p2a: Hitmontop","|-resisted|p2a: Hitmontop","|-damage|p2a: Hitmontop|121/209","|-enditem|p2a: Hitmontop|Assault Vest|[from] move: Knock Off|[of] p1a: Simisage","|","|-heal|p1a: Simisage|207/260|[from] item: Leftovers","|turn|25","|","|move|p1a: Simisage|Giga Drain|p2a: Hitmontop","|-damage|p2a: Hitmontop|51/209","|-heal|p1a: Simisage|242/260|[from] drain|[of] p2a: Hitmontop","|move|p2a: Hitmontop|Close Combat|p1a: Simisage","|-damage|p1a: Simisage|89/260","|-unboost|p2a: Hitmontop|def|1","|-unboost|p2a: Hitmontop|spd|1","|","|-heal|p1a: Simisage|105/260|[from] item: Leftovers","|turn|26","|","|move|p2a: Hitmontop|Mach Punch|p1a: Simisage","|-damage|p1a: Simisage|36/260","|move|p1a: Simisage|Giga Drain|p2a: Hitmontop","|-damage|p2a: Hitmontop|0 fnt","|-heal|p1a: Simisage|62/260|[from] drain|[of] p2a: Hitmontop","|faint|p2a: Hitmontop","|","|win|Liquid Stranger"],"p1rating":{"entryid":"7128950","serverid":"eos","formatid":"randombattle","userid":"liquidstranger","username":"Liquid Stranger","w":6,"l":"4","t":"0","gxe":56.3,"r":"1530.0631607161","rd":"90.091977107181","sigma":"0","rptime":"1438074000","rpr":1548.8617059387,"rprd":87.625320785963,"rpsigma":"0","acre":1085.4088122783,"lacre":1085.4088122783,"oldacre":"1059.6320407143"},"p2rating":{"entryid":"7155128","serverid":"eos","formatid":"randombattle","userid":"gamingnoah","username":"GamingNoah","w":"0","l":2,"t":"0","gxe":41.2,"r":1459.8393856612,"rd":123.40150317887,"sigma":"0","rptime":1438074000,"rpr":1429.2250498097,"rprd":117.00520278574,"rpsigma":"0","acre":1000,"lacre":1000,"oldacre":"1000"},"endType":"normal"}