{"seed":[30109,16663,11138,40040],"turns":25,"p1":"D Cj","p2":"Odd Cytoplasm","p1team":[{"name":"Sableye","species":"Sableye","item":"sablenite","ability":"Prankster","moves":["knockoff","recover","willowisp","snarl"],"nature":"Sassy","evs":{"hp":248,"atk":8,"def":0,"spa":0,"spd":252,"spe":0},"ivs":{"hp":31,"atk":31,"def":31,"spa":31,"spd":31,"spe":31}},{"name":"Hoopa-Unbound","species":"Hoopa-Unbound","item":"","ability":"Magician","moves":["hyperspacefury","drainpunch","gunkshot","zenheadbutt"],"nature":"Lonely","evs":{"hp":248,"atk":252,"def":0,"spa":0,"spd":8,"spe":0},"ivs":{"hp":31,"atk":31,"def":31,"spa":31,"spd":31,"spe":31}},{"name":"Hydreigon","species":"Hydreigon","item":"choicespecs","ability":"Levitate","moves":["darkpulse","dracometeor","fireblast","surf"],"nature":"Timid","evs":{"hp":0,"atk":0,"def":0,"spa":252,"spd":4,"spe":252},"ivs":{"hp":31,"atk":31,"def":31,"spa":31,"spd":31,"spe":31}},{"name":"Bisharp","species":"Bisharp","item":"lifeorb","ability":"Defiant","moves":["knockoff","ironhead","suckerpunch","swordsdance"],"nature":"Jolly","evs":{"hp":0,"atk":252,"def":0,"spa":0,"spd":4,"spe":252},"ivs":{"hp":31,"atk":31,"def":31,"spa":31,"spd":31,"spe":31}},{"name":"Honchkrow","species":"Honchkrow","item":"lifeorb","ability":"Moxie","moves":["bravebird","suckerpunch","roost","superpower"],"nature":"Adamant","evs":{"hp":0,"atk":252,"def":0,"spa":0,"spd":4,"spe":252},"ivs":{"hp":31,"atk":31,"def":31,"spa":31,"spd":31,"spe":31}},{"name":"Umbreon","species":"Umbreon","item":"leftovers","ability":"Synchronize","moves":["wish","healbell","toxic","foulplay"],"nature":"Careful","evs":{"hp":252,"atk":0,"def":252,"spa":0,"spd":4,"spe":0},"ivs":{"hp":31,"atk":31,"def":31,"spa":31,"spd":31,"spe":31}}],"p2team":[{"name":"Jirachi","species":"Jirachi","item":"choicescarf","ability":"Serene Grace","moves":["ironhead","icepunch","zenheadbutt","firepunch"],"nature":"Jolly","evs":{"hp":0,"atk":252,"def":0,"spa":0,"spd":4,"spe":252},"ivs":{"hp":31,"atk":31,"def":31,"spa":31,"spd":31,"spe":31}},{"name":"Excadrill","species":"Excadrill","item":"choicescarf","ability":"Mold Breaker","moves":["earthquake","ironhead","rockslide","xscissor"],"nature":"Jolly","evs":{"hp":0,"atk":252,"def":0,"spa":0,"spd":4,"spe":252},"ivs":{"hp":31,"atk":31,"def":31,"spa":31,"spd":31,"spe":31}},{"name":"Ferrothorn","species":"Ferrothorn","item":"leftovers","ability":"Iron Barbs","moves":["leechseed","powerwhip","gyroball","protect"],"nature":"Relaxed","evs":{"hp":252,"atk":4,"def":252,"spa":0,"spd":0,"spe":0},"ivs":{"hp":31,"atk":31,"def":31,"spa":31,"spd":31,"spe":0}},{"name":"Heatran","species":"Heatran","item":"airballoon","ability":"Flash Fire","moves":["earthpower","flashcannon","flamethrower","hiddenpowergrass"],"nature":"Modest","evs":{"hp":248,"atk":0,"def":0,"spa":252,"spd":8,"spe":0},"ivs":{"hp":31,"atk":30,"def":31,"spa":30,"spd":31,"spe":31}},{"name":"Magnezone","species":"Magnezone","item":"choicescarf","ability":"Sturdy","moves":["flashcannon","thunderbolt","hiddenpowerice","signalbeam"],"nature":"Timid","evs":{"hp":0,"atk":0,"def":0,"spa":252,"spd":4,"spe":252},"ivs":{"hp":31,"atk":30,"def":30,"spa":31,"spd":31,"spe":31}},{"name":"Scizor","species":"Scizor","item":"scizorite","ability":"Technician","moves":["bugbite","bulletpunch","swordsdance","knockoff"],"nature":"Adamant","evs":{"hp":248,"atk":252,"def":0,"spa":0,"spd":8,"spe":0},"ivs":{"hp":31,"atk":31,"def":31,"spa":31,"spd":31,"spe":31}}],"log":["|player|p1|D Cj|266","|player|p2|Odd Cytoplasm|102","|gametype|singles","|gen|6","|tier|Monotype","|rated","|rule|Baton Pass Clause: Limit one Baton Passer, can't pass Spe and other stats simultaneously","|rule|Swagger Clause: Swagger is banned","|rule|Same Type Clause: Pokémon in a team must share a type","|clearpoke","|poke|p1|Sableye, M","|poke|p1|Hoopa-Unbound","|poke|p1|Hydreigon, M","|poke|p1|Bisharp, M","|poke|p1|Honchkrow, F","|poke|p1|Umbreon, M","|poke|p2|Jirachi","|poke|p2|Excadrill, M","|poke|p2|Ferrothorn, F","|poke|p2|Heatran, M","|poke|p2|Magnezone","|poke|p2|Scizor, F","|rule|Sleep Clause Mod: Limit one foe put to sleep","|rule|Species Clause: Limit one of each Pokémon","|rule|OHKO Clause: OHKO moves are banned","|rule|Moody Clause: Moody is banned","|rule|Evasion Moves Clause: Evasion moves are banned","|rule|Endless Battle Clause: Forcing endless battles is banned","|rule|HP Percentage Mod: HP is shown in percentages","|teampreview","|","|start","|switch|p1a: Sableye|Sableye, M|303/303","|switch|p2a: Magnezone|Magnezone|281/281","|turn|1","|","|switch|p2a: Heatran|Heatran, M|385/385","|-item|p2a: Heatran|Air Balloon","|move|p1a: Sableye|Snarl|p2a: Heatran","|-damage|p2a: Heatran|337/385","|-enditem|p2a: Heatran|Air Balloon","|-unboost|p2a: Heatran|spa|1","|","|turn|2","|","|move|p2a: Heatran|Flamethrower|p1a: Sableye","|-damage|p1a: Sableye|191/303","|move|p1a: Sableye|Knock Off|p2a: Heatran","|-damage|p2a: Heatran|282/385","|","|turn|3","|","|move|p1a: Sableye|Recover|p1a: Sableye","|-heal|p1a: Sableye|303/303","|move|p2a: Heatran|Flamethrower|p1a: Sableye","|-damage|p1a: Sableye|188/303","|","|turn|4","|","|move|p2a: Heatran|Flamethrower|p1a: Sableye","|-damage|p1a: Sableye|79/303","|-status|p1a: Sableye|brn","|move|p1a: Sableye|Snarl|p2a: Heatran","|-damage|p2a: Heatran|236/385","|-unboost|p2a: Heatran|spa|1","|","|-damage|p1a: Sableye|42/303 brn|[from] brn","|turn|5","|","|move|p1a: Sableye|Recover|p1a: Sableye","|-heal|p1a: Sableye|194/303 brn","|move|p2a: Heatran|Flamethrower|p1a: Sableye","|-damage|p1a: Sableye|113/303 brn","|","|-damage|p1a: Sableye|76/303 brn|[from] brn","|turn|6","|","|switch|p1a: Umbreon|Umbreon, M|394/394","|move|p2a: Heatran|Flamethrower|p1a: Umbreon","|-crit|p1a: Umbreon","|-damage|p1a: Umbreon|193/394","|","|-heal|p1a: Umbreon|217/394|[from] item: Leftovers","|turn|7","|","|switch|p2a: Scizor|Scizor, F|343/343","|move|p1a: Umbreon|Wish|p1a: Umbreon","|","|-heal|p1a: Umbreon|241/394|[from] item: Leftovers","|turn|8","|","|detailschange|p2a: Scizor|Scizor-Mega, F","|-mega|p2a: Scizor|Scizor|Scizorite","|move|p1a: Umbreon|Foul Play|p2a: Scizor","|-damage|p2a: Scizor|199/343","|move|p2a: Scizor|Bug Bite|p1a: Umbreon","|-supereffective|p1a: Umbreon","|-damage|p1a: Umbreon|0 fnt","|faint|p1a: Umbreon","|","|","|switch|p1a: Hydreigon|Hydreigon, M|325/325","|turn|9","|","|switch|p2a: Heatran|Heatran, M|236/385","|move|p1a: Hydreigon|Surf|p2a: Heatran","|-supereffective|p2a: Heatran","|-damage|p2a: Heatran|0 fnt","|faint|p2a: Heatran","|","|","|switch|p2a: Ferrothorn|Ferrothorn, F|352/352","|turn|10","|","|switch|p1a: Hoopa-Unbound|Hoopa-Unbound|363/363","|move|p2a: Ferrothorn|Protect|p2a: Ferrothorn","|-fail|p2a: Ferrothorn","|","|turn|11","|","|move|p2a: Ferrothorn|Protect|p2a: Ferrothorn","|-singleturn|p2a: Ferrothorn|Protect","|move|p1a: Hoopa-Unbound|Drain Punch|p2a: Ferrothorn","|-activate|p2a: Ferrothorn|Protect","|","|turn|12","|","|switch|p2a: Magnezone|Magnezone|281/281","|move|p1a: Hoopa-Unbound|Drain Punch|p2a: Magnezone","|-supereffective|p2a: Magnezone","|-damage|p2a: Magnezone|77/281","|-item|p1a: Hoopa-Unbound|Choice Scarf|[from] ability: Magician|[of] p2a: Magnezone","|","|turn|13","|","|move|p1a: Hoopa-Unbound|Drain Punch|p2a: Magnezone","|-supereffective|p2a: Magnezone","|-damage|p2a: Magnezone|0 fnt","|faint|p2a: Magnezone","|","|","|switch|p2a: Scizor|Scizor-Mega, F|199/343","|turn|14","|","|move|p1a: Hoopa-Unbound|Drain Punch|p2a: Scizor","|-damage|p2a: Scizor|114/343","|move|p2a: Scizor|Bug Bite|p1a: Hoopa-Unbound","|-supereffective|p1a: Hoopa-Unbound","|-damage|p1a: Hoopa-Unbound|0 fnt","|faint|p1a: Hoopa-Unbound","|","|","|switch|p1a: Sableye|Sableye, M|76/303 brn","|turn|15","|","|move|p2a: Scizor|Bullet Punch|p1a: Sableye","|-damage|p1a: Sableye|0 fnt","|faint|p1a: Sableye","|","|","|switch|p1a: Hydreigon|Hydreigon, M|325/325","|turn|16","|","|move|p2a: Scizor|Bullet Punch|p1a: Hydreigon","|-damage|p1a: Hydreigon|180/325","|move|p1a: Hydreigon|Fire Blast|p2a: Scizor","|-supereffective|p2a: Scizor","|-damage|p2a: Scizor|0 fnt","|faint|p2a: Scizor","|","|","|switch|p2a: Jirachi|Jirachi|341/341","|turn|17","|","|move|p2a: Jirachi|Ice Punch|p1a: Hydreigon","|-supereffective|p1a: Hydreigon","|-damage|p1a: Hydreigon|16/325","|move|p1a: Hydreigon|Fire Blast|p2a: Jirachi","|-supereffective|p2a: Jirachi","|-damage|p2a: Jirachi|0 fnt","|faint|p2a: Jirachi","|","|","|switch|p2a: Excadrill|Excadrill, M|361/361","|-ability|p2a: Excadrill|Mold Breaker","|turn|18","|","|move|p2a: Excadrill|Iron Head|p1a: Hydreigon","|-damage|p1a: Hydreigon|0 fnt","|faint|p1a: Hydreigon","|","|","|switch|p1a: Bisharp|Bisharp, M|271/271","|turn|19","|","|switch|p2a: Ferrothorn|Ferrothorn, F|352/352","|move|p1a: Bisharp|Sucker Punch|p2a: Ferrothorn","|-fail|p1a: Bisharp","|","|turn|20","|","|move|p1a: Bisharp|Swords Dance|p1a: Bisharp","|-boost|p1a: Bisharp|atk|2","|move|p2a: Ferrothorn|Leech Seed|p1a: Bisharp","|-start|p1a: Bisharp|move: Leech Seed","|","|-damage|p1a: Bisharp|238/271|[from] Leech Seed|[of] p2a: Ferrothorn","|turn|21","|","|move|p2a: Ferrothorn|Protect|p2a: Ferrothorn","|-singleturn|p2a: Ferrothorn|Protect","|move|p1a: Bisharp|Knock Off|p2a: Ferrothorn","|-activate|p2a: Ferrothorn|Protect","|","|-damage|p1a: Bisharp|205/271|[from] Leech Seed|[of] p2a: Ferrothorn","|turn|22","|","|move|p1a: Bisharp|Iron Head|p2a: Ferrothorn","|-resisted|p2a: Ferrothorn","|-damage|p2a: Ferrothorn|245/352","|-damage|p1a: Bisharp|172/271|[from] ability: Iron Barbs|[of] p2a: Ferrothorn","|-damage|p1a: Bisharp|145/271|[from] item: Life Orb","|cant|p2a: Ferrothorn|flinch","|","|-heal|p2a: Ferrothorn|267/352|[from] item: Leftovers","|-damage|p1a: Bisharp|112/271|[from] Leech Seed|[of] p2a: Ferrothorn","|-heal|p2a: Ferrothorn|300/352|[silent]","|turn|23","|","|move|p2a: Ferrothorn|Protect|p2a: Ferrothorn","|-singleturn|p2a: Ferrothorn|Protect","|move|p1a: Bisharp|Swords Dance|p1a: Bisharp","|-boost|p1a: Bisharp|atk|2","|","|-heal|p2a: Ferrothorn|322/352|[from] item: Leftovers","|-damage|p1a: Bisharp|79/271|[from] Leech Seed|[of] p2a: Ferrothorn","|-heal|p2a: Ferrothorn|352/352|[silent]","|turn|24","|","|move|p1a: Bisharp|Knock Off|p2a: Ferrothorn","|-damage|p2a: Ferrothorn|0 fnt","|-damage|p1a: Bisharp|46/271|[from] ability: Iron Barbs|[of] p2a: Ferrothorn","|-enditem|p2a: Ferrothorn|Leftovers|[from] move: Knock Off|[of] p1a: Bisharp","|-damage|p1a: Bisharp|19/271|[from] item: Life Orb","|faint|p2a: Ferrothorn","|","|","|switch|p2a: Excadrill|Excadrill, M|361/361","|-ability|p2a: Excadrill|Mold Breaker","|turn|25","|","|move|p1a: Bisharp|Sucker Punch|p2a: Excadrill","|-damage|p2a: Excadrill|0 fnt","|-damage|p1a: Bisharp|0 fnt|[from] item: Life Orb","|faint|p2a: Excadrill","|faint|p1a: Bisharp","|","|win|D Cj"],"p1rating":{"entryid":"6457520","serverid":"eos","formatid":"monotype","userid":"dcj","username":"D Cj","w":38,"l":"32","t":"0","gxe":54,"r":"1510.819140409","rd":"46.384356644496","sigma":"0","rptime":"1438074000","rpr":1530.2551629406,"rprd":45.346428916921,"rpsigma":"0","acre":1192.8730393261,"lacre":1192.8730393261,"oldacre":"1164.8945184412"},"p2rating":{"entryid":"7187668","serverid":"eos","formatid":"monotype","userid":"oddcytoplasm","username":"Odd Cytoplasm","w":"11","l":6,"t":"0","gxe":60.8,"r":"1584.4471905191","rd":"77.125402597634","sigma":"0","rptime":"1438074000","rpr":1584.2343286407,"rprd":73.828093986944,"rpsigma":"0","acre":1178.5073037442,"lacre":1178.5073037442,"oldacre":"1206.4858246291"},"endType":"normal"}