{"seed":[2750,58024,31910,33816],"turns":33,"p1":"MachoSalad","p2":"Odd Cytoplasm","p1team":[{"name":"Skarmory","species":"Skarmory","item":"rockyhelmet","ability":"Sturdy","moves":["roost","stealthrock","defog","whirlwind"],"nature":"Bold","evs":{"hp":248,"atk":0,"def":252,"spa":0,"spd":0,"spe":8},"ivs":{"hp":31,"atk":0,"def":31,"spa":31,"spd":31,"spe":31}},{"name":"Charizard","species":"Charizard","item":"charizarditex","ability":"Blaze","moves":["flareblitz","dragonclaw","dragondance","earthquake"],"nature":"Adamant","evs":{"hp":0,"atk":252,"def":0,"spa":0,"spd":4,"spe":252},"ivs":{"hp":31,"atk":31,"def":31,"spa":31,"spd":31,"spe":31}},{"name":"Hawlucha","species":"Hawlucha","item":"redcard","ability":"Unburden","moves":["swordsdance","highjumpkick","stoneedge","acrobatics"],"nature":"Adamant","evs":{"hp":120,"atk":252,"def":0,"spa":0,"spd":0,"spe":136},"ivs":{"hp":31,"atk":31,"def":31,"spa":31,"spd":31,"spe":31}},{"name":"Dragonite","species":"Dragonite","item":"weaknesspolicy","ability":"Multiscale","moves":["dragondance","extremespeed","firepunch","dragonclaw"],"nature":"Adamant","evs":{"hp":0,"atk":252,"def":4,"spa":0,"spd":0,"spe":252},"ivs":{"hp":31,"atk":31,"def":31,"spa":31,"spd":31,"spe":31}},{"name":"Landorus","species":"Landorus","item":"lifeorb","ability":"Sheer Force","moves":["sludgebomb","hiddenpowerice","earthpower","psychic"],"nature":"Timid","evs":{"hp":0,"atk":0,"def":4,"spa":252,"spd":0,"spe":252},"ivs":{"hp":31,"atk":0,"def":30,"spa":31,"spd":31,"spe":31}},{"name":"Mandibuzz","species":"Mandibuzz","item":"leftovers","ability":"Overcoat","moves":["bravebird","foulplay","roost","knockoff"],"nature":"Careful","evs":{"hp":248,"atk":0,"def":4,"spa":0,"spd":252,"spe":4},"ivs":{"hp":31,"atk":31,"def":31,"spa":31,"spd":31,"spe":31}}],"p2team":[{"name":"Jirachi","species":"Jirachi","item":"choicescarf","ability":"Serene Grace","moves":["ironhead","icepunch","zenheadbutt","firepunch"],"nature":"Jolly","evs":{"hp":0,"atk":252,"def":0,"spa":0,"spd":4,"spe":252},"ivs":{"hp":31,"atk":31,"def":31,"spa":31,"spd":31,"spe":31}},{"name":"Excadrill","species":"Excadrill","item":"choicescarf","ability":"Mold Breaker","moves":["earthquake","ironhead","rockslide","xscissor"],"nature":"Jolly","evs":{"hp":0,"atk":252,"def":0,"spa":0,"spd":4,"spe":252},"ivs":{"hp":31,"atk":31,"def":31,"spa":31,"spd":31,"spe":31}},{"name":"Ferrothorn","species":"Ferrothorn","item":"leftovers","ability":"Iron Barbs","moves":["leechseed","powerwhip","gyroball","protect"],"nature":"Relaxed","evs":{"hp":252,"atk":4,"def":252,"spa":0,"spd":0,"spe":0},"ivs":{"hp":31,"atk":31,"def":31,"spa":31,"spd":31,"spe":0}},{"name":"Heatran","species":"Heatran","item":"airballoon","ability":"Flash Fire","moves":["earthpower","flashcannon","flamethrower","hiddenpowergrass"],"nature":"Modest","evs":{"hp":248,"atk":0,"def":0,"spa":252,"spd":8,"spe":0},"ivs":{"hp":31,"atk":30,"def":31,"spa":30,"spd":31,"spe":31}},{"name":"Magnezone","species":"Magnezone","item":"choicescarf","ability":"Sturdy","moves":["flashcannon","thunderbolt","hiddenpowerice","signalbeam"],"nature":"Timid","evs":{"hp":0,"atk":0,"def":0,"spa":252,"spd":4,"spe":252},"ivs":{"hp":31,"atk":30,"def":30,"spa":31,"spd":31,"spe":31}},{"name":"Scizor","species":"Scizor","item":"scizorite","ability":"Technician","moves":["bugbite","bulletpunch","swordsdance","knockoff"],"nature":"Adamant","evs":{"hp":248,"atk":252,"def":0,"spa":0,"spd":8,"spe":0},"ivs":{"hp":31,"atk":31,"def":31,"spa":31,"spd":31,"spe":31}}],"log":["|player|p1|MachoSalad|224","|player|p2|Odd Cytoplasm|102","|gametype|singles","|gen|6","|tier|Monotype","|rated","|rule|Baton Pass Clause: Limit one Baton Passer, can't pass Spe and other stats simultaneously","|rule|Swagger Clause: Swagger is banned","|rule|Same Type Clause: Pokémon in a team must share a type","|clearpoke","|poke|p1|Skarmory, F","|poke|p1|Charizard, M","|poke|p1|Hawlucha, F","|poke|p1|Dragonite, M","|poke|p1|Landorus, M","|poke|p1|Mandibuzz, F","|poke|p2|Jirachi","|poke|p2|Excadrill, M","|poke|p2|Ferrothorn, F","|poke|p2|Heatran, F","|poke|p2|Magnezone","|poke|p2|Scizor, F","|rule|Sleep Clause Mod: Limit one foe put to sleep","|rule|Species Clause: Limit one of each Pokémon","|rule|OHKO Clause: OHKO moves are banned","|rule|Moody Clause: Moody is banned","|rule|Evasion Moves Clause: Evasion moves are banned","|rule|Endless Battle Clause: Forcing endless battles is banned","|rule|HP Percentage Mod: HP is shown in percentages","|teampreview","|","|start","|switch|p1a: Landorus|Landorus, M|319/319","|switch|p2a: Magnezone|Magnezone|281/281","|turn|1","|","|switch|p1a: Mandibuzz|Mandibuzz, F|423/423","|move|p2a: Magnezone|Hidden Power|p1a: Mandibuzz","|-supereffective|p1a: Mandibuzz","|-damage|p1a: Mandibuzz|315/423","|","|-heal|p1a: Mandibuzz|341/423|[from] item: Leftovers","|turn|2","|","|switch|p2a: Ferrothorn|Ferrothorn, F|352/352","|switch|p1a: Charizard|Charizard, M|297/297","|","|turn|3","|","|switch|p2a: Heatran|Heatran, F|385/385","|-item|p2a: Heatran|Air Balloon","|detailschange|p1a: Charizard|Charizard-Mega-X, M","|-mega|p1a: Charizard|Charizard|Charizardite X","|move|p1a: Charizard|Dragon Claw|p2a: Heatran","|-resisted|p2a: Heatran","|-damage|p2a: Heatran|283/385","|-enditem|p2a: Heatran|Air Balloon","|","|turn|4","|","|move|p1a: Charizard|Earthquake|p2a: Heatran","|-supereffective|p2a: Heatran","|-damage|p2a: Heatran|0 fnt","|faint|p2a: Heatran","|","|","|switch|p2a: Jirachi|Jirachi|341/341","|turn|5","|","|switch|p1a: Skarmory|Skarmory, F|333/333","|move|p2a: Jirachi|Zen Headbutt|p1a: Skarmory","|-resisted|p1a: Skarmory","|-damage|p1a: Skarmory|298/333","|-damage|p2a: Jirachi|285/341|[from] item: Rocky Helmet|[of] p1a: Skarmory","|","|turn|6","|","|switch|p2a: Ferrothorn|Ferrothorn, F|352/352","|move|p1a: Skarmory|Stealth Rock|p2a: Ferrothorn","|-sidestart|p2: Odd Cytoplasm|move: Stealth Rock","|","|turn|7","|","|move|p2a: Ferrothorn|Leech Seed|p1a: Skarmory","|-start|p1a: Skarmory|move: Leech Seed","|move|p1a: Skarmory|Whirlwind|p2a: Ferrothorn","|drag|p2a: Jirachi|Jirachi|285/341","|-damage|p2a: Jirachi|264/341|[from] Stealth Rock","|","|-damage|p1a: Skarmory|257/333|[from] Leech Seed|[of] p2a: Jirachi","|-heal|p2a: Jirachi|305/341|[silent]","|turn|8","|","|move|p2a: Jirachi|Fire Punch|p1a: Skarmory","|-supereffective|p1a: Skarmory","|-damage|p1a: Skarmory|179/333","|-damage|p2a: Jirachi|249/341|[from] item: Rocky Helmet|[of] p1a: Skarmory","|-status|p1a: Skarmory|brn","|move|p1a: Skarmory|Whirlwind|p2a: Jirachi","|drag|p2a: Magnezone|Magnezone|281/281","|-damage|p2a: Magnezone|264/281|[from] Stealth Rock","|","|-damage|p1a: Skarmory|138/333 brn|[from] Leech Seed|[of] p2a: Magnezone","|-heal|p2a: Magnezone|281/281|[silent]","|-damage|p1a: Skarmory|97/333 brn|[from] brn","|turn|9","|","|move|p2a: Magnezone|Hidden Power|p1a: Skarmory","|-damage|p1a: Skarmory|5/333 brn","|move|p1a: Skarmory|Roost|p1a: Skarmory","|-heal|p1a: Skarmory|172/333 brn","|","|-damage|p1a: Skarmory|131/333 brn|[from] Leech Seed|[of] p2a: Magnezone","|-damage|p1a: Skarmory|90/333 brn|[from] brn","|turn|10","|","|move|p2a: Magnezone|Hidden Power|p1a: Skarmory","|-damage|p1a: Skarmory|0 fnt","|faint|p1a: Skarmory","|","|","|switch|p1a: Charizard|Charizard-Mega-X, M|297/297","|turn|11","|","|switch|p2a: Jirachi|Jirachi|249/341","|-damage|p2a: Jirachi|228/341|[from] Stealth Rock","|move|p1a: Charizard|Dragon Dance|p1a: Charizard","|-boost|p1a: Charizard|atk|1","|-boost|p1a: Charizard|spe|1","|","|turn|12","|","|move|p2a: Jirachi|Iron Head|p1a: Charizard","|-crit|p1a: Charizard","|-resisted|p1a: Charizard","|-damage|p1a: Charizard|209/297","|cant|p1a: Charizard|flinch","|","|turn|13","|","|move|p2a: Jirachi|Iron Head|p1a: Charizard","|-resisted|p1a: Charizard","|-damage|p1a: Charizard|152/297","|cant|p1a: Charizard|flinch","|","|turn|14","|","|move|p2a: Jirachi|Iron Head|p1a: Charizard","|-resisted|p1a: Charizard","|-damage|p1a: Charizard|96/297","|move|p1a: Charizard|Dragon Dance|p1a: Charizard","|-boost|p1a: Charizard|atk|1","|-boost|p1a: Charizard|spe|1","|","|turn|15","|","|move|p1a: Charizard|Earthquake|p2a: Jirachi","|-supereffective|p2a: Jirachi","|-damage|p2a: Jirachi|0 fnt","|faint|p2a: Jirachi","|","|","|switch|p2a: Ferrothorn|Ferrothorn, F|352/352","|-damage|p2a: Ferrothorn|330/352|[from] Stealth Rock","|turn|16","|","|move|p1a: Charizard|Flare Blitz|p2a: Ferrothorn","|-supereffective|p2a: Ferrothorn","|-damage|p2a: Ferrothorn|0 fnt","|-damage|p1a: Charizard|59/297|[from] ability: Iron Barbs|[of] p2a: Ferrothorn","|-damage|p1a: Charizard|0 fnt|[from] recoil|[of] p2a: Ferrothorn","|faint|p2a: Ferrothorn","|faint|p1a: Charizard","|","|","|switch|p1a: Hawlucha|Hawlucha, F|327/327","|switch|p2a: Scizor|Scizor, F|343/343","|-damage|p2a: Scizor|301/343|[from] Stealth Rock","|turn|17","|","|detailschange|p2a: Scizor|Scizor-Mega, F","|-mega|p2a: Scizor|Scizor|Scizorite","|move|p1a: Hawlucha|Swords Dance|p1a: Hawlucha","|-boost|p1a: Hawlucha|atk|2","|move|p2a: Scizor|Swords Dance|p2a: Scizor","|-boost|p2a: Scizor|atk|2","|","|turn|18","|","|move|p2a: Scizor|Bullet Punch|p1a: Hawlucha","|-damage|p1a: Hawlucha|0 fnt","|faint|p1a: Hawlucha","|","|","|switch|p1a: Mandibuzz|Mandibuzz, F|341/423","|turn|19","|","|switch|p2a: Magnezone|Magnezone|281/281","|-damage|p2a: Magnezone|264/281|[from] Stealth Rock","|move|p1a: Mandibuzz|Foul Play|p2a: Magnezone","|-damage|p2a: Magnezone|197/281","|","|-heal|p1a: Mandibuzz|367/423|[from] item: Leftovers","|turn|20","|","|move|p2a: Magnezone|Hidden Power|p1a: Mandibuzz","|-supereffective|p1a: Mandibuzz","|-damage|p1a: Mandibuzz|261/423","|move|p1a: Mandibuzz|Roost|p1a: Mandibuzz","|-heal|p1a: Mandibuzz|423/423","|","|turn|21","|","|switch|p2a: Excadrill|Excadrill, M|361/361","|-damage|p2a: Excadrill|350/361|[from] Stealth Rock","|-ability|p2a: Excadrill|Mold Breaker","|move|p1a: Mandibuzz|Knock Off|p2a: Excadrill","|-damage|p2a: Excadrill|229/361","|-enditem|p2a: Excadrill|Choice Scarf|[from] move: Knock Off|[of] p1a: Mandibuzz","|","|turn|22","|","|move|p2a: Excadrill|Iron Head|p1a: Mandibuzz","|-damage|p1a: Mandibuzz|288/423","|cant|p1a: Mandibuzz|flinch","|","|-heal|p1a: Mandibuzz|314/423|[from] item: Leftovers","|turn|23","|","|move|p2a: Excadrill|Iron Head|p1a: Mandibuzz","|-damage|p1a: Mandibuzz|176/423","|cant|p1a: Mandibuzz|flinch","|","|-heal|p1a: Mandibuzz|202/423|[from] item: Leftovers","|turn|24","|","|move|p2a: Excadrill|Iron Head|p1a: Mandibuzz","|-damage|p1a: Mandibuzz|63/423","|move|p1a: Mandibuzz|Roost|p1a: Mandibuzz","|-heal|p1a: Mandibuzz|275/423","|","|-heal|p1a: Mandibuzz|301/423|[from] item: Leftovers","|turn|25","|","|move|p2a: Excadrill|Iron Head|p1a: Mandibuzz","|-damage|p1a: Mandibuzz|172/423","|move|p1a: Mandibuzz|Roost|p1a: Mandibuzz","|-heal|p1a: Mandibuzz|384/423","|","|-heal|p1a: Mandibuzz|410/423|[from] item: Leftovers","|turn|26","|","|move|p2a: Excadrill|Iron Head|p1a: Mandibuzz","|-damage|p1a: Mandibuzz|269/423","|cant|p1a: Mandibuzz|flinch","|","|-heal|p1a: Mandibuzz|295/423|[from] item: Leftovers","|turn|27","|","|move|p2a: Excadrill|Iron Head|p1a: Mandibuzz","|-damage|p1a: Mandibuzz|142/423","|cant|p1a: Mandibuzz|flinch","|","|-heal|p1a: Mandibuzz|168/423|[from] item: Leftovers","|turn|28","|","|move|p2a: Excadrill|Rock Slide|p1a: Mandibuzz","|-supereffective|p1a: Mandibuzz","|-damage|p1a: Mandibuzz|0 fnt","|faint|p1a: Mandibuzz","|","|","|switch|p1a: Dragonite|Dragonite, M|323/323","|turn|29","|","|move|p2a: Excadrill|Rock Slide|p1a: Dragonite","|-supereffective|p1a: Dragonite","|-damage|p1a: Dragonite|135/323","|-enditem|p1a: Dragonite|Weakness Policy","|-boost|p1a: Dragonite|atk|2|[from] item: Weakness Policy","|-boost|p1a: Dragonite|spa|2|[from] item: Weakness Policy","|move|p1a: Dragonite|Dragon Dance|p1a: Dragonite","|-boost|p1a: Dragonite|atk|1","|-boost|p1a: Dragonite|spe|1","|","|turn|30","|","|move|p1a: Dragonite|Fire Punch|p2a: Excadrill","|-supereffective|p2a: Excadrill","|-damage|p2a: Excadrill|0 fnt","|faint|p2a: Excadrill","|","|","|switch|p2a: Scizor|Scizor-Mega, F|301/343","|-damage|p2a: Scizor|259/343|[from] Stealth Rock","|turn|31","|","|move|p1a: Dragonite|Extreme Speed|p2a: Scizor","|-resisted|p2a: Scizor","|-damage|p2a: Scizor|159/343","|move|p2a: Scizor|Bullet Punch|p1a: Dragonite","|-damage|p1a: Dragonite|0 fnt","|faint|p1a: Dragonite","|","|","|switch|p1a: Landorus|Landorus, M|319/319","|turn|32","|","|move|p2a: Scizor|Bullet Punch|p1a: Landorus","|-damage|p1a: Landorus|166/319","|move|p1a: Landorus|Earth Power|p2a: Scizor","|-damage|p2a: Scizor|0 fnt","|faint|p2a: Scizor","|","|","|switch|p2a: Magnezone|Magnezone|197/281","|-damage|p2a: Magnezone|180/281|[from] Stealth Rock","|turn|33","|","|move|p2a: Magnezone|Hidden Power|p1a: Landorus","|-supereffective|p1a: Landorus","|-damage|p1a: Landorus|0 fnt","|faint|p1a: Landorus","|","|win|Odd Cytoplasm"],"p1rating":{"entryid":"7206348","serverid":"eos","formatid":"monotype","userid":"machosalad","username":"MachoSalad","w":"18","l":6,"t":"0","gxe":68,"r":"1658.8423664989","rd":"66.825491001945","sigma":"0","rptime":"1438074000","rpr":1644.2846884169,"rprd":65.735565053135,"rpsigma":"0","acre":1210.273931023,"lacre":1210.273931023,"oldacre":"1239.7383977363"},"p2rating":{"entryid":"7187668","serverid":"eos","formatid":"monotype","userid":"oddcytoplasm","username":"Odd Cytoplasm","w":11,"l":"5","t":"0","gxe":63.2,"r":"1584.4471905191","rd":"77.125402597634","sigma":"0","rptime":"1438074000","rpr":1603.780284441,"rprd":75.441259486176,"rpsigma":"0","acre":1206.4858246291,"lacre":1206.4858246291,"oldacre":"1177.0213579158"},"endType":"normal"}