{"seed":[53010,35881,46149,38969],"turns":26,"p1":"GL♅Zeno","p2":"Dusk Deucez","p1team":[{"name":"Liepard","species":"Liepard","item":"focussash","ability":"Prankster","moves":["taunt","thunderwave","darkpulse","grassknot"],"nature":"Timid","evs":{"hp":0,"atk":0,"def":0,"spa":252,"spd":4,"spe":252},"ivs":{"hp":31,"atk":31,"def":31,"spa":31,"spd":31,"spe":31}},{"name":"Honchkrow","species":"Honchkrow","item":"leftovers","ability":"Moxie","moves":["bravebird","suckerpunch","superpower","substitute"],"nature":"Adamant","evs":{"hp":252,"atk":252,"def":0,"spa":0,"spd":0,"spe":4},"ivs":{"hp":31,"atk":31,"def":31,"spa":31,"spd":31,"spe":31}},{"name":"Bisharp","species":"Bisharp","item":"lifeorb","ability":"Defiant","moves":["brickbreak","ironhead","suckerpunch","stoneedge"],"nature":"Jolly","evs":{"hp":0,"atk":252,"def":0,"spa":0,"spd":4,"spe":252},"ivs":{"hp":31,"atk":31,"def":31,"spa":31,"spd":31,"spe":31}},{"name":"Scrafty","species":"Scrafty","item":"leftovers","ability":"Shed Skin","moves":["bulkup","drainpunch","knockoff","rest"],"nature":"Adamant","evs":{"hp":252,"atk":0,"def":0,"spa":0,"spd":252,"spe":0},"ivs":{"hp":31,"atk":31,"def":31,"spa":31,"spd":31,"spe":31}},{"name":"Sableye","species":"Sableye","item":"sablenite","ability":"Prankster","moves":["calmmind","snarl","recover","willowisp"],"nature":"Bold","evs":{"hp":252,"atk":0,"def":252,"spa":4,"spd":0,"spe":0},"ivs":{"hp":31,"atk":31,"def":31,"spa":31,"spd":31,"spe":31}},{"name":"Zoroark","species":"Zoroark","item":"focussash","ability":"Illusion","moves":["nastyplot","darkpulse","extrasensory","flamethrower"],"nature":"Timid","evs":{"hp":0,"atk":0,"def":0,"spa":252,"spd":4,"spe":252},"shiny":true,"ivs":{"hp":31,"atk":31,"def":31,"spa":31,"spd":31,"spe":31}}],"p2team":[{"name":"Kakashi","species":"ditto","item":"choicescarf","ability":"Imposter","moves":["transform"],"nature":"Relaxed","evs":{"hp":252,"atk":0,"def":252,"spa":0,"spd":4,"spe":0},"shiny":true,"ivs":{"hp":31,"atk":31,"def":31,"spa":31,"spd":31,"spe":31}},{"name":"Side Chick","species":"meloetta","item":"assaultvest","ability":"Serene Grace","moves":["psychic","focusblast","hypervoice","shadowball"],"nature":"Modest","evs":{"hp":248,"atk":0,"def":0,"spa":252,"spd":8,"spe":0},"ivs":{"hp":31,"atk":31,"def":31,"spa":31,"spd":31,"spe":31}},{"name":"S3x Toy","species":"porygon2","item":"eviolite","ability":"Trace","moves":["thunderwave","icebeam","foulplay","recover"],"nature":"Bold","evs":{"hp":252,"atk":0,"def":252,"spa":4,"spd":0,"spe":0},"shiny":true,"ivs":{"hp":31,"atk":31,"def":31,"spa":31,"spd":31,"spe":31}},{"name":"Fat ass hoe","species":"chansey","item":"eviolite","ability":"Natural Cure","moves":["wish","softboiled","seismictoss","healbell"],"nature":"Sassy","evs":{"hp":252,"atk":0,"def":252,"spa":0,"spd":4,"spe":0},"ivs":{"hp":31,"atk":31,"def":31,"spa":31,"spd":31,"spe":0}},{"name":"Mah Nigga","species":"staraptor","item":"leftovers","ability":"Intimidate","moves":["defog","featherdance","bravebird","roost"],"nature":"Impish","evs":{"hp":4,"atk":0,"def":252,"spa":0,"spd":0,"spe":252},"gender":"M","shiny":true,"ivs":{"hp":31,"atk":31,"def":31,"spa":31,"spd":31,"spe":31}},{"name":"Bae","species":"lopunny","item":"lopunnite","ability":"Limber","moves":["fakeout","poweruppunch","return","highjumpkick"],"nature":"Jolly","evs":{"hp":0,"atk":252,"def":0,"spa":0,"spd":4,"spe":252},"gender":"F","shiny":true,"ivs":{"hp":31,"atk":31,"def":31,"spa":31,"spd":31,"spe":31}}],"log":["|player|p1|GL♅Zeno|glzeno.png","|player|p2|Dusk Deucez|acedeuce92.png","|gametype|singles","|gen|6","|tier|Monotype","|rated","|rule|Baton Pass Clause: Limit one Baton Passer, can't pass Spe and other stats simultaneously","|rule|Swagger Clause: Swagger is banned","|rule|Same Type Clause: Pokémon in a team must share a type","|clearpoke","|poke|p1|Liepard, F","|poke|p1|Honchkrow, M","|poke|p1|Bisharp, M","|poke|p1|Scrafty, M","|poke|p1|Sableye, F","|poke|p1|Zoroark, F, shiny","|poke|p2|Ditto, shiny","|poke|p2|Meloetta","|poke|p2|Porygon2, shiny","|poke|p2|Chansey, F","|poke|p2|Staraptor, M, shiny","|poke|p2|Lopunny, F, shiny","|rule|Sleep Clause Mod: Limit one foe put to sleep","|rule|Species Clause: Limit one of each Pokémon","|rule|OHKO Clause: OHKO moves are banned","|rule|Moody Clause: Moody is banned","|rule|Evasion Moves Clause: Evasion moves are banned","|rule|Endless Battle Clause: Forcing endless battles is banned","|rule|HP Percentage Mod: HP is shown in percentages","|teampreview","|","|start","|switch|p1a: Sableye|Sableye, F|304/304","|switch|p2a: Bae|Lopunny, F, shiny|271/271","|turn|1","|","|detailschange|p2a: Bae|Lopunny-Mega, F, shiny","|-mega|p2a: Bae|Lopunny|Lopunnite","|detailschange|p1a: Sableye|Sableye-Mega, F","|-mega|p1a: Sableye|Sableye|Sablenite","|move|p2a: Bae|Fake Out|p1a: Sableye","|-damage|p1a: Sableye|259/304","|cant|p1a: Sableye|flinch","|","|turn|2","|","|switch|p2a: Kakashi|Ditto, shiny|300/300","|-transform|p2a: Kakashi|p1a: Sableye","|move|p1a: Sableye|Will-O-Wisp|p2a: Kakashi","|move|p2a: Kakashi|Will-O-Wisp|p1a: Sableye|[from]Magic Bounce","|-status|p1a: Sableye|brn","|","|-damage|p1a: Sableye|221/304 brn|[from] brn","|turn|3","|","|move|p2a: Kakashi|Snarl|p1a: Sableye","|-damage|p1a: Sableye|175/304 brn","|-unboost|p1a: Sableye|spa|1","|move|p1a: Sableye|Snarl|p2a: Kakashi","|-damage|p2a: Kakashi|266/300","|-unboost|p2a: Kakashi|spa|1","|","|-damage|p1a: Sableye|137/304 brn|[from] brn","|turn|4","|","|switch|p1a: Bisharp|Bisharp, M|271/271","|move|p2a: Kakashi|Snarl|p1a: Bisharp","|-resisted|p1a: Bisharp","|-damage|p1a: Bisharp|244/271","|-unboost|p1a: Bisharp|spa|1","|-boost|p1a: Bisharp|atk|2|[from] ability: Defiant","|","|turn|5","|","|switch|p2a: Mah Nigga|Staraptor, M, shiny|312/312","|-ability|p2a: Mah Nigga|Intimidate","|-unboost|p1a: Bisharp|atk|1","|-boost|p1a: Bisharp|atk|2|[from] ability: Defiant","|move|p1a: Bisharp|Iron Head|p2a: Mah Nigga","|-damage|p2a: Mah Nigga|0 fnt","|-damage|p1a: Bisharp|217/271|[from] item: Life Orb","|faint|p2a: Mah Nigga","|","|","|switch|p2a: S3x Toy|Porygon2, shiny|374/374","|-ability|p2a: S3x Toy|Defiant|[from] ability: Trace|[of] p1a: Bisharp","|turn|6","|","|move|p1a: Bisharp|Brick Break|p2a: S3x Toy","|-supereffective|p2a: S3x Toy","|-damage|p2a: S3x Toy|85/374","|-damage|p1a: Bisharp|190/271|[from] item: Life Orb","|move|p2a: S3x Toy|Thunder Wave|p1a: Bisharp","|-status|p1a: Bisharp|par","|","|turn|7","|","|move|p2a: S3x Toy|Ice Beam|p1a: Bisharp","|-resisted|p1a: Bisharp","|-damage|p1a: Bisharp|141/271 par","|cant|p1a: Bisharp|par","|","|turn|8","|","|move|p1a: Bisharp|Sucker Punch|p2a: S3x Toy","|-damage|p2a: S3x Toy|0 fnt","|-damage|p1a: Bisharp|114/271 par|[from] item: Life Orb","|faint|p2a: S3x Toy","|","|","|switch|p2a: Kakashi|Ditto, shiny|266/300","|-transform|p2a: Kakashi|p1a: Bisharp","|turn|9","|","|move|p1a: Bisharp|Sucker Punch|p2a: Kakashi","|-resisted|p2a: Kakashi","|-damage|p2a: Kakashi|52/300","|-damage|p1a: Bisharp|87/271 par|[from] item: Life Orb","|move|p2a: Kakashi|Brick Break|p1a: Bisharp","|-supereffective|p1a: Bisharp","|-damage|p1a: Bisharp|0 fnt","|faint|p1a: Bisharp","|","|","|switch|p1a: Sableye|Sableye-Mega, F|137/304 brn","|turn|10","|","|switch|p2a: Fat ass hoe|Chansey, F|704/704","|move|p1a: Sableye|Recover|p1a: Sableye","|-heal|p1a: Sableye|289/304 brn","|","|-damage|p1a: Sableye|251/304 brn|[from] brn","|turn|11","|","|switch|p1a: Scrafty|Scrafty, M|334/334","|move|p2a: Fat ass hoe|Wish|p2a: Fat ass hoe","|","|turn|12","|","|switch|p2a: Side Chick|Meloetta|403/403","|move|p1a: Scrafty|Bulk Up|p1a: Scrafty","|-boost|p1a: Scrafty|atk|1","|-boost|p1a: Scrafty|def|1","|","|turn|13","|","|move|p2a: Side Chick|Focus Blast|p1a: Scrafty","|-supereffective|p1a: Scrafty","|-damage|p1a: Scrafty|108/334","|move|p1a: Scrafty|Knock Off|p2a: Side Chick","|-supereffective|p2a: Side Chick","|-damage|p2a: Side Chick|0 fnt","|-enditem|p2a: Side Chick|Assault Vest|[from] move: Knock Off|[of] p1a: Scrafty","|faint|p2a: Side Chick","|","|-heal|p1a: Scrafty|128/334|[from] item: Leftovers","|","|switch|p2a: Kakashi|Ditto, shiny|52/300","|-transform|p2a: Kakashi|p1a: Scrafty","|turn|14","|","|move|p2a: Kakashi|Drain Punch|p1a: Scrafty","|-supereffective|p1a: Scrafty","|-damage|p1a: Scrafty|0 fnt","|-heal|p2a: Kakashi|116/300|[from] drain|[of] p1a: Scrafty","|faint|p1a: Scrafty","|","|","|switch|p1a: Sableye|Sableye-Mega, F|251/304 brn","|turn|15","|","|switch|p2a: Fat ass hoe|Chansey, F|704/704","|move|p1a: Sableye|Will-O-Wisp|p2a: Fat ass hoe","|-status|p2a: Fat ass hoe|brn","|","|-damage|p2a: Fat ass hoe|616/704 brn|[from] brn","|-damage|p1a: Sableye|213/304 brn|[from] brn","|turn|16","|","|move|p2a: Fat ass hoe|Wish|p2a: Fat ass hoe","|move|p1a: Sableye|Calm Mind|p1a: Sableye","|-boost|p1a: Sableye|spa|1","|-boost|p1a: Sableye|spd|1","|","|-damage|p2a: Fat ass hoe|528/704 brn|[from] brn","|-damage|p1a: Sableye|175/304 brn|[from] brn","|turn|17","|","|switch|p2a: Kakashi|Ditto, shiny|116/300","|-transform|p2a: Kakashi|p1a: Sableye","|move|p1a: Sableye|Calm Mind|p1a: Sableye","|-boost|p1a: Sableye|spa|1","|-boost|p1a: Sableye|spd|1","|","|-heal|p2a: Kakashi|300/300|[from] move: Wish|[wisher] Fat ass hoe","|-damage|p1a: Sableye|137/304 brn|[from] brn","|turn|18","|","|move|p2a: Kakashi|Snarl|p1a: Sableye","|-damage|p1a: Sableye|101/304 brn","|-unboost|p1a: Sableye|spa|1","|move|p1a: Sableye|Recover|p1a: Sableye","|-heal|p1a: Sableye|253/304 brn","|","|-damage|p1a: Sableye|215/304 brn|[from] brn","|turn|19","|","|move|p2a: Kakashi|Snarl|p1a: Sableye","|-damage|p1a: Sableye|178/304 brn","|-unboost|p1a: Sableye|spa|1","|move|p1a: Sableye|Snarl|p2a: Kakashi","|-damage|p2a: Kakashi|267/300","|-unboost|p2a: Kakashi|spa|1","|","|-damage|p1a: Sableye|140/304 brn|[from] brn","|turn|20","|","|move|p2a: Kakashi|Snarl|p1a: Sableye","|-damage|p1a: Sableye|116/304 brn","|-unboost|p1a: Sableye|spa|1","|move|p1a: Sableye|Recover|p1a: Sableye","|-heal|p1a: Sableye|268/304 brn","|","|-damage|p1a: Sableye|230/304 brn|[from] brn","|turn|21","|","|switch|p1a: Honchkrow|Honchkrow, M|404/404","|move|p2a: Kakashi|Snarl|p1a: Honchkrow","|-resisted|p1a: Honchkrow","|-damage|p1a: Honchkrow|354/404","|-unboost|p1a: Honchkrow|spa|1","|","|-heal|p1a: Honchkrow|379/404|[from] item: Leftovers","|turn|22","|","|switch|p2a: Fat ass hoe|Chansey, F|528/704","|move|p1a: Honchkrow|Substitute|p1a: Honchkrow","|-start|p1a: Honchkrow|Substitute","|-damage|p1a: Honchkrow|278/404","|","|-heal|p1a: Honchkrow|303/404|[from] item: Leftovers","|turn|23","|","|move|p1a: Honchkrow|Brave Bird|p2a: Fat ass hoe","|-damage|p2a: Fat ass hoe|215/704","|-damage|p1a: Honchkrow|200/404|[from] recoil|[of] p2a: Fat ass hoe","|move|p2a: Fat ass hoe|Seismic Toss|p1a: Honchkrow","|-activate|p1a: Honchkrow|Substitute|[damage]","|","|-heal|p1a: Honchkrow|225/404|[from] item: Leftovers","|turn|24","|","|switch|p2a: Kakashi|Ditto, shiny|267/300","|move|p1a: Honchkrow|Brave Bird|p2a: Kakashi","|-damage|p2a: Kakashi|0 fnt","|-damage|p1a: Honchkrow|137/404|[from] recoil|[of] p2a: Kakashi","|faint|p2a: Kakashi","|-boost|p1a: Honchkrow|atk|1|[from] ability: Moxie","|","|-heal|p1a: Honchkrow|162/404|[from] item: Leftovers","|","|switch|p2a: Fat ass hoe|Chansey, F|215/704","|turn|25","|","|move|p1a: Honchkrow|Brave Bird|p2a: Fat ass hoe","|-damage|p2a: Fat ass hoe|0 fnt","|-damage|p1a: Honchkrow|91/404|[from] recoil|[of] p2a: Fat ass hoe","|faint|p2a: Fat ass hoe","|-boost|p1a: Honchkrow|atk|1|[from] ability: Moxie","|","|-heal|p1a: Honchkrow|116/404|[from] item: Leftovers","|","|switch|p2a: Bae|Lopunny-Mega, F, shiny|271/271","|turn|26","|","|move|p2a: Bae|Fake Out|p1a: Honchkrow","|-end|p1a: Honchkrow|Substitute","|move|p1a: Honchkrow|Brave Bird|p2a: Bae","|-supereffective|p2a: Bae","|-damage|p2a: Bae|0 fnt","|-damage|p1a: Honchkrow|27/404|[from] recoil|[of] p2a: Bae","|faint|p2a: Bae","|-boost|p1a: Honchkrow|atk|1|[from] ability: Moxie","|","|win|GL♅Zeno"],"p1rating":{"entryid":"6768172","serverid":"eos","formatid":"monotype","userid":"glzeno","username":"GL♅Zeno","w":9,"l":"8","t":"0","gxe":54.6,"r":"1478.2032431436","rd":"84.941911795033","sigma":"0","rptime":"1438074000","rpr":1535.3789727154,"rprd":76.191743550699,"rpsigma":"0","acre":1153.3517248154,"lacre":1153.3517248154,"oldacre":"1128.824792586"},"p2rating":{"entryid":"7193240","serverid":"eos","formatid":"monotype","userid":"duskdeucez","username":"Dusk Deucez - ⒶⓌⒶⓎ","w":"7","l":6,"t":"0","gxe":55.9,"r":"1591.4210022451","rd":"84.877315490541","sigma":"0","rptime":"1438074000","rpr":1546.0345760902,"rprd":80.979965737216,"rpsigma":"0","acre":1097.7226523744,"lacre":1097.7226523744,"oldacre":"1122.2495846038"},"endType":"normal"}