{"seed":[58127,14154,47193,38947],"turns":81,"p1":"RegirockyBalboa","p2":"Neowulf","p1team":[{"name":"Aggron","species":"Aggron","item":"aggronite","ability":"Sturdy","moves":["heavyslam","firepunch","rest","thunderwave"],"nature":"Impish","evs":{"hp":252,"atk":184,"def":72,"spa":0,"spd":0,"spe":0},"ivs":{"hp":31,"atk":31,"def":31,"spa":31,"spd":31,"spe":31}},{"name":"Diancie","species":"Diancie","item":"leftovers","ability":"Clear Body","moves":["healbell","moonblast","earthpower","trickroom"],"nature":"Relaxed","evs":{"hp":252,"atk":0,"def":136,"spa":120,"spd":0,"spe":0},"ivs":{"hp":31,"atk":31,"def":31,"spa":31,"spd":31,"spe":0}},{"name":"Cradily","species":"Cradily","item":"leftovers","ability":"Storm Drain","moves":["gigadrain","stealthrock","recover","toxic"],"nature":"Bold","evs":{"hp":252,"atk":0,"def":252,"spa":4,"spd":0,"spe":0},"ivs":{"hp":31,"atk":31,"def":31,"spa":31,"spd":31,"spe":31}},{"name":"Terrakion","species":"Terrakion","item":"choicescarf","ability":"Justified","moves":["closecombat","stoneedge","earthquake","aerialace"],"nature":"Jolly","evs":{"hp":0,"atk":252,"def":0,"spa":0,"spd":4,"spe":252},"ivs":{"hp":31,"atk":31,"def":31,"spa":31,"spd":31,"spe":31}},{"name":"Tyranitar","species":"Tyranitar","item":"assaultvest","ability":"Sand Stream","moves":["stoneedge","crunch","fireblast","icepunch"],"nature":"Careful","evs":{"hp":0,"atk":212,"def":0,"spa":0,"spd":252,"spe":44},"ivs":{"hp":31,"atk":31,"def":31,"spa":31,"spd":31,"spe":31}},{"name":"Archeops","species":"Archeops","item":"","ability":"Defeatist","moves":["acrobatics","heatwave","earthquake","taunt"],"nature":"Jolly","evs":{"hp":0,"atk":252,"def":0,"spa":0,"spd":4,"spe":252},"ivs":{"hp":31,"atk":31,"def":31,"spa":31,"spd":31,"spe":31}}],"p2team":[{"name":"Landorus-Therian","species":"Landorus-Therian","item":"choicescarf","ability":"Intimidate","moves":["earthquake","stoneedge","knockoff","uturn"],"nature":"Jolly","evs":{"hp":0,"atk":252,"def":0,"spa":0,"spd":4,"spe":252},"ivs":{"hp":31,"atk":31,"def":31,"spa":31,"spd":31,"spe":31}},{"name":"Skarmory","species":"Skarmory","item":"leftovers","ability":"Sturdy","moves":["ironhead","roost","stealthrock","whirlwind"],"nature":"Impish","evs":{"hp":252,"atk":0,"def":232,"spa":0,"spd":0,"spe":24},"ivs":{"hp":31,"atk":31,"def":31,"spa":31,"spd":31,"spe":31}},{"name":"Mandibuzz","species":"Mandibuzz","item":"leftovers","ability":"Overcoat","moves":["toxic","roost","foulplay","defog"],"nature":"Careful","evs":{"hp":240,"atk":0,"def":16,"spa":0,"spd":252,"spe":0},"ivs":{"hp":31,"atk":31,"def":31,"spa":31,"spd":31,"spe":31}},{"name":"Tornadus-Therian","species":"Tornadus-Therian","item":"assaultvest","ability":"Regenerator","moves":["hurricane","heatwave","uturn","focusblast"],"nature":"Hasty","evs":{"hp":132,"atk":0,"def":0,"spa":160,"spd":0,"spe":216},"ivs":{"hp":31,"atk":31,"def":31,"spa":31,"spd":31,"spe":31}},{"name":"Charizard","species":"Charizard","item":"charizarditex","ability":"Blaze","moves":["dragondance","dragonclaw","firepunch","roost"],"nature":"Jolly","evs":{"hp":0,"atk":252,"def":0,"spa":0,"spd":4,"spe":252},"ivs":{"hp":31,"atk":31,"def":31,"spa":31,"spd":31,"spe":31}},{"name":"Thundurus","species":"Thundurus","item":"leftovers","ability":"Prankster","moves":["taunt","thunderwave","thunderbolt","hiddenpowerice"],"nature":"Timid","evs":{"hp":0,"atk":0,"def":0,"spa":252,"spd":4,"spe":252},"ivs":{"hp":31,"atk":30,"def":30,"spa":31,"spd":31,"spe":31}}],"log":["|player|p1|RegirockyBalboa|229","|player|p2|Neowulf|143","|gametype|singles","|gen|6","|tier|Monotype","|rated","|rule|Baton Pass Clause: Limit one Baton Passer, can't pass Spe and other stats simultaneously","|rule|Swagger Clause: Swagger is banned","|rule|Same Type Clause: Pokémon in a team must share a type","|clearpoke","|poke|p1|Aggron, F","|poke|p1|Diancie","|poke|p1|Cradily, F","|poke|p1|Terrakion","|poke|p1|Tyranitar, M","|poke|p1|Archeops, F","|poke|p2|Landorus-Therian, M","|poke|p2|Skarmory, F","|poke|p2|Mandibuzz, F","|poke|p2|Tornadus-Therian, M","|poke|p2|Charizard, M","|poke|p2|Thundurus, M","|rule|Sleep Clause Mod: Limit one foe put to sleep","|rule|Species Clause: Limit one of each Pokémon","|rule|OHKO Clause: OHKO moves are banned","|rule|Moody Clause: Moody is banned","|rule|Evasion Moves Clause: Evasion moves are banned","|rule|Endless Battle Clause: Forcing endless battles is banned","|rule|HP Percentage Mod: HP is shown in percentages","|teampreview","|","|start","|switch|p1a: Archeops|Archeops, F|291/291","|switch|p2a: Tornadus-Therian|Tornadus-Therian, M|332/332","|turn|1","|","|switch|p1a: Tyranitar|Tyranitar, M|341/341","|-weather|Sandstorm","|move|p2a: Tornadus-Therian|Focus Blast|p1a: Tyranitar","|-supereffective|p1a: Tyranitar","|-damage|p1a: Tyranitar|189/341","|","|-weather|Sandstorm|[upkeep]","|-damage|p2a: Tornadus-Therian|312/332|[from] sandstorm","|turn|2","|","|move|p2a: Tornadus-Therian|U-turn|p1a: Tyranitar","|-supereffective|p1a: Tyranitar","|-damage|p1a: Tyranitar|91/341","|","|switch|p2a: Landorus-Therian|Landorus-Therian, M|319/319","|-ability|p2a: Landorus-Therian|Intimidate","|-unboost|p1a: Tyranitar|atk|1","|move|p1a: Tyranitar|Stone Edge|p2a: Landorus-Therian","|-damage|p2a: Landorus-Therian|192/319","|","|-weather|Sandstorm|[upkeep]","|turn|3","|","|switch|p1a: Cradily|Cradily, F|376/376","|move|p2a: Landorus-Therian|U-turn|p1a: Cradily","|-supereffective|p1a: Cradily","|-damage|p1a: Cradily|238/376","|","|switch|p2a: Skarmory|Skarmory, F|334/334","|","|-weather|Sandstorm|[upkeep]","|-heal|p1a: Cradily|261/376|[from] item: Leftovers","|turn|4","|","|move|p2a: Skarmory|Iron Head|p1a: Cradily","|-supereffective|p1a: Cradily","|-damage|p1a: Cradily|157/376","|move|p1a: Cradily|Stealth Rock|p2a: Skarmory","|-sidestart|p2: Neowulf|move: Stealth Rock","|","|-weather|Sandstorm|[upkeep]","|-heal|p1a: Cradily|180/376|[from] item: Leftovers","|turn|5","|","|move|p2a: Skarmory|Iron Head|p1a: Cradily","|-supereffective|p1a: Cradily","|-damage|p1a: Cradily|64/376","|move|p1a: Cradily|Recover|p1a: Cradily","|-heal|p1a: Cradily|252/376","|","|-weather|none","|-heal|p1a: Cradily|275/376|[from] item: Leftovers","|turn|6","|","|switch|p2a: Mandibuzz|Mandibuzz, F|421/421","|-damage|p2a: Mandibuzz|316/421|[from] Stealth Rock","|switch|p1a: Aggron|Aggron, F|344/344","|","|-heal|p2a: Mandibuzz|342/421|[from] item: Leftovers","|turn|7","|","|detailschange|p1a: Aggron|Aggron-Mega, F","|-mega|p1a: Aggron|Aggron|Aggronite","|move|p2a: Mandibuzz|Defog|p1a: Aggron","|-unboost|p1a: Aggron|evasion|1","|-sideend|p2: Neowulf|Stealth Rock|[from] move: Defog|[of] p2a: Mandibuzz","|move|p1a: Aggron|Thunder Wave|p2a: Mandibuzz","|-status|p2a: Mandibuzz|par","|","|-heal|p2a: Mandibuzz|368/421 par|[from] item: Leftovers","|turn|8","|","|switch|p1a: Diancie|Diancie|304/304","|switch|p2a: Tornadus-Therian|Tornadus-Therian, M|332/332","|","|turn|9","|","|move|p2a: Tornadus-Therian|U-turn|p1a: Diancie","|-resisted|p1a: Diancie","|-damage|p1a: Diancie|287/304","|","|switch|p2a: Skarmory|Skarmory, F|334/334","|move|p1a: Diancie|Moonblast|p2a: Skarmory","|-resisted|p2a: Skarmory","|-damage|p2a: Skarmory|251/334","|","|-heal|p2a: Skarmory|271/334|[from] item: Leftovers","|-heal|p1a: Diancie|304/304|[from] item: Leftovers","|turn|10","|","|switch|p2a: Tornadus-Therian|Tornadus-Therian, M|332/332","|switch|p1a: Cradily|Cradily, F|275/376","|","|-heal|p1a: Cradily|298/376|[from] item: Leftovers","|turn|11","|","|switch|p1a: Diancie|Diancie|304/304","|move|p2a: Tornadus-Therian|Hurricane|p1a: Diancie","|-resisted|p1a: Diancie","|-damage|p1a: Diancie|250/304","|","|-heal|p1a: Diancie|269/304|[from] item: Leftovers","|turn|12","|","|move|p2a: Tornadus-Therian|Focus Blast|p1a: Diancie","|-crit|p1a: Diancie","|-damage|p1a: Diancie|149/304","|move|p1a: Diancie|Moonblast|p2a: Tornadus-Therian","|-damage|p2a: Tornadus-Therian|238/332","|-unboost|p2a: Tornadus-Therian|spa|1","|","|-heal|p1a: Diancie|168/304|[from] item: Leftovers","|turn|13","|","|move|p2a: Tornadus-Therian|U-turn|p1a: Diancie","|-resisted|p1a: Diancie","|-damage|p1a: Diancie|152/304","|","|switch|p2a: Skarmory|Skarmory, F|271/334","|move|p1a: Diancie|Trick Room|p1a: Diancie","|-fieldstart|move: Trick Room|[of] p1a: Diancie","|","|-heal|p1a: Diancie|171/304|[from] item: Leftovers","|-heal|p2a: Skarmory|291/334|[from] item: Leftovers","|turn|14","|","|switch|p1a: Aggron|Aggron-Mega, F|344/344","|move|p2a: Skarmory|Iron Head|p1a: Aggron","|-resisted|p1a: Aggron","|-damage|p1a: Aggron|327/344","|","|-heal|p2a: Skarmory|311/334|[from] item: Leftovers","|turn|15","|","|switch|p2a: Mandibuzz|Mandibuzz, F|368/421 par","|move|p1a: Aggron|Fire Punch|p2a: Mandibuzz","|-damage|p2a: Mandibuzz|286/421 par","|","|-heal|p2a: Mandibuzz|312/421 par|[from] item: Leftovers","|turn|16","|","|switch|p1a: Cradily|Cradily, F|298/376","|move|p2a: Mandibuzz|Roost|p2a: Mandibuzz","|-heal|p2a: Mandibuzz|421/421 par","|","|-heal|p1a: Cradily|321/376|[from] item: Leftovers","|turn|17","|","|move|p2a: Mandibuzz|Toxic|p1a: Cradily","|-status|p1a: Cradily|tox","|move|p1a: Cradily|Stealth Rock|p2a: Mandibuzz","|-sidestart|p2: Neowulf|move: Stealth Rock","|","|-heal|p1a: Cradily|344/376 tox|[from] item: Leftovers","|-damage|p1a: Cradily|321/376 tox|[from] psn","|-fieldend|move: Trick Room","|turn|18","|","|switch|p1a: Diancie|Diancie|171/304","|cant|p2a: Mandibuzz|par","|","|-heal|p1a: Diancie|190/304|[from] item: Leftovers","|turn|19","|","|move|p1a: Diancie|Moonblast|p2a: Mandibuzz","|-supereffective|p2a: Mandibuzz","|-damage|p2a: Mandibuzz|247/421 par","|move|p2a: Mandibuzz|Defog|p1a: Diancie","|-fail|p1a: Diancie|unboost|[from] ability: Clear Body|[of] p1a: Diancie","|-sideend|p2: Neowulf|Stealth Rock|[from] move: Defog|[of] p2a: Mandibuzz","|","|-heal|p1a: Diancie|209/304|[from] item: Leftovers","|-heal|p2a: Mandibuzz|273/421 par|[from] item: Leftovers","|turn|20","|","|switch|p2a: Skarmory|Skarmory, F|311/334","|move|p1a: Diancie|Moonblast|p2a: Skarmory","|-resisted|p2a: Skarmory","|-damage|p2a: Skarmory|224/334","|","|-heal|p2a: Skarmory|244/334|[from] item: Leftovers","|-heal|p1a: Diancie|228/304|[from] item: Leftovers","|turn|21","|","|switch|p2a: Tornadus-Therian|Tornadus-Therian, M|332/332","|switch|p1a: Aggron|Aggron-Mega, F|327/344","|","|turn|22","|","|move|p2a: Tornadus-Therian|Focus Blast|p1a: Aggron","|-supereffective|p1a: Aggron","|-damage|p1a: Aggron|117/344","|move|p1a: Aggron|Thunder Wave|p2a: Tornadus-Therian","|-status|p2a: Tornadus-Therian|par","|","|turn|23","|","|switch|p1a: Tyranitar|Tyranitar, M|91/341","|-weather|Sandstorm","|move|p2a: Tornadus-Therian|Focus Blast|p1a: Tyranitar","|-supereffective|p1a: Tyranitar","|-damage|p1a: Tyranitar|0 fnt","|faint|p1a: Tyranitar","|","|-weather|Sandstorm|[upkeep]","|-damage|p2a: Tornadus-Therian|312/332 par|[from] sandstorm","|","|switch|p1a: Archeops|Archeops, F|291/291","|turn|24","|","|move|p1a: Archeops|Heat Wave|p2a: Tornadus-Therian","|-damage|p2a: Tornadus-Therian|255/332 par","|move|p2a: Tornadus-Therian|Focus Blast|p1a: Archeops","|-damage|p1a: Archeops|173/291","|","|-weather|Sandstorm|[upkeep]","|-damage|p2a: Tornadus-Therian|235/332 par|[from] sandstorm","|turn|25","|","|move|p1a: Archeops|Acrobatics|p2a: Tornadus-Therian","|-damage|p2a: Tornadus-Therian|0 fnt","|faint|p2a: Tornadus-Therian","|","|-weather|Sandstorm|[upkeep]","|","|switch|p2a: Thundurus|Thundurus, M|299/299","|turn|26","|","|switch|p1a: Diancie|Diancie|228/304","|move|p2a: Thundurus|Thunderbolt|p1a: Diancie","|-damage|p1a: Diancie|150/304","|","|-weather|Sandstorm|[upkeep]","|-damage|p2a: Thundurus|281/299|[from] sandstorm","|-heal|p2a: Thundurus|299/299|[from] item: Leftovers","|-heal|p1a: Diancie|169/304|[from] item: Leftovers","|turn|27","|","|switch|p2a: Skarmory|Skarmory, F|244/334","|switch|p1a: Terrakion|Terrakion|323/323","|","|-weather|none","|-heal|p2a: Skarmory|264/334|[from] item: Leftovers","|turn|28","|","|switch|p1a: Aggron|Aggron-Mega, F|117/344","|move|p2a: Skarmory|Whirlwind|p1a: Aggron","|drag|p1a: Terrakion|Terrakion|323/323","|","|-heal|p2a: Skarmory|284/334|[from] item: Leftovers","|turn|29","|","|switch|p1a: Cradily|Cradily, F|321/376 tox","|move|p2a: Skarmory|Whirlwind|p1a: Cradily","|drag|p1a: Archeops|Archeops, F|173/291","|","|-heal|p2a: Skarmory|304/334|[from] item: Leftovers","|turn|30","|","|switch|p1a: Aggron|Aggron-Mega, F|117/344","|switch|p2a: Mandibuzz|Mandibuzz, F|273/421 par","|","|-heal|p2a: Mandibuzz|299/421 par|[from] item: Leftovers","|turn|31","|","|move|p1a: Aggron|Rest|p1a: Aggron","|-status|p1a: Aggron|slp","|-heal|p1a: Aggron|344/344 slp|[silent]","|-status|p1a: Aggron|slp|[from] move: Rest","|move|p2a: Mandibuzz|Foul Play|p1a: Aggron","|-damage|p1a: Aggron|274/344 slp","|","|-heal|p2a: Mandibuzz|325/421 par|[from] item: Leftovers","|turn|32","|","|switch|p1a: Diancie|Diancie|169/304","|switch|p2a: Charizard|Charizard, M|297/297","|","|-heal|p1a: Diancie|188/304|[from] item: Leftovers","|turn|33","|","|switch|p2a: Skarmory|Skarmory, F|304/334","|switch|p1a: Terrakion|Terrakion|323/323","|","|-heal|p2a: Skarmory|324/334|[from] item: Leftovers","|turn|34","|","|switch|p1a: Aggron|Aggron-Mega, F|274/344 slp","|move|p2a: Skarmory|Whirlwind|p1a: Aggron","|drag|p1a: Archeops|Archeops, F|173/291","|","|-heal|p2a: Skarmory|334/334|[from] item: Leftovers","|turn|35","|","|move|p1a: Archeops|Heat Wave|p2a: Skarmory","|-supereffective|p2a: Skarmory","|-damage|p2a: Skarmory|134/334","|move|p2a: Skarmory|Iron Head|p1a: Archeops","|-supereffective|p1a: Archeops","|-damage|p1a: Archeops|0 fnt","|faint|p1a: Archeops","|","|-heal|p2a: Skarmory|154/334|[from] item: Leftovers","|","|switch|p1a: Terrakion|Terrakion|323/323","|turn|36","|","|move|p1a: Terrakion|Stone Edge|p2a: Skarmory|[miss]","|-miss|p1a: Terrakion|p2a: Skarmory","|move|p2a: Skarmory|Roost|p2a: Skarmory","|-heal|p2a: Skarmory|321/334","|","|-heal|p2a: Skarmory|334/334|[from] item: Leftovers","|turn|37","|","|switch|p1a: Aggron|Aggron-Mega, F|274/344 slp","|move|p2a: Skarmory|Iron Head|p1a: Aggron","|-resisted|p1a: Aggron","|-damage|p1a: Aggron|256/344 slp","|","|turn|38","|","|switch|p2a: Charizard|Charizard, M|297/297","|cant|p1a: Aggron|slp","|","|turn|39","|","|switch|p2a: Skarmory|Skarmory, F|334/334","|switch|p1a: Terrakion|Terrakion|323/323","|","|turn|40","|","|switch|p1a: Cradily|Cradily, F|321/376 tox","|move|p2a: Skarmory|Whirlwind|p1a: Cradily","|drag|p1a: Diancie|Diancie|188/304","|","|-heal|p1a: Diancie|207/304|[from] item: Leftovers","|turn|41","|","|switch|p1a: Aggron|Aggron-Mega, F|256/344 slp","|move|p2a: Skarmory|Whirlwind|p1a: Aggron","|drag|p1a: Cradily|Cradily, F|321/376 tox","|","|-heal|p1a: Cradily|344/376 tox|[from] item: Leftovers","|-damage|p1a: Cradily|321/376 tox|[from] psn","|turn|42","|","|move|p1a: Cradily|Stealth Rock|p2a: Skarmory","|-sidestart|p2: Neowulf|move: Stealth Rock","|move|p2a: Skarmory|Whirlwind|p1a: Cradily","|drag|p1a: Diancie|Diancie|207/304","|","|-heal|p1a: Diancie|226/304|[from] item: Leftovers","|turn|43","|","|move|p2a: Skarmory|Iron Head|p1a: Diancie","|-supereffective|p1a: Diancie","|-damage|p1a: Diancie|58/304","|cant|p1a: Diancie|flinch","|","|-heal|p1a: Diancie|77/304|[from] item: Leftovers","|turn|44","|","|switch|p1a: Aggron|Aggron-Mega, F|256/344 slp","|move|p2a: Skarmory|Iron Head|p1a: Aggron","|-resisted|p1a: Aggron","|-damage|p1a: Aggron|238/344 slp","|","|turn|45","|","|switch|p2a: Mandibuzz|Mandibuzz, F|325/421 par","|-damage|p2a: Mandibuzz|220/421 par|[from] Stealth Rock","|cant|p1a: Aggron|slp","|","|-heal|p2a: Mandibuzz|246/421 par|[from] item: Leftovers","|turn|46","|","|switch|p1a: Diancie|Diancie|77/304","|cant|p2a: Mandibuzz|par","|","|-heal|p1a: Diancie|96/304|[from] item: Leftovers","|-heal|p2a: Mandibuzz|272/421 par|[from] item: Leftovers","|turn|47","|","|move|p1a: Diancie|Moonblast|p2a: Mandibuzz","|-supereffective|p2a: Mandibuzz","|-damage|p2a: Mandibuzz|96/421 par","|move|p2a: Mandibuzz|Defog|p1a: Diancie","|-fail|p1a: Diancie|unboost|[from] ability: Clear Body|[of] p1a: Diancie","|-sideend|p2: Neowulf|Stealth Rock|[from] move: Defog|[of] p2a: Mandibuzz","|","|-heal|p1a: Diancie|115/304|[from] item: Leftovers","|-heal|p2a: Mandibuzz|122/421 par|[from] item: Leftovers","|turn|48","|","|switch|p2a: Skarmory|Skarmory, F|334/334","|move|p1a: Diancie|Heal Bell|p1a: Diancie","|-cureteam|p1a: Diancie|[from] move: HealBell","|","|-heal|p1a: Diancie|134/304|[from] item: Leftovers","|turn|49","|","|switch|p1a: Cradily|Cradily, F|321/376","|move|p2a: Skarmory|Whirlwind|p1a: Cradily","|drag|p1a: Aggron|Aggron-Mega, F|238/344","|","|turn|50","|","|move|p1a: Aggron|Thunder Wave|p2a: Skarmory","|-status|p2a: Skarmory|par","|cant|p2a: Skarmory|par","|","|turn|51","|","|switch|p1a: Cradily|Cradily, F|321/376","|move|p2a: Skarmory|Whirlwind|p1a: Cradily","|drag|p1a: Terrakion|Terrakion|323/323","|","|turn|52","|","|switch|p1a: Cradily|Cradily, F|321/376","|move|p2a: Skarmory|Whirlwind|p1a: Cradily","|drag|p1a: Aggron|Aggron-Mega, F|238/344","|","|turn|53","|","|move|p1a: Aggron|Fire Punch|p2a: Skarmory","|-supereffective|p2a: Skarmory","|-damage|p2a: Skarmory|222/334 par","|move|p2a: Skarmory|Whirlwind|p1a: Aggron","|drag|p1a: Cradily|Cradily, F|321/376","|","|-heal|p1a: Cradily|344/376|[from] item: Leftovers","|-heal|p2a: Skarmory|242/334 par|[from] item: Leftovers","|turn|54","|","|move|p1a: Cradily|Toxic|p2a: Skarmory","|-fail|p2a: Skarmory","|move|p2a: Skarmory|Iron Head|p1a: Cradily","|-crit|p1a: Cradily","|-supereffective|p1a: Cradily","|-damage|p1a: Cradily|176/376","|","|-heal|p1a: Cradily|199/376|[from] item: Leftovers","|-heal|p2a: Skarmory|262/334 par|[from] item: Leftovers","|turn|55","|","|move|p1a: Cradily|Recover|p1a: Cradily","|-heal|p1a: Cradily|376/376","|cant|p2a: Skarmory|par","|","|-heal|p2a: Skarmory|282/334 par|[from] item: Leftovers","|turn|56","|","|move|p1a: Cradily|Giga Drain|p2a: Skarmory","|-resisted|p2a: Skarmory","|-damage|p2a: Skarmory|258/334 par","|cant|p2a: Skarmory|par","|","|-heal|p2a: Skarmory|278/334 par|[from] item: Leftovers","|turn|57","|","|switch|p1a: Aggron|Aggron-Mega, F|238/344","|cant|p2a: Skarmory|par","|","|-heal|p2a: Skarmory|298/334 par|[from] item: Leftovers","|turn|58","|","|move|p1a: Aggron|Fire Punch|p2a: Skarmory","|-supereffective|p2a: Skarmory","|-damage|p2a: Skarmory|192/334 par","|cant|p2a: Skarmory|par","|","|-heal|p2a: Skarmory|212/334 par|[from] item: Leftovers","|turn|59","|","|move|p1a: Aggron|Fire Punch|p2a: Skarmory","|-supereffective|p2a: Skarmory","|-damage|p2a: Skarmory|112/334 par","|move|p2a: Skarmory|Whirlwind|p1a: Aggron","|drag|p1a: Cradily|Cradily, F|376/376","|","|-heal|p2a: Skarmory|132/334 par|[from] item: Leftovers","|turn|60","|","|switch|p1a: Aggron|Aggron-Mega, F|238/344","|cant|p2a: Skarmory|par","|","|-heal|p2a: Skarmory|152/334 par|[from] item: Leftovers","|turn|61","|","|move|p1a: Aggron|Fire Punch|p2a: Skarmory","|-supereffective|p2a: Skarmory","|-damage|p2a: Skarmory|52/334 par","|cant|p2a: Skarmory|par","|","|-heal|p2a: Skarmory|72/334 par|[from] item: Leftovers","|turn|62","|","|move|p1a: Aggron|Fire Punch|p2a: Skarmory","|-supereffective|p2a: Skarmory","|-damage|p2a: Skarmory|0 fnt","|faint|p2a: Skarmory","|","|","|switch|p2a: Thundurus|Thundurus, M|299/299","|turn|63","|","|move|p2a: Thundurus|Thunderbolt|p1a: Aggron","|-damage|p1a: Aggron|54/344","|move|p1a: Aggron|Fire Punch|p2a: Thundurus","|-damage|p2a: Thundurus|167/299","|","|-heal|p2a: Thundurus|185/299|[from] item: Leftovers","|turn|64","|","|move|p2a: Thundurus|Thunderbolt|p1a: Aggron","|-damage|p1a: Aggron|0 fnt","|faint|p1a: Aggron","|","|-heal|p2a: Thundurus|203/299|[from] item: Leftovers","|","|switch|p1a: Terrakion|Terrakion|323/323","|turn|65","|","|move|p2a: Thundurus|Thunder Wave|p1a: Terrakion","|-status|p1a: Terrakion|par","|cant|p1a: Terrakion|par","|","|-heal|p2a: Thundurus|221/299|[from] item: Leftovers","|turn|66","|","|switch|p2a: Landorus-Therian|Landorus-Therian, M|192/319","|-ability|p2a: Landorus-Therian|Intimidate","|-unboost|p1a: Terrakion|atk|1","|move|p1a: Terrakion|Stone Edge|p2a: Landorus-Therian","|-damage|p2a: Landorus-Therian|68/319","|","|turn|67","|","|switch|p1a: Cradily|Cradily, F|376/376","|move|p2a: Landorus-Therian|Earthquake|p1a: Cradily","|-damage|p1a: Cradily|231/376","|","|-heal|p1a: Cradily|254/376|[from] item: Leftovers","|turn|68","|","|switch|p2a: Mandibuzz|Mandibuzz, F|122/421 par","|move|p1a: Cradily|Recover|p1a: Cradily","|-heal|p1a: Cradily|376/376","|","|-heal|p2a: Mandibuzz|148/421 par|[from] item: Leftovers","|turn|69","|","|move|p1a: Cradily|Stealth Rock|p2a: Mandibuzz","|-sidestart|p2: Neowulf|move: Stealth Rock","|move|p2a: Mandibuzz|Toxic|p1a: Cradily","|-status|p1a: Cradily|tox","|","|-heal|p2a: Mandibuzz|174/421 par|[from] item: Leftovers","|-damage|p1a: Cradily|353/376 tox|[from] psn","|turn|70","|","|switch|p1a: Diancie|Diancie|134/304","|move|p2a: Mandibuzz|Defog|p1a: Diancie","|-fail|p1a: Diancie|unboost|[from] ability: Clear Body|[of] p1a: Diancie","|-sideend|p2: Neowulf|Stealth Rock|[from] move: Defog|[of] p2a: Mandibuzz","|","|-heal|p1a: Diancie|153/304|[from] item: Leftovers","|-heal|p2a: Mandibuzz|200/421 par|[from] item: Leftovers","|turn|71","|","|move|p1a: Diancie|Heal Bell|p1a: Diancie","|-cureteam|p1a: Diancie|[from] move: HealBell","|cant|p2a: Mandibuzz|par","|","|-heal|p1a: Diancie|172/304|[from] item: Leftovers","|-heal|p2a: Mandibuzz|226/421 par|[from] item: Leftovers","|turn|72","|","|move|p1a: Diancie|Moonblast|p2a: Mandibuzz","|-supereffective|p2a: Mandibuzz","|-damage|p2a: Mandibuzz|50/421 par","|cant|p2a: Mandibuzz|par","|","|-heal|p1a: Diancie|191/304|[from] item: Leftovers","|-heal|p2a: Mandibuzz|76/421 par|[from] item: Leftovers","|turn|73","|","|move|p1a: Diancie|Moonblast|p2a: Mandibuzz","|-supereffective|p2a: Mandibuzz","|-damage|p2a: Mandibuzz|0 fnt","|faint|p2a: Mandibuzz","|","|-heal|p1a: Diancie|210/304|[from] item: Leftovers","|","|switch|p2a: Landorus-Therian|Landorus-Therian, M|68/319","|-ability|p2a: Landorus-Therian|Intimidate","|-fail|p1a: Diancie|unboost|[from] ability: Clear Body|[of] p1a: Diancie","|turn|74","|","|switch|p1a: Cradily|Cradily, F|353/376","|move|p2a: Landorus-Therian|U-turn|p1a: Cradily","|-supereffective|p1a: Cradily","|-damage|p1a: Cradily|219/376","|","|switch|p2a: Thundurus|Thundurus, M|221/299","|","|-heal|p2a: Thundurus|239/299|[from] item: Leftovers","|-heal|p1a: Cradily|242/376|[from] item: Leftovers","|turn|75","|","|switch|p1a: Diancie|Diancie|210/304","|move|p2a: Thundurus|Taunt|p1a: Diancie","|-start|p1a: Diancie|move: Taunt","|","|-heal|p2a: Thundurus|257/299|[from] item: Leftovers","|-heal|p1a: Diancie|229/304|[from] item: Leftovers","|turn|76","|","|move|p2a: Thundurus|Thunderbolt|p1a: Diancie","|-crit|p1a: Diancie","|-damage|p1a: Diancie|54/304","|move|p1a: Diancie|Moonblast|p2a: Thundurus","|-damage|p2a: Thundurus|97/299","|-unboost|p2a: Thundurus|spa|1","|","|-heal|p2a: Thundurus|115/299|[from] item: Leftovers","|-heal|p1a: Diancie|73/304|[from] item: Leftovers","|turn|77","|","|move|p2a: Thundurus|Thunderbolt|p1a: Diancie","|-damage|p1a: Diancie|0 fnt","|faint|p1a: Diancie","|","|-heal|p2a: Thundurus|133/299|[from] item: Leftovers","|","|switch|p1a: Terrakion|Terrakion|323/323","|turn|78","|","|move|p2a: Thundurus|Thunder Wave|p1a: Terrakion","|-status|p1a: Terrakion|par","|move|p1a: Terrakion|Stone Edge|p2a: Thundurus","|-supereffective|p2a: Thundurus","|-damage|p2a: Thundurus|0 fnt","|faint|p2a: Thundurus","|","|","|switch|p2a: Landorus-Therian|Landorus-Therian, M|68/319","|-ability|p2a: Landorus-Therian|Intimidate","|-unboost|p1a: Terrakion|atk|1","|turn|79","|","|move|p2a: Landorus-Therian|Earthquake|p1a: Terrakion","|-supereffective|p1a: Terrakion","|-damage|p1a: Terrakion|0 fnt","|faint|p1a: Terrakion","|","|","|switch|p1a: Cradily|Cradily, F|242/376","|turn|80","|","|move|p2a: Landorus-Therian|Earthquake|p1a: Cradily","|-damage|p1a: Cradily|106/376","|move|p1a: Cradily|Toxic|p2a: Landorus-Therian","|-status|p2a: Landorus-Therian|tox","|","|-heal|p1a: Cradily|129/376|[from] item: Leftovers","|-damage|p2a: Landorus-Therian|49/319 tox|[from] psn","|turn|81","|","|move|p2a: Landorus-Therian|Earthquake|p1a: Cradily","|-damage|p1a: Cradily|0 fnt","|faint|p1a: Cradily","|","|win|Neowulf"],"p1rating":{"entryid":"7230720","serverid":"eos","formatid":"monotype","userid":"regirockybalboa","username":"RegirockyBalboa","w":"1","l":1,"t":"0","gxe":50.3,"r":"1500","rd":"130","sigma":"0","rptime":"1438074000","rpr":1502.5180667088,"rprd":116.20685021098,"rpsigma":"0","acre":1048.096761196,"lacre":1048.096761196,"oldacre":"1054.2410744288"},"p2rating":{"entryid":"6156418","serverid":"eos","formatid":"monotype","userid":"neowulf","username":"Neowulf","w":127,"l":"71","t":"0","gxe":65.5,"r":"1619.1181638228","rd":"33.365691303292","sigma":"0","rptime":"1438074000","rpr":1621.1570963874,"rprd":33.247217417885,"rpsigma":"0","acre":1337.215668306,"lacre":1337.215668306,"oldacre":"1330.4399088968"},"endType":"normal"}