{"seed":[32790,42908,59858,1357],"turns":26,"p1":"Zubking59","p2":"DJ Biggie","p1team":[{"name":"DEATH!","species":"azumarill","item":"sitrusberry","ability":"Huge Power","moves":["aquajet","waterfall","knockoff","bellydrum"],"nature":"Adamant","evs":{"hp":252,"atk":252,"def":0,"spa":0,"spd":4,"spe":0},"ivs":{"hp":31,"atk":31,"def":31,"spa":31,"spd":31,"spe":31}},{"name":"BUZZ","species":"lanturn","item":"assaultvest","ability":"Volt Absorb","moves":["scald","voltswitch","icebeam","hiddenpowerfire"],"nature":"Modest","evs":{"hp":0,"atk":0,"def":0,"spa":252,"spd":204,"spe":52},"ivs":{"atk":30,"spa":30,"spe":30,"hp":31,"def":31,"spd":31}},{"name":"Fly Away","species":"gyarados","item":"leftovers","ability":"Intimidate","moves":["substitute","dragondance","waterfall","bounce"],"nature":"Adamant","evs":{"hp":88,"atk":192,"def":4,"spa":0,"spd":0,"spe":224},"ivs":{"hp":31,"atk":31,"def":31,"spa":31,"spd":31,"spe":31}},{"name":"Dinner","species":"keldeo","item":"lifeorb","ability":"Justified","moves":["scald","secretsword","hydropump","icywind"],"nature":"Timid","evs":{"hp":0,"atk":0,"def":4,"spa":252,"spd":0,"spe":252},"ivs":{"hp":31,"atk":31,"def":31,"spa":31,"spd":31,"spe":31}},{"name":"Under Da Sea","species":"sharpedo","item":"sharpedonite","ability":"Speed Boost","moves":["protect","aquajet","hydropump","crunch"],"nature":"Naughty","evs":{"hp":0,"atk":224,"def":0,"spa":32,"spd":0,"spe":252},"gender":"M","shiny":true,"ivs":{"hp":31,"atk":31,"def":31,"spa":31,"spd":31,"spe":31}},{"name":"Pinkie and the Bra","species":"jellicent","item":"leftovers","ability":"Water Absorb","moves":["taunt","willowisp","recover","scald"],"nature":"Bold","evs":{"hp":248,"atk":0,"def":216,"spa":0,"spd":0,"spe":44},"gender":"F","ivs":{"hp":31,"atk":31,"def":31,"spa":31,"spd":31,"spe":31}}],"p2team":[{"name":"Faildra","species":"kingdra","item":"scopelens","ability":"Sniper","moves":["focusenergy","dracometeor","hydropump","agility"],"nature":"Modest","evs":{"hp":0,"atk":0,"def":4,"spa":252,"spd":0,"spe":252},"ivs":{"hp":31,"atk":31,"def":31,"spa":31,"spd":31,"spe":31}},{"name":"Hen + Tie","species":"tentacruel","item":"blacksludge","ability":"Liquid Ooze","moves":["scald","rapidspin","acidspray","knockoff"],"nature":"Timid","evs":{"hp":248,"atk":0,"def":216,"spa":0,"spd":28,"spe":16},"ivs":{"hp":31,"atk":31,"def":31,"spa":31,"spd":31,"spe":31}},{"name":"Kenny (The Bae)","species":"azumarill","item":"assaultvest","ability":"Sap Sipper","moves":["playrough","waterfall","aquajet","knockoff"],"nature":"Adamant","evs":{"hp":240,"atk":252,"def":0,"spa":0,"spd":16,"spe":0},"gender":"F","ivs":{"hp":31,"atk":31,"def":31,"spa":31,"spd":31,"spe":31}},{"name":"Slippy","species":"politoed","item":"choicespecs","ability":"Drizzle","moves":["scald","hydropump","hiddenpowergrass","mudbomb"],"nature":"Modest","evs":{"hp":248,"atk":0,"def":0,"spa":252,"spd":8,"spe":0},"ivs":{"hp":31,"atk":30,"def":31,"spa":30,"spd":31,"spe":31}},{"name":"Samba de Amigo","species":"ludicolo","item":"lifeorb","ability":"Swift Swim","moves":["hydropump","gigadrain","icebeam","focusblast"],"nature":"Modest","evs":{"hp":0,"atk":0,"def":0,"spa":252,"spd":4,"spe":252},"ivs":{"hp":31,"atk":31,"def":31,"spa":31,"spd":31,"spe":31}},{"name":"JUST DO IT!","species":"swampert","item":"swampertite","ability":"Damp","moves":["waterfall","earthquake","icepunch","poweruppunch"],"nature":"Adamant","evs":{"hp":0,"atk":252,"def":4,"spa":0,"spd":0,"spe":252},"ivs":{"hp":31,"atk":31,"def":31,"spa":31,"spd":31,"spe":31}}],"log":["|player|p1|Zubking59|265","|player|p2|DJ Biggie|109","|gametype|singles","|gen|6","|tier|Monotype","|rated","|rule|Baton Pass Clause: Limit one Baton Passer, can't pass Spe and other stats simultaneously","|rule|Swagger Clause: Swagger is banned","|rule|Same Type Clause: Pokémon in a team must share a type","|clearpoke","|poke|p1|Azumarill, F","|poke|p1|Lanturn, M","|poke|p1|Gyarados, F","|poke|p1|Keldeo","|poke|p1|Sharpedo, M, shiny","|poke|p1|Jellicent, F","|poke|p2|Kingdra, M","|poke|p2|Tentacruel, F","|poke|p2|Azumarill, F","|poke|p2|Politoed, M","|poke|p2|Ludicolo, F","|poke|p2|Swampert, M","|rule|Sleep Clause Mod: Limit one foe put to sleep","|rule|Species Clause: Limit one of each Pokémon","|rule|OHKO Clause: OHKO moves are banned","|rule|Moody Clause: Moody is banned","|rule|Evasion Moves Clause: Evasion moves are banned","|rule|Endless Battle Clause: Forcing endless battles is banned","|rule|HP Percentage Mod: HP is shown in percentages","|teampreview","|","|start","|switch|p1a: Under Da Sea|Sharpedo, M, shiny|281/281","|switch|p2a: Slippy|Politoed, M|383/383","|-weather|RainDance","|turn|1","|","|switch|p2a: Samba de Amigo|Ludicolo, F|301/301","|move|p1a: Under Da Sea|Protect|p1a: Under Da Sea","|-fail|p1a: Under Da Sea","|","|-weather|RainDance|[upkeep]","|-boost|p1a: Under Da Sea|spe|1|[from] ability: Speed Boost","|turn|2","|","|move|p1a: Under Da Sea|Protect|p1a: Under Da Sea","|-singleturn|p1a: Under Da Sea|Protect","|move|p2a: Samba de Amigo|Giga Drain|p1a: Under Da Sea","|-activate|p1a: Under Da Sea|Protect","|","|-weather|RainDance|[upkeep]","|-boost|p1a: Under Da Sea|spe|1|[from] ability: Speed Boost","|turn|3","|","|detailschange|p1a: Under Da Sea|Sharpedo-Mega, M, shiny","|-mega|p1a: Under Da Sea|Sharpedo|Sharpedonite","|move|p1a: Under Da Sea|Crunch|p2a: Samba de Amigo","|-damage|p2a: Samba de Amigo|0 fnt","|faint|p2a: Samba de Amigo","|","|-weather|RainDance|[upkeep]","|","|switch|p2a: Kenny (The Bae)|Azumarill, F|401/401","|turn|4","|","|move|p1a: Under Da Sea|Hydro Pump|p2a: Kenny (The Bae)","|-resisted|p2a: Kenny (The Bae)","|-damage|p2a: Kenny (The Bae)|320/401","|move|p2a: Kenny (The Bae)|Play Rough|p1a: Under Da Sea","|-supereffective|p1a: Under Da Sea","|-damage|p1a: Under Da Sea|21/281","|","|-weather|RainDance|[upkeep]","|turn|5","|","|move|p1a: Under Da Sea|Crunch|p2a: Kenny (The Bae)","|-resisted|p2a: Kenny (The Bae)","|-damage|p2a: Kenny (The Bae)|161/401","|move|p2a: Kenny (The Bae)|Knock Off|p1a: Under Da Sea","|-resisted|p1a: Under Da Sea","|-damage|p1a: Under Da Sea|0 fnt","|faint|p1a: Under Da Sea","|","|-weather|none","|","|switch|p1a: BUZZ|Lanturn, M|391/391","|turn|6","|","|switch|p2a: Faildra|Kingdra, M|291/291","|move|p1a: BUZZ|Volt Switch|p2a: Faildra","|-damage|p2a: Faildra|198/291","|","|switch|p1a: Dinner|Keldeo|323/323","|","|turn|7","|","|move|p1a: Dinner|Secret Sword|p2a: Faildra","|-damage|p2a: Faildra|0 fnt","|-damage|p1a: Dinner|291/323|[from] item: Life Orb","|faint|p2a: Faildra","|","|","|switch|p2a: Slippy|Politoed, M|383/383","|-weather|RainDance","|turn|8","|","|move|p1a: Dinner|Secret Sword|p2a: Slippy","|-damage|p2a: Slippy|153/383","|-damage|p1a: Dinner|259/323|[from] item: Life Orb","|move|p2a: Slippy|Hidden Power|p1a: Dinner","|-supereffective|p1a: Dinner","|-damage|p1a: Dinner|53/323","|","|-weather|RainDance|[upkeep]","|turn|9","|","|switch|p2a: Hen + Tie|Tentacruel, F|363/363","|move|p1a: Dinner|Secret Sword|p2a: Hen + Tie","|-resisted|p2a: Hen + Tie","|-damage|p2a: Hen + Tie|250/363","|-damage|p1a: Dinner|21/323|[from] item: Life Orb","|","|-weather|RainDance|[upkeep]","|-heal|p2a: Hen + Tie|272/363|[from] item: Black Sludge","|turn|10","|","|move|p1a: Dinner|Secret Sword|p2a: Hen + Tie","|-resisted|p2a: Hen + Tie","|-damage|p2a: Hen + Tie|173/363","|-damage|p1a: Dinner|0 fnt|[from] item: Life Orb","|faint|p1a: Dinner","|move|p2a: Hen + Tie|Knock Off|p1: Dinner|[notarget]","|-notarget","|","|-weather|RainDance|[upkeep]","|-heal|p2a: Hen + Tie|195/363|[from] item: Black Sludge","|","|switch|p1a: DEATH!|Azumarill, F|404/404","|turn|11","|","|switch|p1a: Pinkie and the Bra|Jellicent, F|403/403","|move|p2a: Hen + Tie|Acid Spray|p1a: Pinkie and the Bra","|-resisted|p1a: Pinkie and the Bra","|-damage|p1a: Pinkie and the Bra|382/403","|-unboost|p1a: Pinkie and the Bra|spd|2","|","|-weather|RainDance|[upkeep]","|-heal|p2a: Hen + Tie|217/363|[from] item: Black Sludge","|-heal|p1a: Pinkie and the Bra|403/403|[from] item: Leftovers","|turn|12","|","|move|p2a: Hen + Tie|Knock Off|p1a: Pinkie and the Bra","|-supereffective|p1a: Pinkie and the Bra","|-damage|p1a: Pinkie and the Bra|309/403","|-enditem|p1a: Pinkie and the Bra|Leftovers|[from] move: Knock Off|[of] p2a: Hen + Tie","|move|p1a: Pinkie and the Bra|Will-O-Wisp|p2a: Hen + Tie","|-status|p2a: Hen + Tie|brn","|","|-weather|none","|-heal|p2a: Hen + Tie|239/363 brn|[from] item: Black Sludge","|-damage|p2a: Hen + Tie|194/363 brn|[from] brn","|turn|13","|","|move|p2a: Hen + Tie|Scald|p1a: Pinkie and the Bra","|-heal|p1a: Pinkie and the Bra|403/403|[from] ability: Water Absorb|[of] p2a: Hen + Tie","|move|p1a: Pinkie and the Bra|Recover|p1a: Pinkie and the Bra","|-fail|p1a: Pinkie and the Bra","|","|-heal|p2a: Hen + Tie|216/363 brn|[from] item: Black Sludge","|-damage|p2a: Hen + Tie|171/363 brn|[from] brn","|turn|14","|","|switch|p2a: Kenny (The Bae)|Azumarill, F|161/401","|move|p1a: Pinkie and the Bra|Taunt|p2a: Kenny (The Bae)","|-start|p2a: Kenny (The Bae)|move: Taunt","|","|turn|15","|","|move|p1a: Pinkie and the Bra|Scald|p2a: Kenny (The Bae)","|-resisted|p2a: Kenny (The Bae)","|-damage|p2a: Kenny (The Bae)|126/401","|-status|p2a: Kenny (The Bae)|brn","|move|p2a: Kenny (The Bae)|Play Rough|p1a: Pinkie and the Bra","|-damage|p1a: Pinkie and the Bra|359/403","|","|-damage|p2a: Kenny (The Bae)|76/401 brn|[from] brn","|turn|16","|","|move|p1a: Pinkie and the Bra|Scald|p2a: Kenny (The Bae)","|-resisted|p2a: Kenny (The Bae)","|-damage|p2a: Kenny (The Bae)|43/401 brn","|move|p2a: Kenny (The Bae)|Play Rough|p1a: Pinkie and the Bra","|-damage|p1a: Pinkie and the Bra|317/403","|","|-damage|p2a: Kenny (The Bae)|0 fnt|[from] brn","|faint|p2a: Kenny (The Bae)","|","|switch|p2a: Slippy|Politoed, M|153/383","|-weather|RainDance","|turn|17","|","|move|p2a: Slippy|Hidden Power|p1a: Pinkie and the Bra","|-supereffective|p1a: Pinkie and the Bra","|-damage|p1a: Pinkie and the Bra|0 fnt","|faint|p1a: Pinkie and the Bra","|","|-weather|RainDance|[upkeep]","|","|switch|p1a: BUZZ|Lanturn, M|391/391","|turn|18","|","|move|p1a: BUZZ|Volt Switch|p2a: Slippy","|-supereffective|p2a: Slippy","|-damage|p2a: Slippy|0 fnt","|faint|p2a: Slippy","|","|switch|p1a: Fly Away|Gyarados, F|353/353","|","|-weather|RainDance|[upkeep]","|","|switch|p2a: Hen + Tie|Tentacruel, F|171/363 brn","|turn|19","|","|move|p2a: Hen + Tie|Knock Off|p1a: Fly Away","|-damage|p1a: Fly Away|323/353","|-enditem|p1a: Fly Away|Leftovers|[from] move: Knock Off|[of] p2a: Hen + Tie","|move|p1a: Fly Away|Substitute|p1a: Fly Away","|-start|p1a: Fly Away|Substitute","|-damage|p1a: Fly Away|235/353","|","|-weather|RainDance|[upkeep]","|-heal|p2a: Hen + Tie|193/363 brn|[from] item: Black Sludge","|-damage|p2a: Hen + Tie|148/363 brn|[from] brn","|turn|20","|","|move|p2a: Hen + Tie|Acid Spray|p1a: Fly Away","|-activate|p1a: Fly Away|Substitute|[damage]","|move|p1a: Fly Away|Dragon Dance|p1a: Fly Away","|-boost|p1a: Fly Away|atk|1","|-boost|p1a: Fly Away|spe|1","|","|-weather|RainDance|[upkeep]","|-heal|p2a: Hen + Tie|170/363 brn|[from] item: Black Sludge","|-damage|p2a: Hen + Tie|125/363 brn|[from] brn","|turn|21","|","|move|p1a: Fly Away|Dragon Dance|p1a: Fly Away","|-boost|p1a: Fly Away|atk|1","|-boost|p1a: Fly Away|spe|1","|move|p2a: Hen + Tie|Acid Spray|p1a: Fly Away","|-activate|p1a: Fly Away|Substitute|[damage]","|","|-weather|none","|-heal|p2a: Hen + Tie|147/363 brn|[from] item: Black Sludge","|-damage|p2a: Hen + Tie|102/363 brn|[from] brn","|turn|22","|","|move|p1a: Fly Away|Dragon Dance|p1a: Fly Away","|-boost|p1a: Fly Away|atk|1","|-boost|p1a: Fly Away|spe|1","|move|p2a: Hen + Tie|Scald|p1a: Fly Away","|-resisted|p1a: Fly Away","|-end|p1a: Fly Away|Substitute","|","|-heal|p2a: Hen + Tie|124/363 brn|[from] item: Black Sludge","|-damage|p2a: Hen + Tie|79/363 brn|[from] brn","|turn|23","|","|move|p1a: Fly Away|Bounce|p2a: Hen + Tie|[still]","|-prepare|p1a: Fly Away|Bounce|p2a: Hen + Tie","|move|p2a: Hen + Tie|Scald|p1a: Fly Away|[miss]","|-miss|p2a: Hen + Tie|p1a: Fly Away","|","|-heal|p2a: Hen + Tie|101/363 brn|[from] item: Black Sludge","|-damage|p2a: Hen + Tie|56/363 brn|[from] brn","|turn|24","|","|move|p1a: Fly Away|Bounce|p2a: Hen + Tie","|-damage|p2a: Hen + Tie|0 fnt","|faint|p2a: Hen + Tie","|","|","|switch|p2a: JUST DO IT!|Swampert, M|341/341","|turn|25","|","|detailschange|p2a: JUST DO IT!|Swampert-Mega, M","|-mega|p2a: JUST DO IT!|Swampert|Swampertite","|move|p1a: Fly Away|Bounce|p2a: JUST DO IT!|[still]","|-prepare|p1a: Fly Away|Bounce|p2a: JUST DO IT!","|move|p2a: JUST DO IT!|Waterfall|p1a: Fly Away|[miss]","|-miss|p2a: JUST DO IT!|p1a: Fly Away","|","|turn|26","|","|move|p1a: Fly Away|Bounce|p2a: JUST DO IT!","|-damage|p2a: JUST DO IT!|0 fnt","|faint|p2a: JUST DO IT!","|","|win|Zubking59"],"p1rating":{"entryid":7236326,"formatid":"monotype","userid":"zubking59","username":"Zubking59","r":1500,"rd":130,"sigma":0,"rpr":1540.1606143388,"rprd":122.8583080769,"rpsigma":0,"rptime":1438074000,"w":1,"l":0,"t":0,"gxe":55,"acre":1040,"lacre":1040,"oldacre":1000},"p2rating":{"entryid":7236327,"formatid":"monotype","userid":"djbiggie","username":"DJ Biggie","r":1500,"rd":130,"sigma":0,"rpr":1459.8393856612,"rprd":122.8583080769,"rpsigma":0,"rptime":1438074000,"w":0,"l":1,"t":0,"gxe":45,"acre":1000,"lacre":1000,"oldacre":1000},"endType":"normal"}