{"seed":[60692,27093,28367,33521],"turns":23,"p1":"Scraftionite","p2":"KakashiЅensei","p1team":[{"name":"Walrein","species":"Walrein","item":"choicespecs","ability":"Thick Fat","moves":["surf","frostbreath","hiddenpowerfire","icebeam"],"nature":"Modest","evs":{"hp":248,"atk":0,"def":0,"spa":252,"spd":0,"spe":8},"ivs":{"hp":31,"atk":30,"def":31,"spa":30,"spd":31,"spe":30}},{"name":"Weavile","species":"Weavile","item":"lifeorb","ability":"Pressure","moves":["knockoff","iciclecrash","iceshard","lowkick"],"nature":"Jolly","evs":{"hp":0,"atk":252,"def":0,"spa":0,"spd":4,"spe":252},"ivs":{"hp":31,"atk":31,"def":31,"spa":31,"spd":31,"spe":31}},{"name":"Kyurem-Black","species":"Kyurem-Black","item":"choicescarf","ability":"Teravolt","moves":["outrage","fusionbolt","icebeam","earthpower"],"nature":"Naive","evs":{"hp":0,"atk":252,"def":0,"spa":32,"spd":0,"spe":224},"ivs":{"hp":31,"atk":31,"def":31,"spa":31,"spd":31,"spe":31}},{"name":"Abomasnow","species":"Abomasnow","item":"abomasite","ability":"Soundproof","moves":["blizzard","gigadrain","hiddenpowerfire","iceshard"],"nature":"Mild","evs":{"hp":248,"atk":8,"def":0,"spa":252,"spd":0,"spe":0},"ivs":{"hp":31,"atk":30,"def":31,"spa":30,"spd":31,"spe":30}},{"name":"Mamoswine","species":"Mamoswine","item":"lifeorb","ability":"Thick Fat","moves":["earthquake","iciclespear","iceshard","superpower"],"nature":"Jolly","evs":{"hp":0,"atk":252,"def":0,"spa":0,"spd":4,"spe":252},"ivs":{"hp":31,"atk":31,"def":31,"spa":31,"spd":31,"spe":31}},{"name":"Avalugg","species":"Avalugg","item":"rockyhelmet","ability":"Sturdy","moves":["avalanche","rapidspin","earthquake","recover"],"nature":"Relaxed","evs":{"hp":248,"atk":8,"def":252,"spa":0,"spd":0,"spe":0},"ivs":{"hp":31,"atk":31,"def":31,"spa":31,"spd":31,"spe":0}}],"p2team":[{"name":"Jirachi","species":"Jirachi","item":"leftovers","ability":"Serene Grace","moves":["ironhead","thunderwave","wish","protect"],"nature":"Gentle","evs":{"hp":252,"atk":0,"def":0,"spa":0,"spd":184,"spe":72},"ivs":{"hp":31,"atk":31,"def":31,"spa":31,"spd":31,"spe":31}},{"name":"Scizor","species":"Scizor","item":"choicescarf","ability":"Technician","moves":["uturn","pursuit","bulletpunch","superpower"],"nature":"Jolly","evs":{"hp":0,"atk":252,"def":0,"spa":0,"spd":4,"spe":252},"ivs":{"hp":31,"atk":31,"def":31,"spa":31,"spd":31,"spe":31}},{"name":"Heatran","species":"Heatran","item":"leftovers","ability":"Flash Fire","moves":["earthpower","lavaplume","roar","darkpulse"],"nature":"Calm","evs":{"hp":0,"atk":0,"def":52,"spa":112,"spd":252,"spe":92},"ivs":{"hp":31,"atk":31,"def":31,"spa":31,"spd":31,"spe":31}},{"name":"Skarmory","species":"Skarmory","item":"leftovers","ability":"Sturdy","moves":["roost","stealthrock","bravebird","whirlwind"],"nature":"Impish","evs":{"hp":248,"atk":0,"def":236,"spa":0,"spd":0,"spe":24},"ivs":{"hp":31,"atk":31,"def":31,"spa":31,"spd":31,"spe":31}},{"name":"Bronzong","species":"Bronzong","item":"leftovers","ability":"Levitate","moves":["gyroball","earthquake","toxic","stealthrock"],"nature":"Relaxed","evs":{"hp":140,"atk":56,"def":224,"spa":0,"spd":88,"spe":0},"ivs":{"hp":31,"atk":31,"def":31,"spa":31,"spd":31,"spe":0}},{"name":"Magnezone","species":"Magnezone","item":"choicescarf","ability":"Magnet Pull","moves":["flashcannon","thunderbolt","hiddenpowerfire","voltswitch"],"nature":"Timid","evs":{"hp":0,"atk":0,"def":0,"spa":252,"spd":4,"spe":252},"ivs":{"hp":31,"atk":30,"def":31,"spa":30,"spd":31,"spe":30}}],"log":["|player|p1|Scraftionite|1","|player|p2|KakashiЅensei|80","|gametype|singles","|gen|6","|tier|Monotype","|rated","|rule|Baton Pass Clause: Limit one Baton Passer, can't pass Spe and other stats simultaneously","|rule|Swagger Clause: Swagger is banned","|rule|Same Type Clause: Pokémon in a team must share a type","|clearpoke","|poke|p1|Walrein, F","|poke|p1|Weavile, F","|poke|p1|Kyurem-Black","|poke|p1|Abomasnow, M","|poke|p1|Mamoswine, F","|poke|p1|Avalugg, F","|poke|p2|Jirachi","|poke|p2|Scizor, M","|poke|p2|Heatran, M","|poke|p2|Skarmory, F","|poke|p2|Bronzong","|poke|p2|Magnezone","|rule|Sleep Clause Mod: Limit one foe put to sleep","|rule|Species Clause: Limit one of each Pokémon","|rule|OHKO Clause: OHKO moves are banned","|rule|Moody Clause: Moody is banned","|rule|Evasion Moves Clause: Evasion moves are banned","|rule|Endless Battle Clause: Forcing endless battles is banned","|rule|HP Percentage Mod: HP is shown in percentages","|teampreview","|","|start","|switch|p1a: Walrein|Walrein, F|423/423","|switch|p2a: Bronzong|Bronzong|310/310","|turn|1","|","|move|p1a: Walrein|Surf|p2a: Bronzong","|-damage|p2a: Bronzong|130/310","|move|p2a: Bronzong|Stealth Rock|p1a: Walrein","|-sidestart|p1: Scraftionite|move: Stealth Rock","|","|-heal|p2a: Bronzong|149/310|[from] item: Leftovers","|turn|2","|","|move|p1a: Walrein|Surf|p2a: Bronzong","|-damage|p2a: Bronzong|0 fnt","|faint|p2a: Bronzong","|","|","|switch|p2a: Magnezone|Magnezone|281/281","|turn|3","|","|move|p2a: Magnezone|Flash Cannon|p1a: Walrein","|-damage|p1a: Walrein|260/423","|move|p1a: Walrein|Surf|p2a: Magnezone","|-damage|p2a: Magnezone|44/281","|","|turn|4","|","|switch|p2a: Skarmory|Skarmory, F|333/333","|move|p1a: Walrein|Surf|p2a: Skarmory","|-damage|p2a: Skarmory|72/333","|","|-heal|p2a: Skarmory|92/333|[from] item: Leftovers","|turn|5","|","|move|p2a: Skarmory|Brave Bird|p1a: Walrein","|-damage|p1a: Walrein|124/423","|-damage|p2a: Skarmory|47/333|[from] recoil|[of] p1a: Walrein","|move|p1a: Walrein|Surf|p2a: Skarmory","|-damage|p2a: Skarmory|0 fnt","|faint|p2a: Skarmory","|","|","|switch|p2a: Scizor|Scizor, M|281/281","|turn|6","|","|move|p2a: Scizor|Superpower|p1a: Walrein","|-supereffective|p1a: Walrein","|-damage|p1a: Walrein|0 fnt","|-unboost|p2a: Scizor|atk|1","|-unboost|p2a: Scizor|def|1","|faint|p1a: Walrein","|","|","|switch|p1a: Avalugg|Avalugg, F|393/393","|-damage|p1a: Avalugg|295/393|[from] Stealth Rock","|turn|7","|","|switch|p2a: Jirachi|Jirachi|404/404","|move|p1a: Avalugg|Rapid Spin|p2a: Jirachi","|-resisted|p2a: Jirachi","|-damage|p2a: Jirachi|394/404","|-sideend|p1: Scraftionite|Stealth Rock|[from] move: Rapid Spin|[of] p1a: Avalugg","|","|-heal|p2a: Jirachi|404/404|[from] item: Leftovers","|turn|8","|","|move|p2a: Jirachi|Thunder Wave|p1a: Avalugg","|-status|p1a: Avalugg|par","|move|p1a: Avalugg|Recover|p1a: Avalugg","|-heal|p1a: Avalugg|393/393 par","|","|turn|9","|","|move|p2a: Jirachi|Iron Head|p1a: Avalugg","|-supereffective|p1a: Avalugg","|-damage|p1a: Avalugg|309/393 par","|-damage|p2a: Jirachi|337/404|[from] item: Rocky Helmet|[of] p1a: Avalugg","|cant|p1a: Avalugg|flinch","|","|-heal|p2a: Jirachi|362/404|[from] item: Leftovers","|turn|10","|","|move|p2a: Jirachi|Iron Head|p1a: Avalugg","|-supereffective|p1a: Avalugg","|-damage|p1a: Avalugg|219/393 par","|-damage|p2a: Jirachi|295/404|[from] item: Rocky Helmet|[of] p1a: Avalugg","|cant|p1a: Avalugg|flinch","|","|-heal|p2a: Jirachi|320/404|[from] item: Leftovers","|turn|11","|","|switch|p1a: Kyurem-Black|Kyurem-Black|391/391","|-ability|p1a: Kyurem-Black|Teravolt","|move|p2a: Jirachi|Iron Head|p1a: Kyurem-Black","|-supereffective|p1a: Kyurem-Black","|-damage|p1a: Kyurem-Black|185/391","|","|-heal|p2a: Jirachi|345/404|[from] item: Leftovers","|turn|12","|","|move|p1a: Kyurem-Black|Earth Power|p2a: Jirachi","|-supereffective|p2a: Jirachi","|-damage|p2a: Jirachi|213/404","|move|p2a: Jirachi|Wish|p2a: Jirachi","|","|-heal|p2a: Jirachi|238/404|[from] item: Leftovers","|turn|13","|","|move|p1a: Kyurem-Black|Earth Power|p2a: Jirachi","|-supereffective|p2a: Jirachi","|-damage|p2a: Jirachi|102/404","|move|p2a: Jirachi|Iron Head|p1a: Kyurem-Black","|-supereffective|p1a: Kyurem-Black","|-damage|p1a: Kyurem-Black|0 fnt","|faint|p1a: Kyurem-Black","|","|-heal|p2a: Jirachi|304/404|[from] move: Wish|[wisher] Jirachi","|-heal|p2a: Jirachi|329/404|[from] item: Leftovers","|","|switch|p1a: Weavile|Weavile, F|281/281","|-ability|p1a: Weavile|Pressure","|turn|14","|","|move|p2a: Jirachi|Protect|p2a: Jirachi","|-singleturn|p2a: Jirachi|Protect","|move|p1a: Weavile|Knock Off|p2a: Jirachi","|-activate|p2a: Jirachi|Protect","|","|-heal|p2a: Jirachi|354/404|[from] item: Leftovers","|turn|15","|","|switch|p2a: Heatran|Heatran, M|323/323","|move|p1a: Weavile|Knock Off|p2a: Heatran","|-damage|p2a: Heatran|142/323","|-enditem|p2a: Heatran|Leftovers|[from] move: Knock Off|[of] p1a: Weavile","|-damage|p1a: Weavile|253/281|[from] item: Life Orb","|","|turn|16","|","|move|p1a: Weavile|Low Kick|p2a: Heatran","|-crit|p2a: Heatran","|-supereffective|p2a: Heatran","|-damage|p2a: Heatran|0 fnt","|-damage|p1a: Weavile|225/281|[from] item: Life Orb","|faint|p2a: Heatran","|","|","|switch|p2a: Magnezone|Magnezone|44/281","|turn|17","|","|switch|p1a: Avalugg|Avalugg, F|219/393 par","|move|p2a: Magnezone|Flash Cannon|p1a: Avalugg","|-supereffective|p1a: Avalugg","|-damage|p1a: Avalugg|0 fnt","|faint|p1a: Avalugg","|","|","|switch|p1a: Abomasnow|Abomasnow, M|383/383","|turn|18","|","|detailschange|p1a: Abomasnow|Abomasnow-Mega, M","|-mega|p1a: Abomasnow|Abomasnow|Abomasite","|-weather|Hail","|move|p2a: Magnezone|Flash Cannon|p1a: Abomasnow","|-supereffective|p1a: Abomasnow","|-damage|p1a: Abomasnow|95/383","|move|p1a: Abomasnow|Hidden Power|p2a: Magnezone","|-supereffective|p2a: Magnezone","|-damage|p2a: Magnezone|0 fnt","|faint|p2a: Magnezone","|","|-weather|Hail|[upkeep]","|","|switch|p2a: Scizor|Scizor, M|281/281","|turn|19","|","|move|p2a: Scizor|U-turn|p1a: Abomasnow","|-supereffective|p1a: Abomasnow","|-damage|p1a: Abomasnow|0 fnt","|faint|p1a: Abomasnow","|","|switch|p2a: Jirachi|Jirachi|354/404","|","|-weather|Hail|[upkeep]","|-damage|p2a: Jirachi|329/404|[from] hail","|-heal|p2a: Jirachi|354/404|[from] item: Leftovers","|","|switch|p1a: Mamoswine|Mamoswine, F|361/361","|turn|20","|","|move|p1a: Mamoswine|Earthquake|p2a: Jirachi","|-supereffective|p2a: Jirachi","|-damage|p2a: Jirachi|0 fnt","|-damage|p1a: Mamoswine|325/361|[from] item: Life Orb","|faint|p2a: Jirachi","|","|-weather|Hail|[upkeep]","|","|switch|p2a: Scizor|Scizor, M|281/281","|turn|21","|","|move|p2a: Scizor|Bullet Punch|p1a: Mamoswine","|-supereffective|p1a: Mamoswine","|-damage|p1a: Mamoswine|47/361","|move|p1a: Mamoswine|Earthquake|p2a: Scizor","|-damage|p2a: Scizor|51/281","|-damage|p1a: Mamoswine|11/361|[from] item: Life Orb","|","|-weather|Hail|[upkeep]","|-damage|p2a: Scizor|34/281|[from] hail","|turn|22","|","|move|p2a: Scizor|Bullet Punch|p1a: Mamoswine","|-crit|p1a: Mamoswine","|-supereffective|p1a: Mamoswine","|-damage|p1a: Mamoswine|0 fnt","|faint|p1a: Mamoswine","|","|-weather|none","|","|switch|p1a: Weavile|Weavile, F|225/281","|-ability|p1a: Weavile|Pressure","|turn|23","|","|move|p1a: Weavile|Ice Shard|p2a: Scizor","|-resisted|p2a: Scizor","|-damage|p2a: Scizor|0 fnt","|-damage|p1a: Weavile|197/281|[from] item: Life Orb","|faint|p2a: Scizor","|","|win|Scraftionite"],"p1rating":{"entryid":"7211730","serverid":"eos","formatid":"monotype","userid":"scraftionite","username":"Scraftionite","w":2,"l":"2","t":"0","gxe":49.7,"r":"1500","rd":"116.77753930647","sigma":"0","rptime":"1438074000","rpr":1497.2818833417,"rprd":106.46192805674,"rpsigma":"0","acre":1056.5219525507,"lacre":1056.5219525507,"oldacre":"1010.5344805747"},"p2rating":{"entryid":"7235468","serverid":"eos","formatid":"monotype","userid":"kakashiensei","username":"KakashiЅensei","w":"2","l":1,"t":"0","gxe":53.1,"r":"1500","rd":"130","sigma":"0","rptime":"1438074000","rpr":1524.7652511659,"rprd":110.64300134908,"rpsigma":"0","acre":1053.5648150276,"lacre":1053.5648150276,"oldacre":"1079.8759307666"},"endType":"normal"}