{"seed":[53194,58114,52145,33884],"turns":49,"p1":"Full Entropy","p2":"Emg GL Twizzler","p1team":[{"name":"Rook","species":"golurk","item":"choiceband","ability":"Iron Fist","moves":["drainpunch","earthquake","shadowpunch","icepunch"],"nature":"Adamant","evs":{"hp":248,"atk":252,"def":0,"spa":0,"spd":8,"spe":0},"ivs":{"hp":31,"atk":31,"def":31,"spa":31,"spd":31,"spe":31}},{"name":"Bishop","species":"spiritomb","item":"leftovers","ability":"Pressure","moves":["calmmind","shadowball","hiddenpowerfighting","willowisp"],"nature":"Modest","evs":{"hp":252,"atk":0,"def":0,"spa":252,"spd":4,"spe":0},"ivs":{"hp":31,"atk":31,"def":30,"spa":30,"spd":30,"spe":30}},{"name":"Knight","species":"aegislash","item":"leftovers","ability":"Stance Change","moves":["shadowball","shadowsneak","kingsshield","flashcannon"],"nature":"Quiet","evs":{"hp":244,"atk":0,"def":12,"spa":252,"spd":0,"spe":0},"ivs":{"hp":31,"atk":31,"def":31,"spa":31,"spd":31,"spe":31}},{"name":"King","species":"jellicent","item":"leftovers","ability":"Water Absorb","moves":["scald","toxic","trickroom","recover"],"nature":"Calm","evs":{"hp":252,"atk":0,"def":4,"spa":0,"spd":252,"spe":0},"gender":"M","ivs":{"hp":31,"atk":31,"def":31,"spa":31,"spd":31,"spe":0}},{"name":"Queen","species":"sableye","item":"sablenite","ability":"Prankster","moves":["recover","toxic","darkpulse","taunt"],"nature":"Bold","evs":{"hp":248,"atk":0,"def":252,"spa":8,"spd":0,"spe":0},"gender":"F","ivs":{"hp":31,"atk":31,"def":31,"spa":31,"spd":31,"spe":31}},{"name":"Pawn","species":"cofagrigus","item":"leftovers","ability":"Mummy","moves":["shadowball","willowisp","trickroom","painsplit"],"nature":"Sassy","evs":{"hp":252,"atk":0,"def":0,"spa":4,"spd":252,"spe":0},"ivs":{"hp":31,"atk":31,"def":31,"spa":31,"spd":31,"spe":0}}],"p2team":[{"name":"Ampharos","species":"Ampharos","item":"ampharosite","ability":"Static","moves":["rest","dragonpulse","cottonguard","sleeptalk"],"nature":"Calm","evs":{"hp":0,"atk":0,"def":120,"spa":136,"spd":252,"spe":0},"ivs":{"hp":31,"atk":31,"def":31,"spa":31,"spd":31,"spe":31}},{"name":"Eelektross","species":"Eelektross","item":"assaultvest","ability":"Levitate","moves":["dragonpulse","thunderbolt","drainpunch","knockoff"],"nature":"Quiet","evs":{"hp":0,"atk":144,"def":0,"spa":112,"spd":252,"spe":0},"ivs":{"hp":31,"atk":31,"def":31,"spa":31,"spd":31,"spe":31}},{"name":"Rotom-Wash","species":"Rotom-Wash","item":"choicescarf","ability":"Levitate","moves":["trick","voltswitch","hydropump","willowisp"],"nature":"Timid","evs":{"hp":0,"atk":0,"def":0,"spa":252,"spd":4,"spe":252},"ivs":{"hp":31,"atk":31,"def":31,"spa":31,"spd":31,"spe":31}},{"name":"Zapdos","species":"Zapdos","item":"leftovers","ability":"Pressure","moves":["heatwave","discharge","defog","roost"],"nature":"Bold","evs":{"hp":0,"atk":0,"def":252,"spa":4,"spd":252,"spe":0},"ivs":{"hp":31,"atk":31,"def":31,"spa":31,"spd":31,"spe":31}},{"name":"Magnezone","species":"Magnezone","item":"leftovers","ability":"Sturdy","moves":["flashcannon","thunderbolt","protect","hiddenpowerice"],"nature":"Bold","evs":{"hp":4,"atk":0,"def":252,"spa":252,"spd":0,"spe":0},"ivs":{"hp":31,"atk":30,"def":30,"spa":31,"spd":31,"spe":31}},{"name":"Raikou","species":"Raikou","item":"leftovers","ability":"Pressure","moves":["substitute","thunderbolt","extrasensory","calmmind"],"nature":"Timid","evs":{"hp":0,"atk":0,"def":0,"spa":252,"spd":4,"spe":252},"ivs":{"hp":31,"atk":31,"def":31,"spa":31,"spd":31,"spe":31}}],"log":["|player|p1|Full Entropy|290","|player|p2|Emg GL Twizzler|161","|gametype|singles","|gen|6","|tier|Monotype","|rated","|rule|Baton Pass Clause: Limit one Baton Passer, can't pass Spe and other stats simultaneously","|rule|Swagger Clause: Swagger is banned","|rule|Same Type Clause: Pokémon in a team must share a type","|clearpoke","|poke|p1|Golurk","|poke|p1|Spiritomb, F","|poke|p1|Aegislash, F","|poke|p1|Jellicent, M","|poke|p1|Sableye, F","|poke|p1|Cofagrigus, F","|poke|p2|Ampharos, M","|poke|p2|Eelektross, F","|poke|p2|Rotom-Wash","|poke|p2|Zapdos","|poke|p2|Magnezone","|poke|p2|Raikou","|rule|Sleep Clause Mod: Limit one foe put to sleep","|rule|Species Clause: Limit one of each Pokémon","|rule|OHKO Clause: OHKO moves are banned","|rule|Moody Clause: Moody is banned","|rule|Evasion Moves Clause: Evasion moves are banned","|rule|Endless Battle Clause: Forcing endless battles is banned","|rule|HP Percentage Mod: HP is shown in percentages","|teampreview","|","|start","|switch|p1a: Pawn|Cofagrigus, F|320/320","|switch|p2a: Rotom-Wash|Rotom-Wash|241/241","|turn|1","|","|move|p2a: Rotom-Wash|Trick|p1a: Pawn","|-activate|p2a: Rotom-Wash|move: Trick|[of] p1a: Pawn","|-item|p1a: Pawn|Choice Scarf|[from] move: Trick","|-item|p2a: Rotom-Wash|Leftovers|[from] move: Trick","|move|p1a: Pawn|Trick Room|p1a: Pawn","|-fieldstart|move: Trick Room|[of] p1a: Pawn","|","|turn|2","|","|switch|p1a: Bishop|Spiritomb, F|304/304","|-ability|p1a: Bishop|Pressure","|move|p2a: Rotom-Wash|Will-O-Wisp|p1a: Bishop|[miss]","|-miss|p2a: Rotom-Wash|p1a: Bishop","|","|turn|3","|","|move|p1a: Bishop|Calm Mind|p1a: Bishop","|-boost|p1a: Bishop|spa|1","|-boost|p1a: Bishop|spd|1","|move|p2a: Rotom-Wash|Will-O-Wisp|p1a: Bishop","|-status|p1a: Bishop|brn","|","|-damage|p1a: Bishop|266/304 brn|[from] brn","|turn|4","|","|move|p1a: Bishop|Calm Mind|p1a: Bishop","|-boost|p1a: Bishop|spa|1","|-boost|p1a: Bishop|spd|1","|move|p2a: Rotom-Wash|Volt Switch|p1a: Bishop","|-damage|p1a: Bishop|218/304 brn","|","|switch|p2a: Raikou|Raikou|321/321","|-ability|p2a: Raikou|Pressure","|","|-heal|p1a: Bishop|237/304 brn|[from] item: Leftovers","|-damage|p1a: Bishop|199/304 brn|[from] brn","|turn|5","|","|move|p1a: Bishop|Shadow Ball|p2a: Raikou","|-damage|p2a: Raikou|62/321","|move|p2a: Raikou|Calm Mind|p2a: Raikou","|-boost|p2a: Raikou|spa|1","|-boost|p2a: Raikou|spd|1","|","|-heal|p1a: Bishop|218/304 brn|[from] item: Leftovers","|-heal|p2a: Raikou|82/321|[from] item: Leftovers","|-damage|p1a: Bishop|180/304 brn|[from] brn","|-fieldend|move: Trick Room","|turn|6","|","|move|p2a: Raikou|Thunderbolt|p1a: Bishop","|-damage|p1a: Bishop|75/304 brn","|move|p1a: Bishop|Shadow Ball|p2a: Raikou","|-damage|p2a: Raikou|0 fnt","|faint|p2a: Raikou","|","|-heal|p1a: Bishop|94/304 brn|[from] item: Leftovers","|-damage|p1a: Bishop|56/304 brn|[from] brn","|","|switch|p2a: Rotom-Wash|Rotom-Wash|241/241","|turn|7","|","|move|p2a: Rotom-Wash|Hydro Pump|p1a: Bishop","|-damage|p1a: Bishop|0 fnt","|faint|p1a: Bishop","|","|","|switch|p1a: Pawn|Cofagrigus, F|320/320","|turn|8","|","|move|p2a: Rotom-Wash|Will-O-Wisp|p1a: Pawn","|-status|p1a: Pawn|brn","|move|p1a: Pawn|Trick Room|p1a: Pawn","|-fieldstart|move: Trick Room|[of] p1a: Pawn","|","|-damage|p1a: Pawn|280/320 brn|[from] brn","|turn|9","|","|switch|p1a: Knight|Aegislash, F|322/322","|move|p2a: Rotom-Wash|Volt Switch|p1a: Knight","|-damage|p1a: Knight|249/322","|","|switch|p2a: Ampharos|Ampharos, M|321/321","|","|-heal|p1a: Knight|269/322|[from] item: Leftovers","|turn|10","|","|detailschange|p2a: Ampharos|Ampharos-Mega, M","|-mega|p2a: Ampharos|Ampharos|Ampharosite","|-ability|p2a: Ampharos|Mold Breaker","|-formechange|p1a: Knight|Aegislash-Blade","|move|p1a: Knight|Shadow Ball|p2a: Ampharos","|-damage|p2a: Ampharos|194/321","|move|p2a: Ampharos|Cotton Guard|p2a: Ampharos","|-boost|p2a: Ampharos|def|3","|","|-heal|p1a: Knight|289/322|[from] item: Leftovers","|turn|11","|","|switch|p2a: Eelektross|Eelektross, F|311/311","|move|p1a: Knight|Shadow Ball|p2a: Eelektross","|-damage|p2a: Eelektross|196/311","|","|-heal|p1a: Knight|309/322|[from] item: Leftovers","|turn|12","|","|move|p2a: Eelektross|Knock Off|p1a: Knight","|-supereffective|p1a: Knight","|-damage|p1a: Knight|0 fnt","|-enditem|p1a: Knight|Leftovers|[from] move: Knock Off|[of] p2a: Eelektross","|faint|p1a: Knight","|","|-fieldend|move: Trick Room","|","|switch|p1a: Pawn|Cofagrigus, F|280/320 brn","|turn|13","|","|move|p2a: Eelektross|Knock Off|p1a: Pawn","|-supereffective|p1a: Pawn","|-damage|p1a: Pawn|134/320 brn","|-endability|p2a: Eelektross|levitate|[from] Mummy","|-ability|p2a: Eelektross|Mummy|[from] Mummy","|-enditem|p1a: Pawn|Choice Scarf|[from] move: Knock Off|[of] p2a: Eelektross","|move|p1a: Pawn|Trick Room|p1a: Pawn","|-fieldstart|move: Trick Room|[of] p1a: Pawn","|","|-damage|p1a: Pawn|94/320 brn|[from] brn","|turn|14","|","|move|p1a: Pawn|Will-O-Wisp|p2a: Eelektross","|-status|p2a: Eelektross|brn","|move|p2a: Eelektross|Dragon Pulse|p1a: Pawn","|-damage|p1a: Pawn|35/320 brn","|","|-damage|p1a: Pawn|0 fnt|[from] brn","|-damage|p2a: Eelektross|158/311 brn|[from] brn","|faint|p1a: Pawn","|","|switch|p1a: Rook|Golurk|381/381","|turn|15","|","|move|p2a: Eelektross|Knock Off|p1a: Rook","|-supereffective|p1a: Rook","|-damage|p1a: Rook|261/381","|-enditem|p1a: Rook|Choice Band|[from] move: Knock Off|[of] p2a: Eelektross","|move|p1a: Rook|Ice Punch|p2a: Eelektross","|-damage|p2a: Eelektross|21/311 brn","|-endability|p1a: Rook|ironfist|[from] Mummy","|-ability|p1a: Rook|Mummy|[from] Mummy","|","|-damage|p2a: Eelektross|0 fnt|[from] brn","|faint|p2a: Eelektross","|","|switch|p2a: Magnezone|Magnezone|282/282","|turn|16","|","|move|p2a: Magnezone|Protect|p2a: Magnezone","|-singleturn|p2a: Magnezone|Protect","|move|p1a: Rook|Earthquake|p2a: Magnezone","|-activate|p2a: Magnezone|Protect","|","|turn|17","|","|switch|p2a: Rotom-Wash|Rotom-Wash|241/241","|move|p1a: Rook|Drain Punch|p2a: Rotom-Wash","|-damage|p2a: Rotom-Wash|147/241","|-heal|p1a: Rook|308/381|[from] drain|[of] p2a: Rotom-Wash","|","|-heal|p2a: Rotom-Wash|162/241|[from] item: Leftovers","|-fieldend|move: Trick Room","|turn|18","|","|switch|p1a: King|Jellicent, M|404/404","|move|p2a: Rotom-Wash|Will-O-Wisp|p1a: King","|-status|p1a: King|brn","|","|-heal|p2a: Rotom-Wash|177/241|[from] item: Leftovers","|-damage|p1a: King|354/404 brn|[from] brn","|turn|19","|","|move|p2a: Rotom-Wash|Volt Switch|p1a: King","|-supereffective|p1a: King","|-damage|p1a: King|210/404 brn","|","|switch|p2a: Ampharos|Ampharos-Mega, M|194/321","|-ability|p2a: Ampharos|Mold Breaker","|move|p1a: King|Trick Room|p1a: King","|-fieldstart|move: Trick Room|[of] p1a: King","|","|-heal|p1a: King|235/404 brn|[from] item: Leftovers","|-damage|p1a: King|185/404 brn|[from] brn","|turn|20","|","|move|p1a: King|Toxic|p2a: Ampharos","|-status|p2a: Ampharos|tox","|move|p2a: Ampharos|Dragon Pulse|p1a: King","|-damage|p1a: King|76/404 brn","|","|-heal|p1a: King|101/404 brn|[from] item: Leftovers","|-damage|p1a: King|51/404 brn|[from] brn","|-damage|p2a: Ampharos|174/321 tox|[from] psn","|turn|21","|","|move|p1a: King|Scald|p2a: Ampharos","|-resisted|p2a: Ampharos","|-damage|p2a: Ampharos|144/321 tox","|move|p2a: Ampharos|Rest|p2a: Ampharos","|-status|p2a: Ampharos|slp","|-heal|p2a: Ampharos|321/321 slp|[silent]","|-status|p2a: Ampharos|slp|[from] move: Rest","|","|-heal|p1a: King|76/404 brn|[from] item: Leftovers","|-damage|p1a: King|26/404 brn|[from] brn","|turn|22","|","|switch|p1a: Rook|Golurk|308/381","|cant|p2a: Ampharos|slp","|move|p2a: Ampharos|Sleep Talk|p2a: Ampharos","|move|p2a: Ampharos|Rest|p2a: Ampharos|[from]Sleep Talk","|-fail|p2a: Ampharos","|","|turn|23","|","|switch|p2a: Magnezone|Magnezone|282/282","|move|p1a: Rook|Ice Punch|p2a: Magnezone","|-resisted|p2a: Magnezone","|-damage|p2a: Magnezone|242/282","|","|-heal|p2a: Magnezone|259/282|[from] item: Leftovers","|-fieldend|move: Trick Room","|turn|24","|","|move|p2a: Magnezone|Protect|p2a: Magnezone","|-singleturn|p2a: Magnezone|Protect","|move|p1a: Rook|Drain Punch|p2a: Magnezone","|-activate|p2a: Magnezone|Protect","|","|-heal|p2a: Magnezone|276/282|[from] item: Leftovers","|turn|25","|","|switch|p2a: Rotom-Wash|Rotom-Wash|177/241","|move|p1a: Rook|Ice Punch|p2a: Rotom-Wash","|-resisted|p2a: Rotom-Wash","|-damage|p2a: Rotom-Wash|123/241","|","|-heal|p2a: Rotom-Wash|138/241|[from] item: Leftovers","|turn|26","|","|move|p2a: Rotom-Wash|Will-O-Wisp|p1a: Rook|[miss]","|-miss|p2a: Rotom-Wash|p1a: Rook","|move|p1a: Rook|Shadow Punch|p2a: Rotom-Wash","|-damage|p2a: Rotom-Wash|0 fnt","|faint|p2a: Rotom-Wash","|","|","|switch|p2a: Ampharos|Ampharos-Mega, M|321/321 slp","|-ability|p2a: Ampharos|Mold Breaker","|turn|27","|","|move|p1a: Rook|Ice Punch|p2a: Ampharos","|-supereffective|p2a: Ampharos","|-damage|p2a: Ampharos|125/321 slp","|cant|p2a: Ampharos|slp","|move|p2a: Ampharos|Sleep Talk|p2a: Ampharos","|move|p2a: Ampharos|Dragon Pulse|p1a: Rook|[from]Sleep Talk","|-damage|p1a: Rook|112/381","|","|turn|28","|","|move|p1a: Rook|Ice Punch|p2a: Ampharos","|-supereffective|p2a: Ampharos","|-damage|p2a: Ampharos|0 fnt","|faint|p2a: Ampharos","|","|","|switch|p2a: Magnezone|Magnezone|276/282","|turn|29","|","|move|p2a: Magnezone|Protect|p2a: Magnezone","|-singleturn|p2a: Magnezone|Protect","|move|p1a: Rook|Drain Punch|p2a: Magnezone","|-activate|p2a: Magnezone|Protect","|","|-heal|p2a: Magnezone|282/282|[from] item: Leftovers","|turn|30","|","|move|p2a: Magnezone|Hidden Power|p1a: Rook","|-supereffective|p1a: Rook","|-damage|p1a: Rook|0 fnt","|faint|p1a: Rook","|","|","|switch|p1a: Queen|Sableye, F|303/303","|turn|31","|","|detailschange|p1a: Queen|Sableye-Mega, F","|-mega|p1a: Queen|Sableye|Sablenite","|move|p2a: Magnezone|Thunderbolt|p1a: Queen","|-damage|p1a: Queen|161/303","|move|p1a: Queen|Dark Pulse|p2a: Magnezone","|-damage|p2a: Magnezone|191/282","|","|-heal|p2a: Magnezone|208/282|[from] item: Leftovers","|turn|32","|","|move|p2a: Magnezone|Thunderbolt|p1a: Queen","|-damage|p1a: Queen|29/303","|move|p1a: Queen|Recover|p1a: Queen","|-heal|p1a: Queen|181/303","|","|-heal|p2a: Magnezone|225/282|[from] item: Leftovers","|turn|33","|","|move|p2a: Magnezone|Thunderbolt|p1a: Queen","|-damage|p1a: Queen|40/303","|move|p1a: Queen|Recover|p1a: Queen","|-heal|p1a: Queen|192/303","|","|-heal|p2a: Magnezone|242/282|[from] item: Leftovers","|turn|34","|","|move|p2a: Magnezone|Thunderbolt|p1a: Queen","|-damage|p1a: Queen|59/303","|move|p1a: Queen|Recover|p1a: Queen","|-heal|p1a: Queen|211/303","|","|-heal|p2a: Magnezone|259/282|[from] item: Leftovers","|turn|35","|","|move|p2a: Magnezone|Thunderbolt|p1a: Queen","|-damage|p1a: Queen|66/303","|move|p1a: Queen|Recover|p1a: Queen","|-heal|p1a: Queen|218/303","|","|-heal|p2a: Magnezone|276/282|[from] item: Leftovers","|turn|36","|","|move|p2a: Magnezone|Thunderbolt|p1a: Queen","|-damage|p1a: Queen|85/303","|move|p1a: Queen|Recover|p1a: Queen","|-heal|p1a: Queen|237/303","|","|-heal|p2a: Magnezone|282/282|[from] item: Leftovers","|turn|37","|","|move|p2a: Magnezone|Thunderbolt|p1a: Queen","|-damage|p1a: Queen|87/303","|move|p1a: Queen|Recover|p1a: Queen","|-heal|p1a: Queen|239/303","|","|turn|38","|","|move|p2a: Magnezone|Thunderbolt|p1a: Queen","|-damage|p1a: Queen|92/303","|move|p1a: Queen|Recover|p1a: Queen","|-heal|p1a: Queen|244/303","|","|turn|39","|","|move|p2a: Magnezone|Thunderbolt|p1a: Queen","|-damage|p1a: Queen|91/303","|move|p1a: Queen|Recover|p1a: Queen","|-heal|p1a: Queen|243/303","|","|turn|40","|","|move|p2a: Magnezone|Thunderbolt|p1a: Queen","|-damage|p1a: Queen|93/303","|move|p1a: Queen|Recover|p1a: Queen","|-heal|p1a: Queen|245/303","|","|turn|41","|","|move|p2a: Magnezone|Thunderbolt|p1a: Queen","|-damage|p1a: Queen|109/303","|move|p1a: Queen|Recover|p1a: Queen","|-heal|p1a: Queen|261/303","|","|turn|42","|","|move|p2a: Magnezone|Thunderbolt|p1a: Queen","|-damage|p1a: Queen|128/303","|move|p1a: Queen|Recover|p1a: Queen","|-heal|p1a: Queen|280/303","|","|turn|43","|","|move|p2a: Magnezone|Thunderbolt|p1a: Queen","|-damage|p1a: Queen|129/303","|move|p1a: Queen|Recover|p1a: Queen","|-heal|p1a: Queen|281/303","|","|turn|44","|","|move|p2a: Magnezone|Thunderbolt|p1a: Queen","|-damage|p1a: Queen|140/303","|move|p1a: Queen|Recover|p1a: Queen","|-heal|p1a: Queen|292/303","|","|turn|45","|","|move|p2a: Magnezone|Thunderbolt|p1a: Queen","|-damage|p1a: Queen|141/303","|-status|p1a: Queen|par","|cant|p1a: Queen|par","|","|turn|46","|","|move|p2a: Magnezone|Thunderbolt|p1a: Queen","|-damage|p1a: Queen|5/303 par","|move|p1a: Queen|Dark Pulse|p2a: Magnezone","|-damage|p2a: Magnezone|198/282","|","|-heal|p2a: Magnezone|215/282|[from] item: Leftovers","|turn|47","|","|move|p2a: Magnezone|Thunderbolt|p1a: Queen","|-damage|p1a: Queen|0 fnt","|faint|p1a: Queen","|","|-heal|p2a: Magnezone|232/282|[from] item: Leftovers","|","|switch|p1a: King|Jellicent, M|26/404 brn","|turn|48","|","|move|p2a: Magnezone|Protect|p2a: Magnezone","|-singleturn|p2a: Magnezone|Protect","|move|p1a: King|Recover|p1a: King","|-heal|p1a: King|228/404 brn","|","|-heal|p2a: Magnezone|249/282|[from] item: Leftovers","|-heal|p1a: King|253/404 brn|[from] item: Leftovers","|-damage|p1a: King|203/404 brn|[from] brn","|turn|49","|","|move|p2a: Magnezone|Thunderbolt|p1a: King","|-supereffective|p1a: King","|-damage|p1a: King|0 fnt","|faint|p1a: King","|","|win|Emg GL Twizzler"],"p1rating":{"entryid":"5769241","serverid":"eos","formatid":"monotype","userid":"fullentropy","username":"Full Entropy","w":"7","l":14,"t":"0","gxe":38.3,"r":"1429.9655943696","rd":"86.267056385583","sigma":"0","rptime":"1438074000","rpr":1408.2011587573,"rprd":70.532064221816,"rpsigma":"0","acre":1036.7641760362,"lacre":1036.7641760362,"oldacre":"1054.9846484823"},"p2rating":{"entryid":"7175106","serverid":"eos","formatid":"monotype","userid":"emggltwizzler","username":"Emg GL Twizzler","w":4,"l":"4","t":"0","gxe":48.2,"r":1464.3869346292,"rd":96.292560511687,"sigma":"0","rptime":1438074000,"rpr":1486.1351829085,"rprd":93.054381154582,"rpsigma":"0","acre":1087.1303002554,"lacre":1087.1303002554,"oldacre":"1055.5030087068"},"endType":"normal"}