{"seed":[37727,26691,16250,76],"turns":38,"p1":"Newterh","p2":"Full Entropy","p1team":[{"name":"Clawitzer","species":"Clawitzer","item":"choicespecs","ability":"Mega Launcher","moves":["aurasphere","waterpulse","darkpulse","dragonpulse"],"nature":"Timid","evs":{"hp":0,"atk":0,"def":0,"spa":252,"spd":4,"spe":252},"ivs":{"hp":31,"atk":31,"def":31,"spa":31,"spd":31,"spe":31}},{"name":"Azumarill","species":"Azumarill","item":"assaultvest","ability":"Huge Power","moves":["waterfall","aquajet","playrough","knockoff"],"nature":"Adamant","evs":{"hp":248,"atk":252,"def":0,"spa":0,"spd":8,"spe":0},"ivs":{"hp":31,"atk":31,"def":31,"spa":0,"spd":31,"spe":31}},{"name":"Kingdra","species":"Kingdra","item":"lifeorb","ability":"Swift Swim","moves":["hydropump","scald","icebeam","dracometeor"],"nature":"Modest","evs":{"hp":0,"atk":0,"def":0,"spa":252,"spd":4,"spe":252},"ivs":{"hp":31,"atk":31,"def":31,"spa":31,"spd":31,"spe":31}},{"name":"Politoed","species":"Politoed","item":"leftovers","ability":"Drizzle","moves":["scald","toxic","icebeam","encore"],"nature":"Bold","evs":{"hp":252,"atk":0,"def":252,"spa":4,"spd":0,"spe":0},"ivs":{"hp":31,"atk":31,"def":31,"spa":31,"spd":31,"spe":31}},{"name":"Swampert","species":"Swampert","item":"swampertite","ability":"Torrent","moves":["protect","waterfall","earthquake","poweruppunch"],"nature":"Adamant","evs":{"hp":0,"atk":252,"def":0,"spa":0,"spd":4,"spe":252},"ivs":{"hp":31,"atk":31,"def":31,"spa":31,"spd":31,"spe":31}},{"name":"Vaporeon","species":"Vaporeon","item":"leftovers","ability":"Water Absorb","moves":["wish","protect","toxic","scald"],"nature":"Bold","evs":{"hp":252,"atk":0,"def":252,"spa":0,"spd":4,"spe":0},"ivs":{"hp":31,"atk":31,"def":31,"spa":31,"spd":31,"spe":31}}],"p2team":[{"name":"Rook","species":"golurk","item":"choiceband","ability":"Iron Fist","moves":["drainpunch","earthquake","shadowpunch","icepunch"],"nature":"Adamant","evs":{"hp":248,"atk":252,"def":0,"spa":0,"spd":8,"spe":0},"ivs":{"hp":31,"atk":31,"def":31,"spa":31,"spd":31,"spe":31}},{"name":"Bishop","species":"spiritomb","item":"leftovers","ability":"Pressure","moves":["calmmind","shadowball","hiddenpowerfighting","willowisp"],"nature":"Modest","evs":{"hp":252,"atk":0,"def":0,"spa":252,"spd":4,"spe":0},"ivs":{"hp":31,"atk":31,"def":30,"spa":30,"spd":30,"spe":30}},{"name":"Knight","species":"aegislash","item":"leftovers","ability":"Stance Change","moves":["shadowball","shadowsneak","kingsshield","flashcannon"],"nature":"Quiet","evs":{"hp":244,"atk":0,"def":12,"spa":252,"spd":0,"spe":0},"ivs":{"hp":31,"atk":31,"def":31,"spa":31,"spd":31,"spe":31}},{"name":"King","species":"jellicent","item":"leftovers","ability":"Water Absorb","moves":["scald","toxic","trickroom","recover"],"nature":"Calm","evs":{"hp":252,"atk":0,"def":4,"spa":0,"spd":252,"spe":0},"gender":"M","ivs":{"hp":31,"atk":31,"def":31,"spa":31,"spd":31,"spe":0}},{"name":"Queen","species":"sableye","item":"sablenite","ability":"Prankster","moves":["recover","toxic","darkpulse","taunt"],"nature":"Bold","evs":{"hp":248,"atk":0,"def":252,"spa":8,"spd":0,"spe":0},"gender":"F","ivs":{"hp":31,"atk":31,"def":31,"spa":31,"spd":31,"spe":31}},{"name":"Pawn","species":"cofagrigus","item":"leftovers","ability":"Mummy","moves":["shadowball","willowisp","trickroom","painsplit"],"nature":"Sassy","evs":{"hp":252,"atk":0,"def":0,"spa":4,"spd":252,"spe":0},"ivs":{"hp":31,"atk":31,"def":31,"spa":31,"spd":31,"spe":0}}],"log":["|player|p1|Newterh|169","|player|p2|Full Entropy|290","|gametype|singles","|gen|6","|tier|Monotype","|rated","|rule|Baton Pass Clause: Limit one Baton Passer, can't pass Spe and other stats simultaneously","|rule|Swagger Clause: Swagger is banned","|rule|Same Type Clause: Pokémon in a team must share a type","|clearpoke","|poke|p1|Clawitzer, M","|poke|p1|Azumarill, M","|poke|p1|Kingdra, M","|poke|p1|Politoed, M","|poke|p1|Swampert, M","|poke|p1|Vaporeon, M","|poke|p2|Golurk","|poke|p2|Spiritomb, F","|poke|p2|Aegislash, M","|poke|p2|Jellicent, M","|poke|p2|Sableye, F","|poke|p2|Cofagrigus, M","|rule|Sleep Clause Mod: Limit one foe put to sleep","|rule|Species Clause: Limit one of each Pokémon","|rule|OHKO Clause: OHKO moves are banned","|rule|Moody Clause: Moody is banned","|rule|Evasion Moves Clause: Evasion moves are banned","|rule|Endless Battle Clause: Forcing endless battles is banned","|rule|HP Percentage Mod: HP is shown in percentages","|teampreview","|","|start","|switch|p1a: Politoed|Politoed, M|384/384","|switch|p2a: Pawn|Cofagrigus, M|320/320","|-weather|RainDance","|turn|1","|","|move|p1a: Politoed|Toxic|p2a: Pawn","|-status|p2a: Pawn|tox","|move|p2a: Pawn|Trick Room|p2a: Pawn","|-fieldstart|move: Trick Room|[of] p2a: Pawn","|","|-weather|RainDance|[upkeep]","|-damage|p2a: Pawn|300/320 tox|[from] psn","|turn|2","|","|switch|p2a: Knight|Aegislash, M|322/322","|move|p1a: Politoed|Encore|p2a: Knight","|-fail|p2a: Knight","|","|-weather|RainDance|[upkeep]","|turn|3","|","|switch|p1a: Clawitzer|Clawitzer, M|283/283","|-formechange|p2a: Knight|Aegislash-Blade","|move|p2a: Knight|Shadow Ball|p1a: Clawitzer","|-damage|p1a: Clawitzer|103/283","|","|-weather|RainDance|[upkeep]","|turn|4","|","|switch|p1a: Azumarill|Azumarill, M|403/403","|move|p2a: Knight|Shadow Ball|p1a: Azumarill","|-damage|p1a: Azumarill|267/403","|","|-weather|RainDance|[upkeep]","|turn|5","|","|switch|p1a: Clawitzer|Clawitzer, M|103/283","|-formechange|p2a: Knight|Aegislash","|move|p2a: Knight|King's Shield|p2a: Knight","|-fail|p2a: Knight","|","|-weather|none","|-fieldend|move: Trick Room","|turn|6","|","|move|p1a: Clawitzer|Dark Pulse|p2a: Knight","|-supereffective|p2a: Knight","|-damage|p2a: Knight|30/322","|-formechange|p2a: Knight|Aegislash-Blade","|move|p2a: Knight|Shadow Ball|p1a: Clawitzer","|-damage|p1a: Clawitzer|0 fnt","|faint|p1a: Clawitzer","|","|-heal|p2a: Knight|50/322|[from] item: Leftovers","|","|switch|p1a: Swampert|Swampert, M|341/341","|turn|7","|","|switch|p2a: King|Jellicent, M|404/404","|detailschange|p1a: Swampert|Swampert-Mega, M","|-mega|p1a: Swampert|Swampert|Swampertite","|move|p1a: Swampert|Earthquake|p2a: King","|-damage|p2a: King|130/404","|","|-heal|p2a: King|155/404|[from] item: Leftovers","|turn|8","|","|move|p1a: Swampert|Earthquake|p2a: King","|-damage|p2a: King|0 fnt","|faint|p2a: King","|","|","|switch|p2a: Pawn|Cofagrigus, M|300/320 tox","|turn|9","|","|move|p1a: Swampert|Earthquake|p2a: Pawn","|-crit|p2a: Pawn","|-damage|p2a: Pawn|47/320 tox","|move|p2a: Pawn|Trick Room|p2a: Pawn","|-fieldstart|move: Trick Room|[of] p2a: Pawn","|","|-heal|p2a: Pawn|67/320 tox|[from] item: Leftovers","|-damage|p2a: Pawn|47/320 tox|[from] psn","|turn|10","|","|move|p2a: Pawn|Will-O-Wisp|p1a: Swampert","|-status|p1a: Swampert|brn","|move|p1a: Swampert|Earthquake|p2a: Pawn","|-damage|p2a: Pawn|0 fnt","|faint|p2a: Pawn","|","|-damage|p1a: Swampert|299/341 brn|[from] brn","|","|switch|p2a: Bishop|Spiritomb, F|304/304","|-ability|p2a: Bishop|Pressure","|turn|11","|","|switch|p1a: Politoed|Politoed, M|384/384","|-weather|RainDance","|move|p2a: Bishop|Calm Mind|p2a: Bishop","|-boost|p2a: Bishop|spa|1","|-boost|p2a: Bishop|spd|1","|","|-weather|RainDance|[upkeep]","|turn|12","|","|move|p2a: Bishop|Shadow Ball|p1a: Politoed","|-damage|p1a: Politoed|197/384","|move|p1a: Politoed|Encore|p2a: Bishop","|-start|p2a: Bishop|Encore","|","|-weather|RainDance|[upkeep]","|-heal|p1a: Politoed|221/384|[from] item: Leftovers","|turn|13","|","|switch|p1a: Kingdra|Kingdra, M|291/291","|move|p2a: Bishop|Shadow Ball|p1a: Kingdra","|-damage|p1a: Kingdra|87/291","|","|-weather|RainDance|[upkeep]","|-fieldend|move: Trick Room","|turn|14","|","|move|p1a: Kingdra|Hydro Pump|p2a: Bishop","|-damage|p2a: Bishop|92/304","|-damage|p1a: Kingdra|58/291|[from] item: Life Orb","|move|p2a: Bishop|Shadow Ball|p1a: Kingdra","|-damage|p1a: Kingdra|0 fnt","|faint|p1a: Kingdra","|","|-weather|RainDance|[upkeep]","|-heal|p2a: Bishop|111/304|[from] item: Leftovers","|","|switch|p1a: Swampert|Swampert-Mega, M|299/341 brn","|turn|15","|","|move|p1a: Swampert|Waterfall|p2a: Bishop","|-damage|p2a: Bishop|0 fnt","|faint|p2a: Bishop","|","|-weather|none","|-damage|p1a: Swampert|257/341 brn|[from] brn","|","|switch|p2a: Knight|Aegislash, M|50/322","|turn|16","|","|move|p2a: Knight|King's Shield|p2a: Knight","|-singleturn|p2a: Knight|Protect","|move|p1a: Swampert|Earthquake|p2a: Knight","|-activate|p2a: Knight|Protect","|","|-heal|p2a: Knight|70/322|[from] item: Leftovers","|-damage|p1a: Swampert|215/341 brn|[from] brn","|turn|17","|","|move|p1a: Swampert|Waterfall|p2a: Knight","|-crit|p2a: Knight","|-damage|p2a: Knight|0 fnt","|faint|p2a: Knight","|","|-damage|p1a: Swampert|173/341 brn|[from] brn","|","|switch|p2a: Rook|Golurk|381/381","|turn|18","|","|switch|p1a: Politoed|Politoed, M|221/384","|-weather|RainDance","|move|p2a: Rook|Drain Punch|p1a: Politoed","|-damage|p1a: Politoed|81/384","|","|-weather|RainDance|[upkeep]","|-heal|p1a: Politoed|105/384|[from] item: Leftovers","|turn|19","|","|switch|p1a: Azumarill|Azumarill, M|267/403","|move|p2a: Rook|Drain Punch|p1a: Azumarill","|-resisted|p1a: Azumarill","|-damage|p1a: Azumarill|156/403","|","|-weather|RainDance|[upkeep]","|turn|20","|","|move|p2a: Rook|Drain Punch|p1a: Azumarill","|-resisted|p1a: Azumarill","|-damage|p1a: Azumarill|51/403","|move|p1a: Azumarill|Waterfall|p2a: Rook","|-supereffective|p2a: Rook","|-damage|p2a: Rook|0 fnt","|faint|p2a: Rook","|","|-weather|RainDance|[upkeep]","|","|switch|p2a: Queen|Sableye, F|303/303","|turn|21","|","|switch|p1a: Swampert|Swampert-Mega, M|173/341 brn","|detailschange|p2a: Queen|Sableye-Mega, F","|-mega|p2a: Queen|Sableye|Sablenite","|move|p2a: Queen|Toxic|p1a: Swampert","|-fail|p1a: Swampert","|","|-weather|RainDance|[upkeep]","|-damage|p1a: Swampert|131/341 brn|[from] brn","|turn|22","|","|move|p1a: Swampert|Waterfall|p2a: Queen","|-damage|p2a: Queen|222/303","|move|p2a: Queen|Dark Pulse|p1a: Swampert","|-damage|p1a: Swampert|53/341 brn","|","|-weather|none","|-damage|p1a: Swampert|11/341 brn|[from] brn","|turn|23","|","|switch|p1a: Politoed|Politoed, M|105/384","|-weather|RainDance","|move|p2a: Queen|Recover|p2a: Queen","|-heal|p2a: Queen|303/303","|","|-weather|RainDance|[upkeep]","|-heal|p1a: Politoed|129/384|[from] item: Leftovers","|turn|24","|","|move|p1a: Politoed|Scald|p2a: Queen","|-damage|p2a: Queen|195/303","|move|p2a: Queen|Dark Pulse|p1a: Politoed","|-damage|p1a: Politoed|50/384","|","|-weather|RainDance|[upkeep]","|-heal|p1a: Politoed|74/384|[from] item: Leftovers","|turn|25","|","|move|p1a: Politoed|Scald|p2a: Queen","|-damage|p2a: Queen|83/303","|move|p2a: Queen|Recover|p2a: Queen","|-heal|p2a: Queen|235/303","|","|-weather|RainDance|[upkeep]","|-heal|p1a: Politoed|98/384|[from] item: Leftovers","|turn|26","|","|move|p1a: Politoed|Scald|p2a: Queen","|-damage|p2a: Queen|115/303","|move|p2a: Queen|Recover|p2a: Queen","|-heal|p2a: Queen|267/303","|","|-weather|RainDance|[upkeep]","|-heal|p1a: Politoed|122/384|[from] item: Leftovers","|turn|27","|","|move|p1a: Politoed|Scald|p2a: Queen","|-damage|p2a: Queen|153/303","|move|p2a: Queen|Dark Pulse|p1a: Politoed","|-damage|p1a: Politoed|43/384","|","|-weather|none","|-heal|p1a: Politoed|67/384|[from] item: Leftovers","|turn|28","|","|switch|p1a: Vaporeon|Vaporeon, M|464/464","|move|p2a: Queen|Recover|p2a: Queen","|-heal|p2a: Queen|303/303","|","|turn|29","|","|move|p1a: Vaporeon|Scald|p2a: Queen","|-damage|p2a: Queen|213/303","|move|p2a: Queen|Toxic|p1a: Vaporeon","|-status|p1a: Vaporeon|tox","|","|-damage|p1a: Vaporeon|435/464 tox|[from] psn","|turn|30","|","|move|p1a: Vaporeon|Scald|p2a: Queen","|-damage|p2a: Queen|116/303","|move|p2a: Queen|Taunt|p1a: Vaporeon","|-start|p1a: Vaporeon|move: Taunt","|","|-heal|p1a: Vaporeon|464/464 tox|[from] item: Leftovers","|-damage|p1a: Vaporeon|406/464 tox|[from] psn","|turn|31","|","|move|p1a: Vaporeon|Scald|p2a: Queen","|-damage|p2a: Queen|19/303","|move|p2a: Queen|Recover|p2a: Queen","|-heal|p2a: Queen|171/303","|","|-heal|p1a: Vaporeon|435/464 tox|[from] item: Leftovers","|-damage|p1a: Vaporeon|348/464 tox|[from] psn","|turn|32","|","|move|p1a: Vaporeon|Scald|p2a: Queen","|-damage|p2a: Queen|84/303","|move|p2a: Queen|Recover|p2a: Queen","|-heal|p2a: Queen|236/303","|","|-heal|p1a: Vaporeon|377/464 tox|[from] item: Leftovers","|-damage|p1a: Vaporeon|261/464 tox|[from] psn","|turn|33","|","|move|p1a: Vaporeon|Scald|p2a: Queen","|-crit|p2a: Queen","|-damage|p2a: Queen|92/303","|-status|p2a: Queen|brn","|move|p2a: Queen|Recover|p2a: Queen","|-heal|p2a: Queen|244/303 brn","|","|-heal|p1a: Vaporeon|290/464 tox|[from] item: Leftovers","|-damage|p1a: Vaporeon|145/464 tox|[from] psn","|-damage|p2a: Queen|207/303 brn|[from] brn","|-end|p1a: Vaporeon|move: Taunt","|turn|34","|","|switch|p1a: Politoed|Politoed, M|67/384","|-weather|RainDance","|move|p2a: Queen|Taunt|p1a: Politoed","|-start|p1a: Politoed|move: Taunt","|","|-weather|RainDance|[upkeep]","|-heal|p1a: Politoed|91/384|[from] item: Leftovers","|-damage|p2a: Queen|170/303 brn|[from] brn","|turn|35","|","|move|p1a: Politoed|Scald|p2a: Queen","|-damage|p2a: Queen|56/303 brn","|move|p2a: Queen|Recover|p2a: Queen","|-heal|p2a: Queen|208/303 brn","|","|-weather|RainDance|[upkeep]","|-heal|p1a: Politoed|115/384|[from] item: Leftovers","|-damage|p2a: Queen|171/303 brn|[from] brn","|turn|36","|","|move|p1a: Politoed|Scald|p2a: Queen","|-damage|p2a: Queen|45/303 brn","|move|p2a: Queen|Recover|p2a: Queen","|-heal|p2a: Queen|197/303 brn","|","|-weather|RainDance|[upkeep]","|-heal|p1a: Politoed|139/384|[from] item: Leftovers","|-damage|p2a: Queen|160/303 brn|[from] brn","|-end|p1a: Politoed|move: Taunt","|turn|37","|","|switch|p1a: Swampert|Swampert-Mega, M|11/341 brn","|move|p2a: Queen|Recover|p2a: Queen","|-heal|p2a: Queen|303/303 brn","|","|-weather|RainDance|[upkeep]","|-damage|p1a: Swampert|0 fnt|[from] brn","|-damage|p2a: Queen|266/303 brn|[from] brn","|faint|p1a: Swampert","|","|switch|p1a: Azumarill|Azumarill, M|51/403","|turn|38","|","|move|p1a: Azumarill|Play Rough|p2a: Queen","|-crit|p2a: Queen","|-supereffective|p2a: Queen","|-damage|p2a: Queen|0 fnt","|faint|p2a: Queen","|","|win|Newterh"],"p1rating":{"entryid":"7232757","serverid":"eos","formatid":"monotype","userid":"newterh","username":"Newterh","w":3,"l":"0","t":"0","gxe":62.8,"r":"1500","rd":"130","sigma":"0","rptime":"1438074000","rpr":1603.7444659319,"rprd":110.99664587256,"rpsigma":"0","acre":1121.0697809942,"lacre":1121.0697809942,"oldacre":"1097.3061034421"},"p2rating":{"entryid":"5769241","serverid":"eos","formatid":"monotype","userid":"fullentropy","username":"Full Entropy","w":"7","l":13,"t":"0","gxe":39.6,"r":"1429.9655943696","rd":"86.267056385583","sigma":"0","rptime":"1438074000","rpr":1418.7085902409,"rprd":71.820720036247,"rpsigma":"0","acre":1054.9846484823,"lacre":1054.9846484823,"oldacre":"1074.8400362788"},"endType":"normal"}