{"seed":[33348,30220,13022,63752],"turns":41,"p1":"GTXShinigami","p2":"GL♅Zeno","p1team":[{"name":"Avant-Garde","species":"aegislash","item":"weaknesspolicy","ability":"Stance Change","moves":["kingsshield","swordsdance","shadowsneak","sacredsword"],"nature":"Adamant","evs":{"hp":252,"atk":252,"def":4,"spa":0,"spd":0,"spe":0},"shiny":true,"ivs":{"hp":31,"atk":31,"def":31,"spa":31,"spd":31,"spe":31}},{"name":"Stalleye","species":"sableye","item":"sablenite","ability":"Prankster","moves":["calmmind","dazzlinggleam","recover","willowisp"],"nature":"Bold","evs":{"hp":252,"atk":0,"def":252,"spa":0,"spd":4,"spe":0},"ivs":{"hp":31,"atk":0,"def":31,"spa":31,"spd":31,"spe":31}},{"name":"Jellicent","species":"Jellicent","item":"leftovers","ability":"Cursed Body","moves":["scald","willowisp","confuseray","recover"],"nature":"Bold","evs":{"hp":252,"atk":0,"def":252,"spa":4,"spd":0,"spe":0},"gender":"M","ivs":{"hp":31,"atk":31,"def":31,"spa":31,"spd":31,"spe":31}},{"name":"Evil-Stitch","species":"gengar","item":"choicescarf","ability":"Levitate","moves":["destinybond","sludgewave","shadowball","dazzlinggleam"],"nature":"Modest","evs":{"hp":0,"atk":0,"def":0,"spa":252,"spd":4,"spe":252},"gender":"M","ivs":{"hp":31,"atk":31,"def":31,"spa":31,"spd":31,"spe":31}},{"name":"Chandelure Bing","species":"chandelure","item":"choicescarf","ability":"Flash Fire","moves":["fireblast","shadowball","haze","trick"],"nature":"Modest","evs":{"hp":0,"atk":0,"def":0,"spa":252,"spd":4,"spe":252},"gender":"M","shiny":true,"ivs":{"hp":31,"atk":31,"def":31,"spa":31,"spd":31,"spe":31}},{"name":"Guardian","species":"golurk","item":"choicescarf","ability":"No Guard","moves":["dynamicpunch","earthquake","stoneedge","heavyslam"],"nature":"Jolly","evs":{"hp":0,"atk":252,"def":0,"spa":0,"spd":4,"spe":252},"shiny":true,"ivs":{"hp":31,"atk":31,"def":31,"spa":31,"spd":31,"spe":31}}],"p2team":[{"name":"Serperior","species":"Serperior","item":"leftovers","ability":"Contrary","moves":["dragonpulse","leafstorm","hiddenpowerground","glare"],"nature":"Timid","evs":{"hp":0,"atk":0,"def":0,"spa":252,"spd":4,"spe":252},"ivs":{"hp":31,"atk":31,"def":31,"spa":30,"spd":30,"spe":31}},{"name":"Breloom","species":"Breloom","item":"focussash","ability":"Technician","moves":["spore","swordsdance","bulletseed","machpunch"],"nature":"Jolly","evs":{"hp":0,"atk":252,"def":0,"spa":0,"spd":4,"spe":252},"shiny":true,"ivs":{"hp":31,"atk":31,"def":31,"spa":31,"spd":31,"spe":31}},{"name":"Cradily","species":"Cradily","item":"leftovers","ability":"Storm Drain","moves":["stockpile","toxic","rockslide","recover"],"nature":"Careful","evs":{"hp":252,"atk":4,"def":0,"spa":0,"spd":252,"spe":0},"ivs":{"hp":31,"atk":31,"def":31,"spa":31,"spd":31,"spe":31}},{"name":"Celebi","species":"Celebi","item":"leftovers","ability":"Natural Cure","moves":["psychic","energyball","calmmind","recover"],"nature":"Bold","evs":{"hp":252,"atk":0,"def":220,"spa":0,"spd":0,"spe":36},"ivs":{"hp":31,"atk":31,"def":31,"spa":31,"spd":31,"spe":31}},{"name":"Venusaur","species":"Venusaur","item":"venusaurite","ability":"Chlorophyll","moves":["gigadrain","leechseed","synthesis","sludgebomb"],"nature":"Modest","evs":{"hp":252,"atk":0,"def":252,"spa":4,"spd":0,"spe":0},"ivs":{"hp":31,"atk":31,"def":31,"spa":31,"spd":31,"spe":31}},{"name":"Torterra","species":"Torterra","item":"leftovers","ability":"Shell Armor","moves":["curse","earthquake","seedbomb","ironhead"],"nature":"Adamant","evs":{"hp":252,"atk":252,"def":0,"spa":0,"spd":4,"spe":0},"ivs":{"hp":31,"atk":31,"def":31,"spa":31,"spd":31,"spe":31}}],"log":["|player|p1|GTXShinigami|274","|player|p2|GL♅Zeno|glzeno.png","|gametype|singles","|gen|6","|tier|Monotype","|rated","|rule|Baton Pass Clause: Limit one Baton Passer, can't pass Spe and other stats simultaneously","|rule|Swagger Clause: Swagger is banned","|rule|Same Type Clause: Pokémon in a team must share a type","|clearpoke","|poke|p1|Aegislash, F, shiny","|poke|p1|Sableye, F","|poke|p1|Jellicent, M","|poke|p1|Gengar, M","|poke|p1|Chandelure, M, shiny","|poke|p1|Golurk, shiny","|poke|p2|Serperior, F","|poke|p2|Breloom, M, shiny","|poke|p2|Cradily, F","|poke|p2|Celebi","|poke|p2|Venusaur, F","|poke|p2|Torterra, F","|rule|Sleep Clause Mod: Limit one foe put to sleep","|rule|Species Clause: Limit one of each Pokémon","|rule|OHKO Clause: OHKO moves are banned","|rule|Moody Clause: Moody is banned","|rule|Evasion Moves Clause: Evasion moves are banned","|rule|Endless Battle Clause: Forcing endless battles is banned","|rule|HP Percentage Mod: HP is shown in percentages","|teampreview","|","|start","|switch|p1a: Chandelure Bing|Chandelure, M, shiny|261/261","|switch|p2a: Cradily|Cradily, F|376/376","|turn|1","|","|move|p1a: Chandelure Bing|Trick|p2a: Cradily","|-activate|p1a: Chandelure Bing|move: Trick|[of] p2a: Cradily","|-item|p2a: Cradily|Choice Scarf|[from] move: Trick","|-item|p1a: Chandelure Bing|Leftovers|[from] move: Trick","|move|p2a: Cradily|Stockpile|p2a: Cradily","|-start|p2a: Cradily|stockpile1","|-boost|p2a: Cradily|def|1","|-boost|p2a: Cradily|spd|1","|","|turn|2","|","|switch|p2a: Celebi|Celebi|404/404","|move|p1a: Chandelure Bing|Fire Blast|p2a: Celebi","|-supereffective|p2a: Celebi","|-damage|p2a: Celebi|0 fnt","|faint|p2a: Celebi","|","|","|switch|p2a: Venusaur|Venusaur, F|364/364","|turn|3","|","|detailschange|p2a: Venusaur|Venusaur-Mega, F","|-mega|p2a: Venusaur|Venusaur|Venusaurite","|move|p1a: Chandelure Bing|Shadow Ball|p2a: Venusaur","|-damage|p2a: Venusaur|216/364","|move|p2a: Venusaur|Leech Seed|p1a: Chandelure Bing","|-start|p1a: Chandelure Bing|move: Leech Seed","|","|-damage|p1a: Chandelure Bing|229/261|[from] Leech Seed|[of] p2a: Venusaur","|-heal|p2a: Venusaur|248/364|[silent]","|turn|4","|","|move|p1a: Chandelure Bing|Shadow Ball|p2a: Venusaur","|-damage|p2a: Venusaur|109/364","|move|p2a: Venusaur|Synthesis|p2a: Venusaur","|-heal|p2a: Venusaur|291/364","|","|-heal|p1a: Chandelure Bing|245/261|[from] item: Leftovers","|-damage|p1a: Chandelure Bing|213/261|[from] Leech Seed|[of] p2a: Venusaur","|-heal|p2a: Venusaur|323/364|[silent]","|turn|5","|","|switch|p1a: Guardian|Golurk, shiny|319/319","|move|p2a: Venusaur|Sludge Bomb|p1a: Guardian","|-resisted|p1a: Guardian","|-damage|p1a: Guardian|277/319","|","|turn|6","|","|move|p1a: Guardian|Dynamic Punch|p2a: Venusaur","|-resisted|p2a: Venusaur","|-damage|p2a: Venusaur|285/364","|-start|p2a: Venusaur|confusion","|-activate|p2a: Venusaur|confusion","|-damage|p2a: Venusaur|264/364|[from] confusion","|","|turn|7","|","|switch|p1a: Avant-Garde|Aegislash, F, shiny|324/324","|-activate|p2a: Venusaur|confusion","|-damage|p2a: Venusaur|244/364|[from] confusion","|","|turn|8","|","|-activate|p2a: Venusaur|confusion","|-damage|p2a: Venusaur|222/364|[from] confusion","|-formechange|p1a: Avant-Garde|Aegislash-Blade","|move|p1a: Avant-Garde|Sacred Sword|p2a: Venusaur","|-resisted|p2a: Venusaur","|-damage|p2a: Venusaur|178/364","|","|turn|9","|","|move|p1a: Avant-Garde|Shadow Sneak|p2a: Venusaur","|-damage|p2a: Venusaur|118/364","|-activate|p2a: Venusaur|confusion","|move|p2a: Venusaur|Synthesis|p2a: Venusaur","|-heal|p2a: Venusaur|300/364","|","|turn|10","|","|-end|p2a: Venusaur|confusion","|move|p2a: Venusaur|Leech Seed|p1a: Avant-Garde","|-start|p1a: Avant-Garde|move: Leech Seed","|move|p1a: Avant-Garde|Swords Dance|p1a: Avant-Garde","|-boost|p1a: Avant-Garde|atk|2","|","|-damage|p1a: Avant-Garde|284/324|[from] Leech Seed|[of] p2a: Venusaur","|-heal|p2a: Venusaur|340/364|[silent]","|turn|11","|","|move|p2a: Venusaur|Giga Drain|p1a: Avant-Garde","|-resisted|p1a: Avant-Garde","|-damage|p1a: Avant-Garde|179/324","|-heal|p2a: Venusaur|364/364|[from] drain|[of] p1a: Avant-Garde","|move|p1a: Avant-Garde|Swords Dance|p1a: Avant-Garde","|-boost|p1a: Avant-Garde|atk|2","|","|-damage|p1a: Avant-Garde|139/324|[from] Leech Seed|[of] p2a: Venusaur","|turn|12","|","|move|p2a: Venusaur|Giga Drain|p1a: Avant-Garde","|-resisted|p1a: Avant-Garde","|-damage|p1a: Avant-Garde|44/324","|move|p1a: Avant-Garde|Sacred Sword|p2a: Venusaur","|-resisted|p2a: Venusaur","|-damage|p2a: Venusaur|223/364","|","|-damage|p1a: Avant-Garde|4/324|[from] Leech Seed|[of] p2a: Venusaur","|-heal|p2a: Venusaur|263/364|[silent]","|turn|13","|","|switch|p1a: Evil-Stitch|Gengar, M|261/261","|move|p2a: Venusaur|Synthesis|p2a: Venusaur","|-heal|p2a: Venusaur|364/364","|","|turn|14","|","|move|p1a: Evil-Stitch|Sludge Wave|p2a: Venusaur","|-damage|p2a: Venusaur|211/364","|move|p2a: Venusaur|Leech Seed|p1a: Evil-Stitch","|-start|p1a: Evil-Stitch|move: Leech Seed","|","|-damage|p1a: Evil-Stitch|229/261|[from] Leech Seed|[of] p2a: Venusaur","|-heal|p2a: Venusaur|243/364|[silent]","|turn|15","|","|move|p1a: Evil-Stitch|Sludge Wave|p2a: Venusaur","|-damage|p2a: Venusaur|74/364","|move|p2a: Venusaur|Synthesis|p2a: Venusaur","|-heal|p2a: Venusaur|256/364","|","|-damage|p1a: Evil-Stitch|197/261|[from] Leech Seed|[of] p2a: Venusaur","|-heal|p2a: Venusaur|288/364|[silent]","|turn|16","|","|switch|p1a: Stalleye|Sableye, F|304/304","|switch|p2a: Torterra|Torterra, F|394/394","|","|turn|17","|","|detailschange|p1a: Stalleye|Sableye-Mega, F","|-mega|p1a: Stalleye|Sableye|Sablenite","|move|p1a: Stalleye|Will-O-Wisp|p2a: Torterra","|-status|p2a: Torterra|brn","|move|p2a: Torterra|Curse|p2a: Torterra","|-boost|p2a: Torterra|atk|1","|-boost|p2a: Torterra|def|1","|-unboost|p2a: Torterra|spe|1","|","|-damage|p2a: Torterra|345/394 brn|[from] brn","|turn|18","|","|move|p2a: Torterra|Curse|p2a: Torterra","|-boost|p2a: Torterra|atk|1","|-boost|p2a: Torterra|def|1","|-unboost|p2a: Torterra|spe|1","|move|p1a: Stalleye|Calm Mind|p1a: Stalleye","|-boost|p1a: Stalleye|spa|1","|-boost|p1a: Stalleye|spd|1","|","|-heal|p2a: Torterra|369/394 brn|[from] item: Leftovers","|-damage|p2a: Torterra|320/394 brn|[from] brn","|turn|19","|","|move|p1a: Stalleye|Calm Mind|p1a: Stalleye","|-boost|p1a: Stalleye|spa|1","|-boost|p1a: Stalleye|spd|1","|move|p2a: Torterra|Earthquake|p1a: Stalleye","|-damage|p1a: Stalleye|207/304","|","|-heal|p2a: Torterra|344/394 brn|[from] item: Leftovers","|-damage|p2a: Torterra|295/394 brn|[from] brn","|turn|20","|","|move|p1a: Stalleye|Recover|p1a: Stalleye","|-heal|p1a: Stalleye|304/304","|move|p2a: Torterra|Curse|p2a: Torterra","|-boost|p2a: Torterra|atk|1","|-boost|p2a: Torterra|def|1","|-unboost|p2a: Torterra|spe|1","|","|-heal|p2a: Torterra|319/394 brn|[from] item: Leftovers","|-damage|p2a: Torterra|270/394 brn|[from] brn","|turn|21","|","|move|p1a: Stalleye|Calm Mind|p1a: Stalleye","|-boost|p1a: Stalleye|spa|1","|-boost|p1a: Stalleye|spd|1","|move|p2a: Torterra|Earthquake|p1a: Stalleye","|-damage|p1a: Stalleye|177/304","|","|-heal|p2a: Torterra|294/394 brn|[from] item: Leftovers","|-damage|p2a: Torterra|245/394 brn|[from] brn","|turn|22","|","|move|p1a: Stalleye|Recover|p1a: Stalleye","|-heal|p1a: Stalleye|304/304","|move|p2a: Torterra|Earthquake|p1a: Stalleye","|-damage|p1a: Stalleye|168/304","|","|-heal|p2a: Torterra|269/394 brn|[from] item: Leftovers","|-damage|p2a: Torterra|220/394 brn|[from] brn","|turn|23","|","|move|p1a: Stalleye|Calm Mind|p1a: Stalleye","|-boost|p1a: Stalleye|spa|1","|-boost|p1a: Stalleye|spd|1","|move|p2a: Torterra|Curse|p2a: Torterra","|-boost|p2a: Torterra|atk|1","|-boost|p2a: Torterra|def|1","|-unboost|p2a: Torterra|spe|1","|","|-heal|p2a: Torterra|244/394 brn|[from] item: Leftovers","|-damage|p2a: Torterra|195/394 brn|[from] brn","|turn|24","|","|move|p1a: Stalleye|Recover|p1a: Stalleye","|-heal|p1a: Stalleye|304/304","|move|p2a: Torterra|Earthquake|p1a: Stalleye","|-damage|p1a: Stalleye|157/304","|","|-heal|p2a: Torterra|219/394 brn|[from] item: Leftovers","|-damage|p2a: Torterra|170/394 brn|[from] brn","|turn|25","|","|move|p1a: Stalleye|Dazzling Gleam|p2a: Torterra","|-damage|p2a: Torterra|0 fnt","|faint|p2a: Torterra","|","|","|switch|p2a: Breloom|Breloom, M, shiny|261/261","|turn|26","|","|move|p2a: Breloom|Swords Dance|p2a: Breloom","|-boost|p2a: Breloom|atk|2","|move|p1a: Stalleye|Recover|p1a: Stalleye","|-heal|p1a: Stalleye|304/304","|","|turn|27","|","|move|p2a: Breloom|Swords Dance|p2a: Breloom","|-boost|p2a: Breloom|atk|2","|move|p1a: Stalleye|Dazzling Gleam|p2a: Breloom","|-supereffective|p2a: Breloom","|-enditem|p2a: Breloom|Focus Sash","|-damage|p2a: Breloom|1/261","|","|turn|28","|","|move|p2a: Breloom|Bullet Seed|p1a: Stalleye","|-damage|p1a: Stalleye|172/304","|-damage|p1a: Stalleye|39/304","|-hitcount|p1a: Stalleye|2","|move|p1a: Stalleye|Will-O-Wisp|p2a: Breloom","|-status|p2a: Breloom|brn","|","|-damage|p2a: Breloom|0 fnt|[from] brn","|faint|p2a: Breloom","|","|switch|p2a: Cradily|Cradily, F|376/376","|turn|29","|","|move|p2a: Cradily|Rock Slide|p1a: Stalleye","|-damage|p1a: Stalleye|0 fnt","|faint|p1a: Stalleye","|","|","|switch|p1a: Guardian|Golurk, shiny|277/319","|turn|30","|","|move|p1a: Guardian|Dynamic Punch|p2a: Cradily","|-supereffective|p2a: Cradily","|-damage|p2a: Cradily|134/376","|-start|p2a: Cradily|confusion","|-activate|p2a: Cradily|confusion","|-damage|p2a: Cradily|106/376|[from] confusion","|","|turn|31","|","|move|p1a: Guardian|Dynamic Punch|p2a: Cradily","|-supereffective|p2a: Cradily","|-damage|p2a: Cradily|0 fnt","|faint|p2a: Cradily","|","|","|switch|p2a: Serperior|Serperior, F|291/291","|turn|32","|","|move|p2a: Serperior|Leaf Storm|p1a: Guardian","|-supereffective|p1a: Guardian","|-damage|p1a: Guardian|0 fnt","|-boost|p2a: Serperior|spa|2","|faint|p1a: Guardian","|","|","|switch|p1a: Chandelure Bing|Chandelure, M, shiny|213/261","|turn|33","|","|move|p2a: Serperior|Hidden Power|p1a: Chandelure Bing","|-supereffective|p1a: Chandelure Bing","|-damage|p1a: Chandelure Bing|3/261","|move|p1a: Chandelure Bing|Fire Blast|p2a: Serperior|[miss]","|-miss|p1a: Chandelure Bing|p2a: Serperior","|","|-heal|p1a: Chandelure Bing|19/261|[from] item: Leftovers","|turn|34","|","|move|p2a: Serperior|Hidden Power|p1a: Chandelure Bing","|-crit|p1a: Chandelure Bing","|-supereffective|p1a: Chandelure Bing","|-damage|p1a: Chandelure Bing|0 fnt","|faint|p1a: Chandelure Bing","|","|","|switch|p1a: Evil-Stitch|Gengar, M|197/261","|turn|35","|","|move|p1a: Evil-Stitch|Destiny Bond|p1a: Evil-Stitch","|-singlemove|p1a: Evil-Stitch|Destiny Bond","|move|p2a: Serperior|Dragon Pulse|p1a: Evil-Stitch","|-damage|p1a: Evil-Stitch|12/261","|","|turn|36","|","|move|p1a: Evil-Stitch|Destiny Bond|p1a: Evil-Stitch","|-singlemove|p1a: Evil-Stitch|Destiny Bond","|move|p2a: Serperior|Glare|p1a: Evil-Stitch","|-status|p1a: Evil-Stitch|par","|","|turn|37","|","|move|p2a: Serperior|Glare|p1a: Evil-Stitch","|-fail|p1a: Evil-Stitch|par","|cant|p1a: Evil-Stitch|par","|","|turn|38","|","|switch|p1a: Avant-Garde|Aegislash, F, shiny|4/324","|move|p2a: Serperior|Leaf Storm|p1a: Avant-Garde|[miss]","|-miss|p2a: Serperior|p1a: Avant-Garde","|","|turn|39","|","|-formechange|p1a: Avant-Garde|Aegislash-Blade","|move|p1a: Avant-Garde|Shadow Sneak|p2a: Serperior","|-damage|p2a: Serperior|191/291","|move|p2a: Serperior|Leaf Storm|p1a: Avant-Garde","|-resisted|p1a: Avant-Garde","|-damage|p1a: Avant-Garde|0 fnt","|-boost|p2a: Serperior|spa|2","|faint|p1a: Avant-Garde","|","|-heal|p2a: Serperior|209/291|[from] item: Leftovers","|","|switch|p1a: Jellicent|Jellicent, M|404/404","|turn|40","|","|move|p2a: Serperior|Leaf Storm|p1a: Jellicent","|-supereffective|p1a: Jellicent","|-damage|p1a: Jellicent|0 fnt","|-boost|p2a: Serperior|spa|2","|faint|p1a: Jellicent","|","|-heal|p2a: Serperior|227/291|[from] item: Leftovers","|","|switch|p1a: Evil-Stitch|Gengar, M|12/261 par","|turn|41","|","|move|p2a: Serperior|Leaf Storm|p1a: Evil-Stitch","|-resisted|p1a: Evil-Stitch","|-damage|p1a: Evil-Stitch|0 fnt","|faint|p1a: Evil-Stitch","|","|win|GL♅Zeno"],"p1rating":{"entryid":"7117851","serverid":"eos","formatid":"monotype","userid":"gtxshinigami","username":"GTX▽Shinigami","w":"1","l":12,"t":"0","gxe":24.1,"r":"1309.7712088431","rd":"89.129287490132","sigma":"0","rptime":"1438074000","rpr":1277.598009507,"rprd":83.363656164758,"rpsigma":"0","acre":1004.260740684,"lacre":1004.260740684,"oldacre":"1015.4747551555"},"p2rating":{"entryid":"6768172","serverid":"eos","formatid":"monotype","userid":"glzeno","username":"GL♅Zeno","w":6,"l":"8","t":"0","gxe":46.7,"r":"1478.2032431436","rd":"84.941911795033","sigma":"0","rptime":"1438074000","rpr":1474.7976600602,"rprd":81.188639533171,"rpsigma":"0","acre":1076.79925904,"lacre":1076.79925904,"oldacre":"1046.7801742274"},"endType":"normal"}