{"seed":[121,62686,23103,61221],"turns":28,"p1":"Traine✘ Fleek","p2":"Traine✘ Dead","p1team":[{"name":"Sableye","species":"Sableye","item":"sablenite","ability":"Prankster","moves":["willowisp","calmmind","darkpulse","recover"],"nature":"Calm","evs":{"hp":248,"atk":0,"def":0,"spa":8,"spd":252,"spe":0},"ivs":{"hp":31,"atk":31,"def":31,"spa":31,"spd":31,"spe":31}},{"name":"Weavile","species":"Weavile","item":"focussash","ability":"Pickpocket","moves":["iceshard","swordsdance","knockoff","lowkick"],"nature":"Jolly","evs":{"hp":0,"atk":252,"def":0,"spa":0,"spd":4,"spe":252},"ivs":{"hp":31,"atk":31,"def":31,"spa":31,"spd":31,"spe":31}},{"name":"Crawdaunt","species":"Crawdaunt","item":"redcard","ability":"Adaptability","moves":["aquajet","crabhammer","knockoff","aerialace"],"nature":"Adamant","evs":{"hp":248,"atk":252,"def":0,"spa":0,"spd":8,"spe":0},"ivs":{"hp":31,"atk":31,"def":31,"spa":31,"spd":31,"spe":31}},{"name":"Krookodile","species":"Krookodile","item":"choicescarf","ability":"Moxie","moves":["earthquake","dragonclaw","crunch","knockoff"],"nature":"Naive","evs":{"hp":0,"atk":252,"def":0,"spa":4,"spd":0,"spe":252},"ivs":{"hp":31,"atk":31,"def":31,"spa":31,"spd":31,"spe":31}},{"name":"Hydreigon","species":"Hydreigon","item":"choicescarf","ability":"Levitate","moves":["dragonpulse","earthpower","darkpulse","flashcannon"],"nature":"Timid","evs":{"hp":0,"atk":0,"def":0,"spa":252,"spd":4,"spe":252},"ivs":{"hp":31,"atk":31,"def":31,"spa":31,"spd":31,"spe":31}},{"name":"Bisharp","species":"Bisharp","item":"lifeorb","ability":"Defiant","moves":["ironhead","knockoff","suckerpunch","psychocut"],"nature":"Jolly","evs":{"hp":0,"atk":252,"def":0,"spa":0,"spd":4,"spe":252},"ivs":{"hp":31,"atk":31,"def":31,"spa":31,"spd":31,"spe":31}}],"p2team":[{"name":"Machamp","species":"Machamp","item":"assaultvest","ability":"No Guard","moves":["dynamicpunch","bulletpunch","payback","icepunch"],"nature":"Adamant","evs":{"hp":184,"atk":252,"def":0,"spa":0,"spd":72,"spe":0},"ivs":{"hp":31,"atk":31,"def":31,"spa":31,"spd":31,"spe":31}},{"name":"Hawlucha","species":"Hawlucha","item":"powerherb","ability":"Unburden","moves":["acrobatics","skyattack","highjumpkick","flyingpress"],"nature":"Adamant","evs":{"hp":4,"atk":252,"def":0,"spa":0,"spd":0,"spe":252},"ivs":{"hp":31,"atk":31,"def":31,"spa":31,"spd":31,"spe":31}},{"name":"Cobalion","species":"Cobalion","item":"leftovers","ability":"Justified","moves":["swordsdance","ironhead","closecombat","substitute"],"nature":"Jolly","evs":{"hp":4,"atk":252,"def":0,"spa":0,"spd":0,"spe":252},"shiny":true,"ivs":{"hp":31,"atk":31,"def":31,"spa":31,"spd":31,"spe":31}},{"name":"Medicham","species":"Medicham","item":"medichamite","ability":"Pure Power","moves":["fakeout","zenheadbutt","highjumpkick","thunderpunch"],"nature":"Adamant","evs":{"hp":156,"atk":252,"def":0,"spa":0,"spd":0,"spe":100},"ivs":{"hp":31,"atk":31,"def":31,"spa":31,"spd":31,"spe":31}},{"name":"Breloom","species":"Breloom","item":"focussash","ability":"Technician","moves":["bulletseed","machpunch","spore","forcepalm"],"nature":"Jolly","evs":{"hp":4,"atk":252,"def":0,"spa":0,"spd":0,"spe":252},"ivs":{"hp":31,"atk":31,"def":31,"spa":31,"spd":31,"spe":31}},{"name":"Keldeo","species":"Keldeo","item":"choicespecs","ability":"Justified","moves":["scald","focusblast","hydropump","hiddenpowerice"],"nature":"Timid","evs":{"hp":0,"atk":0,"def":4,"spa":252,"spd":0,"spe":252},"ivs":{"hp":31,"atk":30,"def":30,"spa":31,"spd":31,"spe":31}}],"log":["|player|p1|Traine✘ Fleek|94","|player|p2|Traine✘ Dead|25","|gametype|singles","|gen|6","|tier|Monotype","|rated","|rule|Baton Pass Clause: Limit one Baton Passer, can't pass Spe and other stats simultaneously","|rule|Swagger Clause: Swagger is banned","|rule|Same Type Clause: Pokémon in a team must share a type","|clearpoke","|poke|p1|Sableye, F","|poke|p1|Weavile, M","|poke|p1|Crawdaunt, F","|poke|p1|Krookodile, F","|poke|p1|Hydreigon, M","|poke|p1|Bisharp, F","|poke|p2|Machamp, F","|poke|p2|Hawlucha, M","|poke|p2|Cobalion, shiny","|poke|p2|Medicham, M","|poke|p2|Breloom, M","|poke|p2|Keldeo","|rule|Sleep Clause Mod: Limit one foe put to sleep","|rule|Species Clause: Limit one of each Pokémon","|rule|OHKO Clause: OHKO moves are banned","|rule|Moody Clause: Moody is banned","|rule|Evasion Moves Clause: Evasion moves are banned","|rule|Endless Battle Clause: Forcing endless battles is banned","|rule|HP Percentage Mod: HP is shown in percentages","|teampreview","|","|start","|switch|p1a: Krookodile|Krookodile, F|331/331","|switch|p2a: Keldeo|Keldeo|323/323","|turn|1","|","|move|p1a: Krookodile|Earthquake|p2a: Keldeo","|-damage|p2a: Keldeo|139/323","|move|p2a: Keldeo|Hydro Pump|p1a: Krookodile","|-supereffective|p1a: Krookodile","|-damage|p1a: Krookodile|0 fnt","|faint|p1a: Krookodile","|","|","|switch|p1a: Crawdaunt|Crawdaunt, F|329/329","|turn|2","|","|switch|p2a: Breloom|Breloom, M|262/262","|move|p1a: Crawdaunt|Aerial Ace|p2a: Breloom","|-supereffective|p2a: Breloom","|-enditem|p2a: Breloom|Focus Sash","|-damage|p2a: Breloom|1/262","|","|turn|3","|","|switch|p1a: Sableye|Sableye, F|303/303","|move|p2a: Breloom|Spore|p1a: Sableye","|-status|p1a: Sableye|slp","|","|turn|4","|","|detailschange|p1a: Sableye|Sableye-Mega, F","|-mega|p1a: Sableye|Sableye|Sablenite","|cant|p1a: Sableye|slp","|move|p2a: Breloom|Bullet Seed|p1a: Sableye","|-damage|p1a: Sableye|246/303 slp","|-damage|p1a: Sableye|191/303 slp","|-damage|p1a: Sableye|130/303 slp","|-damage|p1a: Sableye|76/303 slp","|-hitcount|p1a: Sableye|4","|","|turn|5","|","|switch|p1a: Bisharp|Bisharp, F|271/271","|move|p2a: Breloom|Bullet Seed|p1a: Bisharp","|-resisted|p1a: Bisharp","|-damage|p1a: Bisharp|239/271","|-resisted|p1a: Bisharp","|-damage|p1a: Bisharp|208/271","|-hitcount|p1a: Bisharp|2","|","|turn|6","|","|move|p1a: Bisharp|Sucker Punch|p2a: Breloom","|-resisted|p2a: Breloom","|-damage|p2a: Breloom|0 fnt","|-damage|p1a: Bisharp|181/271|[from] item: Life Orb","|faint|p2a: Breloom","|","|","|switch|p2a: Cobalion|Cobalion, shiny|324/324","|turn|7","|","|move|p2a: Cobalion|Substitute|p2a: Cobalion","|-start|p2a: Cobalion|Substitute","|-damage|p2a: Cobalion|243/324","|move|p1a: Bisharp|Knock Off|p2a: Cobalion","|-resisted|p2a: Cobalion","|-end|p2a: Cobalion|Substitute","|-damage|p1a: Bisharp|154/271|[from] item: Life Orb","|","|-heal|p2a: Cobalion|263/324|[from] item: Leftovers","|turn|8","|","|move|p2a: Cobalion|Close Combat|p1a: Bisharp","|-supereffective|p1a: Bisharp","|-damage|p1a: Bisharp|0 fnt","|-unboost|p2a: Cobalion|def|1","|-unboost|p2a: Cobalion|spd|1","|faint|p1a: Bisharp","|","|-heal|p2a: Cobalion|283/324|[from] item: Leftovers","|","|switch|p1a: Crawdaunt|Crawdaunt, F|329/329","|turn|9","|","|move|p2a: Cobalion|Close Combat|p1a: Crawdaunt","|-supereffective|p1a: Crawdaunt","|-damage|p1a: Crawdaunt|0 fnt","|-unboost|p2a: Cobalion|def|1","|-unboost|p2a: Cobalion|spd|1","|faint|p1a: Crawdaunt","|","|-heal|p2a: Cobalion|303/324|[from] item: Leftovers","|","|switch|p1a: Weavile|Weavile, M|281/281","|turn|10","|","|switch|p2a: Machamp|Machamp, F|367/367","|move|p1a: Weavile|Low Kick|p2a: Machamp","|-damage|p2a: Machamp|241/367","|","|turn|11","|","|switch|p1a: Sableye|Sableye-Mega, F|76/303 slp","|move|p2a: Machamp|Dynamic Punch|p1a: Sableye","|-immune|p1a: Sableye|[msg]","|","|turn|12","|","|move|p2a: Machamp|Ice Punch|p1a: Sableye","|-damage|p1a: Sableye|2/303 slp","|-curestatus|p1a: Sableye|slp","|move|p1a: Sableye|Recover|p1a: Sableye","|-heal|p1a: Sableye|154/303","|","|turn|13","|","|move|p2a: Machamp|Ice Punch|p1a: Sableye","|-damage|p1a: Sableye|75/303","|move|p1a: Sableye|Will-O-Wisp|p2a: Machamp","|-status|p2a: Machamp|brn","|","|-damage|p2a: Machamp|196/367 brn|[from] brn","|turn|14","|","|switch|p2a: Keldeo|Keldeo|139/323","|move|p1a: Sableye|Recover|p1a: Sableye","|-heal|p1a: Sableye|227/303","|","|turn|15","|","|move|p2a: Keldeo|Hydro Pump|p1a: Sableye","|-damage|p1a: Sableye|25/303","|move|p1a: Sableye|Recover|p1a: Sableye","|-heal|p1a: Sableye|177/303","|","|turn|16","|","|switch|p1a: Hydreigon|Hydreigon, M|325/325","|move|p2a: Keldeo|Hydro Pump|p1a: Hydreigon","|-resisted|p1a: Hydreigon","|-damage|p1a: Hydreigon|169/325","|","|turn|17","|","|switch|p2a: Machamp|Machamp, F|196/367 brn","|move|p1a: Hydreigon|Dragon Pulse|p2a: Machamp","|-damage|p2a: Machamp|97/367 brn","|","|-damage|p2a: Machamp|52/367 brn|[from] brn","|turn|18","|","|move|p1a: Hydreigon|Dragon Pulse|p2a: Machamp","|-crit|p2a: Machamp","|-damage|p2a: Machamp|0 fnt","|faint|p2a: Machamp","|","|","|switch|p2a: Cobalion|Cobalion, shiny|303/324","|turn|19","|","|switch|p1a: Sableye|Sableye-Mega, F|177/303","|move|p2a: Cobalion|Substitute|p2a: Cobalion","|-start|p2a: Cobalion|Substitute","|-damage|p2a: Cobalion|222/324","|","|-heal|p2a: Cobalion|242/324|[from] item: Leftovers","|turn|20","|","|move|p2a: Cobalion|Swords Dance|p2a: Cobalion","|-boost|p2a: Cobalion|atk|2","|move|p1a: Sableye|Dark Pulse|p2a: Cobalion","|-resisted|p2a: Cobalion","|-activate|p2a: Cobalion|Substitute|[damage]","|","|-heal|p2a: Cobalion|262/324|[from] item: Leftovers","|turn|21","|","|move|p2a: Cobalion|Swords Dance|p2a: Cobalion","|-boost|p2a: Cobalion|atk|2","|move|p1a: Sableye|Dark Pulse|p2a: Cobalion","|-resisted|p2a: Cobalion","|-end|p2a: Cobalion|Substitute","|","|-heal|p2a: Cobalion|282/324|[from] item: Leftovers","|turn|22","|","|move|p2a: Cobalion|Substitute|p2a: Cobalion","|-start|p2a: Cobalion|Substitute","|-damage|p2a: Cobalion|201/324","|move|p1a: Sableye|Will-O-Wisp|p2a: Cobalion","|-fail|p2a: Cobalion","|","|-heal|p2a: Cobalion|221/324|[from] item: Leftovers","|turn|23","|","|move|p2a: Cobalion|Swords Dance|p2a: Cobalion","|-boost|p2a: Cobalion|atk|2","|move|p1a: Sableye|Dark Pulse|p2a: Cobalion","|-resisted|p2a: Cobalion","|-activate|p2a: Cobalion|Substitute|[damage]","|","|-heal|p2a: Cobalion|241/324|[from] item: Leftovers","|turn|24","|","|move|p2a: Cobalion|Iron Head|p1a: Sableye","|-damage|p1a: Sableye|0 fnt","|faint|p1a: Sableye","|","|-heal|p2a: Cobalion|261/324|[from] item: Leftovers","|","|switch|p1a: Hydreigon|Hydreigon, M|169/325","|turn|25","|","|move|p1a: Hydreigon|Earth Power|p2a: Cobalion","|-supereffective|p2a: Cobalion","|-end|p2a: Cobalion|Substitute","|move|p2a: Cobalion|Iron Head|p1a: Hydreigon","|-crit|p1a: Hydreigon","|-damage|p1a: Hydreigon|0 fnt","|faint|p1a: Hydreigon","|","|-heal|p2a: Cobalion|281/324|[from] item: Leftovers","|","|switch|p1a: Weavile|Weavile, M|281/281","|turn|26","|","|move|p1a: Weavile|Low Kick|p2a: Cobalion","|-crit|p2a: Cobalion","|-supereffective|p2a: Cobalion","|-damage|p2a: Cobalion|0 fnt","|faint|p2a: Cobalion","|","|","|switch|p2a: Medicham|Medicham, M|300/300","|turn|27","|","|detailschange|p2a: Medicham|Medicham-Mega, M","|-mega|p2a: Medicham|Medicham|Medichamite","|move|p2a: Medicham|Fake Out|p1a: Weavile","|-damage|p1a: Weavile|166/281","|cant|p1a: Weavile|flinch","|","|turn|28","|","|move|p1a: Weavile|Ice Shard|p2a: Medicham","|-damage|p2a: Medicham|227/300","|move|p2a: Medicham|High Jump Kick|p1a: Weavile","|-supereffective|p1a: Weavile","|-damage|p1a: Weavile|0 fnt","|faint|p1a: Weavile","|","|win|Traine✘ Dead"],"p1rating":{"entryid":"6891836","serverid":"eos","formatid":"monotype","userid":"trainefleek","username":"Traine✘ Fleek","w":"10","l":12,"t":"0","gxe":46.3,"r":"1484.546256263","rd":"74.093777063341","sigma":"0","rptime":"1438074000","rpr":1471.2969634206,"rprd":72.554382375128,"rpsigma":"0","acre":1099.6949887394,"lacre":1099.6949887394,"oldacre":"1127.0058891256"},"p2rating":{"entryid":"7186020","serverid":"eos","formatid":"monotype","userid":"trainedead","username":"Traine✘ Dead","w":12,"l":"11","t":"0","gxe":52.7,"r":"1521.8286514863","rd":"69.715862232358","sigma":"0","rptime":"1438074000","rpr":1520.4466344959,"rprd":67.332968997702,"rpsigma":"0","acre":1122.9616514415,"lacre":1122.9616514415,"oldacre":"1094.7983865794"},"endType":"normal"}