{"seed":[20685,45873,37656,38414],"turns":22,"p1":"GTXShinigami","p2":"TBOT Water","p1team":[{"name":"Come Out To Play","species":"banette","item":"banettite","ability":"Frisk","moves":["shadowball","knockoff","destinybond","thunderwave"],"nature":"Lax","evs":{"hp":248,"atk":8,"def":252,"spa":0,"spd":0,"spe":0},"shiny":true,"ivs":{"hp":31,"atk":31,"def":31,"spa":31,"spd":31,"spe":31}},{"name":"Evil Clefairy","species":"gengar","item":"lifeorb","ability":"Levitate","moves":["shadowball","sludgewave","thunderbolt","dazzlinggleam"],"nature":"Timid","evs":{"hp":0,"atk":0,"def":0,"spa":252,"spd":4,"spe":252},"ivs":{"hp":31,"atk":31,"def":31,"spa":31,"spd":31,"spe":31}},{"name":"Excalibur","species":"aegislash","item":"weaknesspolicy","ability":"Stance Change","moves":["kingsshield","swordsdance","shadowsneak","sacredsword"],"nature":"Adamant","evs":{"hp":248,"atk":252,"def":0,"spa":0,"spd":8,"spe":0},"shiny":true,"ivs":{"hp":31,"atk":31,"def":31,"spa":31,"spd":31,"spe":31}},{"name":"Willow","species":"trevenant","item":"sitrusberry","ability":"Harvest","moves":["hornleech","leechseed","willowisp","confuseray"],"nature":"Careful","evs":{"hp":248,"atk":8,"def":0,"spa":0,"spd":252,"spe":0},"shiny":true,"ivs":{"hp":31,"atk":31,"def":31,"spa":31,"spd":31,"spe":31}},{"name":"Yeah You Jelly","species":"jellicent","item":"leftovers","ability":"Cursed Body","moves":["scald","shadowball","toxic","recover"],"nature":"Bold","evs":{"hp":252,"atk":0,"def":252,"spa":4,"spd":0,"spe":0},"ivs":{"hp":31,"atk":31,"def":31,"spa":31,"spd":31,"spe":31}},{"name":"Chandelure Bing v2","species":"chandelure","item":"leftovers","ability":"Flash Fire","moves":["shadowball","flamethrower","psychic","energyball"],"nature":"Modest","evs":{"hp":252,"atk":0,"def":0,"spa":252,"spd":4,"spe":0},"ivs":{"hp":31,"atk":31,"def":31,"spa":31,"spd":31,"spe":31}}],"p2team":[{"name":"Lapras","species":"Lapras","item":"leftovers","ability":"Water Absorb","moves":["dragondance","iceshard","healbell","waterfall"],"nature":"Adamant","evs":{"hp":0,"atk":252,"def":0,"spa":0,"spd":4,"spe":252},"ivs":{"hp":31,"atk":31,"def":31,"spa":31,"spd":31,"spe":31}},{"name":"Abomasnow","species":"Abomasnow","item":"focussash","ability":"Snow Warning","moves":["blizzard","gigadrain","hiddenpowerfire","iceshard"],"nature":"Mild","evs":{"hp":0,"atk":4,"def":0,"spa":252,"spd":0,"spe":252},"gender":"F","ivs":{"hp":31,"atk":30,"def":31,"spa":30,"spd":31,"spe":30},"shiny":true},{"name":"Kyurem-Black","species":"Kyurem-Black","item":"choicescarf","ability":"Teravolt","moves":["earthpower","fusionbolt","ironhead","outrage"],"nature":"Naive","evs":{"hp":0,"atk":252,"def":0,"spa":4,"spd":0,"spe":252},"shiny":true,"ivs":{"hp":31,"atk":31,"def":31,"spa":31,"spd":31,"spe":31}},{"name":"Mamoswine","species":"Mamoswine","item":"focussash","ability":"Snow Cloak","moves":["stealthrock","earthquake","iceshard","knockoff"],"nature":"Adamant","evs":{"hp":4,"atk":252,"def":0,"spa":0,"spd":0,"spe":252},"gender":"F","ivs":{"hp":31,"atk":31,"def":31,"spa":31,"spd":31,"spe":31}},{"name":"Glaceon","species":"Glaceon","item":"choicespecs","ability":"Snow Cloak","moves":["icebeam","hiddenpowerground","shadowball","blizzard"],"nature":"Modest","evs":{"hp":0,"atk":0,"def":0,"spa":252,"spd":4,"spe":252},"gender":"F","ivs":{"hp":31,"atk":31,"def":31,"spa":30,"spd":30,"spe":31},"shiny":true},{"name":"Avalugg","species":"Avalugg","item":"leftovers","ability":"Sturdy","moves":["rapidspin","recover","superpower","mirrorcoat"],"nature":"Impish","evs":{"hp":252,"atk":4,"def":252,"spa":0,"spd":0,"spe":0},"gender":"F","ivs":{"hp":31,"atk":31,"def":31,"spa":31,"spd":31,"spe":31}}],"log":["|player|p1|GTXShinigami|274","|player|p2|TBOT Water|15","|gametype|singles","|gen|6","|tier|Monotype","|rated","|rule|Baton Pass Clause: Limit one Baton Passer, can't pass Spe and other stats simultaneously","|rule|Swagger Clause: Swagger is banned","|rule|Same Type Clause: Pokémon in a team must share a type","|clearpoke","|poke|p1|Banette, F, shiny","|poke|p1|Gengar, F","|poke|p1|Aegislash, F, shiny","|poke|p1|Trevenant, M, shiny","|poke|p1|Jellicent, F","|poke|p1|Chandelure, F","|poke|p2|Lapras, M","|poke|p2|Abomasnow, F, shiny","|poke|p2|Kyurem-Black, shiny","|poke|p2|Mamoswine, F","|poke|p2|Glaceon, F, shiny","|poke|p2|Avalugg, F","|rule|Sleep Clause Mod: Limit one foe put to sleep","|rule|Species Clause: Limit one of each Pokémon","|rule|OHKO Clause: OHKO moves are banned","|rule|Moody Clause: Moody is banned","|rule|Evasion Moves Clause: Evasion moves are banned","|rule|Endless Battle Clause: Forcing endless battles is banned","|rule|HP Percentage Mod: HP is shown in percentages","|teampreview","|","|start","|switch|p1a: Chandelure Bing v2|Chandelure, F|324/324","|switch|p2a: Abomasnow|Abomasnow, F, shiny|321/321","|-weather|Hail","|turn|1","|","|move|p2a: Abomasnow|Blizzard|p1a: Chandelure Bing v2","|-resisted|p1a: Chandelure Bing v2","|-damage|p1a: Chandelure Bing v2|228/324","|move|p1a: Chandelure Bing v2|Flamethrower|p2a: Abomasnow","|-supereffective|p2a: Abomasnow","|-enditem|p2a: Abomasnow|Focus Sash","|-damage|p2a: Abomasnow|1/321","|","|-weather|Hail|[upkeep]","|-damage|p1a: Chandelure Bing v2|208/324|[from] hail","|-heal|p1a: Chandelure Bing v2|228/324|[from] item: Leftovers","|turn|2","|","|move|p2a: Abomasnow|Blizzard|p1a: Chandelure Bing v2","|-resisted|p1a: Chandelure Bing v2","|-damage|p1a: Chandelure Bing v2|138/324","|-status|p1a: Chandelure Bing v2|frz","|cant|p1a: Chandelure Bing v2|frz","|","|-weather|Hail|[upkeep]","|-damage|p1a: Chandelure Bing v2|118/324 frz|[from] hail","|-heal|p1a: Chandelure Bing v2|138/324 frz|[from] item: Leftovers","|turn|3","|","|move|p2a: Abomasnow|Blizzard|p1a: Chandelure Bing v2","|-resisted|p1a: Chandelure Bing v2","|-damage|p1a: Chandelure Bing v2|38/324 frz","|cant|p1a: Chandelure Bing v2|frz","|","|-weather|Hail|[upkeep]","|-damage|p1a: Chandelure Bing v2|18/324 frz|[from] hail","|-heal|p1a: Chandelure Bing v2|38/324 frz|[from] item: Leftovers","|turn|4","|","|move|p2a: Abomasnow|Blizzard|p1a: Chandelure Bing v2","|-resisted|p1a: Chandelure Bing v2","|-damage|p1a: Chandelure Bing v2|0 fnt","|faint|p1a: Chandelure Bing v2","|","|-weather|Hail|[upkeep]","|","|switch|p1a: Evil Clefairy|Gengar, F|261/261","|turn|5","|","|move|p2a: Abomasnow|Ice Shard|p1a: Evil Clefairy","|-damage|p1a: Evil Clefairy|197/261","|move|p1a: Evil Clefairy|Sludge Wave|p2a: Abomasnow","|-supereffective|p2a: Abomasnow","|-damage|p2a: Abomasnow|0 fnt","|-damage|p1a: Evil Clefairy|171/261|[from] item: Life Orb","|faint|p2a: Abomasnow","|","|-weather|none","|","|switch|p2a: Avalugg|Avalugg, F|394/394","|turn|6","|","|move|p1a: Evil Clefairy|Sludge Wave|p2a: Avalugg","|-activate|p2a: Avalugg|Sturdy","|-damage|p2a: Avalugg|1/394","|-damage|p1a: Evil Clefairy|145/261|[from] item: Life Orb","|move|p2a: Avalugg|Mirror Coat|p1a: Evil Clefairy","|-damage|p1a: Evil Clefairy|0 fnt","|faint|p1a: Evil Clefairy","|","|-heal|p2a: Avalugg|25/394|[from] item: Leftovers","|","|switch|p1a: Excalibur|Aegislash, F, shiny|323/323","|turn|7","|","|-formechange|p1a: Excalibur|Aegislash-Blade","|move|p1a: Excalibur|Sacred Sword|p2a: Avalugg","|-supereffective|p2a: Avalugg","|-damage|p2a: Avalugg|0 fnt","|faint|p2a: Avalugg","|","|","|switch|p2a: Lapras|Lapras, M|401/401","|turn|8","|","|-formechange|p1a: Excalibur|Aegislash","|move|p1a: Excalibur|King's Shield|p1a: Excalibur","|-singleturn|p1a: Excalibur|Protect","|move|p2a: Lapras|Dragon Dance|p2a: Lapras","|-boost|p2a: Lapras|atk|1","|-boost|p2a: Lapras|spe|1","|","|turn|9","|","|move|p2a: Lapras|Waterfall|p1a: Excalibur","|-damage|p1a: Excalibur|194/323","|move|p1a: Excalibur|Swords Dance|p1a: Excalibur","|-boost|p1a: Excalibur|atk|2","|","|turn|10","|","|move|p2a: Lapras|Dragon Dance|p2a: Lapras","|-boost|p2a: Lapras|atk|1","|-boost|p2a: Lapras|spe|1","|-formechange|p1a: Excalibur|Aegislash-Blade","|move|p1a: Excalibur|Sacred Sword|p2a: Lapras","|-supereffective|p2a: Lapras","|-damage|p2a: Lapras|0 fnt","|faint|p2a: Lapras","|","|","|switch|p2a: Mamoswine|Mamoswine, F|362/362","|turn|11","|","|switch|p1a: Willow|Trevenant, M, shiny|373/373","|move|p2a: Mamoswine|Earthquake|p1a: Willow","|-resisted|p1a: Willow","|-damage|p1a: Willow|244/373","|","|turn|12","|","|move|p2a: Mamoswine|Knock Off|p1a: Willow","|-supereffective|p1a: Willow","|-damage|p1a: Willow|0 fnt","|-enditem|p1a: Willow|Sitrus Berry|[from] move: Knock Off|[of] p2a: Mamoswine","|faint|p1a: Willow","|","|","|switch|p1a: Yeah You Jelly|Jellicent, F|404/404","|turn|13","|","|switch|p2a: Glaceon|Glaceon, F, shiny|271/271","|move|p1a: Yeah You Jelly|Toxic|p2a: Glaceon","|-status|p2a: Glaceon|tox","|","|-damage|p2a: Glaceon|255/271 tox|[from] psn","|turn|14","|","|move|p2a: Glaceon|Shadow Ball|p1a: Yeah You Jelly","|-supereffective|p1a: Yeah You Jelly","|-damage|p1a: Yeah You Jelly|104/404","|-start|p2a: Glaceon|Disable|Shadow Ball","|move|p1a: Yeah You Jelly|Shadow Ball|p2a: Glaceon","|-crit|p2a: Glaceon","|-damage|p2a: Glaceon|122/271 tox","|","|-heal|p1a: Yeah You Jelly|129/404|[from] item: Leftovers","|-damage|p2a: Glaceon|90/271 tox|[from] psn","|turn|15","|","|-activate|p2a: Glaceon|move: Struggle","|move|p2a: Glaceon|Struggle|p1a: Yeah You Jelly","|-damage|p1a: Yeah You Jelly|107/404","|-damage|p2a: Glaceon|23/271 tox|[from] recoil","|move|p1a: Yeah You Jelly|Recover|p1a: Yeah You Jelly","|-heal|p1a: Yeah You Jelly|309/404","|","|-heal|p1a: Yeah You Jelly|334/404|[from] item: Leftovers","|-damage|p2a: Glaceon|0 fnt|[from] psn","|faint|p2a: Glaceon","|","|switch|p2a: Kyurem-Black|Kyurem-Black, shiny|391/391","|-ability|p2a: Kyurem-Black|Teravolt","|turn|16","|","|move|p2a: Kyurem-Black|Fusion Bolt|p1a: Yeah You Jelly","|-supereffective|p1a: Yeah You Jelly","|-damage|p1a: Yeah You Jelly|80/404","|move|p1a: Yeah You Jelly|Toxic|p2a: Kyurem-Black","|-status|p2a: Kyurem-Black|tox","|","|-heal|p1a: Yeah You Jelly|105/404|[from] item: Leftovers","|-damage|p2a: Kyurem-Black|367/391 tox|[from] psn","|turn|17","|","|move|p2a: Kyurem-Black|Fusion Bolt|p1a: Yeah You Jelly","|-supereffective|p1a: Yeah You Jelly","|-damage|p1a: Yeah You Jelly|0 fnt","|faint|p1a: Yeah You Jelly","|","|-damage|p2a: Kyurem-Black|319/391 tox|[from] psn","|","|switch|p1a: Come Out To Play|Banette, F, shiny|331/331","|-item|p2a: Kyurem-Black|Choice Scarf|[from] ability: Frisk|[of] p1a: Come Out To Play|[identify]","|turn|18","|","|detailschange|p1a: Come Out To Play|Banette-Mega, F, shiny","|-mega|p1a: Come Out To Play|Banette|Banettite","|move|p2a: Kyurem-Black|Fusion Bolt|p1a: Come Out To Play","|-damage|p1a: Come Out To Play|200/331","|move|p1a: Come Out To Play|Thunder Wave|p2a: Kyurem-Black","|-fail|p2a: Kyurem-Black","|","|-damage|p2a: Kyurem-Black|247/391 tox|[from] psn","|turn|19","|","|move|p1a: Come Out To Play|Destiny Bond|p1a: Come Out To Play","|-singlemove|p1a: Come Out To Play|Destiny Bond","|move|p2a: Kyurem-Black|Fusion Bolt|p1a: Come Out To Play","|-damage|p1a: Come Out To Play|66/331","|","|-damage|p2a: Kyurem-Black|151/391 tox|[from] psn","|turn|20","|","|move|p1a: Come Out To Play|Destiny Bond|p1a: Come Out To Play","|-singlemove|p1a: Come Out To Play|Destiny Bond","|move|p2a: Kyurem-Black|Fusion Bolt|p1a: Come Out To Play","|-damage|p1a: Come Out To Play|0 fnt","|faint|p1a: Come Out To Play","|-activate|p1a: Come Out To Play|Destiny Bond","|faint|p2a: Kyurem-Black","|","|","|switch|p2a: Mamoswine|Mamoswine, F|362/362","|switch|p1a: Excalibur|Aegislash, F, shiny|194/323","|turn|21","|","|move|p1a: Excalibur|King's Shield|p1a: Excalibur","|-singleturn|p1a: Excalibur|Protect","|move|p2a: Mamoswine|Earthquake|p1a: Excalibur","|-activate|p1a: Excalibur|Protect","|","|turn|22","|","|-formechange|p1a: Excalibur|Aegislash-Blade","|move|p1a: Excalibur|Shadow Sneak|p2a: Mamoswine","|-damage|p2a: Mamoswine|256/362","|move|p2a: Mamoswine|Earthquake|p1a: Excalibur","|-supereffective|p1a: Excalibur","|-damage|p1a: Excalibur|0 fnt","|faint|p1a: Excalibur","|","|win|TBOT Water"],"p1rating":{"entryid":"7117851","serverid":"eos","formatid":"monotype","userid":"gtxshinigami","username":"GTX▽Shinigami","w":"1","l":10,"t":"0","gxe":26.2,"r":1309.7712088431,"rd":89.129287490132,"sigma":"0","rptime":1438074000,"rpr":1298.9786028572,"rprd":87.231861854704,"rpsigma":"0","acre":1031.5392011001,"lacre":1031.5392011001,"oldacre":"1049.2745080534"},"p2rating":{"entryid":"7231677","serverid":"eos","formatid":"monotype","userid":"tbotwater","username":"TBOT Water","w":2,"l":"0","t":"0","gxe":56.8,"r":"1500","rd":"130","sigma":"0","rptime":"1438074000","rpr":1554.5602139605,"rprd":118.1909678666,"rpsigma":"0","acre":1076.704532179,"lacre":1076.704532179,"oldacre":"1042.3986720379"},"endType":"normal"}