{"seed":[15805,57478,19964,44822],"turns":34,"p1":"Sovereign♕Cactus","p2":"Full Entropy","p1team":[{"name":"Poison Murderer","species":"delphox","item":"powerherb","ability":"Magician","moves":["fireblast","dazzlinggleam","solarbeam","psychic"],"nature":"Timid","evs":{"hp":0,"atk":0,"def":0,"spa":252,"spd":4,"spe":252},"ivs":{"hp":31,"atk":31,"def":31,"spa":31,"spd":31,"spe":31}},{"name":"Unsuspecting","species":"infernape","item":"choicescarf","ability":"Blaze","moves":["closecombat","flareblitz","machpunch","thunderpunch"],"nature":"Jolly","evs":{"hp":0,"atk":252,"def":0,"spa":0,"spd":4,"spe":252},"ivs":{"hp":31,"atk":31,"def":31,"spa":31,"spd":31,"spe":31}},{"name":"The Tank","species":"arcanine","item":"weaknesspolicy","ability":"Intimidate","moves":["ironhead","wildcharge","flareblitz","extremespeed"],"nature":"Adamant","evs":{"hp":248,"atk":252,"def":0,"spa":0,"spd":8,"spe":0},"ivs":{"hp":31,"atk":31,"def":31,"spa":31,"spd":31,"spe":31}},{"name":"The Cannon","species":"darmanitan","item":"choicescarf","ability":"Sheer Force","moves":["flareblitz","uturn","rockslide","superpower"],"nature":"Jolly","evs":{"hp":0,"atk":252,"def":0,"spa":0,"spd":4,"spe":252},"shiny":true,"ivs":{"hp":31,"atk":31,"def":31,"spa":31,"spd":31,"spe":31}},{"name":"Balloon Heatran","species":"heatran","item":"airballoon","ability":"Flash Fire","moves":["roar","toxic","lavaplume","flashcannon"],"nature":"Modest","evs":{"hp":248,"atk":0,"def":0,"spa":252,"spd":8,"spe":0},"ivs":{"hp":31,"atk":31,"def":31,"spa":31,"spd":31,"spe":31}},{"name":"No Name","species":"charizard","item":"charizarditey","ability":"Blaze","moves":["airslash","dragonpulse","flamethrower","solarbeam"],"nature":"Timid","evs":{"hp":0,"atk":0,"def":0,"spa":252,"spd":4,"spe":252},"shiny":true,"ivs":{"hp":31,"atk":31,"def":31,"spa":31,"spd":31,"spe":31}}],"p2team":[{"name":"Rook","species":"golurk","item":"choiceband","ability":"Iron Fist","moves":["drainpunch","earthquake","shadowpunch","icepunch"],"nature":"Adamant","evs":{"hp":248,"atk":252,"def":0,"spa":0,"spd":8,"spe":0},"ivs":{"hp":31,"atk":31,"def":31,"spa":31,"spd":31,"spe":31}},{"name":"Bishop","species":"spiritomb","item":"leftovers","ability":"Pressure","moves":["calmmind","shadowball","darkpulse","willowisp"],"nature":"Modest","evs":{"hp":252,"atk":0,"def":0,"spa":252,"spd":4,"spe":0},"ivs":{"hp":31,"atk":31,"def":31,"spa":31,"spd":31,"spe":31}},{"name":"Knight","species":"aegislash","item":"leftovers","ability":"Stance Change","moves":["shadowball","shadowsneak","kingsshield","flashcannon"],"nature":"Quiet","evs":{"hp":244,"atk":0,"def":12,"spa":252,"spd":0,"spe":0},"ivs":{"hp":31,"atk":31,"def":31,"spa":31,"spd":31,"spe":31}},{"name":"King","species":"jellicent","item":"leftovers","ability":"Water Absorb","moves":["scald","toxic","trickroom","recover"],"nature":"Calm","evs":{"hp":252,"atk":0,"def":4,"spa":0,"spd":252,"spe":0},"gender":"M","ivs":{"hp":31,"atk":31,"def":31,"spa":31,"spd":31,"spe":0}},{"name":"Queen","species":"sableye","item":"sablenite","ability":"Prankster","moves":["recover","toxic","darkpulse","taunt"],"nature":"Bold","evs":{"hp":248,"atk":0,"def":252,"spa":8,"spd":0,"spe":0},"gender":"F","ivs":{"hp":31,"atk":31,"def":31,"spa":31,"spd":31,"spe":31}},{"name":"Pawn","species":"cofagrigus","item":"leftovers","ability":"Mummy","moves":["shadowball","willowisp","trickroom","painsplit"],"nature":"Sassy","evs":{"hp":252,"atk":0,"def":0,"spa":4,"spd":252,"spe":0},"ivs":{"hp":31,"atk":31,"def":31,"spa":31,"spd":31,"spe":0}}],"log":["|player|p1|Sovereign♕Cactus|251","|player|p2|Full Entropy|290","|gametype|singles","|gen|6","|tier|Monotype","|rated","|rule|Baton Pass Clause: Limit one Baton Passer, can't pass Spe and other stats simultaneously","|rule|Swagger Clause: Swagger is banned","|rule|Same Type Clause: Pokémon in a team must share a type","|clearpoke","|poke|p1|Delphox, F","|poke|p1|Infernape, F","|poke|p1|Arcanine, M","|poke|p1|Darmanitan, M, shiny","|poke|p1|Heatran, F","|poke|p1|Charizard, F, shiny","|poke|p2|Golurk","|poke|p2|Spiritomb, M","|poke|p2|Aegislash, F","|poke|p2|Jellicent, M","|poke|p2|Sableye, F","|poke|p2|Cofagrigus, F","|rule|Sleep Clause Mod: Limit one foe put to sleep","|rule|Species Clause: Limit one of each Pokémon","|rule|OHKO Clause: OHKO moves are banned","|rule|Moody Clause: Moody is banned","|rule|Evasion Moves Clause: Evasion moves are banned","|rule|Endless Battle Clause: Forcing endless battles is banned","|rule|HP Percentage Mod: HP is shown in percentages","|teampreview","|","|start","|switch|p1a: Balloon Heatran|Heatran, F|385/385","|switch|p2a: Pawn|Cofagrigus, F|320/320","|-item|p1a: Balloon Heatran|Air Balloon","|turn|1","|","|move|p1a: Balloon Heatran|Toxic|p2a: Pawn|[miss]","|-miss|p1a: Balloon Heatran|p2a: Pawn","|move|p2a: Pawn|Trick Room|p2a: Pawn","|-fieldstart|move: Trick Room|[of] p2a: Pawn","|","|turn|2","|","|move|p2a: Pawn|Shadow Ball|p1a: Balloon Heatran","|-damage|p1a: Balloon Heatran|297/385","|-enditem|p1a: Balloon Heatran|Air Balloon","|-unboost|p1a: Balloon Heatran|spd|1","|move|p1a: Balloon Heatran|Toxic|p2a: Pawn","|-status|p2a: Pawn|tox","|","|-damage|p2a: Pawn|300/320 tox|[from] psn","|turn|3","|","|move|p2a: Pawn|Shadow Ball|p1a: Balloon Heatran","|-damage|p1a: Balloon Heatran|179/385","|move|p1a: Balloon Heatran|Roar|p2a: Pawn","|drag|p2a: Bishop|Spiritomb, M|304/304","|-ability|p2a: Bishop|Pressure","|","|turn|4","|","|switch|p2a: Pawn|Cofagrigus, F|300/320 tox","|move|p1a: Balloon Heatran|Toxic|p2a: Pawn","|-fail|p2a: Pawn|tox","|","|-heal|p2a: Pawn|320/320 tox|[from] item: Leftovers","|-damage|p2a: Pawn|300/320 tox|[from] psn","|turn|5","|","|move|p2a: Pawn|Shadow Ball|p1a: Balloon Heatran","|-damage|p1a: Balloon Heatran|52/385","|-unboost|p1a: Balloon Heatran|spd|1","|move|p1a: Balloon Heatran|Roar|p2a: Pawn","|drag|p2a: Bishop|Spiritomb, M|304/304","|-ability|p2a: Bishop|Pressure","|","|-fieldend|move: Trick Room","|turn|6","|","|switch|p2a: Pawn|Cofagrigus, F|300/320 tox","|move|p1a: Balloon Heatran|Roar|p2a: Pawn","|drag|p2a: Rook|Golurk|381/381","|","|turn|7","|","|switch|p2a: Pawn|Cofagrigus, F|300/320 tox","|move|p1a: Balloon Heatran|Toxic|p2a: Pawn","|-fail|p2a: Pawn|tox","|","|-heal|p2a: Pawn|320/320 tox|[from] item: Leftovers","|-damage|p2a: Pawn|300/320 tox|[from] psn","|turn|8","|","|move|p1a: Balloon Heatran|Roar|p2a: Pawn","|drag|p2a: Bishop|Spiritomb, M|304/304","|-ability|p2a: Bishop|Pressure","|","|turn|9","|","|switch|p2a: Pawn|Cofagrigus, F|300/320 tox","|move|p1a: Balloon Heatran|Roar|p2a: Pawn","|drag|p2a: Queen|Sableye, F|303/303","|","|turn|10","|","|detailschange|p2a: Queen|Sableye-Mega, F","|-mega|p2a: Queen|Sableye|Sablenite","|move|p2a: Queen|Taunt|p1a: Balloon Heatran","|-start|p1a: Balloon Heatran|move: Taunt","|cant|p1a: Balloon Heatran|move: Taunt|Toxic","|","|turn|11","|","|move|p1a: Balloon Heatran|Lava Plume|p2a: Queen","|-damage|p2a: Queen|165/303","|move|p2a: Queen|Dark Pulse|p1a: Balloon Heatran","|-damage|p1a: Balloon Heatran|0 fnt","|faint|p1a: Balloon Heatran","|","|","|switch|p1a: Poison Murderer|Delphox, F|291/291","|turn|12","|","|move|p1a: Poison Murderer|Dazzling Gleam|p2a: Queen","|-supereffective|p2a: Queen","|-damage|p2a: Queen|19/303","|move|p2a: Queen|Recover|p2a: Queen","|-heal|p2a: Queen|171/303","|","|turn|13","|","|switch|p2a: Pawn|Cofagrigus, F|300/320 tox","|move|p1a: Poison Murderer|Fire Blast|p2a: Pawn","|-damage|p2a: Pawn|165/320 tox","|","|-heal|p2a: Pawn|185/320 tox|[from] item: Leftovers","|-damage|p2a: Pawn|165/320 tox|[from] psn","|turn|14","|","|switch|p1a: The Tank|Arcanine, M|383/383","|-ability|p1a: The Tank|Intimidate","|-unboost|p2a: Pawn|atk|1","|move|p2a: Pawn|Trick Room|p2a: Pawn","|-fieldstart|move: Trick Room|[of] p2a: Pawn","|","|-heal|p2a: Pawn|185/320 tox|[from] item: Leftovers","|-damage|p2a: Pawn|145/320 tox|[from] psn","|turn|15","|","|switch|p2a: Rook|Golurk|381/381","|move|p1a: The Tank|Flare Blitz|p2a: Rook","|-damage|p2a: Rook|140/381","|-damage|p1a: The Tank|303/383|[from] recoil|[of] p2a: Rook","|","|turn|16","|","|move|p2a: Rook|Earthquake|p1a: The Tank","|-supereffective|p1a: The Tank","|-damage|p1a: The Tank|0 fnt","|faint|p1a: The Tank","|","|","|switch|p1a: No Name|Charizard, F, shiny|297/297","|turn|17","|","|switch|p2a: King|Jellicent, M|404/404","|detailschange|p1a: No Name|Charizard-Mega-Y, F, shiny","|-mega|p1a: No Name|Charizard|Charizardite Y","|-weather|SunnyDay","|move|p1a: No Name|Flamethrower|p2a: King","|-resisted|p2a: King","|-damage|p2a: King|308/404","|","|-weather|SunnyDay|[upkeep]","|-heal|p2a: King|333/404|[from] item: Leftovers","|turn|18","|","|move|p2a: King|Toxic|p1a: No Name","|-status|p1a: No Name|tox","|move|p1a: No Name|Solar Beam|p2a: King|[still]","|-prepare|p1a: No Name|Solar Beam|p2a: King","|-anim|p1a: No Name|Solar Beam|p2a: King","|-supereffective|p2a: King","|-damage|p2a: King|113/404","|","|-weather|SunnyDay|[upkeep]","|-heal|p2a: King|138/404|[from] item: Leftovers","|-damage|p1a: No Name|279/297 tox|[from] psn","|-fieldend|move: Trick Room","|turn|19","|","|move|p1a: No Name|Solar Beam|p2a: King|[still]","|-prepare|p1a: No Name|Solar Beam|p2a: King","|-anim|p1a: No Name|Solar Beam|p2a: King","|-supereffective|p2a: King","|-damage|p2a: King|0 fnt","|faint|p2a: King","|","|-weather|SunnyDay|[upkeep]","|-damage|p1a: No Name|243/297 tox|[from] psn","|","|switch|p2a: Pawn|Cofagrigus, F|145/320 tox","|turn|20","|","|move|p1a: No Name|Flamethrower|p2a: Pawn","|-damage|p2a: Pawn|0 fnt","|faint|p2a: Pawn","|","|-weather|SunnyDay|[upkeep]","|-damage|p1a: No Name|189/297 tox|[from] psn","|","|switch|p2a: Rook|Golurk|140/381","|turn|21","|","|move|p1a: No Name|Flamethrower|p2a: Rook","|-damage|p2a: Rook|0 fnt","|faint|p2a: Rook","|","|-weather|none","|-damage|p1a: No Name|117/297 tox|[from] psn","|","|switch|p2a: Knight|Aegislash, F|322/322","|turn|22","|","|move|p2a: Knight|King's Shield|p2a: Knight","|-singleturn|p2a: Knight|Protect","|move|p1a: No Name|Flamethrower|p2a: Knight","|-activate|p2a: Knight|Protect","|","|-damage|p1a: No Name|27/297 tox|[from] psn","|turn|23","|","|-formechange|p2a: Knight|Aegislash-Blade","|move|p2a: Knight|Shadow Sneak|p1a: No Name","|-damage|p1a: No Name|0 fnt","|faint|p1a: No Name","|","|","|switch|p1a: Unsuspecting|Infernape, F|293/293","|turn|24","|","|-formechange|p2a: Knight|Aegislash","|move|p2a: Knight|King's Shield|p2a: Knight","|-singleturn|p2a: Knight|Protect","|move|p1a: Unsuspecting|Flare Blitz|p2a: Knight","|-activate|p2a: Knight|Protect","|-unboost|p1a: Unsuspecting|atk|2","|","|turn|25","|","|switch|p1a: Poison Murderer|Delphox, F|291/291","|switch|p2a: Bishop|Spiritomb, M|304/304","|-ability|p2a: Bishop|Pressure","|","|turn|26","|","|move|p1a: Poison Murderer|Dazzling Gleam|p2a: Bishop","|-supereffective|p2a: Bishop","|-damage|p2a: Bishop|128/304","|move|p2a: Bishop|Calm Mind|p2a: Bishop","|-boost|p2a: Bishop|spa|1","|-boost|p2a: Bishop|spd|1","|","|-heal|p2a: Bishop|147/304|[from] item: Leftovers","|turn|27","|","|move|p1a: Poison Murderer|Dazzling Gleam|p2a: Bishop","|-supereffective|p2a: Bishop","|-damage|p2a: Bishop|35/304","|move|p2a: Bishop|Shadow Ball|p1a: Poison Murderer","|-supereffective|p1a: Poison Murderer","|-damage|p1a: Poison Murderer|0 fnt","|faint|p1a: Poison Murderer","|","|-heal|p2a: Bishop|54/304|[from] item: Leftovers","|","|switch|p1a: The Cannon|Darmanitan, M, shiny|351/351","|turn|28","|","|move|p1a: The Cannon|Flare Blitz|p2a: Bishop","|-damage|p2a: Bishop|0 fnt","|-damage|p1a: The Cannon|333/351|[from] recoil|[of] p2a: Bishop","|faint|p2a: Bishop","|","|","|switch|p2a: Queen|Sableye-Mega, F|171/303","|turn|29","|","|move|p1a: The Cannon|Flare Blitz|p2a: Queen","|-damage|p2a: Queen|0 fnt","|-damage|p1a: The Cannon|277/351|[from] recoil|[of] p2a: Queen","|faint|p2a: Queen","|","|","|switch|p2a: Knight|Aegislash, F|322/322","|turn|30","|","|move|p2a: Knight|King's Shield|p2a: Knight","|-singleturn|p2a: Knight|Protect","|move|p1a: The Cannon|Flare Blitz|p2a: Knight","|-activate|p2a: Knight|Protect","|-unboost|p1a: The Cannon|atk|2","|","|turn|31","|","|move|p1a: The Cannon|Flare Blitz|p2a: Knight","|-supereffective|p2a: Knight","|-damage|p2a: Knight|116/322","|-damage|p1a: The Cannon|209/351|[from] recoil|[of] p2a: Knight","|-formechange|p2a: Knight|Aegislash-Blade","|move|p2a: Knight|Shadow Ball|p1a: The Cannon","|-damage|p1a: The Cannon|0 fnt","|faint|p1a: The Cannon","|","|-heal|p2a: Knight|136/322|[from] item: Leftovers","|","|switch|p1a: Unsuspecting|Infernape, F|293/293","|turn|32","|","|-formechange|p2a: Knight|Aegislash","|move|p2a: Knight|King's Shield|p2a: Knight","|-singleturn|p2a: Knight|Protect","|move|p1a: Unsuspecting|Flare Blitz|p2a: Knight","|-activate|p2a: Knight|Protect","|-unboost|p1a: Unsuspecting|atk|2","|","|-heal|p2a: Knight|156/322|[from] item: Leftovers","|turn|33","|","|move|p1a: Unsuspecting|Flare Blitz|p2a: Knight","|-supereffective|p2a: Knight","|-damage|p2a: Knight|18/322","|-damage|p1a: Unsuspecting|247/293|[from] recoil|[of] p2a: Knight","|-formechange|p2a: Knight|Aegislash-Blade","|move|p2a: Knight|Shadow Ball|p1a: Unsuspecting","|-damage|p1a: Unsuspecting|4/293","|","|-heal|p2a: Knight|38/322|[from] item: Leftovers","|turn|34","|","|move|p2a: Knight|Shadow Sneak|p1a: Unsuspecting","|-damage|p1a: Unsuspecting|0 fnt","|faint|p1a: Unsuspecting","|","|win|Full Entropy"],"p1rating":{"entryid":"6867552","serverid":"eos","formatid":"monotype","userid":"sovereigncactus","username":"Sovereign♕Cactus","w":"27","l":34,"t":"0","gxe":45.4,"r":"1471.0854772041","rd":"45.788369655943","sigma":"0","rptime":"1438074000","rpr":1464.7054821482,"rprd":45.427549283131,"rpsigma":"0","acre":1117.074995557,"lacre":1117.074995557,"oldacre":"1150.5024496191"},"p2rating":{"entryid":"5769241","serverid":"eos","formatid":"monotype","userid":"fullentropy","username":"Full Entropy","w":5,"l":"9","t":"0","gxe":41.2,"r":"1429.9655943696","rd":"86.267056385583","sigma":"0","rptime":"1438074000","rpr":1430.9093104605,"rprd":81.525098562076,"rpsigma":"0","acre":1076.3612234584,"lacre":1076.3612234584,"oldacre":"1028.6168219698"},"endType":"normal"}