{"seed":[59301,46468,41882,58870],"turns":39,"p1":"log.history","p2":"Void Light","p1team":[{"name":"toges.copy","species":"cobalion","item":"leftovers","ability":"Justified","moves":["stealthrock","taunt","ironhead","thunderwave"],"nature":"Impish","evs":{"hp":252,"atk":0,"def":212,"spa":0,"spd":0,"spe":44},"ivs":{"hp":31,"atk":31,"def":31,"spa":31,"spd":31,"spe":31}},{"name":"rolling.disco","species":"hitmontop","item":"assaultvest","ability":"Intimidate","moves":["endeavor","highjumpkick","suckerpunch","rapidspin"],"nature":"Careful","evs":{"hp":252,"atk":0,"def":16,"spa":0,"spd":240,"spe":0},"ivs":{"hp":31,"atk":31,"def":31,"spa":31,"spd":31,"spe":31}},{"name":"the.punk","species":"scrafty","item":"leftovers","ability":"Shed Skin","moves":["crunch","drainpunch","bulkup","icepunch"],"nature":"Careful","evs":{"hp":252,"atk":4,"def":0,"spa":0,"spd":252,"spe":0},"ivs":{"hp":31,"atk":31,"def":31,"spa":31,"spd":31,"spe":31}},{"name":"diddy.kong","species":"infernape","item":"focussash","ability":"Blaze","moves":["flamethrower","vacuumwave","encore","nastyplot"],"nature":"Timid","evs":{"hp":0,"atk":0,"def":0,"spa":252,"spd":0,"spe":252},"ivs":{"hp":31,"atk":31,"def":31,"spa":31,"spd":31,"spe":31}},{"name":"beetle.juice","species":"heracross","item":"heracronite","ability":"Moxie","moves":["bulletseed","rockblast","closecombat","pinmissile"],"nature":"Adamant","evs":{"hp":252,"atk":232,"def":24,"spa":0,"spd":0,"spe":0},"ivs":{"hp":31,"atk":31,"def":31,"spa":31,"spd":31,"spe":31}},{"name":"doggy","species":"terrakion","item":"choicescarf","ability":"Justified","moves":["earthquake","ironhead","stoneedge","closecombat"],"nature":"Adamant","evs":{"hp":0,"atk":252,"def":0,"spa":0,"spd":0,"spe":252},"ivs":{"hp":31,"atk":31,"def":31,"spa":31,"spd":31,"spe":31}}],"p2team":[{"name":"Latios","species":"Latios","item":"choicespecs","ability":"Levitate","moves":["psyshock","dracometeor","surf","energyball"],"nature":"Timid","evs":{"hp":4,"atk":0,"def":0,"spa":252,"spd":0,"spe":252},"ivs":{"hp":31,"atk":0,"def":31,"spa":31,"spd":31,"spe":31}},{"name":"Gardevoir","species":"Gardevoir","item":"gardevoirite","ability":"Trace","moves":["willowisp","hypervoice","focusblast","psyshock"],"nature":"Timid","evs":{"hp":4,"atk":0,"def":0,"spa":252,"spd":0,"spe":252},"ivs":{"hp":31,"atk":0,"def":31,"spa":31,"spd":31,"spe":31}},{"name":"Mew","species":"Mew","item":"leftovers","ability":"Synchronize","moves":["willowisp","roost","defog","healbell"],"nature":"Bold","evs":{"hp":252,"atk":0,"def":232,"spa":0,"spd":0,"spe":24},"ivs":{"hp":31,"atk":0,"def":31,"spa":31,"spd":31,"spe":31}},{"name":"Paul","species":"slowbro","item":"leftovers","ability":"Regenerator","moves":["slackoff","thunderwave","flamethrower","scald"],"nature":"Bold","evs":{"hp":252,"atk":0,"def":252,"spa":0,"spd":0,"spe":4},"ivs":{"hp":31,"atk":0,"def":31,"spa":31,"spd":31,"spe":31}},{"name":"Meloetta","species":"Meloetta","item":"assaultvest","ability":"Serene Grace","moves":["knockoff","psyshock","hypervoice","thunderbolt"],"nature":"Mild","evs":{"hp":248,"atk":8,"def":0,"spa":0,"spd":244,"spe":8},"ivs":{"hp":31,"atk":31,"def":31,"spa":31,"spd":31,"spe":31}},{"name":"Victini","species":"Victini","item":"choicescarf","ability":"Victory Star","moves":["vcreate","boltstrike","uturn","trick"],"nature":"Jolly","evs":{"hp":4,"atk":252,"def":0,"spa":0,"spd":0,"spe":252},"ivs":{"hp":31,"atk":31,"def":31,"spa":31,"spd":31,"spe":31}}],"log":["|player|p1|log.history|196","|player|p2|Void Light|2","|gametype|singles","|gen|6","|tier|Monotype","|rated","|rule|Baton Pass Clause: Limit one Baton Passer, can't pass Spe and other stats simultaneously","|rule|Swagger Clause: Swagger is banned","|rule|Same Type Clause: Pokémon in a team must share a type","|clearpoke","|poke|p1|Cobalion","|poke|p1|Hitmontop, M","|poke|p1|Scrafty, F","|poke|p1|Infernape, F","|poke|p1|Heracross, M","|poke|p1|Terrakion","|poke|p2|Latios, M","|poke|p2|Gardevoir, F","|poke|p2|Mew","|poke|p2|Slowbro, F","|poke|p2|Meloetta","|poke|p2|Victini","|rule|Sleep Clause Mod: Limit one foe put to sleep","|rule|Species Clause: Limit one of each Pokémon","|rule|OHKO Clause: OHKO moves are banned","|rule|Moody Clause: Moody is banned","|rule|Evasion Moves Clause: Evasion moves are banned","|rule|Endless Battle Clause: Forcing endless battles is banned","|rule|HP Percentage Mod: HP is shown in percentages","|teampreview","|","|start","|switch|p1a: doggy|Terrakion|323/323","|switch|p2a: Victini|Victini|342/342","|turn|1","|","|switch|p2a: Paul|Slowbro, F|394/394","|move|p1a: doggy|Stone Edge|p2a: Paul","|-damage|p2a: Paul|250/394","|","|-heal|p2a: Paul|274/394|[from] item: Leftovers","|turn|2","|","|switch|p1a: the.punk|Scrafty, F|334/334","|move|p2a: Paul|Thunder Wave|p1a: the.punk","|-status|p1a: the.punk|par","|","|-heal|p2a: Paul|298/394|[from] item: Leftovers","|turn|3","|","|switch|p2a: Gardevoir|Gardevoir, F|278/278","|-ability|p2a: Gardevoir|Shed Skin|[from] ability: Trace|[of] p1a: the.punk","|move|p1a: the.punk|Crunch|p2a: Gardevoir","|-damage|p2a: Gardevoir|160/278","|","|-activate|p1a: the.punk|ability: Shed Skin","|-curestatus|p1a: the.punk|par","|turn|4","|","|switch|p1a: rolling.disco|Hitmontop, M|304/304","|-ability|p1a: rolling.disco|Intimidate","|-unboost|p2a: Gardevoir|atk|1","|detailschange|p2a: Gardevoir|Gardevoir-Mega, F","|-mega|p2a: Gardevoir|Gardevoir|Gardevoirite","|move|p2a: Gardevoir|Hyper Voice|p1a: rolling.disco","|-supereffective|p1a: rolling.disco","|-damage|p1a: rolling.disco|76/304","|","|turn|5","|","|switch|p2a: Paul|Slowbro, F|394/394","|move|p1a: rolling.disco|Sucker Punch|p2a: Paul","|-fail|p1a: rolling.disco","|","|turn|6","|","|move|p1a: rolling.disco|Endeavor|p2a: Paul","|-damage|p2a: Paul|76/394","|move|p2a: Paul|Scald|p1a: rolling.disco","|-crit|p1a: rolling.disco","|-damage|p1a: rolling.disco|10/304","|","|-heal|p2a: Paul|100/394|[from] item: Leftovers","|turn|7","|","|move|p1a: rolling.disco|Endeavor|p2a: Paul","|-damage|p2a: Paul|10/394","|move|p2a: Paul|Slack Off|p2a: Paul","|-heal|p2a: Paul|207/394","|","|-heal|p2a: Paul|231/394|[from] item: Leftovers","|turn|8","|","|move|p1a: rolling.disco|Endeavor|p2a: Paul","|-damage|p2a: Paul|10/394","|move|p2a: Paul|Slack Off|p2a: Paul","|-heal|p2a: Paul|207/394","|","|-heal|p2a: Paul|231/394|[from] item: Leftovers","|turn|9","|","|switch|p1a: the.punk|Scrafty, F|334/334","|move|p2a: Paul|Slack Off|p2a: Paul","|-heal|p2a: Paul|394/394","|","|turn|10","|","|move|p1a: the.punk|Crunch|p2a: Paul","|-supereffective|p2a: Paul","|-damage|p2a: Paul|268/394","|move|p2a: Paul|Thunder Wave|p1a: the.punk","|-status|p1a: the.punk|par","|","|-heal|p2a: Paul|292/394|[from] item: Leftovers","|-activate|p1a: the.punk|ability: Shed Skin","|-curestatus|p1a: the.punk|par","|turn|11","|","|move|p1a: the.punk|Bulk Up|p1a: the.punk","|-boost|p1a: the.punk|atk|1","|-boost|p1a: the.punk|def|1","|move|p2a: Paul|Thunder Wave|p1a: the.punk","|-status|p1a: the.punk|par","|","|-heal|p2a: Paul|316/394|[from] item: Leftovers","|-activate|p1a: the.punk|ability: Shed Skin","|-curestatus|p1a: the.punk|par","|turn|12","|","|move|p1a: the.punk|Crunch|p2a: Paul","|-supereffective|p2a: Paul","|-damage|p2a: Paul|136/394","|move|p2a: Paul|Thunder Wave|p1a: the.punk","|-status|p1a: the.punk|par","|","|-heal|p2a: Paul|160/394|[from] item: Leftovers","|-activate|p1a: the.punk|ability: Shed Skin","|-curestatus|p1a: the.punk|par","|turn|13","|","|switch|p2a: Meloetta|Meloetta|403/403","|move|p1a: the.punk|Crunch|p2a: Meloetta","|-crit|p2a: Meloetta","|-supereffective|p2a: Meloetta","|-damage|p2a: Meloetta|0 fnt","|faint|p2a: Meloetta","|","|","|switch|p2a: Gardevoir|Gardevoir-Mega, F|160/278","|turn|14","|","|switch|p1a: rolling.disco|Hitmontop, M|10/304","|-ability|p1a: rolling.disco|Intimidate","|-unboost|p2a: Gardevoir|atk|1","|move|p2a: Gardevoir|Hyper Voice|p1a: rolling.disco","|-supereffective|p1a: rolling.disco","|-damage|p1a: rolling.disco|0 fnt","|faint|p1a: rolling.disco","|","|","|switch|p1a: toges.copy|Cobalion|386/386","|turn|15","|","|switch|p2a: Mew|Mew|404/404","|move|p1a: toges.copy|Thunder Wave|p2a: Mew","|-status|p2a: Mew|par","|-status|p1a: toges.copy|par","|","|turn|16","|","|move|p1a: toges.copy|Taunt|p2a: Mew","|-start|p2a: Mew|move: Taunt","|cant|p2a: Mew|move: Taunt|Heal Bell","|","|turn|17","|","|switch|p2a: Paul|Slowbro, F|291/394","|move|p1a: toges.copy|Stealth Rock|p2a: Paul","|-sidestart|p2: Void Light|move: Stealth Rock","|","|-heal|p2a: Paul|315/394|[from] item: Leftovers","|turn|18","|","|switch|p1a: the.punk|Scrafty, F|334/334","|move|p2a: Paul|Flamethrower|p1a: the.punk","|-damage|p1a: the.punk|290/334","|","|-heal|p1a: the.punk|310/334|[from] item: Leftovers","|-heal|p2a: Paul|339/394|[from] item: Leftovers","|turn|19","|","|move|p1a: the.punk|Crunch|p2a: Paul","|-supereffective|p2a: Paul","|-damage|p2a: Paul|223/394","|-unboost|p2a: Paul|def|1","|move|p2a: Paul|Thunder Wave|p1a: the.punk","|-status|p1a: the.punk|par","|","|-heal|p2a: Paul|247/394|[from] item: Leftovers","|-heal|p1a: the.punk|330/334 par|[from] item: Leftovers","|turn|20","|","|switch|p2a: Victini|Victini|342/342","|-damage|p2a: Victini|257/342|[from] Stealth Rock","|move|p1a: the.punk|Crunch|p2a: Victini","|-supereffective|p2a: Victini","|-damage|p2a: Victini|89/342","|-unboost|p2a: Victini|def|1","|","|-heal|p1a: the.punk|334/334 par|[from] item: Leftovers","|turn|21","|","|switch|p1a: toges.copy|Cobalion|386/386 par","|move|p2a: Victini|V-create|p1a: toges.copy","|-supereffective|p1a: toges.copy","|-damage|p1a: toges.copy|72/386 par","|-unboost|p2a: Victini|def|1","|-unboost|p2a: Victini|spd|1","|-unboost|p2a: Victini|spe|1","|","|-heal|p1a: toges.copy|96/386 par|[from] item: Leftovers","|turn|22","|","|move|p2a: Victini|V-create|p1a: toges.copy","|-crit|p1a: toges.copy","|-supereffective|p1a: toges.copy","|-damage|p1a: toges.copy|0 fnt","|-unboost|p2a: Victini|def|1","|-unboost|p2a: Victini|spd|1","|-unboost|p2a: Victini|spe|1","|faint|p1a: toges.copy","|","|","|switch|p1a: doggy|Terrakion|323/323","|turn|23","|","|switch|p2a: Mew|Mew|404/404 par","|-damage|p2a: Mew|354/404 par|[from] Stealth Rock","|move|p1a: doggy|Earthquake|p2a: Mew","|-damage|p2a: Mew|267/404 par","|","|-heal|p2a: Mew|292/404 par|[from] item: Leftovers","|turn|24","|","|switch|p1a: diddy.kong|Infernape, F|293/293","|move|p2a: Mew|Defog|p1a: diddy.kong","|-unboost|p1a: diddy.kong|evasion|1","|-sideend|p2: Void Light|Stealth Rock|[from] move: Defog|[of] p2a: Mew","|","|-heal|p2a: Mew|317/404 par|[from] item: Leftovers","|turn|25","|","|move|p1a: diddy.kong|Encore|p2a: Mew","|-start|p2a: Mew|Encore","|cant|p2a: Mew|par","|","|-heal|p2a: Mew|342/404 par|[from] item: Leftovers","|turn|26","|","|switch|p2a: Paul|Slowbro, F|378/394","|move|p1a: diddy.kong|Nasty Plot|p1a: diddy.kong","|-boost|p1a: diddy.kong|spa|2","|","|-heal|p2a: Paul|394/394|[from] item: Leftovers","|turn|27","|","|move|p1a: diddy.kong|Nasty Plot|p1a: diddy.kong","|-boost|p1a: diddy.kong|spa|2","|move|p2a: Paul|Thunder Wave|p1a: diddy.kong","|-status|p1a: diddy.kong|par","|","|turn|28","|","|move|p2a: Paul|Scald|p1a: diddy.kong","|-supereffective|p1a: diddy.kong","|-damage|p1a: diddy.kong|41/293 par","|move|p1a: diddy.kong|Flamethrower|p2a: Paul","|-resisted|p2a: Paul","|-damage|p2a: Paul|26/394","|","|-heal|p2a: Paul|50/394|[from] item: Leftovers","|turn|29","|","|switch|p2a: Latios|Latios, M|302/302","|move|p1a: diddy.kong|Vacuum Wave|p2a: Latios","|-resisted|p2a: Latios","|-damage|p2a: Latios|223/302","|","|turn|30","|","|move|p1a: diddy.kong|Vacuum Wave|p2a: Latios","|-resisted|p2a: Latios","|-damage|p2a: Latios|139/302","|move|p2a: Latios|Draco Meteor|p1a: diddy.kong","|-damage|p1a: diddy.kong|0 fnt","|-unboost|p2a: Latios|spa|2","|faint|p1a: diddy.kong","|","|","|switch|p1a: doggy|Terrakion|323/323","|turn|31","|","|switch|p2a: Mew|Mew|342/404 par","|move|p1a: doggy|Stone Edge|p2a: Mew|[miss]","|-miss|p1a: doggy|p2a: Mew","|","|-heal|p2a: Mew|367/404 par|[from] item: Leftovers","|turn|32","|","|switch|p1a: beetle.juice|Heracross, M|364/364","|move|p2a: Mew|Heal Bell|p2a: Mew","|-cureteam|p2a: Mew|[from] move: HealBell","|","|-heal|p2a: Mew|392/404|[from] item: Leftovers","|turn|33","|","|switch|p2a: Latios|Latios, M|139/302","|detailschange|p1a: beetle.juice|Heracross-Mega, M","|-mega|p1a: beetle.juice|Heracross|Heracronite","|move|p1a: beetle.juice|Pin Missile|p2a: Latios","|-supereffective|p2a: Latios","|-damage|p2a: Latios|0 fnt","|-hitcount|p2a: Latios|1","|faint|p2a: Latios","|","|","|switch|p2a: Gardevoir|Gardevoir-Mega, F|160/278","|turn|34","|","|move|p2a: Gardevoir|Hyper Voice|p1a: beetle.juice","|-supereffective|p1a: beetle.juice","|-damage|p1a: beetle.juice|0 fnt","|faint|p1a: beetle.juice","|","|","|switch|p1a: doggy|Terrakion|323/323","|turn|35","|","|switch|p2a: Mew|Mew|392/404","|move|p1a: doggy|Stone Edge|p2a: Mew","|-damage|p2a: Mew|260/404","|","|-heal|p2a: Mew|285/404|[from] item: Leftovers","|turn|36","|","|switch|p1a: the.punk|Scrafty, F|334/334 par","|move|p2a: Mew|Will-O-Wisp|p1a: the.punk","|-fail|p1a: the.punk","|","|-heal|p2a: Mew|310/404|[from] item: Leftovers","|-activate|p1a: the.punk|ability: Shed Skin","|-curestatus|p1a: the.punk|par","|turn|37","|","|switch|p2a: Victini|Victini|89/342","|move|p1a: the.punk|Crunch|p2a: Victini","|-supereffective|p2a: Victini","|-damage|p2a: Victini|0 fnt","|faint|p2a: Victini","|","|","|switch|p2a: Gardevoir|Gardevoir-Mega, F|160/278","|turn|38","|","|switch|p1a: doggy|Terrakion|323/323","|move|p2a: Gardevoir|Hyper Voice|p1a: doggy","|-supereffective|p1a: doggy","|-damage|p1a: doggy|0 fnt","|faint|p1a: doggy","|","|","|switch|p1a: the.punk|Scrafty, F|334/334","|turn|39","|","|move|p2a: Gardevoir|Hyper Voice|p1a: the.punk","|-supereffective|p1a: the.punk","|-damage|p1a: the.punk|0 fnt","|faint|p1a: the.punk","|","|win|Void Light"],"p1rating":{"entryid":"6603473","serverid":"eos","formatid":"monotype","userid":"loghistory","username":"log.history","w":"52","l":28,"t":"0","gxe":65.7,"r":"1626.279081109","rd":"40.852362520954","sigma":"0","rptime":"1438074000","rpr":1623.2918912432,"rprd":40.617496003176,"rpsigma":"0","acre":1280.692791932,"lacre":1280.692791932,"oldacre":"1296.7686649805"},"p2rating":{"entryid":"5697874","serverid":"eos","formatid":"monotype","userid":"voidlight","username":"Void Light","w":46,"l":"8","t":"0","gxe":80.1,"r":"1759.2803570399","rd":"61.810819106468","sigma":"0","rptime":"1438074000","rpr":1766.0506097075,"rprd":60.991726943015,"rpsigma":"0","acre":1439.3630081651,"lacre":1439.3630081651,"oldacre":"1426.5023097263"},"endType":"normal"}