{"seed":[4822,34163,31443,13352],"turns":23,"p1":"GL♅Zeno","p2":"Newterh","p1team":[{"name":"Liepard","species":"Liepard","item":"focussash","ability":"Prankster","moves":["taunt","thunderwave","darkpulse","grassknot"],"nature":"Timid","evs":{"hp":0,"atk":0,"def":0,"spa":252,"spd":4,"spe":252},"ivs":{"hp":31,"atk":31,"def":31,"spa":31,"spd":31,"spe":31}},{"name":"Honchkrow","species":"Honchkrow","item":"leftovers","ability":"Moxie","moves":["bravebird","suckerpunch","superpower","substitute"],"nature":"Adamant","evs":{"hp":252,"atk":252,"def":0,"spa":0,"spd":0,"spe":4},"ivs":{"hp":31,"atk":31,"def":31,"spa":31,"spd":31,"spe":31}},{"name":"Bisharp","species":"Bisharp","item":"lifeorb","ability":"Defiant","moves":["brickbreak","ironhead","suckerpunch","stoneedge"],"nature":"Jolly","evs":{"hp":0,"atk":252,"def":0,"spa":0,"spd":4,"spe":252},"ivs":{"hp":31,"atk":31,"def":31,"spa":31,"spd":31,"spe":31}},{"name":"Scrafty","species":"Scrafty","item":"leftovers","ability":"Shed Skin","moves":["bulkup","drainpunch","knockoff","rest"],"nature":"Adamant","evs":{"hp":252,"atk":0,"def":0,"spa":0,"spd":252,"spe":0},"ivs":{"hp":31,"atk":31,"def":31,"spa":31,"spd":31,"spe":31}},{"name":"Sableye","species":"Sableye","item":"sablenite","ability":"Prankster","moves":["calmmind","snarl","recover","willowisp"],"nature":"Bold","evs":{"hp":252,"atk":0,"def":252,"spa":4,"spd":0,"spe":0},"ivs":{"hp":31,"atk":31,"def":31,"spa":31,"spd":31,"spe":31}},{"name":"Zoroark","species":"Zoroark","item":"focussash","ability":"Illusion","moves":["nastyplot","darkpulse","extrasensory","flamethrower"],"nature":"Timid","evs":{"hp":0,"atk":0,"def":0,"spa":252,"spd":4,"spe":252},"shiny":true,"ivs":{"hp":31,"atk":31,"def":31,"spa":31,"spd":31,"spe":31}}],"p2team":[{"name":"Clawitzer","species":"Clawitzer","item":"choicespecs","ability":"Mega Launcher","moves":["aurasphere","waterpulse","darkpulse","dragonpulse"],"nature":"Timid","evs":{"hp":0,"atk":0,"def":0,"spa":252,"spd":4,"spe":252},"ivs":{"hp":31,"atk":31,"def":31,"spa":31,"spd":31,"spe":31}},{"name":"Azumarill","species":"Azumarill","item":"assaultvest","ability":"Huge Power","moves":["waterfall","aquajet","playrough","knockoff"],"nature":"Adamant","evs":{"hp":248,"atk":252,"def":0,"spa":0,"spd":8,"spe":0},"ivs":{"hp":31,"atk":31,"def":31,"spa":0,"spd":31,"spe":31}},{"name":"Kingdra","species":"Kingdra","item":"lifeorb","ability":"Swift Swim","moves":["hydropump","scald","icebeam","dracometeor"],"nature":"Modest","evs":{"hp":0,"atk":0,"def":0,"spa":252,"spd":4,"spe":252},"ivs":{"hp":31,"atk":31,"def":31,"spa":31,"spd":31,"spe":31}},{"name":"Politoed","species":"Politoed","item":"leftovers","ability":"Drizzle","moves":["scald","toxic","icebeam","encore"],"nature":"Bold","evs":{"hp":252,"atk":0,"def":252,"spa":4,"spd":0,"spe":0},"ivs":{"hp":31,"atk":31,"def":31,"spa":31,"spd":31,"spe":31}},{"name":"Swampert","species":"Swampert","item":"swampertite","ability":"Torrent","moves":["protect","waterfall","earthquake","poweruppunch"],"nature":"Adamant","evs":{"hp":0,"atk":252,"def":0,"spa":0,"spd":4,"spe":252},"ivs":{"hp":31,"atk":31,"def":31,"spa":31,"spd":31,"spe":31}},{"name":"Vaporeon","species":"Vaporeon","item":"leftovers","ability":"Water Absorb","moves":["wish","protect","toxic","scald"],"nature":"Bold","evs":{"hp":252,"atk":0,"def":252,"spa":0,"spd":4,"spe":0},"ivs":{"hp":31,"atk":31,"def":31,"spa":31,"spd":31,"spe":31}}],"log":["|player|p1|GL♅Zeno|glzeno.png","|player|p2|Newterh|169","|gametype|singles","|gen|6","|tier|Monotype","|rated","|rule|Baton Pass Clause: Limit one Baton Passer, can't pass Spe and other stats simultaneously","|rule|Swagger Clause: Swagger is banned","|rule|Same Type Clause: Pokémon in a team must share a type","|clearpoke","|poke|p1|Liepard, F","|poke|p1|Honchkrow, F","|poke|p1|Bisharp, M","|poke|p1|Scrafty, F","|poke|p1|Sableye, M","|poke|p1|Zoroark, F, shiny","|poke|p2|Clawitzer, M","|poke|p2|Azumarill, M","|poke|p2|Kingdra, F","|poke|p2|Politoed, M","|poke|p2|Swampert, M","|poke|p2|Vaporeon, M","|rule|Sleep Clause Mod: Limit one foe put to sleep","|rule|Species Clause: Limit one of each Pokémon","|rule|OHKO Clause: OHKO moves are banned","|rule|Moody Clause: Moody is banned","|rule|Evasion Moves Clause: Evasion moves are banned","|rule|Endless Battle Clause: Forcing endless battles is banned","|rule|HP Percentage Mod: HP is shown in percentages","|teampreview","|","|start","|switch|p1a: Liepard|Liepard, F|269/269","|switch|p2a: Swampert|Swampert, M|341/341","|turn|1","|","|detailschange|p2a: Swampert|Swampert-Mega, M","|-mega|p2a: Swampert|Swampert|Swampertite","|move|p1a: Liepard|Grass Knot|p2a: Swampert","|-supereffective|p2a: Swampert","|-damage|p2a: Swampert|21/341","|move|p2a: Swampert|Waterfall|p1a: Liepard","|-crit|p1a: Liepard","|-enditem|p1a: Liepard|Focus Sash","|-damage|p1a: Liepard|1/269","|","|turn|2","|","|switch|p2a: Politoed|Politoed, M|384/384","|-weather|RainDance","|move|p1a: Liepard|Dark Pulse|p2a: Politoed","|-damage|p2a: Politoed|273/384","|","|-weather|RainDance|[upkeep]","|-heal|p2a: Politoed|297/384|[from] item: Leftovers","|turn|3","|","|switch|p1a: Scrafty|Scrafty, F|334/334","|switch|p2a: Kingdra|Kingdra, F|291/291","|","|-weather|RainDance|[upkeep]","|turn|4","|","|move|p2a: Kingdra|Hydro Pump|p1a: Scrafty","|-crit|p1a: Scrafty","|-damage|p1a: Scrafty|0 fnt","|-damage|p2a: Kingdra|262/291|[from] item: Life Orb","|faint|p1a: Scrafty","|","|-weather|RainDance|[upkeep]","|","|switch|p1a: Liepard|Liepard, F|1/269","|turn|5","|","|move|p1a: Liepard|Thunder Wave|p2a: Kingdra","|-status|p2a: Kingdra|par","|move|p2a: Kingdra|Scald|p1a: Liepard","|-damage|p1a: Liepard|0 fnt","|-damage|p2a: Kingdra|233/291 par|[from] item: Life Orb","|faint|p1a: Liepard","|","|-weather|RainDance|[upkeep]","|","|switch|p1a: Sableye|Sableye, M|261/261","|turn|6","|","|move|p1a: Sableye|Nasty Plot|p1a: Sableye","|-boost|p1a: Sableye|spa|2","|move|p2a: Kingdra|Hydro Pump|p1a: Sableye","|-enditem|p1a: Sableye|Focus Sash","|replace|p1a: Zoroark|Zoroark, F, shiny|261/261","|-damage|p1a: Zoroark|1/261","|-damage|p2a: Kingdra|204/291 par|[from] item: Life Orb","|","|-weather|none","|turn|7","|","|switch|p2a: Azumarill|Azumarill, M|403/403","|move|p1a: Zoroark|Dark Pulse|p2a: Azumarill","|-resisted|p2a: Azumarill","|-damage|p2a: Azumarill|293/403","|","|turn|8","|","|move|p2a: Azumarill|Aqua Jet|p1a: Zoroark","|-damage|p1a: Zoroark|0 fnt","|faint|p1a: Zoroark","|","|","|switch|p1a: Sableye|Sableye, M|304/304","|turn|9","|","|switch|p2a: Politoed|Politoed, M|297/384","|-weather|RainDance","|detailschange|p1a: Sableye|Sableye-Mega, M","|-mega|p1a: Sableye|Sableye|Sablenite","|move|p1a: Sableye|Will-O-Wisp|p2a: Politoed|[miss]","|-miss|p1a: Sableye|p2a: Politoed","|","|-weather|RainDance|[upkeep]","|-heal|p2a: Politoed|321/384|[from] item: Leftovers","|turn|10","|","|switch|p2a: Kingdra|Kingdra, F|204/291 par","|move|p1a: Sableye|Calm Mind|p1a: Sableye","|-boost|p1a: Sableye|spa|1","|-boost|p1a: Sableye|spd|1","|","|-weather|RainDance|[upkeep]","|turn|11","|","|move|p2a: Kingdra|Draco Meteor|p1a: Sableye","|-damage|p1a: Sableye|151/304","|-unboost|p2a: Kingdra|spa|2","|-damage|p2a: Kingdra|175/291 par|[from] item: Life Orb","|move|p1a: Sableye|Calm Mind|p1a: Sableye","|-boost|p1a: Sableye|spa|1","|-boost|p1a: Sableye|spd|1","|","|-weather|RainDance|[upkeep]","|turn|12","|","|switch|p2a: Azumarill|Azumarill, M|293/403","|move|p1a: Sableye|Recover|p1a: Sableye","|-heal|p1a: Sableye|303/304","|","|-weather|RainDance|[upkeep]","|turn|13","|","|move|p2a: Azumarill|Play Rough|p1a: Sableye","|-supereffective|p1a: Sableye","|-damage|p1a: Sableye|73/304","|-unboost|p1a: Sableye|atk|1","|move|p1a: Sableye|Will-O-Wisp|p2a: Azumarill","|-status|p2a: Azumarill|brn","|","|-weather|none","|-damage|p2a: Azumarill|243/403 brn|[from] brn","|turn|14","|","|move|p2a: Azumarill|Play Rough|p1a: Sableye","|-supereffective|p1a: Sableye","|-damage|p1a: Sableye|0 fnt","|faint|p1a: Sableye","|","|-damage|p2a: Azumarill|193/403 brn|[from] brn","|","|switch|p1a: Bisharp|Bisharp, M|271/271","|turn|15","|","|switch|p2a: Politoed|Politoed, M|321/384","|-weather|RainDance","|move|p1a: Bisharp|Iron Head|p2a: Politoed","|-resisted|p2a: Politoed","|-damage|p2a: Politoed|251/384","|-damage|p1a: Bisharp|244/271|[from] item: Life Orb","|","|-weather|RainDance|[upkeep]","|-heal|p2a: Politoed|275/384|[from] item: Leftovers","|turn|16","|","|move|p1a: Bisharp|Stone Edge|p2a: Politoed","|-damage|p2a: Politoed|153/384","|-damage|p1a: Bisharp|217/271|[from] item: Life Orb","|move|p2a: Politoed|Scald|p1a: Bisharp","|-damage|p1a: Bisharp|42/271","|","|-weather|RainDance|[upkeep]","|-heal|p2a: Politoed|177/384|[from] item: Leftovers","|turn|17","|","|switch|p2a: Azumarill|Azumarill, M|193/403 brn","|move|p1a: Bisharp|Sucker Punch|p2a: Azumarill","|-fail|p1a: Bisharp","|","|-weather|RainDance|[upkeep]","|-damage|p2a: Azumarill|143/403 brn|[from] brn","|turn|18","|","|move|p2a: Azumarill|Aqua Jet|p1a: Bisharp","|-damage|p1a: Bisharp|0 fnt","|faint|p1a: Bisharp","|","|-weather|RainDance|[upkeep]","|-damage|p2a: Azumarill|93/403 brn|[from] brn","|","|switch|p1a: Honchkrow|Honchkrow, F|404/404","|turn|19","|","|switch|p2a: Vaporeon|Vaporeon, M|464/464","|move|p1a: Honchkrow|Substitute|p1a: Honchkrow","|-start|p1a: Honchkrow|Substitute","|-damage|p1a: Honchkrow|303/404","|","|-weather|none","|-heal|p1a: Honchkrow|328/404|[from] item: Leftovers","|turn|20","|","|move|p1a: Honchkrow|Brave Bird|p2a: Vaporeon","|-damage|p2a: Vaporeon|259/464","|-damage|p1a: Honchkrow|260/404|[from] recoil|[of] p2a: Vaporeon","|move|p2a: Vaporeon|Scald|p1a: Honchkrow","|-end|p1a: Honchkrow|Substitute","|","|-heal|p1a: Honchkrow|285/404|[from] item: Leftovers","|-heal|p2a: Vaporeon|288/464|[from] item: Leftovers","|turn|21","|","|move|p1a: Honchkrow|Brave Bird|p2a: Vaporeon","|-damage|p2a: Vaporeon|65/464","|-damage|p1a: Honchkrow|211/404|[from] recoil|[of] p2a: Vaporeon","|move|p2a: Vaporeon|Scald|p1a: Honchkrow","|-damage|p1a: Honchkrow|51/404","|","|-heal|p1a: Honchkrow|76/404|[from] item: Leftovers","|-heal|p2a: Vaporeon|94/464|[from] item: Leftovers","|turn|22","|","|switch|p2a: Politoed|Politoed, M|177/384","|-weather|RainDance","|move|p1a: Honchkrow|Sucker Punch|p2a: Politoed","|-fail|p1a: Honchkrow","|","|-weather|RainDance|[upkeep]","|-heal|p1a: Honchkrow|101/404|[from] item: Leftovers","|-heal|p2a: Politoed|201/384|[from] item: Leftovers","|turn|23","|","|move|p1a: Honchkrow|Sucker Punch|p2a: Politoed","|-crit|p2a: Politoed","|-damage|p2a: Politoed|12/384","|move|p2a: Politoed|Scald|p1a: Honchkrow","|-damage|p1a: Honchkrow|0 fnt","|faint|p1a: Honchkrow","|","|win|Newterh"],"p1rating":{"entryid":"6768172","serverid":"eos","formatid":"monotype","userid":"glzeno","username":"GL♅Zeno","w":"9","l":9,"t":"0","gxe":52.5,"r":"1478.2032431436","rd":"84.941911795033","sigma":"0","rptime":"1438074000","rpr":1519.1509103709,"rprd":74.677765079203,"rpsigma":"0","acre":1117.9819969955,"lacre":1117.9819969955,"oldacre":"1153.3517248154"},"p2rating":{"entryid":7232757,"formatid":"monotype","userid":"newterh","username":"Newterh","r":1500,"rd":130,"sigma":0,"rpr":1539.0464541117,"rprd":122.29153210709,"rpsigma":0,"rptime":1438074000,"w":1,"l":0,"t":0,"gxe":54.9,"acre":1056.5915645119,"lacre":1056.5915645119,"oldacre":1000},"endType":"normal"}