{"seed":[6653,2547,12626,28888],"turns":18,"p1":"MasterrSage.","p2":"WitchOfCaldia","p1team":[{"name":"Ludicolo","species":"Ludicolo","item":"leftovers","ability":"Swift Swim","moves":["teeterdance","scald","icebeam","gigadrain"],"nature":"Modest","evs":{"hp":0,"atk":0,"def":0,"spa":252,"spd":4,"spe":252},"shiny":true,"ivs":{"hp":31,"atk":31,"def":31,"spa":31,"spd":31,"spe":31}},{"name":"Azumarill","species":"Azumarill","item":"sitrusberry","ability":"Huge Power","moves":["aquajet","playrough","bellydrum","knockoff"],"nature":"Adamant","evs":{"hp":252,"atk":252,"def":0,"spa":0,"spd":4,"spe":0},"ivs":{"hp":31,"atk":31,"def":31,"spa":31,"spd":31,"spe":31}},{"name":"Swampert","species":"Swampert","item":"swampertite","ability":"Damp","moves":["superpower","waterfall","earthquake","icepunch"],"nature":"Adamant","evs":{"hp":248,"atk":252,"def":0,"spa":0,"spd":8,"spe":0},"ivs":{"hp":31,"atk":31,"def":31,"spa":31,"spd":31,"spe":31}},{"name":"Milotic","species":"Milotic","item":"leftovers","ability":"Competitive","moves":["scald","icebeam","raindance","toxic"],"nature":"Bold","evs":{"hp":252,"atk":0,"def":252,"spa":4,"spd":0,"spe":0},"shiny":true,"ivs":{"hp":31,"atk":31,"def":31,"spa":31,"spd":31,"spe":31}},{"name":"Politoed","species":"Politoed","item":"widelens","ability":"Drizzle","moves":["icebeam","surf","hypnosis","perishsong"],"nature":"Modest","evs":{"hp":252,"atk":0,"def":0,"spa":252,"spd":4,"spe":0},"shiny":true,"ivs":{"hp":31,"atk":31,"def":31,"spa":31,"spd":31,"spe":31}},{"name":"Pelipper","species":"Pelipper","item":"leftovers","ability":"Rain Dish","moves":["hurricane","scald","icebeam","stockpile"],"nature":"Modest","evs":{"hp":252,"atk":0,"def":0,"spa":252,"spd":4,"spe":0},"shiny":true,"ivs":{"hp":31,"atk":31,"def":31,"spa":31,"spd":31,"spe":31}}],"p2team":[{"name":"Froslass","species":"Froslass","item":"focussash","ability":"Cursed Body","moves":["icepunch","shadowball","destinybond","icebeam"],"nature":"Timid","evs":{"hp":0,"atk":0,"def":4,"spa":252,"spd":0,"spe":252},"ivs":{"hp":31,"atk":31,"def":31,"spa":31,"spd":31,"spe":31}},{"name":"Weavile","species":"Weavile","item":"lifeorb","ability":"Pressure","moves":["blizzard","knockoff","nightslash","shadowball"],"nature":"Jolly","evs":{"hp":0,"atk":252,"def":0,"spa":0,"spd":4,"spe":252},"ivs":{"hp":31,"atk":31,"def":31,"spa":31,"spd":31,"spe":31}},{"name":"Lapras","species":"Lapras","item":"assaultvest","ability":"Water Absorb","moves":["hydropump","freezedry","thunderbolt","iceshard"],"nature":"Mild","evs":{"hp":248,"atk":8,"def":0,"spa":252,"spd":0,"spe":0},"gender":"F","shiny":true,"ivs":{"hp":31,"atk":31,"def":31,"spa":31,"spd":31,"spe":31}},{"name":"Cloyster","species":"Cloyster","item":"focussash","ability":"Skill Link","moves":["shellsmash","iciclespear","rockblast","razorshell"],"nature":"Adamant","evs":{"hp":0,"atk":252,"def":0,"spa":0,"spd":4,"spe":252},"ivs":{"hp":31,"atk":31,"def":31,"spa":31,"spd":31,"spe":31}},{"name":"Abomasnow","species":"Abomasnow","item":"abomasite","ability":"Soundproof","moves":["blizzard","woodhammer","iceshard","earthquake"],"nature":"Mild","evs":{"hp":8,"atk":68,"def":0,"spa":252,"spd":0,"spe":180},"ivs":{"hp":31,"atk":31,"def":31,"spa":31,"spd":31,"spe":31}},{"name":"Mamoswine","species":"Mamoswine","item":"lifeorb","ability":"Thick Fat","moves":["iceshard","earthquake","iciclecrash","freezedry"],"nature":"Naive","evs":{"hp":0,"atk":244,"def":0,"spa":12,"spd":0,"spe":252},"ivs":{"hp":31,"atk":31,"def":31,"spa":31,"spd":31,"spe":31}}],"log":["|player|p1|MasterrSage.|154","|player|p2|WitchOfCaldia|289","|gametype|singles","|gen|6","|tier|Monotype","|rated","|rule|Baton Pass Clause: Limit one Baton Passer, can't pass Spe and other stats simultaneously","|rule|Swagger Clause: Swagger is banned","|rule|Same Type Clause: Pokémon in a team must share a type","|clearpoke","|poke|p1|Ludicolo, F, shiny","|poke|p1|Azumarill, F","|poke|p1|Swampert, F","|poke|p1|Milotic, M, shiny","|poke|p1|Politoed, F, shiny","|poke|p1|Pelipper, F, shiny","|poke|p2|Froslass, F","|poke|p2|Weavile, M","|poke|p2|Lapras, F, shiny","|poke|p2|Cloyster, M","|poke|p2|Abomasnow, M","|poke|p2|Mamoswine, M","|rule|Sleep Clause Mod: Limit one foe put to sleep","|rule|Species Clause: Limit one of each Pokémon","|rule|OHKO Clause: OHKO moves are banned","|rule|Moody Clause: Moody is banned","|rule|Evasion Moves Clause: Evasion moves are banned","|rule|Endless Battle Clause: Forcing endless battles is banned","|rule|HP Percentage Mod: HP is shown in percentages","|teampreview","|","|start","|switch|p1a: Swampert|Swampert, F|403/403","|switch|p2a: Cloyster|Cloyster, M|241/241","|turn|1","|","|detailschange|p1a: Swampert|Swampert-Mega, F","|-mega|p1a: Swampert|Swampert|Swampertite","|move|p2a: Cloyster|Shell Smash|p2a: Cloyster","|-boost|p2a: Cloyster|atk|2","|-boost|p2a: Cloyster|spa|2","|-boost|p2a: Cloyster|spe|2","|-unboost|p2a: Cloyster|def|1","|-unboost|p2a: Cloyster|spd|1","|move|p1a: Swampert|Earthquake|p2a: Cloyster","|-damage|p2a: Cloyster|55/241","|","|turn|2","|","|switch|p1a: Politoed|Politoed, F, shiny|384/384","|-weather|RainDance","|move|p2a: Cloyster|Icicle Spear|p1a: Politoed","|-resisted|p1a: Politoed","|-damage|p1a: Politoed|338/384","|-resisted|p1a: Politoed","|-damage|p1a: Politoed|289/384","|-crit|p1a: Politoed","|-resisted|p1a: Politoed","|-damage|p1a: Politoed|212/384","|-resisted|p1a: Politoed","|-damage|p1a: Politoed|158/384","|-resisted|p1a: Politoed","|-damage|p1a: Politoed|110/384","|-hitcount|p1a: Politoed|5","|","|-weather|RainDance|[upkeep]","|turn|3","|","|switch|p1a: Milotic|Milotic, M, shiny|394/394","|move|p2a: Cloyster|Rock Blast|p1a: Milotic","|-damage|p1a: Milotic|347/394","|-damage|p1a: Milotic|301/394","|-damage|p1a: Milotic|258/394","|-damage|p1a: Milotic|216/394","|-damage|p1a: Milotic|168/394","|-hitcount|p1a: Milotic|5","|","|-weather|RainDance|[upkeep]","|-heal|p1a: Milotic|192/394|[from] item: Leftovers","|turn|4","|","|move|p2a: Cloyster|Icicle Spear|p1a: Milotic","|-resisted|p1a: Milotic","|-damage|p1a: Milotic|160/394","|-resisted|p1a: Milotic","|-damage|p1a: Milotic|124/394","|-resisted|p1a: Milotic","|-damage|p1a: Milotic|92/394","|-resisted|p1a: Milotic","|-damage|p1a: Milotic|61/394","|-resisted|p1a: Milotic","|-damage|p1a: Milotic|25/394","|-hitcount|p1a: Milotic|5","|move|p1a: Milotic|Toxic|p2a: Cloyster","|-status|p2a: Cloyster|tox","|","|-weather|RainDance|[upkeep]","|-heal|p1a: Milotic|49/394|[from] item: Leftovers","|-damage|p2a: Cloyster|40/241 tox|[from] psn","|turn|5","|","|move|p2a: Cloyster|Icicle Spear|p1a: Milotic","|-resisted|p1a: Milotic","|-damage|p1a: Milotic|16/394","|-resisted|p1a: Milotic","|-damage|p1a: Milotic|0 fnt","|-hitcount|p1a: Milotic|2","|faint|p1a: Milotic","|","|-weather|RainDance|[upkeep]","|-damage|p2a: Cloyster|10/241 tox|[from] psn","|","|switch|p1a: Azumarill|Azumarill, F|404/404","|turn|6","|","|move|p1a: Azumarill|Aqua Jet|p2a: Cloyster","|-resisted|p2a: Cloyster","|-damage|p2a: Cloyster|0 fnt","|faint|p2a: Cloyster","|","|-weather|none","|","|switch|p2a: Lapras|Lapras, F, shiny|463/463","|turn|7","|","|move|p2a: Lapras|Freeze-Dry|p1a: Azumarill","|-supereffective|p1a: Azumarill","|-damage|p1a: Azumarill|164/404","|-enditem|p1a: Azumarill|Sitrus Berry|[eat]","|-heal|p1a: Azumarill|265/404|[from] item: Sitrus Berry","|move|p1a: Azumarill|Belly Drum|p1a: Azumarill","|-damage|p1a: Azumarill|63/404","|-setboost|p1a: Azumarill|atk|6|[from] move: Belly Drum","|","|turn|8","|","|move|p2a: Lapras|Ice Shard|p1a: Azumarill","|-resisted|p1a: Azumarill","|-damage|p1a: Azumarill|38/404","|move|p1a: Azumarill|Play Rough|p2a: Lapras","|-damage|p2a: Lapras|0 fnt","|faint|p2a: Lapras","|","|","|switch|p2a: Weavile|Weavile, M|281/281","|-ability|p2a: Weavile|Pressure","|turn|9","|","|move|p1a: Azumarill|Aqua Jet|p2a: Weavile","|-damage|p2a: Weavile|0 fnt","|faint|p2a: Weavile","|","|","|switch|p2a: Abomasnow|Abomasnow, M|323/323","|turn|10","|","|detailschange|p2a: Abomasnow|Abomasnow-Mega, M","|-mega|p2a: Abomasnow|Abomasnow|Abomasite","|-weather|Hail","|move|p2a: Abomasnow|Ice Shard|p1a: Azumarill","|-resisted|p1a: Azumarill","|-damage|p1a: Azumarill|0 fnt","|faint|p1a: Azumarill","|","|-weather|Hail|[upkeep]","|","|switch|p1a: Pelipper|Pelipper, F, shiny|324/324","|turn|11","|","|switch|p1a: Politoed|Politoed, F, shiny|110/384","|-weather|RainDance","|move|p2a: Abomasnow|Wood Hammer|p1a: Politoed","|-supereffective|p1a: Politoed","|-damage|p1a: Politoed|0 fnt","|-damage|p2a: Abomasnow|287/323|[from] recoil|[of] p1a: Politoed","|faint|p1a: Politoed","|","|-weather|RainDance|[upkeep]","|","|switch|p1a: Pelipper|Pelipper, F, shiny|324/324","|turn|12","|","|move|p1a: Pelipper|Hurricane|p2a: Abomasnow","|-supereffective|p2a: Abomasnow","|-damage|p2a: Abomasnow|0 fnt","|faint|p2a: Abomasnow","|","|-weather|RainDance|[upkeep]","|","|switch|p2a: Froslass|Froslass, F|281/281","|turn|13","|","|move|p2a: Froslass|Ice Beam|p1a: Pelipper","|-damage|p1a: Pelipper|173/324","|move|p1a: Pelipper|Stockpile|p1a: Pelipper","|-start|p1a: Pelipper|stockpile1","|-boost|p1a: Pelipper|def|1","|-boost|p1a: Pelipper|spd|1","|","|-weather|RainDance|[upkeep]","|-heal|p1a: Pelipper|193/324|[from] ability: Rain Dish","|-heal|p1a: Pelipper|213/324|[from] item: Leftovers","|turn|14","|","|move|p2a: Froslass|Ice Beam|p1a: Pelipper","|-damage|p1a: Pelipper|105/324","|move|p1a: Pelipper|Hurricane|p2a: Froslass","|-damage|p2a: Froslass|67/281","|-start|p2a: Froslass|confusion","|","|-weather|RainDance|[upkeep]","|-heal|p1a: Pelipper|125/324|[from] ability: Rain Dish","|-heal|p1a: Pelipper|145/324|[from] item: Leftovers","|turn|15","|","|-activate|p2a: Froslass|confusion","|-damage|p2a: Froslass|33/281|[from] confusion","|move|p1a: Pelipper|Scald|p2a: Froslass","|-damage|p2a: Froslass|0 fnt","|-start|p1a: Pelipper|Disable|Scald","|faint|p2a: Froslass","|","|-weather|none","|-heal|p1a: Pelipper|165/324|[from] item: Leftovers","|","|switch|p2a: Mamoswine|Mamoswine, M|361/361","|turn|16","|","|switch|p1a: Ludicolo|Ludicolo, F, shiny|301/301","|move|p2a: Mamoswine|Icicle Crash|p1a: Ludicolo","|-damage|p1a: Ludicolo|54/301","|-damage|p2a: Mamoswine|325/361|[from] item: Life Orb","|","|-heal|p1a: Ludicolo|72/301|[from] item: Leftovers","|turn|17","|","|move|p2a: Mamoswine|Freeze-Dry|p1a: Ludicolo","|-supereffective|p1a: Ludicolo","|-damage|p1a: Ludicolo|0 fnt","|-damage|p2a: Mamoswine|289/361|[from] item: Life Orb","|faint|p1a: Ludicolo","|","|","|switch|p1a: Swampert|Swampert-Mega, F|403/403","|turn|18","|","|move|p2a: Mamoswine|Freeze-Dry|p1a: Swampert","|-supereffective|p1a: Swampert","|-damage|p1a: Swampert|122/403","|-damage|p2a: Mamoswine|253/361|[from] item: Life Orb","|move|p1a: Swampert|Waterfall|p2a: Mamoswine","|-supereffective|p2a: Mamoswine","|-damage|p2a: Mamoswine|0 fnt","|faint|p2a: Mamoswine","|","|win|MasterrSage."],"p1rating":{"entryid":"6976480","serverid":"eos","formatid":"monotype","userid":"masterrsage","username":"MasterrSage.","w":34,"l":"26","t":"0","gxe":53.6,"r":"1521.1310491706","rd":"46.965109942705","sigma":"0","rptime":"1438074000","rpr":1527.4466103625,"rprd":45.903331813709,"rpsigma":"0","acre":1121.9067513089,"lacre":1121.9067513089,"oldacre":"1094.3598149532"},"p2rating":{"entryid":"7188337","serverid":"eos","formatid":"monotype","userid":"witchofcaldia","username":"WitchofCaldia","w":"23","l":42,"t":"0","gxe":37.7,"r":"1406.6600517725","rd":"44.890724594124","sigma":"0","rptime":"1438074000","rpr":1404.6464324982,"rprd":43.945570457451,"rpsigma":"0","acre":1090.6121638772,"lacre":1090.6121638772,"oldacre":"1117.2573959944"},"endType":"normal"}