{"seed":[3480,20566,20064,26822],"turns":25,"p1":"Full Entropy","p2":"R06L29A01","p1team":[{"name":"Rook","species":"golurk","item":"choiceband","ability":"Iron Fist","moves":["drainpunch","earthquake","shadowpunch","icepunch"],"nature":"Adamant","evs":{"hp":248,"atk":252,"def":0,"spa":0,"spd":8,"spe":0},"ivs":{"hp":31,"atk":31,"def":31,"spa":31,"spd":31,"spe":31}},{"name":"Bishop","species":"spiritomb","item":"leftovers","ability":"Pressure","moves":["calmmind","shadowball","hiddenpowerfighting","willowisp"],"nature":"Modest","evs":{"hp":252,"atk":0,"def":0,"spa":252,"spd":4,"spe":0},"ivs":{"hp":31,"atk":31,"def":30,"spa":30,"spd":30,"spe":30}},{"name":"Knight","species":"aegislash","item":"leftovers","ability":"Stance Change","moves":["shadowball","shadowsneak","kingsshield","flashcannon"],"nature":"Quiet","evs":{"hp":244,"atk":0,"def":12,"spa":252,"spd":0,"spe":0},"ivs":{"hp":31,"atk":31,"def":31,"spa":31,"spd":31,"spe":31}},{"name":"King","species":"jellicent","item":"leftovers","ability":"Water Absorb","moves":["scald","toxic","trickroom","recover"],"nature":"Calm","evs":{"hp":252,"atk":0,"def":4,"spa":0,"spd":252,"spe":0},"gender":"M","ivs":{"hp":31,"atk":31,"def":31,"spa":31,"spd":31,"spe":0}},{"name":"Queen","species":"sableye","item":"sablenite","ability":"Prankster","moves":["recover","toxic","darkpulse","taunt"],"nature":"Bold","evs":{"hp":248,"atk":0,"def":252,"spa":8,"spd":0,"spe":0},"gender":"F","ivs":{"hp":31,"atk":31,"def":31,"spa":31,"spd":31,"spe":31}},{"name":"Pawn","species":"cofagrigus","item":"leftovers","ability":"Mummy","moves":["shadowball","willowisp","trickroom","painsplit"],"nature":"Sassy","evs":{"hp":252,"atk":0,"def":0,"spa":4,"spd":252,"spe":0},"ivs":{"hp":31,"atk":31,"def":31,"spa":31,"spd":31,"spe":0}}],"p2team":[{"name":"Druddigon","species":"Druddigon","item":"focussash","ability":"Rough Skin","moves":["glare","dragontail","earthquake","stealthrock"],"nature":"Adamant","evs":{"hp":248,"atk":252,"def":0,"spa":0,"spd":8,"spe":0},"shiny":true,"ivs":{"hp":31,"atk":31,"def":31,"spa":31,"spd":31,"spe":31}},{"name":"Dragonite","species":"Dragonite","item":"weaknesspolicy","ability":"Multiscale","moves":["extremespeed","dragondance","dragonclaw","earthquake"],"nature":"Adamant","evs":{"hp":0,"atk":252,"def":0,"spa":0,"spd":4,"spe":252},"ivs":{"hp":31,"atk":31,"def":31,"spa":31,"spd":31,"spe":31}},{"name":"Goodra","species":"Goodra","item":"assaultvest","ability":"Gooey","moves":["dragonpulse","icebeam","flamethrower","sludgebomb"],"nature":"Modest","evs":{"hp":248,"atk":0,"def":0,"spa":252,"spd":8,"spe":0},"shiny":true,"ivs":{"hp":31,"atk":31,"def":31,"spa":31,"spd":31,"spe":31}},{"name":"Latias","species":"Latias","item":"latiasite","ability":"Levitate","moves":["thunderbolt","recover","dragonpulse","surf"],"nature":"Modest","evs":{"hp":248,"atk":0,"def":0,"spa":252,"spd":8,"spe":0},"shiny":true,"ivs":{"hp":31,"atk":31,"def":31,"spa":31,"spd":31,"spe":31}},{"name":"Garchomp","species":"Garchomp","item":"focussash","ability":"Rough Skin","moves":["dragonclaw","swordsdance","earthquake","firefang"],"nature":"Jolly","evs":{"hp":0,"atk":252,"def":0,"spa":0,"spd":4,"spe":252},"shiny":true,"ivs":{"hp":31,"atk":31,"def":31,"spa":31,"spd":31,"spe":31}},{"name":"Salamence","species":"Salamence","item":"lifeorb","ability":"Moxie","moves":["dragontail","irontail","firefang","outrage"],"nature":"Jolly","evs":{"hp":0,"atk":252,"def":0,"spa":0,"spd":4,"spe":252},"shiny":true,"ivs":{"hp":31,"atk":31,"def":31,"spa":31,"spd":31,"spe":31}}],"log":["|player|p1|Full Entropy|290","|player|p2|R06L29A01|209","|gametype|singles","|gen|6","|tier|Monotype","|rated","|rule|Baton Pass Clause: Limit one Baton Passer, can't pass Spe and other stats simultaneously","|rule|Swagger Clause: Swagger is banned","|rule|Same Type Clause: Pokémon in a team must share a type","|clearpoke","|poke|p1|Golurk","|poke|p1|Spiritomb, F","|poke|p1|Aegislash, M","|poke|p1|Jellicent, M","|poke|p1|Sableye, F","|poke|p1|Cofagrigus, F","|poke|p2|Druddigon, F, shiny","|poke|p2|Dragonite, M","|poke|p2|Goodra, M, shiny","|poke|p2|Latias, F, shiny","|poke|p2|Garchomp, M, shiny","|poke|p2|Salamence, M, shiny","|rule|Sleep Clause Mod: Limit one foe put to sleep","|rule|Species Clause: Limit one of each Pokémon","|rule|OHKO Clause: OHKO moves are banned","|rule|Moody Clause: Moody is banned","|rule|Evasion Moves Clause: Evasion moves are banned","|rule|Endless Battle Clause: Forcing endless battles is banned","|rule|HP Percentage Mod: HP is shown in percentages","|teampreview","|","|start","|switch|p1a: Pawn|Cofagrigus, F|320/320","|switch|p2a: Druddigon|Druddigon, F, shiny|357/357","|turn|1","|","|move|p2a: Druddigon|Glare|p1a: Pawn","|-status|p1a: Pawn|par","|move|p1a: Pawn|Trick Room|p1a: Pawn","|-fieldstart|move: Trick Room|[of] p1a: Pawn","|","|turn|2","|","|cant|p1a: Pawn|par","|move|p2a: Druddigon|Stealth Rock|p1a: Pawn","|-sidestart|p1: Full Entropy|move: Stealth Rock","|","|turn|3","|","|move|p1a: Pawn|Will-O-Wisp|p2a: Druddigon","|-status|p2a: Druddigon|brn","|move|p2a: Druddigon|Dragon Tail|p1a: Pawn","|-damage|p1a: Pawn|282/320 par","|-endability|p2a: Druddigon|roughskin|[from] Mummy","|-ability|p2a: Druddigon|Mummy|[from] Mummy","|drag|p1a: Rook|Golurk|381/381","|-damage|p1a: Rook|358/381|[from] Stealth Rock","|","|-damage|p2a: Druddigon|313/357 brn|[from] brn","|turn|4","|","|move|p2a: Druddigon|Earthquake|p1a: Rook","|-damage|p1a: Rook|286/381","|move|p1a: Rook|Ice Punch|p2a: Druddigon","|-supereffective|p2a: Druddigon","|-damage|p2a: Druddigon|0 fnt","|-endability|p1a: Rook|ironfist|[from] Mummy","|-ability|p1a: Rook|Mummy|[from] Mummy","|faint|p2a: Druddigon","|","|","|switch|p2a: Latias|Latias, F, shiny|363/363","|turn|5","|","|detailschange|p2a: Latias|Latias-Mega, F, shiny","|-mega|p2a: Latias|Latias|Latiasite","|move|p1a: Rook|Ice Punch|p2a: Latias","|-supereffective|p2a: Latias","|-damage|p2a: Latias|123/363","|move|p2a: Latias|Surf|p1a: Rook","|-supereffective|p1a: Rook","|-damage|p1a: Rook|0 fnt","|faint|p1a: Rook","|","|-fieldend|move: Trick Room","|","|switch|p1a: King|Jellicent, M|404/404","|-damage|p1a: King|354/404|[from] Stealth Rock","|turn|6","|","|switch|p2a: Goodra|Goodra, M, shiny|383/383","|move|p1a: King|Trick Room|p1a: King","|-fieldstart|move: Trick Room|[of] p1a: King","|","|-heal|p1a: King|379/404|[from] item: Leftovers","|turn|7","|","|move|p1a: King|Toxic|p2a: Goodra","|-status|p2a: Goodra|tox","|move|p2a: Goodra|Dragon Pulse|p1a: King","|-damage|p1a: King|270/404","|","|-heal|p1a: King|295/404|[from] item: Leftovers","|-damage|p2a: Goodra|360/383 tox|[from] psn","|turn|8","|","|switch|p1a: Bishop|Spiritomb, F|304/304","|-damage|p1a: Bishop|266/304|[from] Stealth Rock","|-ability|p1a: Bishop|Pressure","|switch|p2a: Latias|Latias-Mega, F, shiny|123/363","|","|-heal|p1a: Bishop|285/304|[from] item: Leftovers","|turn|9","|","|move|p1a: Bishop|Calm Mind|p1a: Bishop","|-boost|p1a: Bishop|spa|1","|-boost|p1a: Bishop|spd|1","|move|p2a: Latias|Recover|p2a: Latias","|-heal|p2a: Latias|305/363","|","|-heal|p1a: Bishop|304/304|[from] item: Leftovers","|turn|10","|","|switch|p2a: Salamence|Salamence, M, shiny|331/331","|move|p1a: Bishop|Calm Mind|p1a: Bishop","|-boost|p1a: Bishop|spa|1","|-boost|p1a: Bishop|spd|1","|","|-fieldend|move: Trick Room","|turn|11","|","|move|p1a: Bishop|Will-O-Wisp|p2a: Salamence","|-status|p2a: Salamence|brn","|move|p2a: Salamence|Dragon Tail|p1a: Bishop","|-damage|p1a: Bishop|236/304","|-damage|p2a: Salamence|298/331 brn|[from] item: Life Orb","|drag|p1a: Knight|Aegislash, M|322/322","|-damage|p1a: Knight|302/322|[from] Stealth Rock","|","|-heal|p1a: Knight|322/322|[from] item: Leftovers","|-damage|p2a: Salamence|257/331 brn|[from] brn","|turn|12","|","|move|p2a: Salamence|Fire Fang|p1a: Knight","|-crit|p1a: Knight","|-supereffective|p1a: Knight","|-damage|p1a: Knight|218/322","|-status|p1a: Knight|brn","|-damage|p2a: Salamence|224/331 brn|[from] item: Life Orb","|-formechange|p1a: Knight|Aegislash-Blade","|move|p1a: Knight|Shadow Ball|p2a: Salamence","|-damage|p2a: Salamence|28/331 brn","|","|-heal|p1a: Knight|238/322 brn|[from] item: Leftovers","|-damage|p2a: Salamence|0 fnt|[from] brn","|-damage|p1a: Knight|198/322 brn|[from] brn","|faint|p2a: Salamence","|","|switch|p2a: Goodra|Goodra, M, shiny|360/383 tox","|turn|13","|","|switch|p1a: Pawn|Cofagrigus, F|282/320 par","|-damage|p1a: Pawn|242/320 par|[from] Stealth Rock","|move|p2a: Goodra|Flamethrower|p1a: Pawn","|-damage|p1a: Pawn|174/320 par","|","|-heal|p1a: Pawn|194/320 par|[from] item: Leftovers","|-damage|p2a: Goodra|337/383 tox|[from] psn","|turn|14","|","|move|p2a: Goodra|Dragon Pulse|p1a: Pawn","|-damage|p1a: Pawn|98/320 par","|move|p1a: Pawn|Trick Room|p1a: Pawn","|-fieldstart|move: Trick Room|[of] p1a: Pawn","|","|-heal|p1a: Pawn|118/320 par|[from] item: Leftovers","|-damage|p2a: Goodra|291/383 tox|[from] psn","|turn|15","|","|move|p1a: Pawn|Pain Split|p2a: Goodra","|-sethp|p2a: Goodra|204/383 tox|p1a: Pawn|204/320 par|[from] move: Pain Split","|move|p2a: Goodra|Dragon Pulse|p1a: Pawn","|-damage|p1a: Pawn|93/320 par","|","|-heal|p1a: Pawn|113/320 par|[from] item: Leftovers","|-damage|p2a: Goodra|135/383 tox|[from] psn","|turn|16","|","|move|p1a: Pawn|Pain Split|p2a: Goodra","|-sethp|p2a: Goodra|124/383 tox|p1a: Pawn|124/320 par|[from] move: Pain Split","|move|p2a: Goodra|Dragon Pulse|p1a: Pawn","|-damage|p1a: Pawn|16/320 par","|","|-heal|p1a: Pawn|36/320 par|[from] item: Leftovers","|-damage|p2a: Goodra|32/383 tox|[from] psn","|turn|17","|","|move|p1a: Pawn|Shadow Ball|p2a: Goodra","|-damage|p2a: Goodra|0 fnt","|faint|p2a: Goodra","|","|-heal|p1a: Pawn|56/320 par|[from] item: Leftovers","|","|switch|p2a: Latias|Latias-Mega, F, shiny|305/363","|turn|18","|","|move|p1a: Pawn|Shadow Ball|p2a: Latias","|-supereffective|p2a: Latias","|-damage|p2a: Latias|189/363","|-unboost|p2a: Latias|spd|1","|move|p2a: Latias|Dragon Pulse|p1a: Pawn","|-damage|p1a: Pawn|0 fnt","|faint|p1a: Pawn","|","|-fieldend|move: Trick Room","|","|switch|p1a: Queen|Sableye, F|303/303","|-damage|p1a: Queen|266/303|[from] Stealth Rock","|turn|19","|","|switch|p2a: Garchomp|Garchomp, M, shiny|357/357","|detailschange|p1a: Queen|Sableye-Mega, F","|-mega|p1a: Queen|Sableye|Sablenite","|move|p1a: Queen|Dark Pulse|p2a: Garchomp","|-damage|p2a: Garchomp|266/357","|","|turn|20","|","|move|p2a: Garchomp|Swords Dance|p2a: Garchomp","|-boost|p2a: Garchomp|atk|2","|move|p1a: Queen|Toxic|p2a: Garchomp","|-status|p2a: Garchomp|tox","|","|-damage|p2a: Garchomp|244/357 tox|[from] psn","|turn|21","|","|move|p2a: Garchomp|Dragon Claw|p1a: Queen","|-damage|p1a: Queen|82/303","|move|p1a: Queen|Recover|p1a: Queen","|-heal|p1a: Queen|234/303","|","|-damage|p2a: Garchomp|200/357 tox|[from] psn","|turn|22","|","|move|p2a: Garchomp|Dragon Claw|p1a: Queen","|-damage|p1a: Queen|47/303","|move|p1a: Queen|Recover|p1a: Queen","|-heal|p1a: Queen|199/303","|","|-damage|p2a: Garchomp|134/357 tox|[from] psn","|turn|23","|","|move|p2a: Garchomp|Earthquake|p1a: Queen","|-damage|p1a: Queen|0 fnt","|faint|p1a: Queen","|","|-damage|p2a: Garchomp|46/357 tox|[from] psn","|","|switch|p1a: Knight|Aegislash, M|198/322 brn","|-damage|p1a: Knight|178/322 brn|[from] Stealth Rock","|turn|24","|","|move|p1a: Knight|King's Shield|p1a: Knight","|-singleturn|p1a: Knight|Protect","|move|p2a: Garchomp|Earthquake|p1a: Knight","|-activate|p1a: Knight|Protect","|","|-heal|p1a: Knight|198/322 brn|[from] item: Leftovers","|-damage|p2a: Garchomp|0 fnt|[from] psn","|-damage|p1a: Knight|158/322 brn|[from] brn","|faint|p2a: Garchomp","|","|switch|p2a: Latias|Latias-Mega, F, shiny|189/363","|turn|25","|player|p1","|","|win|R06L29A01"],"p1rating":{"entryid":"5769241","serverid":"eos","formatid":"monotype","userid":"fullentropy","username":"Full Entropy","w":"7","l":15,"t":"0","gxe":37,"r":"1429.9655943696","rd":"86.267056385583","sigma":"0","rptime":"1438074000","rpr":1398.1643387715,"rprd":69.203171135298,"rpsigma":"0","acre":1024.498352564,"lacre":1024.498352564,"oldacre":"1036.7641760362"},"p2rating":{"entryid":"6931648","serverid":"eos","formatid":"monotype","userid":"r06l29a01","username":"R06L29A01","w":38,"l":"38","t":"0","gxe":51.4,"r":"1503.1995568522","rd":"42.027317666305","sigma":"0","rptime":"1438074000","rpr":1510.5207071928,"rprd":40.781458005066,"rpsigma":"0","acre":1130.3753137025,"lacre":1130.3753137025,"oldacre":"1110.6103784219"},"endType":"forfeit"}