{"seed":[14784,22694,45312,10679],"turns":31,"p1":"Void Wiley","p2":"Voidchrono","p1team":[{"name":"Slurpuff","species":"Slurpuff","item":"sitrusberry","ability":"Unburden","moves":["bellydrum","drainpunch","playrough","aromatherapy"],"nature":"Jolly","evs":{"hp":4,"atk":252,"def":0,"spa":0,"spd":0,"spe":252},"ivs":{"hp":31,"atk":31,"def":31,"spa":31,"spd":31,"spe":31}},{"name":"Azumarill","species":"Azumarill","item":"sitrusberry","ability":"Huge Power","moves":["bellydrum","aquajet","brickbreak","playrough"],"nature":"Adamant","evs":{"hp":252,"atk":252,"def":0,"spa":0,"spd":4,"spe":0},"ivs":{"hp":31,"atk":31,"def":31,"spa":31,"spd":31,"spe":31}},{"name":"Flute","species":"gardevoir","item":"gardevoirite","ability":"Synchronize","moves":["psyshock","hypervoice","energyball","focusblast"],"nature":"Modest","evs":{"hp":248,"atk":0,"def":0,"spa":252,"spd":8,"spe":0},"ivs":{"hp":31,"atk":31,"def":31,"spa":31,"spd":31,"spe":31}},{"name":"Togekiss","species":"Togekiss","item":"choicescarf","ability":"Serene Grace","moves":["airslash","flamethrower","aurasphere","dazzlinggleam"],"nature":"Timid","evs":{"hp":0,"atk":0,"def":0,"spa":252,"spd":4,"spe":252},"ivs":{"hp":31,"atk":31,"def":31,"spa":31,"spd":31,"spe":31}},{"name":"Klefki","species":"Klefki","item":"lightclay","ability":"Prankster","moves":["thunderwave","lightscreen","reflect","foulplay"],"nature":"Bold","evs":{"hp":248,"atk":0,"def":252,"spa":0,"spd":8,"spe":0},"ivs":{"hp":31,"atk":31,"def":31,"spa":31,"spd":31,"spe":31}},{"name":"Sylveon","species":"Sylveon","item":"leftovers","ability":"Pixilate","moves":["hypervoice","wish","protect","calmmind"],"nature":"Calm","evs":{"hp":252,"atk":0,"def":0,"spa":4,"spd":252,"spe":0},"ivs":{"hp":31,"atk":31,"def":31,"spa":31,"spd":31,"spe":31}}],"p2team":[{"name":"Mew","species":"Mew","item":"bindingband","ability":"Synchronize","moves":["whirlpool","taunt","roost","willowisp"],"nature":"Bold","evs":{"hp":252,"atk":0,"def":84,"spa":0,"spd":172,"spe":0},"ivs":{"hp":31,"atk":31,"def":31,"spa":31,"spd":31,"spe":31}},{"name":"Gardevoir","species":"Gardevoir","item":"gardevoirite","ability":"Trace","moves":["hypervoice","focusblast","substitute","willowisp"],"nature":"Calm","evs":{"hp":252,"atk":0,"def":0,"spa":128,"spd":128,"spe":0},"ivs":{"hp":31,"atk":31,"def":31,"spa":31,"spd":31,"spe":31}},{"name":"Victini","species":"Victini","item":"choicescarf","ability":"Victory Star","moves":["trick","vcreate","zenheadbutt","uturn"],"nature":"Jolly","evs":{"hp":0,"atk":252,"def":0,"spa":0,"spd":4,"spe":252},"ivs":{"hp":31,"atk":31,"def":31,"spa":31,"spd":31,"spe":31}},{"name":"Slowbro","species":"Slowbro","item":"leftovers","ability":"Regenerator","moves":["flamethrower","scald","slackoff","thunderwave"],"nature":"Bold","evs":{"hp":252,"atk":0,"def":252,"spa":4,"spd":0,"spe":0},"ivs":{"hp":31,"atk":0,"def":31,"spa":31,"spd":31,"spe":31}},{"name":"Latios","species":"Latios","item":"choicescarf","ability":"Levitate","moves":["surf","energyball","dragonpulse","defog"],"nature":"Timid","evs":{"hp":0,"atk":0,"def":0,"spa":252,"spd":4,"spe":252},"ivs":{"hp":31,"atk":0,"def":31,"spa":31,"spd":31,"spe":31}},{"name":"Meloetta","species":"Meloetta","item":"assaultvest","ability":"Serene Grace","moves":["dazzlinggleam","hypervoice","shadowball","psychic"],"nature":"Modest","evs":{"hp":72,"atk":0,"def":0,"spa":252,"spd":184,"spe":0},"ivs":{"hp":31,"atk":0,"def":31,"spa":31,"spd":31,"spe":31}}],"log":["|player|p1|Void Wiley|voidwiley.png","|player|p2|Voidchrono|voidchrono.png","|gametype|singles","|gen|6","|tier|Monotype","|rated","|rule|Baton Pass Clause: Limit one Baton Passer, can't pass Spe and other stats simultaneously","|rule|Swagger Clause: Swagger is banned","|rule|Same Type Clause: Pokémon in a team must share a type","|clearpoke","|poke|p1|Slurpuff, F","|poke|p1|Azumarill, M","|poke|p1|Gardevoir, F","|poke|p1|Togekiss, F","|poke|p1|Klefki, F","|poke|p1|Sylveon, M","|poke|p2|Mew","|poke|p2|Gardevoir, M","|poke|p2|Victini","|poke|p2|Slowbro, M","|poke|p2|Latios, M","|poke|p2|Meloetta","|rule|Sleep Clause Mod: Limit one foe put to sleep","|rule|Species Clause: Limit one of each Pokémon","|rule|OHKO Clause: OHKO moves are banned","|rule|Moody Clause: Moody is banned","|rule|Evasion Moves Clause: Evasion moves are banned","|rule|Endless Battle Clause: Forcing endless battles is banned","|rule|HP Percentage Mod: HP is shown in percentages","|teampreview","|","|start","|switch|p1a: Flute|Gardevoir, F|339/339","|switch|p2a: Mew|Mew|404/404","|turn|1","|","|detailschange|p1a: Flute|Gardevoir-Mega, F","|-mega|p1a: Flute|Gardevoir|Gardevoirite","|move|p2a: Mew|Taunt|p1a: Flute","|-start|p1a: Flute|move: Taunt","|move|p1a: Flute|Hyper Voice|p2a: Mew","|-damage|p2a: Mew|182/404","|","|turn|2","|","|switch|p2a: Victini|Victini|341/341","|move|p1a: Flute|Hyper Voice|p2a: Victini","|-resisted|p2a: Victini","|-damage|p2a: Victini|195/341","|","|turn|3","|","|switch|p1a: Azumarill|Azumarill, M|404/404","|move|p2a: Victini|V-create|p1a: Azumarill","|-resisted|p1a: Azumarill","|-damage|p1a: Azumarill|230/404","|-unboost|p2a: Victini|def|1","|-unboost|p2a: Victini|spd|1","|-unboost|p2a: Victini|spe|1","|","|turn|4","|","|switch|p2a: Slowbro|Slowbro, M|394/394","|move|p1a: Azumarill|Aqua Jet|p2a: Slowbro","|-resisted|p2a: Slowbro","|-damage|p2a: Slowbro|365/394","|","|-heal|p2a: Slowbro|389/394|[from] item: Leftovers","|turn|5","|","|move|p1a: Azumarill|Belly Drum|p1a: Azumarill","|-damage|p1a: Azumarill|28/404","|-setboost|p1a: Azumarill|atk|6|[from] move: Belly Drum","|-enditem|p1a: Azumarill|Sitrus Berry|[eat]","|-heal|p1a: Azumarill|129/404|[from] item: Sitrus Berry","|move|p2a: Slowbro|Scald|p1a: Azumarill","|-resisted|p1a: Azumarill","|-damage|p1a: Azumarill|69/404","|","|-heal|p2a: Slowbro|394/394|[from] item: Leftovers","|turn|6","|","|move|p1a: Azumarill|Play Rough|p2a: Slowbro","|-damage|p2a: Slowbro|0 fnt","|faint|p2a: Slowbro","|","|","|switch|p2a: Latios|Latios, M|301/301","|turn|7","|","|move|p1a: Azumarill|Aqua Jet|p2a: Latios","|-resisted|p2a: Latios","|-damage|p2a: Latios|85/301","|move|p2a: Latios|Energy Ball|p1a: Azumarill","|-supereffective|p1a: Azumarill","|-damage|p1a: Azumarill|0 fnt","|faint|p1a: Azumarill","|","|","|switch|p1a: Togekiss|Togekiss, F|311/311","|turn|8","|","|switch|p2a: Meloetta|Meloetta|359/359","|move|p1a: Togekiss|Air Slash|p2a: Meloetta","|-damage|p2a: Meloetta|299/359","|","|turn|9","|","|move|p1a: Togekiss|Air Slash|p2a: Meloetta","|-damage|p2a: Meloetta|236/359","|move|p2a: Meloetta|Shadow Ball|p1a: Togekiss","|-damage|p1a: Togekiss|218/311","|","|turn|10","|","|move|p1a: Togekiss|Air Slash|p2a: Meloetta","|-damage|p2a: Meloetta|181/359","|move|p2a: Meloetta|Shadow Ball|p1a: Togekiss","|-damage|p1a: Togekiss|122/311","|-unboost|p1a: Togekiss|spd|1","|","|turn|11","|","|move|p1a: Togekiss|Air Slash|p2a: Meloetta","|-damage|p2a: Meloetta|117/359","|move|p2a: Meloetta|Psychic|p1a: Togekiss","|-damage|p1a: Togekiss|0 fnt","|faint|p1a: Togekiss","|","|","|switch|p1a: Flute|Gardevoir-Mega, F|339/339","|turn|12","|","|move|p1a: Flute|Hyper Voice|p2a: Meloetta","|-damage|p2a: Meloetta|0 fnt","|faint|p2a: Meloetta","|","|","|switch|p2a: Victini|Victini|195/341","|turn|13","|","|move|p2a: Victini|V-create|p1a: Flute","|-damage|p1a: Flute|0 fnt","|-unboost|p2a: Victini|def|1","|-unboost|p2a: Victini|spd|1","|-unboost|p2a: Victini|spe|1","|faint|p1a: Flute","|","|","|switch|p1a: Klefki|Klefki, F|317/317","|turn|14","|","|switch|p2a: Mew|Mew|182/404","|move|p1a: Klefki|Thunder Wave|p2a: Mew","|-status|p2a: Mew|par","|-status|p1a: Klefki|par","|","|turn|15","|","|move|p2a: Mew|Whirlpool|p1a: Klefki|[miss]","|-miss|p2a: Mew|p1a: Klefki","|move|p1a: Klefki|Foul Play|p2a: Mew","|-supereffective|p2a: Mew","|-damage|p2a: Mew|66/404 par","|","|turn|16","|","|cant|p2a: Mew|par","|move|p1a: Klefki|Foul Play|p2a: Mew","|-supereffective|p2a: Mew","|-damage|p2a: Mew|0 fnt","|faint|p2a: Mew","|","|","|switch|p2a: Gardevoir|Gardevoir, M|340/340","|-ability|p2a: Gardevoir|Prankster|[from] ability: Trace|[of] p1a: Klefki","|turn|17","|","|move|p2a: Gardevoir|Substitute|p2a: Gardevoir","|-start|p2a: Gardevoir|Substitute","|-damage|p2a: Gardevoir|255/340","|move|p1a: Klefki|Thunder Wave|p2a: Gardevoir","|-fail|p2a: Gardevoir","|","|turn|18","|","|move|p2a: Gardevoir|Will-O-Wisp|p1a: Klefki","|-fail|p1a: Klefki","|move|p1a: Klefki|Foul Play|p2a: Gardevoir","|-activate|p2a: Gardevoir|Substitute|[damage]","|","|turn|19","|","|move|p2a: Gardevoir|Focus Blast|p1a: Klefki|[miss]","|-miss|p2a: Gardevoir|p1a: Klefki","|move|p1a: Klefki|Foul Play|p2a: Gardevoir","|-end|p2a: Gardevoir|Substitute","|","|turn|20","|","|move|p2a: Gardevoir|Substitute|p2a: Gardevoir","|-start|p2a: Gardevoir|Substitute","|-damage|p2a: Gardevoir|170/340","|move|p1a: Klefki|Foul Play|p2a: Gardevoir","|-activate|p2a: Gardevoir|Substitute|[damage]","|","|turn|21","|","|move|p2a: Gardevoir|Focus Blast|p1a: Klefki","|-damage|p1a: Klefki|166/317 par","|move|p1a: Klefki|Foul Play|p2a: Gardevoir","|-end|p2a: Gardevoir|Substitute","|","|turn|22","|","|move|p2a: Gardevoir|Substitute|p2a: Gardevoir","|-start|p2a: Gardevoir|Substitute","|-damage|p2a: Gardevoir|85/340","|move|p1a: Klefki|Foul Play|p2a: Gardevoir","|-activate|p2a: Gardevoir|Substitute|[damage]","|","|turn|23","|","|detailschange|p2a: Gardevoir|Gardevoir-Mega, M","|-mega|p2a: Gardevoir|Gardevoir|Gardevoirite","|move|p2a: Gardevoir|Focus Blast|p1a: Klefki","|-damage|p1a: Klefki|4/317 par","|move|p1a: Klefki|Foul Play|p2a: Gardevoir","|-end|p2a: Gardevoir|Substitute","|","|turn|24","|","|move|p1a: Klefki|Thunder Wave|p2a: Gardevoir","|-status|p2a: Gardevoir|par","|move|p2a: Gardevoir|Hyper Voice|p1a: Klefki","|-resisted|p1a: Klefki","|-damage|p1a: Klefki|0 fnt","|faint|p1a: Klefki","|","|","|switch|p1a: Slurpuff|Slurpuff, F|306/306","|turn|25","|","|move|p1a: Slurpuff|Belly Drum|p1a: Slurpuff","|-damage|p1a: Slurpuff|153/306","|-setboost|p1a: Slurpuff|atk|6|[from] move: Belly Drum","|-enditem|p1a: Slurpuff|Sitrus Berry|[eat]","|-heal|p1a: Slurpuff|229/306|[from] item: Sitrus Berry","|move|p2a: Gardevoir|Hyper Voice|p1a: Slurpuff","|-damage|p1a: Slurpuff|0 fnt","|faint|p1a: Slurpuff","|","|","|switch|p1a: Sylveon|Sylveon, M|394/394","|turn|26","|","|move|p1a: Sylveon|Calm Mind|p1a: Sylveon","|-boost|p1a: Sylveon|spa|1","|-boost|p1a: Sylveon|spd|1","|move|p2a: Gardevoir|Hyper Voice|p1a: Sylveon","|-damage|p1a: Sylveon|309/394","|","|-heal|p1a: Sylveon|333/394|[from] item: Leftovers","|turn|27","|","|move|p1a: Sylveon|Wish|p1a: Sylveon","|move|p2a: Gardevoir|Will-O-Wisp|p1a: Sylveon","|-status|p1a: Sylveon|brn","|","|-heal|p1a: Sylveon|357/394 brn|[from] item: Leftovers","|-damage|p1a: Sylveon|308/394 brn|[from] brn","|turn|28","|","|move|p1a: Sylveon|Calm Mind|p1a: Sylveon","|-boost|p1a: Sylveon|spa|1","|-boost|p1a: Sylveon|spd|1","|move|p2a: Gardevoir|Hyper Voice|p1a: Sylveon","|-damage|p1a: Sylveon|242/394 brn","|","|-heal|p1a: Sylveon|394/394 brn|[from] move: Wish|[wisher] Sylveon","|-damage|p1a: Sylveon|345/394 brn|[from] brn","|turn|29","|","|move|p1a: Sylveon|Wish|p1a: Sylveon","|cant|p2a: Gardevoir|par","|","|-heal|p1a: Sylveon|369/394 brn|[from] item: Leftovers","|-damage|p1a: Sylveon|320/394 brn|[from] brn","|turn|30","|","|move|p1a: Sylveon|Hyper Voice|p2a: Gardevoir","|-damage|p2a: Gardevoir|0 fnt","|faint|p2a: Gardevoir","|","|-heal|p1a: Sylveon|394/394 brn|[from] move: Wish|[wisher] Sylveon","|-damage|p1a: Sylveon|345/394 brn|[from] brn","|","|switch|p2a: Victini|Victini|195/341","|turn|31","|","|move|p2a: Victini|V-create|p1a: Sylveon","|-damage|p1a: Sylveon|0 fnt","|-unboost|p2a: Victini|def|1","|-unboost|p2a: Victini|spd|1","|-unboost|p2a: Victini|spe|1","|faint|p1a: Sylveon","|","|win|Voidchrono"],"p1rating":{"entryid":"5697050","serverid":"eos","formatid":"monotype","userid":"voidwiley","username":"Void Wiley","w":"142","l":127,"t":"0","gxe":55.2,"r":"1540.4483143168","rd":"26.121346186812","sigma":"0","rptime":"1438074000","rpr":1539.7205030319,"rprd":25.930890478979,"rpsigma":"0","acre":1203.8603065617,"lacre":1203.8603065617,"oldacre":"1226.3415667689"},"p2rating":{"entryid":"5810362","serverid":"eos","formatid":"monotype","userid":"voidchrono","username":"Void Chrono ת_תת_ת","w":119,"l":"63","t":"0","gxe":64.3,"r":"1608.7301463223","rd":"29.552665544239","sigma":"0","rptime":"1438074000","rpr":1610.7369291633,"rprd":29.450985313532,"rpsigma":"0","acre":1283.9459827237,"lacre":1283.9459827237,"oldacre":"1261.4647225165"},"endType":"normal"}