{"seed":[53033,59750,62312,21371],"turns":24,"p1":"RegirockyBalboa","p2":"Sovereign♕Cactus","p1team":[{"name":"O . O","species":"diancie","item":"diancite","ability":"Clear Body","moves":["moonblast","earthpower","diamondstorm","protect"],"nature":"Naive","evs":{"hp":0,"atk":4,"def":0,"spa":252,"spd":0,"spe":252},"ivs":{"hp":31,"atk":31,"def":31,"spa":31,"spd":31,"spe":31}},{"name":"@ - @","species":"cradily","item":"leftovers","ability":"Storm Drain","moves":["gigadrain","mirrorcoat","toxic","recover"],"nature":"Bold","evs":{"hp":252,"atk":0,"def":252,"spa":0,"spd":4,"spe":0},"ivs":{"hp":31,"atk":31,"def":31,"spa":31,"spd":31,"spe":31}},{"name":":^B","species":"rhyperior","item":"custapberry","ability":"Solid Rock","moves":["earthquake","stoneedge","firepunch","endure"],"nature":"Adamant","evs":{"hp":152,"atk":88,"def":252,"spa":0,"spd":0,"spe":0},"ivs":{"hp":31,"atk":31,"def":31,"spa":31,"spd":31,"spe":31}},{"name":"O w O","species":"tyranitar","item":"assaultvest","ability":"Sand Stream","moves":["stoneedge","crunch","fireblast","icepunch"],"nature":"Careful","evs":{"hp":0,"atk":220,"def":0,"spa":0,"spd":252,"spe":36},"ivs":{"hp":31,"atk":31,"def":31,"spa":31,"spd":31,"spe":31}},{"name":"= n =","species":"terrakion","item":"choiceband","ability":"Justified","moves":["closecombat","stoneedge","earthquake","quickattack"],"nature":"Jolly","evs":{"hp":0,"atk":252,"def":0,"spa":0,"spd":4,"spe":252},"ivs":{"hp":31,"atk":31,"def":31,"spa":31,"spd":31,"spe":31}},{"name":"' u '","species":"shuckle","item":"mentalherb","ability":"Sturdy","moves":["knockoff","encore","stickyweb","stealthrock"],"nature":"Impish","evs":{"hp":248,"atk":0,"def":252,"spa":0,"spd":8,"spe":0},"ivs":{"hp":31,"atk":31,"def":31,"spa":31,"spd":31,"spe":31}}],"p2team":[{"name":"Spyro","species":"charizard","item":"charizarditey","ability":"Blaze","moves":["airslash","dragonpulse","flamethrower","focusblast"],"nature":"Timid","evs":{"hp":0,"atk":0,"def":0,"spa":252,"spd":4,"spe":252},"gender":"M","shiny":true,"ivs":{"hp":31,"atk":31,"def":31,"spa":31,"spd":31,"spe":31}},{"name":"Scooby-Snacks","species":"torkoal","item":"redcard","ability":"White Smoke","moves":["stealthrock","rapidspin","clearsmog","lavaplume"],"nature":"Modest","evs":{"hp":248,"atk":0,"def":0,"spa":252,"spd":8,"spe":0},"gender":"M","ivs":{"hp":31,"atk":31,"def":31,"spa":31,"spd":31,"spe":31}},{"name":"Speedy McGee","species":"infernape","item":"choicescarf","ability":"Blaze","moves":["closecombat","earthquake","poisonjab","flareblitz"],"nature":"Jolly","evs":{"hp":0,"atk":252,"def":0,"spa":0,"spd":4,"spe":252},"ivs":{"hp":31,"atk":31,"def":31,"spa":31,"spd":31,"spe":31}},{"name":"Faded Dreams","species":"chandelure","item":"choicescarf","ability":"Infiltrator","moves":["flamethrower","energyball","shadowball","psychic"],"nature":"Timid","evs":{"hp":0,"atk":0,"def":0,"spa":252,"spd":4,"spe":252},"gender":"F","shiny":true,"ivs":{"hp":31,"atk":31,"def":31,"spa":31,"spd":31,"spe":31}},{"name":"Silver Jacket","species":"houndoom","item":"choicescarf","ability":"Flash Fire","moves":["darkpulse","flamethrower","suckerpunch","destinybond"],"nature":"Hasty","evs":{"hp":0,"atk":4,"def":0,"spa":252,"spd":0,"spe":252},"gender":"M","ivs":{"hp":31,"atk":31,"def":31,"spa":31,"spd":31,"spe":31}},{"name":"Senpai","species":"ninetales","item":"airballoon","ability":"Drought","moves":["nastyplot","energyball","fireblast","extrasensory"],"nature":"Timid","evs":{"hp":0,"atk":0,"def":0,"spa":252,"spd":4,"spe":252},"gender":"M","shiny":true,"ivs":{"hp":31,"atk":31,"def":31,"spa":31,"spd":31,"spe":31}}],"log":["|player|p1|RegirockyBalboa|229","|player|p2|Sovereign♕Cactus|251","|gametype|singles","|gen|6","|tier|Monotype","|rated","|rule|Baton Pass Clause: Limit one Baton Passer, can't pass Spe and other stats simultaneously","|rule|Swagger Clause: Swagger is banned","|rule|Same Type Clause: Pokémon in a team must share a type","|clearpoke","|poke|p1|Diancie","|poke|p1|Cradily, M","|poke|p1|Rhyperior, F","|poke|p1|Tyranitar, F","|poke|p1|Terrakion","|poke|p1|Shuckle, F","|poke|p2|Charizard, M, shiny","|poke|p2|Torkoal, M","|poke|p2|Infernape, M","|poke|p2|Chandelure, F, shiny","|poke|p2|Houndoom, M","|poke|p2|Ninetales, M, shiny","|rule|Sleep Clause Mod: Limit one foe put to sleep","|rule|Species Clause: Limit one of each Pokémon","|rule|OHKO Clause: OHKO moves are banned","|rule|Moody Clause: Moody is banned","|rule|Evasion Moves Clause: Evasion moves are banned","|rule|Endless Battle Clause: Forcing endless battles is banned","|rule|HP Percentage Mod: HP is shown in percentages","|teampreview","|","|start","|switch|p1a: O w O|Tyranitar, F|341/341","|switch|p2a: Scooby-Snacks|Torkoal, M|343/343","|-weather|Sandstorm","|turn|1","|","|switch|p1a: @ - @|Cradily, M|376/376","|move|p2a: Scooby-Snacks|Stealth Rock|p1a: @ - @","|-sidestart|p1: RegirockyBalboa|move: Stealth Rock","|","|-weather|Sandstorm|[upkeep]","|-damage|p2a: Scooby-Snacks|322/343|[from] sandstorm","|turn|2","|","|switch|p2a: Senpai|Ninetales, M, shiny|287/287","|-weather|SunnyDay","|-item|p2a: Senpai|Air Balloon","|move|p1a: @ - @|Toxic|p2a: Senpai","|-status|p2a: Senpai|tox","|","|-weather|SunnyDay|[upkeep]","|-damage|p2a: Senpai|270/287 tox|[from] psn","|turn|3","|","|move|p2a: Senpai|Nasty Plot|p2a: Senpai","|-boost|p2a: Senpai|spa|2","|move|p1a: @ - @|Recover|p1a: @ - @","|-fail|p1a: @ - @","|","|-weather|SunnyDay|[upkeep]","|-damage|p2a: Senpai|236/287 tox|[from] psn","|turn|4","|","|switch|p1a: O w O|Tyranitar, F|341/341","|-damage|p1a: O w O|299/341|[from] Stealth Rock","|-weather|Sandstorm","|move|p2a: Senpai|Fire Blast|p1a: O w O","|-resisted|p1a: O w O","|-damage|p1a: O w O|255/341","|","|-weather|Sandstorm|[upkeep]","|-damage|p2a: Senpai|219/287 tox|[from] sandstorm","|-damage|p2a: Senpai|168/287 tox|[from] psn","|turn|5","|","|move|p2a: Senpai|Energy Ball|p1a: O w O","|-supereffective|p1a: O w O","|-damage|p1a: O w O|155/341","|move|p1a: O w O|Crunch|p2a: Senpai","|-damage|p2a: Senpai|0 fnt","|-enditem|p2a: Senpai|Air Balloon","|faint|p2a: Senpai","|","|-weather|Sandstorm|[upkeep]","|","|switch|p2a: Spyro|Charizard, M, shiny|297/297","|turn|6","|","|switch|p1a: @ - @|Cradily, M|376/376","|-damage|p1a: @ - @|329/376|[from] Stealth Rock","|detailschange|p2a: Spyro|Charizard-Mega-Y, M, shiny","|-mega|p2a: Spyro|Charizard|Charizardite Y","|-weather|SunnyDay","|move|p2a: Spyro|Focus Blast|p1a: @ - @","|-supereffective|p1a: @ - @","|-damage|p1a: @ - @|13/376","|","|-weather|SunnyDay|[upkeep]","|-heal|p1a: @ - @|36/376|[from] item: Leftovers","|turn|7","|","|move|p2a: Spyro|Focus Blast|p1a: @ - @","|-supereffective|p1a: @ - @","|-damage|p1a: @ - @|0 fnt","|faint|p1a: @ - @","|","|-weather|SunnyDay|[upkeep]","|","|switch|p1a: O . O|Diancie|241/241","|-damage|p1a: O . O|211/241|[from] Stealth Rock","|turn|8","|","|move|p1a: O . O|Protect|p1a: O . O","|-singleturn|p1a: O . O|Protect","|move|p2a: Spyro|Flamethrower|p1a: O . O","|-activate|p1a: O . O|Protect","|","|-weather|SunnyDay|[upkeep]","|turn|9","|","|switch|p1a: O w O|Tyranitar, F|155/341","|-damage|p1a: O w O|113/341|[from] Stealth Rock","|-weather|Sandstorm","|move|p2a: Spyro|Flamethrower|p1a: O w O","|-resisted|p1a: O w O","|-damage|p1a: O w O|84/341","|","|-weather|Sandstorm|[upkeep]","|-damage|p2a: Spyro|279/297|[from] sandstorm","|turn|10","|","|switch|p1a: ' u '|Shuckle, F|243/243","|-damage|p1a: ' u '|183/243|[from] Stealth Rock","|move|p2a: Spyro|Focus Blast|p1a: ' u '","|-damage|p1a: ' u '|131/243","|","|-weather|Sandstorm|[upkeep]","|-damage|p2a: Spyro|261/297|[from] sandstorm","|turn|11","|","|switch|p2a: Scooby-Snacks|Torkoal, M|322/343","|move|p1a: ' u '|Sticky Web|p2a: Scooby-Snacks","|-sidestart|p2: Sovereign♕Cactus|move: Sticky Web","|","|-weather|Sandstorm|[upkeep]","|-damage|p2a: Scooby-Snacks|301/343|[from] sandstorm","|turn|12","|","|move|p2a: Scooby-Snacks|Rapid Spin|p1a: ' u '","|-resisted|p1a: ' u '","|-damage|p1a: ' u '|128/243","|-sideend|p2: Sovereign♕Cactus|Sticky Web|[from] move: Rapid Spin|[of] p2a: Scooby-Snacks","|move|p1a: ' u '|Stealth Rock|p2a: Scooby-Snacks","|-sidestart|p2: Sovereign♕Cactus|move: Stealth Rock","|","|-weather|Sandstorm|[upkeep]","|-damage|p2a: Scooby-Snacks|280/343|[from] sandstorm","|turn|13","|","|move|p2a: Scooby-Snacks|Stealth Rock|p1a: ' u '","|-fail|p1a: ' u '","|move|p1a: ' u '|Encore|p2a: Scooby-Snacks","|-start|p2a: Scooby-Snacks|Encore","|","|-weather|none","|turn|14","|","|switch|p2a: Spyro|Charizard-Mega-Y, M, shiny|261/297","|-damage|p2a: Spyro|113/297|[from] Stealth Rock","|-weather|SunnyDay","|switch|p1a: O . O|Diancie|211/241","|-damage|p1a: O . O|181/241|[from] Stealth Rock","|","|-weather|SunnyDay|[upkeep]","|turn|15","|","|detailschange|p1a: O . O|Diancie-Mega","|-mega|p1a: O . O|Diancie|Diancite","|move|p2a: Spyro|Focus Blast|p1a: O . O","|-damage|p1a: O . O|1/241","|move|p1a: O . O|Moonblast|p2a: Spyro","|-resisted|p2a: Spyro","|-damage|p2a: Spyro|20/297","|-unboost|p2a: Spyro|spa|1","|","|-weather|SunnyDay|[upkeep]","|turn|16","|","|move|p1a: O . O|Diamond Storm|p2a: Spyro","|-supereffective|p2a: Spyro","|-damage|p2a: Spyro|0 fnt","|faint|p2a: Spyro","|","|-weather|SunnyDay|[upkeep]","|","|switch|p2a: Silver Jacket|Houndoom, M|291/291","|-damage|p2a: Silver Jacket|219/291|[from] Stealth Rock","|turn|17","|","|move|p2a: Silver Jacket|Flamethrower|p1a: O . O","|-resisted|p1a: O . O","|-damage|p1a: O . O|0 fnt","|faint|p1a: O . O","|","|-weather|SunnyDay|[upkeep]","|","|switch|p1a: = n =|Terrakion|323/323","|-damage|p1a: = n =|303/323|[from] Stealth Rock","|turn|18","|","|switch|p2a: Scooby-Snacks|Torkoal, M|280/343","|-damage|p2a: Scooby-Snacks|195/343|[from] Stealth Rock","|move|p1a: = n =|Earthquake|p2a: Scooby-Snacks","|-supereffective|p2a: Scooby-Snacks","|-damage|p2a: Scooby-Snacks|0 fnt","|faint|p2a: Scooby-Snacks","|","|-weather|none","|","|switch|p2a: Silver Jacket|Houndoom, M|219/291","|-damage|p2a: Silver Jacket|147/291|[from] Stealth Rock","|turn|19","|","|move|p2a: Silver Jacket|Destiny Bond|p2a: Silver Jacket","|-singlemove|p2a: Silver Jacket|Destiny Bond","|move|p1a: = n =|Earthquake|p2a: Silver Jacket","|-supereffective|p2a: Silver Jacket","|-damage|p2a: Silver Jacket|0 fnt","|faint|p2a: Silver Jacket","|-activate|p2a: Silver Jacket|Destiny Bond","|faint|p1a: = n =","|","|","|switch|p2a: Speedy McGee|Infernape, M|293/293","|switch|p1a: :^B|Rhyperior, F|409/409","|-damage|p2a: Speedy McGee|257/293|[from] Stealth Rock","|-damage|p1a: :^B|384/409|[from] Stealth Rock","|turn|20","|","|move|p2a: Speedy McGee|Close Combat|p1a: :^B","|-supereffective|p1a: :^B","|-damage|p1a: :^B|198/409","|-unboost|p2a: Speedy McGee|def|1","|-unboost|p2a: Speedy McGee|spd|1","|move|p1a: :^B|Earthquake|p2a: Speedy McGee","|-supereffective|p2a: Speedy McGee","|-damage|p2a: Speedy McGee|0 fnt","|faint|p2a: Speedy McGee","|","|","|switch|p2a: Faded Dreams|Chandelure, F, shiny|261/261","|-damage|p2a: Faded Dreams|196/261|[from] Stealth Rock","|turn|21","|","|move|p2a: Faded Dreams|Energy Ball|p1a: :^B","|-supereffective|p1a: :^B","|-damage|p1a: :^B|0 fnt","|faint|p1a: :^B","|","|","|switch|p1a: O w O|Tyranitar, F|84/341","|-damage|p1a: O w O|42/341|[from] Stealth Rock","|-weather|Sandstorm","|turn|22","|","|move|p2a: Faded Dreams|Energy Ball|p1a: O w O","|-supereffective|p1a: O w O","|-damage|p1a: O w O|0 fnt","|faint|p1a: O w O","|","|-weather|Sandstorm|[upkeep]","|-damage|p2a: Faded Dreams|180/261|[from] sandstorm","|","|switch|p1a: ' u '|Shuckle, F|128/243","|-damage|p1a: ' u '|68/243|[from] Stealth Rock","|turn|23","|","|move|p2a: Faded Dreams|Energy Ball|p1a: ' u '","|-damage|p1a: ' u '|27/243","|move|p1a: ' u '|Knock Off|p2a: Faded Dreams","|-crit|p2a: Faded Dreams","|-supereffective|p2a: Faded Dreams","|-damage|p2a: Faded Dreams|116/261","|-enditem|p2a: Faded Dreams|Choice Scarf|[from] move: Knock Off|[of] p1a: ' u '","|","|-weather|Sandstorm|[upkeep]","|-damage|p2a: Faded Dreams|100/261|[from] sandstorm","|turn|24","|","|move|p2a: Faded Dreams|Flamethrower|p1a: ' u '","|-damage|p1a: ' u '|0 fnt","|faint|p1a: ' u '","|","|win|Sovereign♕Cactus"],"p1rating":{"entryid":"7230720","serverid":"eos","formatid":"monotype","userid":"regirockybalboa","username":"RegirockyBalboa","w":"2","l":2,"t":"0","gxe":50.1,"r":"1500","rd":"130","sigma":"0","rptime":"1438074000","rpr":1500.8224506318,"rprd":105.87005626285,"rpsigma":"0","acre":1059.1883427757,"lacre":1059.1883427757,"oldacre":"1078.5690969011"},"p2rating":{"entryid":"6867552","serverid":"eos","formatid":"monotype","userid":"sovereigncactus","username":"Sovereign♕Cactus","w":28,"l":"34","t":"0","gxe":46.1,"r":"1471.0854772041","rd":"45.788369655943","sigma":"0","rptime":"1438074000","rpr":1470.6244862958,"rprd":45.101229477833,"rpsigma":"0","acre":1139.3155622619,"lacre":1139.3155622619,"oldacre":"1117.074995557"},"endType":"normal"}