{"seed":[42207,35047,7807,60747],"turns":28,"p1":"R06L29A01","p2":"Void Wiley","p1team":[{"name":"Druddigon","species":"Druddigon","item":"focussash","ability":"Rough Skin","moves":["glare","dragontail","earthquake","stealthrock"],"nature":"Adamant","evs":{"hp":248,"atk":252,"def":0,"spa":0,"spd":8,"spe":0},"shiny":true,"ivs":{"hp":31,"atk":31,"def":31,"spa":31,"spd":31,"spe":31}},{"name":"Dragonite","species":"Dragonite","item":"weaknesspolicy","ability":"Multiscale","moves":["extremespeed","dragondance","dragonclaw","earthquake"],"nature":"Adamant","evs":{"hp":0,"atk":252,"def":0,"spa":0,"spd":4,"spe":252},"ivs":{"hp":31,"atk":31,"def":31,"spa":31,"spd":31,"spe":31}},{"name":"Goodra","species":"Goodra","item":"assaultvest","ability":"Gooey","moves":["dragonpulse","icebeam","flamethrower","sludgebomb"],"nature":"Modest","evs":{"hp":248,"atk":0,"def":0,"spa":252,"spd":8,"spe":0},"shiny":true,"ivs":{"hp":31,"atk":31,"def":31,"spa":31,"spd":31,"spe":31}},{"name":"Latias","species":"Latias","item":"latiasite","ability":"Levitate","moves":["thunderbolt","recover","dragonpulse","surf"],"nature":"Modest","evs":{"hp":248,"atk":0,"def":0,"spa":252,"spd":8,"spe":0},"shiny":true,"ivs":{"hp":31,"atk":31,"def":31,"spa":31,"spd":31,"spe":31}},{"name":"Garchomp","species":"Garchomp","item":"focussash","ability":"Rough Skin","moves":["dragonclaw","swordsdance","earthquake","firefang"],"nature":"Jolly","evs":{"hp":0,"atk":252,"def":0,"spa":0,"spd":4,"spe":252},"shiny":true,"ivs":{"hp":31,"atk":31,"def":31,"spa":31,"spd":31,"spe":31}},{"name":"Salamence","species":"Salamence","item":"lifeorb","ability":"Moxie","moves":["dragontail","irontail","firefang","outrage"],"nature":"Jolly","evs":{"hp":0,"atk":252,"def":0,"spa":0,"spd":4,"spe":252},"shiny":true,"ivs":{"hp":31,"atk":31,"def":31,"spa":31,"spd":31,"spe":31}}],"p2team":[{"name":"Slurpuff","species":"Slurpuff","item":"sitrusberry","ability":"Unburden","moves":["bellydrum","drainpunch","playrough","aromatherapy"],"nature":"Jolly","evs":{"hp":4,"atk":252,"def":0,"spa":0,"spd":0,"spe":252},"ivs":{"hp":31,"atk":31,"def":31,"spa":31,"spd":31,"spe":31}},{"name":"Azumarill","species":"Azumarill","item":"sitrusberry","ability":"Huge Power","moves":["bellydrum","aquajet","brickbreak","playrough"],"nature":"Adamant","evs":{"hp":252,"atk":252,"def":0,"spa":0,"spd":4,"spe":0},"ivs":{"hp":31,"atk":31,"def":31,"spa":31,"spd":31,"spe":31}},{"name":"Flute","species":"gardevoir","item":"gardevoirite","ability":"Synchronize","moves":["psyshock","hypervoice","energyball","focusblast"],"nature":"Modest","evs":{"hp":248,"atk":0,"def":0,"spa":252,"spd":8,"spe":0},"ivs":{"hp":31,"atk":31,"def":31,"spa":31,"spd":31,"spe":31}},{"name":"Togekiss","species":"Togekiss","item":"choicescarf","ability":"Serene Grace","moves":["airslash","flamethrower","aurasphere","dazzlinggleam"],"nature":"Timid","evs":{"hp":0,"atk":0,"def":0,"spa":252,"spd":4,"spe":252},"ivs":{"hp":31,"atk":31,"def":31,"spa":31,"spd":31,"spe":31}},{"name":"Klefki","species":"Klefki","item":"lightclay","ability":"Prankster","moves":["thunderwave","lightscreen","reflect","foulplay"],"nature":"Bold","evs":{"hp":248,"atk":0,"def":252,"spa":0,"spd":8,"spe":0},"ivs":{"hp":31,"atk":31,"def":31,"spa":31,"spd":31,"spe":31}},{"name":"Sylveon","species":"Sylveon","item":"leftovers","ability":"Pixilate","moves":["hypervoice","wish","protect","calmmind"],"nature":"Calm","evs":{"hp":252,"atk":0,"def":0,"spa":4,"spd":252,"spe":0},"ivs":{"hp":31,"atk":31,"def":31,"spa":31,"spd":31,"spe":31}}],"log":["|player|p1|R06L29A01|209","|player|p2|Void Wiley|voidwiley.png","|gametype|singles","|gen|6","|tier|Monotype","|rated","|rule|Baton Pass Clause: Limit one Baton Passer, can't pass Spe and other stats simultaneously","|rule|Swagger Clause: Swagger is banned","|rule|Same Type Clause: Pokémon in a team must share a type","|clearpoke","|poke|p1|Druddigon, F, shiny","|poke|p1|Dragonite, F","|poke|p1|Goodra, F, shiny","|poke|p1|Latias, F, shiny","|poke|p1|Garchomp, M, shiny","|poke|p1|Salamence, F, shiny","|poke|p2|Slurpuff, F","|poke|p2|Azumarill, M","|poke|p2|Gardevoir, M","|poke|p2|Togekiss, F","|poke|p2|Klefki, F","|poke|p2|Sylveon, M","|rule|Sleep Clause Mod: Limit one foe put to sleep","|rule|Species Clause: Limit one of each Pokémon","|rule|OHKO Clause: OHKO moves are banned","|rule|Moody Clause: Moody is banned","|rule|Evasion Moves Clause: Evasion moves are banned","|rule|Endless Battle Clause: Forcing endless battles is banned","|rule|HP Percentage Mod: HP is shown in percentages","|teampreview","|","|start","|switch|p1a: Druddigon|Druddigon, F, shiny|357/357","|switch|p2a: Klefki|Klefki, F|317/317","|turn|1","|","|move|p2a: Klefki|Thunder Wave|p1a: Druddigon","|-status|p1a: Druddigon|par","|move|p1a: Druddigon|Stealth Rock|p2a: Klefki","|-sidestart|p2: Void Wiley|move: Stealth Rock","|","|turn|2","|","|switch|p2a: Sylveon|Sylveon, M|394/394","|-damage|p2a: Sylveon|345/394|[from] Stealth Rock","|move|p1a: Druddigon|Glare|p2a: Sylveon","|-status|p2a: Sylveon|par","|","|-heal|p2a: Sylveon|369/394 par|[from] item: Leftovers","|turn|3","|","|cant|p2a: Sylveon|par","|move|p1a: Druddigon|Earthquake|p2a: Sylveon","|-damage|p2a: Sylveon|181/394 par","|","|-heal|p2a: Sylveon|205/394 par|[from] item: Leftovers","|turn|4","|","|cant|p2a: Sylveon|par","|cant|p1a: Druddigon|par","|","|-heal|p2a: Sylveon|229/394 par|[from] item: Leftovers","|turn|5","|","|move|p2a: Sylveon|Wish|p2a: Sylveon","|move|p1a: Druddigon|Earthquake|p2a: Sylveon","|-damage|p2a: Sylveon|47/394 par","|","|-heal|p2a: Sylveon|71/394 par|[from] item: Leftovers","|turn|6","|","|move|p2a: Sylveon|Protect|p2a: Sylveon","|-singleturn|p2a: Sylveon|Protect","|move|p1a: Druddigon|Earthquake|p2a: Sylveon","|-activate|p2a: Sylveon|Protect","|","|-heal|p2a: Sylveon|268/394 par|[from] move: Wish|[wisher] Sylveon","|-heal|p2a: Sylveon|292/394 par|[from] item: Leftovers","|turn|7","|","|switch|p1a: Salamence|Salamence, F, shiny|331/331","|move|p2a: Sylveon|Hyper Voice|p1a: Salamence","|-supereffective|p1a: Salamence","|-damage|p1a: Salamence|0 fnt","|faint|p1a: Salamence","|","|-heal|p2a: Sylveon|316/394 par|[from] item: Leftovers","|","|switch|p1a: Goodra|Goodra, F, shiny|383/383","|turn|8","|","|move|p1a: Goodra|Sludge Bomb|p2a: Sylveon","|-supereffective|p2a: Sylveon","|-damage|p2a: Sylveon|188/394 par","|move|p2a: Sylveon|Hyper Voice|p1a: Goodra","|-supereffective|p1a: Goodra","|-damage|p1a: Goodra|249/383","|","|-heal|p2a: Sylveon|212/394 par|[from] item: Leftovers","|turn|9","|","|switch|p1a: Druddigon|Druddigon, F, shiny|357/357 par","|move|p2a: Sylveon|Wish|p2a: Sylveon","|","|-heal|p2a: Sylveon|236/394 par|[from] item: Leftovers","|turn|10","|","|move|p2a: Sylveon|Hyper Voice|p1a: Druddigon","|-supereffective|p1a: Druddigon","|-damage|p1a: Druddigon|55/357 par","|move|p1a: Druddigon|Earthquake|p2a: Sylveon","|-damage|p2a: Sylveon|73/394 par","|","|-heal|p2a: Sylveon|270/394 par|[from] move: Wish|[wisher] Sylveon","|-heal|p2a: Sylveon|294/394 par|[from] item: Leftovers","|turn|11","|","|move|p2a: Sylveon|Hyper Voice|p1a: Druddigon","|-supereffective|p1a: Druddigon","|-damage|p1a: Druddigon|0 fnt","|faint|p1a: Druddigon","|","|-heal|p2a: Sylveon|318/394 par|[from] item: Leftovers","|","|switch|p1a: Dragonite|Dragonite, F|323/323","|turn|12","|","|move|p1a: Dragonite|Dragon Dance|p1a: Dragonite","|-boost|p1a: Dragonite|atk|1","|-boost|p1a: Dragonite|spe|1","|move|p2a: Sylveon|Hyper Voice|p1a: Dragonite","|-supereffective|p1a: Dragonite","|-damage|p1a: Dragonite|172/323","|-enditem|p1a: Dragonite|Weakness Policy","|-boost|p1a: Dragonite|atk|2|[from] item: Weakness Policy","|-boost|p1a: Dragonite|spa|2|[from] item: Weakness Policy","|","|-heal|p2a: Sylveon|342/394 par|[from] item: Leftovers","|turn|13","|","|move|p1a: Dragonite|Earthquake|p2a: Sylveon","|-damage|p2a: Sylveon|0 fnt","|faint|p2a: Sylveon","|","|","|switch|p2a: Klefki|Klefki, F|317/317","|-damage|p2a: Klefki|298/317|[from] Stealth Rock","|turn|14","|","|move|p2a: Klefki|Thunder Wave|p1a: Dragonite","|-status|p1a: Dragonite|par","|cant|p1a: Dragonite|par","|","|turn|15","|","|move|p2a: Klefki|Foul Play|p1a: Dragonite","|-damage|p1a: Dragonite|0 fnt","|faint|p1a: Dragonite","|","|","|switch|p1a: Garchomp|Garchomp, M, shiny|357/357","|turn|16","|","|move|p2a: Klefki|Reflect|p2a: Klefki","|-sidestart|p2: Void Wiley|Reflect","|move|p1a: Garchomp|Swords Dance|p1a: Garchomp","|-boost|p1a: Garchomp|atk|2","|","|turn|17","|","|move|p1a: Garchomp|Earthquake|p2a: Klefki","|-supereffective|p2a: Klefki","|-damage|p2a: Klefki|15/317","|move|p2a: Klefki|Foul Play|p1a: Garchomp","|-damage|p1a: Garchomp|105/357","|-damage|p2a: Klefki|0 fnt|[from] ability: Rough Skin|[of] p1a: Garchomp","|faint|p2a: Klefki","|","|","|switch|p2a: Togekiss|Togekiss, F|311/311","|-damage|p2a: Togekiss|234/311|[from] Stealth Rock","|turn|18","|","|move|p2a: Togekiss|Air Slash|p1a: Garchomp","|-damage|p1a: Garchomp|0 fnt","|faint|p1a: Garchomp","|","|","|switch|p1a: Latias|Latias, F, shiny|363/363","|turn|19","|","|detailschange|p1a: Latias|Latias-Mega, F, shiny","|-mega|p1a: Latias|Latias|Latiasite","|move|p2a: Togekiss|Air Slash|p1a: Latias","|-damage|p1a: Latias|269/363","|cant|p1a: Latias|flinch","|","|turn|20","|","|move|p2a: Togekiss|Air Slash|p1a: Latias|[miss]","|-miss|p2a: Togekiss|p1a: Latias","|move|p1a: Latias|Thunderbolt|p2a: Togekiss","|-supereffective|p2a: Togekiss","|-damage|p2a: Togekiss|6/311","|","|turn|21","|","|move|p2a: Togekiss|Air Slash|p1a: Latias","|-damage|p1a: Latias|181/363","|cant|p1a: Latias|flinch","|","|turn|22","|","|move|p2a: Togekiss|Air Slash|p1a: Latias","|-crit|p1a: Latias","|-damage|p1a: Latias|45/363","|move|p1a: Latias|Recover|p1a: Latias","|-heal|p1a: Latias|227/363","|","|turn|23","|","|move|p2a: Togekiss|Air Slash|p1a: Latias","|-damage|p1a: Latias|134/363","|move|p1a: Latias|Recover|p1a: Latias","|-heal|p1a: Latias|316/363","|","|-sideend|p2: Void Wiley|Reflect","|turn|24","|","|move|p2a: Togekiss|Air Slash|p1a: Latias","|-damage|p1a: Latias|228/363","|move|p1a: Latias|Thunderbolt|p2a: Togekiss","|-supereffective|p2a: Togekiss","|-damage|p2a: Togekiss|0 fnt","|faint|p2a: Togekiss","|","|","|switch|p2a: Slurpuff|Slurpuff, F|306/306","|-damage|p2a: Slurpuff|268/306|[from] Stealth Rock","|turn|25","|","|move|p2a: Slurpuff|Play Rough|p1a: Latias|[miss]","|-miss|p2a: Slurpuff|p1a: Latias","|move|p1a: Latias|Recover|p1a: Latias","|-heal|p1a: Latias|363/363","|","|turn|26","|","|move|p2a: Slurpuff|Play Rough|p1a: Latias","|-supereffective|p1a: Latias","|-damage|p1a: Latias|175/363","|move|p1a: Latias|Thunderbolt|p2a: Slurpuff","|-damage|p2a: Slurpuff|115/306","|-enditem|p2a: Slurpuff|Sitrus Berry|[eat]","|-heal|p2a: Slurpuff|191/306|[from] item: Sitrus Berry","|","|turn|27","|","|move|p2a: Slurpuff|Play Rough|p1a: Latias","|-supereffective|p1a: Latias","|-damage|p1a: Latias|0 fnt","|faint|p1a: Latias","|","|","|switch|p1a: Goodra|Goodra, F, shiny|249/383","|turn|28","|","|move|p2a: Slurpuff|Play Rough|p1a: Goodra","|-supereffective|p1a: Goodra","|-damage|p1a: Goodra|0 fnt","|-unboost|p2a: Slurpuff|spe|1","|faint|p1a: Goodra","|","|win|Void Wiley"],"p1rating":{"entryid":"6931648","serverid":"eos","formatid":"monotype","userid":"r06l29a01","username":"R06L29A01","w":"37","l":38,"t":"0","gxe":50.9,"r":"1503.1995568522","rd":"42.027317666305","sigma":"0","rptime":"1438074000","rpr":1506.8748832328,"rprd":41.034632268032,"rpsigma":"0","acre":1110.6103784219,"lacre":1110.6103784219,"oldacre":"1128.9276611477"},"p2rating":{"entryid":"5697050","serverid":"eos","formatid":"monotype","userid":"voidwiley","username":"Void Wiley","w":142,"l":"125","t":"0","gxe":55.6,"r":"1540.4483143168","rd":"26.121346186812","sigma":"0","rptime":"1438074000","rpr":1542.1793629037,"rprd":26.049917942824,"rpsigma":"0","acre":1242.4294931109,"lacre":1242.4294931109,"oldacre":"1224.1122103851"},"endType":"normal"}