{"seed":[42721,49583,6870,47895],"turns":17,"p1":"The mega poliwrath","p2":"dremsis","p1team":[{"name":"Arcanine","species":"Arcanine","item":"choicescarf","ability":"Intimidate","moves":["closecombat","crunch","flareblitz","wildcharge"],"nature":"Jolly","evs":{"hp":0,"atk":252,"def":0,"spa":0,"spd":4,"spe":252},"shiny":true,"ivs":{"hp":31,"atk":31,"def":31,"spa":31,"spd":31,"spe":31}},{"name":"Darmanitan","species":"Darmanitan","item":"assaultvest","ability":"Sheer Force","moves":["superpower","uturn","flareblitz","zenheadbutt"],"nature":"Adamant","evs":{"hp":0,"atk":252,"def":0,"spa":0,"spd":4,"spe":252},"shiny":true,"ivs":{"hp":31,"atk":31,"def":31,"spa":31,"spd":31,"spe":31}},{"name":"Infernape","species":"Infernape","item":"focussash","ability":"Iron Fist","moves":["closecombat","firepunch","thunderpunch","stoneedge"],"nature":"Jolly","evs":{"hp":0,"atk":252,"def":0,"spa":0,"spd":4,"spe":252},"shiny":true,"ivs":{"hp":31,"atk":31,"def":31,"spa":31,"spd":31,"spe":31}},{"name":"Charizard","species":"Charizard","item":"charizarditey","ability":"Blaze","moves":["flamethrower","airslash","solarbeam","ancientpower"],"nature":"Timid","evs":{"hp":0,"atk":0,"def":0,"spa":252,"spd":4,"spe":252},"shiny":true,"ivs":{"hp":31,"atk":31,"def":31,"spa":31,"spd":31,"spe":31}},{"name":"Volcarona","species":"Volcarona","item":"leftovers","ability":"Flame Body","moves":["fierydance","bugbuzz","gigadrain","quiverdance"],"nature":"Modest","evs":{"hp":0,"atk":0,"def":0,"spa":252,"spd":4,"spe":252},"shiny":true,"ivs":{"hp":31,"atk":31,"def":31,"spa":31,"spd":31,"spe":31}},{"name":"Magmortar","species":"Magmortar","item":"charcoal","ability":"Vital Spirit","moves":["flamethrower","psychic","thunderbolt","willowisp"],"nature":"Modest","evs":{"hp":248,"atk":0,"def":0,"spa":252,"spd":8,"spe":0},"ivs":{"hp":31,"atk":31,"def":31,"spa":31,"spd":31,"spe":31}}],"p2team":[{"name":"Aerodactyl","species":"Aerodactyl","item":"choiceband","ability":"Rock Head","moves":["earthquake","stoneedge","aerialace","icefang"],"nature":"Jolly","evs":{"hp":4,"atk":252,"def":0,"spa":0,"spd":0,"spe":252},"gender":"M","ivs":{"hp":31,"atk":31,"def":31,"spa":31,"spd":31,"spe":31}},{"name":"Ty$","species":"tyranitar","item":"sitrusberry","ability":"Sand Stream","moves":["stoneedge","fireblast","thunderwave","crunch"],"nature":"Brave","evs":{"hp":252,"atk":128,"def":0,"spa":128,"spd":0,"spe":0},"gender":"M","shiny":true,"ivs":{"hp":31,"atk":31,"def":31,"spa":31,"spd":31,"spe":31}},{"name":"Shuckle","species":"Shuckle","item":"leftovers","ability":"Contrary","moves":["stealthrock","stickyweb","powersplit","toxic"],"nature":"Calm","evs":{"hp":252,"atk":0,"def":4,"spa":0,"spd":252,"spe":0},"shiny":true,"ivs":{"hp":31,"atk":31,"def":31,"spa":31,"spd":31,"spe":31}},{"name":"Bulldog","species":"terrakion","item":"choicescarf","ability":"Justified","moves":["stoneedge","ironhead","closecombat","zenheadbutt"],"nature":"Jolly","evs":{"hp":4,"atk":252,"def":0,"spa":0,"spd":0,"spe":252},"ivs":{"hp":31,"atk":31,"def":31,"spa":31,"spd":31,"spe":31}},{"name":"Tanker","species":"aggron","item":"aggronite","ability":"Heavy Metal","moves":["heavyslam","sleeptalk","rest","curse"],"nature":"Adamant","evs":{"hp":252,"atk":252,"def":4,"spa":0,"spd":0,"spe":0},"gender":"M","ivs":{"hp":31,"atk":31,"def":31,"spa":31,"spd":31,"spe":31}},{"name":"Kradily","species":"cradily","item":"leftovers","ability":"Storm Drain","moves":["recover","gigadrain","sludgewave","toxic"],"nature":"Calm","evs":{"hp":252,"atk":0,"def":4,"spa":0,"spd":252,"spe":0},"gender":"M","ivs":{"hp":31,"atk":31,"def":31,"spa":31,"spd":31,"spe":31}}],"log":["|player|p1|The mega poliwrath|1","|player|p2|dremsis|164","|gametype|singles","|gen|6","|tier|Monotype","|rated","|rule|Baton Pass Clause: Limit one Baton Passer, can't pass Spe and other stats simultaneously","|rule|Swagger Clause: Swagger is banned","|rule|Same Type Clause: Pokémon in a team must share a type","|clearpoke","|poke|p1|Arcanine, M, shiny","|poke|p1|Darmanitan, F, shiny","|poke|p1|Infernape, M, shiny","|poke|p1|Charizard, F, shiny","|poke|p1|Volcarona, F, shiny","|poke|p1|Magmortar, F","|poke|p2|Aerodactyl, M","|poke|p2|Tyranitar, M, shiny","|poke|p2|Shuckle, M, shiny","|poke|p2|Terrakion","|poke|p2|Aggron, M","|poke|p2|Cradily, M","|rule|Sleep Clause Mod: Limit one foe put to sleep","|rule|Species Clause: Limit one of each Pokémon","|rule|OHKO Clause: OHKO moves are banned","|rule|Moody Clause: Moody is banned","|rule|Evasion Moves Clause: Evasion moves are banned","|rule|Endless Battle Clause: Forcing endless battles is banned","|rule|HP Percentage Mod: HP is shown in percentages","|teampreview","|","|start","|switch|p1a: Volcarona|Volcarona, F, shiny|311/311","|switch|p2a: Shuckle|Shuckle, M, shiny|244/244","|turn|1","|","|move|p1a: Volcarona|Quiver Dance|p1a: Volcarona","|-boost|p1a: Volcarona|spa|1","|-boost|p1a: Volcarona|spd|1","|-boost|p1a: Volcarona|spe|1","|move|p2a: Shuckle|Toxic|p1a: Volcarona","|-status|p1a: Volcarona|tox","|","|-damage|p1a: Volcarona|292/311 tox|[from] psn","|turn|2","|","|move|p1a: Volcarona|Fiery Dance|p2a: Shuckle","|-damage|p2a: Shuckle|150/244","|move|p2a: Shuckle|Power Split|p1a: Volcarona","|-activate|p2a: Shuckle|Power Split|[of] p1a: Volcarona","|","|-heal|p1a: Volcarona|311/311 tox|[from] item: Leftovers","|-heal|p2a: Shuckle|165/244|[from] item: Leftovers","|-damage|p1a: Volcarona|273/311 tox|[from] psn","|turn|3","|","|move|p1a: Volcarona|Bug Buzz|p2a: Shuckle","|-damage|p2a: Shuckle|102/244","|move|p2a: Shuckle|Stealth Rock|p1a: Volcarona","|-sidestart|p1: The mega poliwrath|move: Stealth Rock","|","|-heal|p1a: Volcarona|292/311 tox|[from] item: Leftovers","|-heal|p2a: Shuckle|117/244|[from] item: Leftovers","|-damage|p1a: Volcarona|235/311 tox|[from] psn","|turn|4","|","|move|p1a: Volcarona|Fiery Dance|p2a: Shuckle","|-damage|p2a: Shuckle|62/244","|-boost|p1a: Volcarona|spa|1","|move|p2a: Shuckle|Sticky Web|p1a: Volcarona","|-sidestart|p1: The mega poliwrath|move: Sticky Web","|","|-heal|p1a: Volcarona|254/311 tox|[from] item: Leftovers","|-heal|p2a: Shuckle|77/244|[from] item: Leftovers","|-damage|p1a: Volcarona|178/311 tox|[from] psn","|turn|5","|","|move|p1a: Volcarona|Fiery Dance|p2a: Shuckle","|-damage|p2a: Shuckle|11/244","|-boost|p1a: Volcarona|spa|1","|move|p2a: Shuckle|Power Split|p1a: Volcarona","|-activate|p2a: Shuckle|Power Split|[of] p1a: Volcarona","|","|-heal|p1a: Volcarona|197/311 tox|[from] item: Leftovers","|-heal|p2a: Shuckle|26/244|[from] item: Leftovers","|-damage|p1a: Volcarona|102/311 tox|[from] psn","|turn|6","|","|move|p1a: Volcarona|Fiery Dance|p2a: Shuckle","|-damage|p2a: Shuckle|0 fnt","|faint|p2a: Shuckle","|","|-heal|p1a: Volcarona|121/311 tox|[from] item: Leftovers","|-damage|p1a: Volcarona|7/311 tox|[from] psn","|","|switch|p2a: Tanker|Aggron, M|344/344","|turn|7","|","|switch|p2a: Ty$|Tyranitar, M, shiny|404/404","|-weather|Sandstorm","|move|p1a: Volcarona|Fiery Dance|p2a: Ty$","|-resisted|p2a: Ty$","|-damage|p2a: Ty$|326/404","|","|-weather|Sandstorm|[upkeep]","|-damage|p1a: Volcarona|0 fnt|[from] sandstorm","|faint|p1a: Volcarona","|","|switch|p1a: Charizard|Charizard, F, shiny|297/297","|-damage|p1a: Charizard|149/297|[from] Stealth Rock","|turn|8","|","|switch|p2a: Kradily|Cradily, M|376/376","|detailschange|p1a: Charizard|Charizard-Mega-Y, F, shiny","|-mega|p1a: Charizard|Charizard|Charizardite Y","|-weather|SunnyDay","|move|p1a: Charizard|Solar Beam|p2a: Kradily|[still]","|-prepare|p1a: Charizard|Solar Beam|p2a: Kradily","|-anim|p1a: Charizard|Solar Beam|p2a: Kradily","|-damage|p2a: Kradily|259/376","|","|-weather|SunnyDay|[upkeep]","|-heal|p2a: Kradily|282/376|[from] item: Leftovers","|turn|9","|","|switch|p2a: Ty$|Tyranitar, M, shiny|326/404","|-weather|Sandstorm","|move|p1a: Charizard|Flamethrower|p2a: Ty$","|-resisted|p2a: Ty$","|-damage|p2a: Ty$|266/404","|","|-weather|Sandstorm|[upkeep]","|-damage|p1a: Charizard|131/297|[from] sandstorm","|turn|10","|","|move|p1a: Charizard|Solar Beam|p2a: Ty$|[still]","|-prepare|p1a: Charizard|Solar Beam|p2a: Ty$","|move|p2a: Ty$|Thunder Wave|p1a: Charizard","|-status|p1a: Charizard|par","|","|-weather|Sandstorm|[upkeep]","|-damage|p1a: Charizard|113/297 par|[from] sandstorm","|turn|11","|","|move|p2a: Ty$|Crunch|p1a: Charizard","|-damage|p1a: Charizard|0 fnt","|faint|p1a: Charizard","|","|-weather|Sandstorm|[upkeep]","|","|switch|p1a: Darmanitan|Darmanitan, F, shiny|351/351","|-damage|p1a: Darmanitan|264/351|[from] Stealth Rock","|-activate|p1a: Darmanitan|move: Sticky Web","|-unboost|p1a: Darmanitan|spe|1","|turn|12","|","|switch|p2a: Kradily|Cradily, M|282/376","|move|p1a: Darmanitan|U-turn|p2a: Kradily","|-supereffective|p2a: Kradily","|-damage|p2a: Kradily|80/376","|","|switch|p1a: Arcanine|Arcanine, M, shiny|321/321","|-activate|p1a: Arcanine|move: Sticky Web","|-unboost|p1a: Arcanine|spe|1","|-damage|p1a: Arcanine|241/321|[from] Stealth Rock","|-ability|p1a: Arcanine|Intimidate","|-unboost|p2a: Kradily|atk|1","|","|-weather|Sandstorm|[upkeep]","|-damage|p1a: Arcanine|221/321|[from] sandstorm","|-heal|p2a: Kradily|103/376|[from] item: Leftovers","|turn|13","|","|move|p1a: Arcanine|Flare Blitz|p2a: Kradily","|-damage|p2a: Kradily|0 fnt","|-damage|p1a: Arcanine|187/321|[from] recoil|[of] p2a: Kradily","|faint|p2a: Kradily","|","|-weather|none","|","|switch|p2a: Aerodactyl|Aerodactyl, M|302/302","|turn|14","|","|move|p2a: Aerodactyl|Earthquake|p1a: Arcanine","|-supereffective|p1a: Arcanine","|-damage|p1a: Arcanine|0 fnt","|faint|p1a: Arcanine","|","|","|switch|p1a: Darmanitan|Darmanitan, F, shiny|264/351","|-damage|p1a: Darmanitan|177/351|[from] Stealth Rock","|-activate|p1a: Darmanitan|move: Sticky Web","|-unboost|p1a: Darmanitan|spe|1","|turn|15","|","|move|p2a: Aerodactyl|Earthquake|p1a: Darmanitan","|-supereffective|p1a: Darmanitan","|-damage|p1a: Darmanitan|0 fnt","|faint|p1a: Darmanitan","|","|","|switch|p1a: Magmortar|Magmortar, F|353/353","|-damage|p1a: Magmortar|265/353|[from] Stealth Rock","|-activate|p1a: Magmortar|move: Sticky Web","|-unboost|p1a: Magmortar|spe|1","|turn|16","|","|move|p2a: Aerodactyl|Earthquake|p1a: Magmortar","|-supereffective|p1a: Magmortar","|-damage|p1a: Magmortar|0 fnt","|faint|p1a: Magmortar","|","|","|switch|p1a: Infernape|Infernape, M, shiny|293/293","|-damage|p1a: Infernape|257/293|[from] Stealth Rock","|-activate|p1a: Infernape|move: Sticky Web","|-unboost|p1a: Infernape|spe|1","|turn|17","|","|move|p2a: Aerodactyl|Earthquake|p1a: Infernape","|-crit|p1a: Infernape","|-supereffective|p1a: Infernape","|-damage|p1a: Infernape|0 fnt","|faint|p1a: Infernape","|","|win|dremsis"],"p1rating":{"entryid":"7210585","serverid":"eos","formatid":"monotype","userid":"themegapoliwrath","username":"The mega poliwrath","w":"2","l":3,"t":"0","gxe":46.7,"r":"1540.1606143388","rd":"122.8583080769","sigma":"0","rptime":"1438074000","rpr":1473.8850870164,"rprd":102.18986230328,"rpsigma":"0","acre":1023.542963471,"lacre":1023.542963471,"oldacre":"1041.7503988803"},"p2rating":{"entryid":7230249,"formatid":"monotype","userid":"dremsis","username":"dremsis","r":1500,"rd":130,"sigma":0,"rpr":1544.7991079654,"rprd":122.83141802352,"rpsigma":0,"rptime":1438074000,"w":1,"l":0,"t":0,"gxe":55.6,"acre":1044.7836886624,"lacre":1044.7836886624,"oldacre":1000},"endType":"normal"}