{"seed":[19049,32013,4524,35082],"turns":20,"p1":"TBOT Water","p2":"Traine✘ Dead","p1team":[{"name":"Lapras","species":"Lapras","item":"leftovers","ability":"Water Absorb","moves":["dragondance","iceshard","healbell","waterfall"],"nature":"Adamant","evs":{"hp":0,"atk":252,"def":0,"spa":0,"spd":4,"spe":252},"ivs":{"hp":31,"atk":31,"def":31,"spa":31,"spd":31,"spe":31}},{"name":"Abomasnow","species":"Abomasnow","item":"focussash","ability":"Snow Warning","moves":["blizzard","gigadrain","hiddenpowerfire","iceshard"],"nature":"Mild","evs":{"hp":0,"atk":4,"def":0,"spa":252,"spd":0,"spe":252},"gender":"F","ivs":{"hp":31,"atk":30,"def":31,"spa":30,"spd":31,"spe":30},"shiny":true},{"name":"Kyurem-Black","species":"Kyurem-Black","item":"choicescarf","ability":"Teravolt","moves":["earthpower","fusionbolt","ironhead","outrage"],"nature":"Naive","evs":{"hp":0,"atk":252,"def":0,"spa":4,"spd":0,"spe":252},"shiny":true,"ivs":{"hp":31,"atk":31,"def":31,"spa":31,"spd":31,"spe":31}},{"name":"Mamoswine","species":"Mamoswine","item":"focussash","ability":"Snow Cloak","moves":["stealthrock","earthquake","iceshard","knockoff"],"nature":"Adamant","evs":{"hp":4,"atk":252,"def":0,"spa":0,"spd":0,"spe":252},"gender":"F","ivs":{"hp":31,"atk":31,"def":31,"spa":31,"spd":31,"spe":31}},{"name":"Glaceon","species":"Glaceon","item":"choicespecs","ability":"Snow Cloak","moves":["icebeam","hiddenpowerground","shadowball","blizzard"],"nature":"Modest","evs":{"hp":0,"atk":0,"def":0,"spa":252,"spd":4,"spe":252},"gender":"F","ivs":{"hp":31,"atk":31,"def":31,"spa":30,"spd":30,"spe":31},"shiny":true},{"name":"Avalugg","species":"Avalugg","item":"leftovers","ability":"Sturdy","moves":["rapidspin","recover","superpower","mirrorcoat"],"nature":"Impish","evs":{"hp":252,"atk":4,"def":252,"spa":0,"spd":0,"spe":0},"gender":"F","ivs":{"hp":31,"atk":31,"def":31,"spa":31,"spd":31,"spe":31}}],"p2team":[{"name":"Machamp","species":"Machamp","item":"assaultvest","ability":"No Guard","moves":["dynamicpunch","bulletpunch","payback","icepunch"],"nature":"Adamant","evs":{"hp":184,"atk":252,"def":0,"spa":0,"spd":72,"spe":0},"ivs":{"hp":31,"atk":31,"def":31,"spa":31,"spd":31,"spe":31}},{"name":"Hawlucha","species":"Hawlucha","item":"powerherb","ability":"Unburden","moves":["acrobatics","skyattack","highjumpkick","flyingpress"],"nature":"Adamant","evs":{"hp":4,"atk":252,"def":0,"spa":0,"spd":0,"spe":252},"ivs":{"hp":31,"atk":31,"def":31,"spa":31,"spd":31,"spe":31}},{"name":"Cobalion","species":"Cobalion","item":"leftovers","ability":"Justified","moves":["swordsdance","ironhead","closecombat","substitute"],"nature":"Jolly","evs":{"hp":4,"atk":252,"def":0,"spa":0,"spd":0,"spe":252},"shiny":true,"ivs":{"hp":31,"atk":31,"def":31,"spa":31,"spd":31,"spe":31}},{"name":"Medicham","species":"Medicham","item":"medichamite","ability":"Pure Power","moves":["fakeout","zenheadbutt","highjumpkick","thunderpunch"],"nature":"Adamant","evs":{"hp":156,"atk":252,"def":0,"spa":0,"spd":0,"spe":100},"ivs":{"hp":31,"atk":31,"def":31,"spa":31,"spd":31,"spe":31}},{"name":"Breloom","species":"Breloom","item":"focussash","ability":"Technician","moves":["bulletseed","machpunch","spore","forcepalm"],"nature":"Jolly","evs":{"hp":4,"atk":252,"def":0,"spa":0,"spd":0,"spe":252},"ivs":{"hp":31,"atk":31,"def":31,"spa":31,"spd":31,"spe":31}},{"name":"Keldeo","species":"Keldeo","item":"choicespecs","ability":"Justified","moves":["scald","focusblast","hydropump","hiddenpowerice"],"nature":"Timid","evs":{"hp":0,"atk":0,"def":4,"spa":252,"spd":0,"spe":252},"ivs":{"hp":31,"atk":30,"def":30,"spa":31,"spd":31,"spe":31}}],"log":["|player|p1|TBOT Water|15","|player|p2|Traine✘ Dead|25","|gametype|singles","|gen|6","|tier|Monotype","|rated","|rule|Baton Pass Clause: Limit one Baton Passer, can't pass Spe and other stats simultaneously","|rule|Swagger Clause: Swagger is banned","|rule|Same Type Clause: Pokémon in a team must share a type","|clearpoke","|poke|p1|Lapras, F","|poke|p1|Abomasnow, F, shiny","|poke|p1|Kyurem-Black, shiny","|poke|p1|Mamoswine, F","|poke|p1|Glaceon, F, shiny","|poke|p1|Avalugg, F","|poke|p2|Machamp, F","|poke|p2|Hawlucha, F","|poke|p2|Cobalion, shiny","|poke|p2|Medicham, F","|poke|p2|Breloom, F","|poke|p2|Keldeo","|rule|Sleep Clause Mod: Limit one foe put to sleep","|rule|Species Clause: Limit one of each Pokémon","|rule|OHKO Clause: OHKO moves are banned","|rule|Moody Clause: Moody is banned","|rule|Evasion Moves Clause: Evasion moves are banned","|rule|Endless Battle Clause: Forcing endless battles is banned","|rule|HP Percentage Mod: HP is shown in percentages","|teampreview","|","|start","|switch|p1a: Abomasnow|Abomasnow, F, shiny|321/321","|switch|p2a: Breloom|Breloom, F|262/262","|-weather|Hail","|turn|1","|","|move|p2a: Breloom|Force Palm|p1a: Abomasnow","|-supereffective|p1a: Abomasnow","|-enditem|p1a: Abomasnow|Focus Sash","|-damage|p1a: Abomasnow|1/321","|move|p1a: Abomasnow|Blizzard|p2a: Breloom","|-crit|p2a: Breloom","|-supereffective|p2a: Breloom","|-enditem|p2a: Breloom|Focus Sash","|-damage|p2a: Breloom|1/262","|","|-weather|Hail|[upkeep]","|-damage|p2a: Breloom|0 fnt|[from] hail","|faint|p2a: Breloom","|","|switch|p2a: Machamp|Machamp, F|367/367","|turn|2","|","|move|p2a: Machamp|Bullet Punch|p1a: Abomasnow","|-supereffective|p1a: Abomasnow","|-damage|p1a: Abomasnow|0 fnt","|faint|p1a: Abomasnow","|","|-weather|Hail|[upkeep]","|-damage|p2a: Machamp|345/367|[from] hail","|","|switch|p1a: Glaceon|Glaceon, F, shiny|271/271","|turn|3","|","|move|p1a: Glaceon|Blizzard|p2a: Machamp","|-damage|p2a: Machamp|119/367","|move|p2a: Machamp|Dynamic Punch|p1a: Glaceon","|-supereffective|p1a: Glaceon","|-damage|p1a: Glaceon|0 fnt","|faint|p1a: Glaceon","|","|-weather|Hail|[upkeep]","|-damage|p2a: Machamp|97/367|[from] hail","|","|switch|p1a: Mamoswine|Mamoswine, F|362/362","|turn|4","|","|switch|p1a: Avalugg|Avalugg, F|394/394","|move|p2a: Machamp|Bullet Punch|p1a: Avalugg","|-supereffective|p1a: Avalugg","|-damage|p1a: Avalugg|344/394","|","|-weather|Hail|[upkeep]","|-damage|p2a: Machamp|75/367|[from] hail","|-heal|p1a: Avalugg|368/394|[from] item: Leftovers","|turn|5","|","|move|p2a: Machamp|Dynamic Punch|p1a: Avalugg","|-supereffective|p1a: Avalugg","|-damage|p1a: Avalugg|188/394","|-start|p1a: Avalugg|confusion","|-activate|p1a: Avalugg|confusion","|move|p1a: Avalugg|Superpower|p2a: Machamp","|-damage|p2a: Machamp|0 fnt","|-unboost|p1a: Avalugg|atk|1","|-unboost|p1a: Avalugg|def|1","|faint|p2a: Machamp","|","|-weather|none","|-heal|p1a: Avalugg|212/394|[from] item: Leftovers","|","|switch|p2a: Hawlucha|Hawlucha, F|298/298","|turn|6","|","|move|p2a: Hawlucha|Sky Attack|p1a: Avalugg|[still]|[miss]","|-prepare|p2a: Hawlucha|Sky Attack|p1a: Avalugg","|-enditem|p2a: Hawlucha|Power Herb","|-anim|p2a: Hawlucha|Sky Attack|p1a: Avalugg","|-miss|p2a: Hawlucha|p1a: Avalugg","|-activate|p1a: Avalugg|confusion","|move|p1a: Avalugg|Recover|p1a: Avalugg","|-heal|p1a: Avalugg|394/394","|","|turn|7","|","|move|p2a: Hawlucha|High Jump Kick|p1a: Avalugg|[miss]","|-miss|p2a: Hawlucha|p1a: Avalugg","|-damage|p2a: Hawlucha|149/298|[from] highjumpkick","|-activate|p1a: Avalugg|confusion","|move|p1a: Avalugg|Recover|p1a: Avalugg","|-fail|p1a: Avalugg","|","|turn|8","|","|move|p2a: Hawlucha|High Jump Kick|p1a: Avalugg","|-supereffective|p1a: Avalugg","|-damage|p1a: Avalugg|140/394","|-end|p1a: Avalugg|confusion","|move|p1a: Avalugg|Recover|p1a: Avalugg","|-heal|p1a: Avalugg|337/394","|","|-heal|p1a: Avalugg|361/394|[from] item: Leftovers","|turn|9","|","|switch|p2a: Cobalion|Cobalion, shiny|324/324","|move|p1a: Avalugg|Recover|p1a: Avalugg","|-heal|p1a: Avalugg|394/394","|","|turn|10","|","|move|p2a: Cobalion|Substitute|p2a: Cobalion","|-start|p2a: Cobalion|Substitute","|-damage|p2a: Cobalion|243/324","|move|p1a: Avalugg|Mirror Coat|p2a: Cobalion","|-fail|p2a: Cobalion","|","|-heal|p2a: Cobalion|263/324|[from] item: Leftovers","|turn|11","|","|move|p2a: Cobalion|Swords Dance|p2a: Cobalion","|-boost|p2a: Cobalion|atk|2","|move|p1a: Avalugg|Superpower|p2a: Cobalion","|-supereffective|p2a: Cobalion","|-end|p2a: Cobalion|Substitute","|-unboost|p1a: Avalugg|atk|1","|-unboost|p1a: Avalugg|def|1","|","|-heal|p2a: Cobalion|283/324|[from] item: Leftovers","|turn|12","|","|move|p2a: Cobalion|Iron Head|p1a: Avalugg","|-supereffective|p1a: Avalugg","|-activate|p1a: Avalugg|Sturdy","|-damage|p1a: Avalugg|1/394","|move|p1a: Avalugg|Superpower|p2a: Cobalion","|-supereffective|p2a: Cobalion","|-damage|p2a: Cobalion|191/324","|-unboost|p1a: Avalugg|atk|1","|-unboost|p1a: Avalugg|def|1","|","|-heal|p2a: Cobalion|211/324|[from] item: Leftovers","|-heal|p1a: Avalugg|25/394|[from] item: Leftovers","|turn|13","|","|move|p2a: Cobalion|Iron Head|p1a: Avalugg","|-supereffective|p1a: Avalugg","|-damage|p1a: Avalugg|0 fnt","|faint|p1a: Avalugg","|","|-heal|p2a: Cobalion|231/324|[from] item: Leftovers","|","|switch|p1a: Mamoswine|Mamoswine, F|362/362","|turn|14","|","|move|p2a: Cobalion|Iron Head|p1a: Mamoswine","|-supereffective|p1a: Mamoswine","|-enditem|p1a: Mamoswine|Focus Sash","|-damage|p1a: Mamoswine|1/362","|move|p1a: Mamoswine|Earthquake|p2a: Cobalion","|-supereffective|p2a: Cobalion","|-damage|p2a: Cobalion|0 fnt","|faint|p2a: Cobalion","|","|","|switch|p2a: Hawlucha|Hawlucha, F|149/298","|turn|15","|","|move|p1a: Mamoswine|Ice Shard|p2a: Hawlucha","|-supereffective|p2a: Hawlucha","|-damage|p2a: Hawlucha|0 fnt","|faint|p2a: Hawlucha","|","|","|switch|p2a: Medicham|Medicham, F|300/300","|turn|16","|","|switch|p1a: Kyurem-Black|Kyurem-Black, shiny|391/391","|-ability|p1a: Kyurem-Black|Teravolt","|detailschange|p2a: Medicham|Medicham-Mega, F","|-mega|p2a: Medicham|Medicham|Medichamite","|move|p2a: Medicham|Fake Out|p1a: Kyurem-Black","|-damage|p1a: Kyurem-Black|296/391","|","|turn|17","|","|move|p1a: Kyurem-Black|Outrage|p2a: Medicham","|-damage|p2a: Medicham|0 fnt","|faint|p2a: Medicham","|","|","|switch|p2a: Keldeo|Keldeo|323/323","|turn|18","|","|move|p1a: Kyurem-Black|Outrage|p2a: Keldeo","|-damage|p2a: Keldeo|52/323","|-start|p1a: Kyurem-Black|confusion|[fatigue]","|move|p2a: Keldeo|Focus Blast|p1a: Kyurem-Black","|-supereffective|p1a: Kyurem-Black","|-damage|p1a: Kyurem-Black|0 fnt","|faint|p1a: Kyurem-Black","|","|","|switch|p1a: Lapras|Lapras, F|401/401","|turn|19","|","|move|p1a: Lapras|Ice Shard|p2a: Keldeo","|-resisted|p2a: Keldeo","|-damage|p2a: Keldeo|19/323","|move|p2a: Keldeo|Focus Blast|p1a: Lapras","|-supereffective|p1a: Lapras","|-damage|p1a: Lapras|0 fnt","|faint|p1a: Lapras","|","|","|switch|p1a: Mamoswine|Mamoswine, F|1/362","|turn|20","|","|move|p1a: Mamoswine|Ice Shard|p2a: Keldeo","|-resisted|p2a: Keldeo","|-damage|p2a: Keldeo|0 fnt","|faint|p2a: Keldeo","|","|win|TBOT Water"],"p1rating":{"entryid":"7231677","serverid":"eos","formatid":"monotype","userid":"tbotwater","username":"TBOT Water","w":5,"l":"0","t":"0","gxe":68.7,"r":"1500","rd":"130","sigma":"0","rptime":"1438074000","rpr":1653.9791616386,"rprd":103.5660475784,"rpsigma":"0","acre":1163.5298558519,"lacre":1163.5298558519,"oldacre":"1140.1018439639"},"p2rating":{"entryid":"7186020","serverid":"eos","formatid":"monotype","userid":"trainedead","username":"Traine✘ Dead","w":"11","l":11,"t":"0","gxe":51.1,"r":"1521.8286514863","rd":"69.715862232358","sigma":"0","rptime":"1438074000","rpr":1508.6003838714,"rprd":68.55043344097,"rpsigma":"0","acre":1094.7983865794,"lacre":1094.7983865794,"oldacre":"1118.2263984674"},"endType":"normal"}