{"seed":[46219,13045,29740,18145],"turns":27,"p1":"Newterh","p2":"c34","p1team":[{"name":"Clawitzer","species":"Clawitzer","item":"choicespecs","ability":"Mega Launcher","moves":["aurasphere","waterpulse","darkpulse","dragonpulse"],"nature":"Timid","evs":{"hp":0,"atk":0,"def":0,"spa":252,"spd":4,"spe":252},"ivs":{"hp":31,"atk":31,"def":31,"spa":31,"spd":31,"spe":31}},{"name":"Azumarill","species":"Azumarill","item":"assaultvest","ability":"Huge Power","moves":["waterfall","aquajet","playrough","knockoff"],"nature":"Adamant","evs":{"hp":248,"atk":252,"def":0,"spa":0,"spd":8,"spe":0},"ivs":{"hp":31,"atk":31,"def":31,"spa":0,"spd":31,"spe":31}},{"name":"Kingdra","species":"Kingdra","item":"lifeorb","ability":"Swift Swim","moves":["hydropump","scald","icebeam","dracometeor"],"nature":"Modest","evs":{"hp":0,"atk":0,"def":0,"spa":252,"spd":4,"spe":252},"ivs":{"hp":31,"atk":31,"def":31,"spa":31,"spd":31,"spe":31}},{"name":"Politoed","species":"Politoed","item":"leftovers","ability":"Drizzle","moves":["scald","toxic","icebeam","encore"],"nature":"Bold","evs":{"hp":252,"atk":0,"def":252,"spa":4,"spd":0,"spe":0},"ivs":{"hp":31,"atk":31,"def":31,"spa":31,"spd":31,"spe":31}},{"name":"Swampert","species":"Swampert","item":"swampertite","ability":"Torrent","moves":["protect","waterfall","earthquake","poweruppunch"],"nature":"Adamant","evs":{"hp":0,"atk":252,"def":0,"spa":0,"spd":4,"spe":252},"ivs":{"hp":31,"atk":31,"def":31,"spa":31,"spd":31,"spe":31}},{"name":"Vaporeon","species":"Vaporeon","item":"leftovers","ability":"Water Absorb","moves":["wish","protect","toxic","scald"],"nature":"Bold","evs":{"hp":252,"atk":0,"def":252,"spa":0,"spd":4,"spe":0},"ivs":{"hp":31,"atk":31,"def":31,"spa":31,"spd":31,"spe":31}}],"p2team":[{"name":"Golurk","species":"Golurk","item":"focussash","ability":"No Guard","moves":["stealthrock","dynamicpunch","icepunch","earthquake"],"nature":"","evs":{"hp":252,"atk":252,"def":0,"spa":0,"spd":4,"spe":0},"ivs":{"hp":31,"atk":31,"def":31,"spa":31,"spd":31,"spe":31}},{"name":"Gourgeist-Super","species":"Gourgeist-Super","item":"leftovers","ability":"Frisk","moves":["willowisp","leechseed","shadowsneak","confuseray"],"nature":"Careful","evs":{"hp":252,"atk":4,"def":0,"spa":0,"spd":252,"spe":0},"ivs":{"hp":31,"atk":31,"def":31,"spa":31,"spd":31,"spe":31}},{"name":"Gengar","species":"Gengar","item":"choicescarf","ability":"Levitate","moves":["shadowball","dazzlinggleam","thunderbolt","sludgewave"],"nature":"Timid","evs":{"hp":4,"atk":0,"def":0,"spa":252,"spd":0,"spe":252},"ivs":{"hp":31,"atk":31,"def":31,"spa":31,"spd":31,"spe":31}},{"name":"Banette","species":"Banette","item":"banettite","ability":"Frisk","moves":["protect","willowisp","destinybond","shadowclaw"],"nature":"Careful","evs":{"hp":252,"atk":4,"def":0,"spa":0,"spd":252,"spe":0},"ivs":{"hp":31,"atk":31,"def":31,"spa":31,"spd":31,"spe":31}},{"name":"Aegislash","species":"Aegislash","item":"weaknesspolicy","ability":"Stance Change","moves":["kingsshield","shadowsneak","ironhead","sacredsword"],"nature":"Adamant","evs":{"hp":252,"atk":252,"def":0,"spa":0,"spd":4,"spe":0},"ivs":{"hp":31,"atk":31,"def":31,"spa":31,"spd":31,"spe":31}},{"name":"Cofagrigus","species":"Cofagrigus","item":"leftovers","ability":"Mummy","moves":["infestation","toxic","haze","hiddenpowerfighting"],"nature":"Bold","evs":{"hp":252,"atk":0,"def":252,"spa":4,"spd":0,"spe":0},"ivs":{"hp":31,"atk":31,"def":30,"spa":30,"spd":30,"spe":30}}],"log":["|player|p1|Newterh|169","|player|p2|c34|144","|gametype|singles","|gen|6","|tier|Monotype","|rated","|rule|Baton Pass Clause: Limit one Baton Passer, can't pass Spe and other stats simultaneously","|rule|Swagger Clause: Swagger is banned","|rule|Same Type Clause: Pokémon in a team must share a type","|clearpoke","|poke|p1|Clawitzer, M","|poke|p1|Azumarill, M","|poke|p1|Kingdra, M","|poke|p1|Politoed, F","|poke|p1|Swampert, F","|poke|p1|Vaporeon, F","|poke|p2|Golurk","|poke|p2|Gourgeist-*, F","|poke|p2|Gengar, M","|poke|p2|Banette, M","|poke|p2|Aegislash, M","|poke|p2|Cofagrigus, M","|rule|Sleep Clause Mod: Limit one foe put to sleep","|rule|Species Clause: Limit one of each Pokémon","|rule|OHKO Clause: OHKO moves are banned","|rule|Moody Clause: Moody is banned","|rule|Evasion Moves Clause: Evasion moves are banned","|rule|Endless Battle Clause: Forcing endless battles is banned","|rule|HP Percentage Mod: HP is shown in percentages","|teampreview","|","|start","|switch|p1a: Swampert|Swampert, F|341/341","|switch|p2a: Cofagrigus|Cofagrigus, M|320/320","|turn|1","|","|detailschange|p1a: Swampert|Swampert-Mega, F","|-mega|p1a: Swampert|Swampert|Swampertite","|move|p1a: Swampert|Protect|p1a: Swampert","|-singleturn|p1a: Swampert|Protect","|move|p2a: Cofagrigus|Infestation|p1a: Swampert","|-activate|p1a: Swampert|Protect","|","|turn|2","|","|switch|p1a: Politoed|Politoed, F|384/384","|-weather|RainDance","|move|p2a: Cofagrigus|Infestation|p1a: Politoed","|-damage|p1a: Politoed|369/384","|-activate|p1a: Politoed|move: Infestation|[of] p2a: Cofagrigus","|","|-weather|RainDance|[upkeep]","|-heal|p1a: Politoed|384/384|[from] item: Leftovers","|-damage|p1a: Politoed|336/384|[from] move: Infestation|[partiallytrapped]","|turn|3","|","|move|p1a: Politoed|Encore|p2a: Cofagrigus","|-start|p2a: Cofagrigus|Encore","|move|p2a: Cofagrigus|Infestation|p1a: Politoed","|-damage|p1a: Politoed|319/384","|","|-weather|RainDance|[upkeep]","|-heal|p1a: Politoed|343/384|[from] item: Leftovers","|-damage|p1a: Politoed|295/384|[from] move: Infestation|[partiallytrapped]","|turn|4","|","|move|p1a: Politoed|Toxic|p2a: Cofagrigus","|-status|p2a: Cofagrigus|tox","|move|p2a: Cofagrigus|Infestation|p1a: Politoed","|-damage|p1a: Politoed|279/384","|","|-weather|RainDance|[upkeep]","|-heal|p1a: Politoed|303/384|[from] item: Leftovers","|-damage|p2a: Cofagrigus|300/320 tox|[from] psn","|-damage|p1a: Politoed|255/384|[from] move: Infestation|[partiallytrapped]","|turn|5","|","|move|p1a: Politoed|Scald|p2a: Cofagrigus","|-damage|p2a: Cofagrigus|177/320 tox","|move|p2a: Cofagrigus|Infestation|p1a: Politoed","|-damage|p1a: Politoed|238/384","|","|-weather|RainDance|[upkeep]","|-heal|p1a: Politoed|262/384|[from] item: Leftovers","|-heal|p2a: Cofagrigus|197/320 tox|[from] item: Leftovers","|-damage|p2a: Cofagrigus|157/320 tox|[from] psn","|-damage|p1a: Politoed|214/384|[from] move: Infestation|[partiallytrapped]","|-end|p2a: Cofagrigus|Encore","|turn|6","|","|move|p1a: Politoed|Scald|p2a: Cofagrigus","|-damage|p2a: Cofagrigus|27/320 tox","|move|p2a: Cofagrigus|Toxic|p1a: Politoed","|-status|p1a: Politoed|tox","|","|-weather|none","|-heal|p1a: Politoed|238/384 tox|[from] item: Leftovers","|-heal|p2a: Cofagrigus|47/320 tox|[from] item: Leftovers","|-damage|p1a: Politoed|214/384 tox|[from] psn","|-damage|p2a: Cofagrigus|0 fnt|[from] psn","|-end|p1a: Politoed|Infestation|[partiallytrapped]","|faint|p2a: Cofagrigus","|","|switch|p2a: Golurk|Golurk|382/382","|turn|7","|","|switch|p1a: Azumarill|Azumarill, M|403/403","|move|p2a: Golurk|Dynamic Punch|p1a: Azumarill","|-resisted|p1a: Azumarill","|-damage|p1a: Azumarill|330/403","|-start|p1a: Azumarill|confusion","|","|turn|8","|","|move|p2a: Golurk|Stealth Rock|p1a: Azumarill","|-sidestart|p1: Newterh|move: Stealth Rock","|-activate|p1a: Azumarill|confusion","|move|p1a: Azumarill|Knock Off|p2a: Golurk","|-supereffective|p2a: Golurk","|-damage|p2a: Golurk|60/382","|-enditem|p2a: Golurk|Focus Sash|[from] move: Knock Off|[of] p1a: Azumarill","|","|turn|9","|","|-activate|p1a: Azumarill|confusion","|move|p1a: Azumarill|Aqua Jet|p2a: Golurk","|-supereffective|p2a: Golurk","|-damage|p2a: Golurk|0 fnt","|faint|p2a: Golurk","|","|","|switch|p2a: Gourgeist-Super|Gourgeist-Super, F|374/374","|-item|p1a: Azumarill|Assault Vest|[from] ability: Frisk|[of] p2a: Gourgeist-Super|[identify]","|turn|10","|","|move|p2a: Gourgeist-Super|Will-O-Wisp|p1a: Azumarill","|-status|p1a: Azumarill|brn","|-activate|p1a: Azumarill|confusion","|-damage|p1a: Azumarill|294/403 brn|[from] confusion","|","|-damage|p1a: Azumarill|244/403 brn|[from] brn","|turn|11","|","|move|p2a: Gourgeist-Super|Leech Seed|p1a: Azumarill","|-start|p1a: Azumarill|move: Leech Seed","|-end|p1a: Azumarill|confusion","|move|p1a: Azumarill|Knock Off|p2a: Gourgeist-Super","|-supereffective|p2a: Gourgeist-Super","|-damage|p2a: Gourgeist-Super|250/374","|-enditem|p2a: Gourgeist-Super|Leftovers|[from] move: Knock Off|[of] p1a: Azumarill","|","|-damage|p1a: Azumarill|194/403 brn|[from] Leech Seed|[of] p2a: Gourgeist-Super","|-heal|p2a: Gourgeist-Super|300/374|[silent]","|-damage|p1a: Azumarill|144/403 brn|[from] brn","|turn|12","|","|switch|p1a: Politoed|Politoed, F|214/384 tox","|-damage|p1a: Politoed|166/384 tox|[from] Stealth Rock","|-weather|RainDance","|move|p2a: Gourgeist-Super|Confuse Ray|p1a: Politoed","|-start|p1a: Politoed|confusion","|","|-weather|RainDance|[upkeep]","|-heal|p1a: Politoed|190/384 tox|[from] item: Leftovers","|-damage|p1a: Politoed|166/384 tox|[from] psn","|turn|13","|","|switch|p1a: Kingdra|Kingdra, M|291/291","|-damage|p1a: Kingdra|255/291|[from] Stealth Rock","|move|p2a: Gourgeist-Super|Shadow Sneak|p1a: Kingdra","|-damage|p1a: Kingdra|206/291","|","|-weather|RainDance|[upkeep]","|turn|14","|","|move|p1a: Kingdra|Ice Beam|p2a: Gourgeist-Super","|-supereffective|p2a: Gourgeist-Super","|-damage|p2a: Gourgeist-Super|92/374","|-damage|p1a: Kingdra|177/291|[from] item: Life Orb","|move|p2a: Gourgeist-Super|Leech Seed|p1a: Kingdra","|-start|p1a: Kingdra|move: Leech Seed","|","|-weather|RainDance|[upkeep]","|-damage|p1a: Kingdra|141/291|[from] Leech Seed|[of] p2a: Gourgeist-Super","|-heal|p2a: Gourgeist-Super|128/374|[silent]","|turn|15","|","|switch|p2a: Aegislash|Aegislash, M|324/324","|move|p1a: Kingdra|Draco Meteor|p2a: Aegislash","|-resisted|p2a: Aegislash","|-damage|p2a: Aegislash|228/324","|-unboost|p1a: Kingdra|spa|2","|-damage|p1a: Kingdra|112/291|[from] item: Life Orb","|","|-weather|RainDance|[upkeep]","|-damage|p1a: Kingdra|76/291|[from] Leech Seed|[of] p2a: Aegislash","|-heal|p2a: Aegislash|264/324|[silent]","|turn|16","|","|switch|p1a: Swampert|Swampert-Mega, F|341/341","|-damage|p1a: Swampert|320/341|[from] Stealth Rock","|-formechange|p2a: Aegislash|Aegislash-Blade","|move|p2a: Aegislash|Shadow Sneak|p1a: Swampert","|-damage|p1a: Swampert|242/341","|","|-weather|none","|turn|17","|","|-formechange|p2a: Aegislash|Aegislash","|move|p2a: Aegislash|King's Shield|p2a: Aegislash","|-singleturn|p2a: Aegislash|Protect","|move|p1a: Swampert|Earthquake|p2a: Aegislash","|-activate|p2a: Aegislash|Protect","|","|turn|18","|","|switch|p2a: Gourgeist-Super|Gourgeist-Super, F|128/374","|-item|p1a: Swampert|Swampertite|[from] ability: Frisk|[of] p2a: Gourgeist-Super|[identify]","|move|p1a: Swampert|Waterfall|p2a: Gourgeist-Super","|-resisted|p2a: Gourgeist-Super","|-damage|p2a: Gourgeist-Super|54/374","|","|turn|19","|","|move|p1a: Swampert|Waterfall|p2a: Gourgeist-Super","|-resisted|p2a: Gourgeist-Super","|-damage|p2a: Gourgeist-Super|0 fnt","|faint|p2a: Gourgeist-Super","|","|","|switch|p2a: Banette|Banette, M|332/332","|-item|p1a: Swampert|Swampertite|[from] ability: Frisk|[of] p2a: Banette|[identify]","|turn|20","|","|switch|p1a: Azumarill|Azumarill, M|144/403 brn","|-damage|p1a: Azumarill|94/403 brn|[from] Stealth Rock","|detailschange|p2a: Banette|Banette-Mega, M","|-mega|p2a: Banette|Banette|Banettite","|move|p2a: Banette|Will-O-Wisp|p1a: Azumarill","|-fail|p1a: Azumarill|brn","|","|-damage|p1a: Azumarill|44/403 brn|[from] brn","|turn|21","|","|move|p2a: Banette|Protect|p2a: Banette","|-singleturn|p2a: Banette|Protect","|move|p1a: Azumarill|Aqua Jet|p2a: Banette","|-activate|p2a: Banette|Protect","|","|-damage|p1a: Azumarill|0 fnt|[from] brn","|faint|p1a: Azumarill","|","|switch|p1a: Clawitzer|Clawitzer, M|283/283","|-damage|p1a: Clawitzer|248/283|[from] Stealth Rock","|turn|22","|","|switch|p2a: Aegislash|Aegislash, M|264/324","|move|p1a: Clawitzer|Dark Pulse|p2a: Aegislash","|-supereffective|p2a: Aegislash","|-damage|p2a: Aegislash|0 fnt","|faint|p2a: Aegislash","|","|","|switch|p2a: Banette|Banette-Mega, M|332/332","|turn|23","|","|move|p2a: Banette|Destiny Bond|p2a: Banette","|-singlemove|p2a: Banette|Destiny Bond","|move|p1a: Clawitzer|Dark Pulse|p2a: Banette","|-crit|p2a: Banette","|-supereffective|p2a: Banette","|-damage|p2a: Banette|0 fnt","|faint|p2a: Banette","|-activate|p2a: Banette|Destiny Bond","|faint|p1a: Clawitzer","|","|","|switch|p2a: Gengar|Gengar, M|262/262","|switch|p1a: Politoed|Politoed, F|166/384 tox","|-damage|p1a: Politoed|118/384 tox|[from] Stealth Rock","|-weather|RainDance","|turn|24","|","|switch|p1a: Vaporeon|Vaporeon, F|464/464","|-damage|p1a: Vaporeon|406/464|[from] Stealth Rock","|move|p2a: Gengar|Shadow Ball|p1a: Vaporeon","|-damage|p1a: Vaporeon|258/464","|","|-weather|RainDance|[upkeep]","|-heal|p1a: Vaporeon|287/464|[from] item: Leftovers","|turn|25","|","|move|p2a: Gengar|Shadow Ball|p1a: Vaporeon","|-damage|p1a: Vaporeon|125/464","|move|p1a: Vaporeon|Scald|p2a: Gengar","|-damage|p2a: Gengar|66/262","|","|-weather|RainDance|[upkeep]","|-heal|p1a: Vaporeon|154/464|[from] item: Leftovers","|turn|26","|","|move|p2a: Gengar|Shadow Ball|p1a: Vaporeon","|-damage|p1a: Vaporeon|0 fnt","|faint|p1a: Vaporeon","|","|-weather|RainDance|[upkeep]","|","|switch|p1a: Swampert|Swampert-Mega, F|242/341","|-damage|p1a: Swampert|221/341|[from] Stealth Rock","|turn|27","|","|move|p2a: Gengar|Shadow Ball|p1a: Swampert","|-damage|p1a: Swampert|82/341","|move|p1a: Swampert|Waterfall|p2a: Gengar","|-damage|p2a: Gengar|0 fnt","|faint|p2a: Gengar","|","|win|Newterh"],"p1rating":{"entryid":"7232757","serverid":"eos","formatid":"monotype","userid":"newterh","username":"Newterh","w":2,"l":"0","t":"0","gxe":60.4,"r":"1500","rd":"130","sigma":"0","rptime":"1438074000","rpr":1583.7700712056,"rprd":116.44866981567,"rpsigma":"0","acre":1097.3061034421,"lacre":1097.3061034421,"oldacre":"1056.5915645119"},"p2rating":{"entryid":"6574406","serverid":"eos","formatid":"monotype","userid":"c34","username":"c34","w":"6","l":2,"t":"0","gxe":60.2,"r":"1611.8965770242","rd":"98.306220843067","sigma":"0","rptime":"1438074000","rpr":1580.7023011653,"rprd":95.362469871674,"rpsigma":"0","acre":1128.8056089499,"lacre":1128.8056089499,"oldacre":"1161.1071830953"},"endType":"normal"}