{"seed":[56377,22144,33767,9125],"turns":27,"p1":"TBOT Water","p2":"Dusk Deucez","p1team":[{"name":"Lapras","species":"Lapras","item":"leftovers","ability":"Water Absorb","moves":["dragondance","iceshard","healbell","waterfall"],"nature":"Adamant","evs":{"hp":0,"atk":252,"def":0,"spa":0,"spd":4,"spe":252},"ivs":{"hp":31,"atk":31,"def":31,"spa":31,"spd":31,"spe":31}},{"name":"Abomasnow","species":"Abomasnow","item":"focussash","ability":"Snow Warning","moves":["blizzard","gigadrain","hiddenpowerfire","iceshard"],"nature":"Mild","evs":{"hp":0,"atk":4,"def":0,"spa":252,"spd":0,"spe":252},"gender":"F","ivs":{"hp":31,"atk":30,"def":31,"spa":30,"spd":31,"spe":30},"shiny":true},{"name":"Kyurem-Black","species":"Kyurem-Black","item":"choicescarf","ability":"Teravolt","moves":["earthpower","fusionbolt","ironhead","outrage"],"nature":"Naive","evs":{"hp":0,"atk":252,"def":0,"spa":4,"spd":0,"spe":252},"shiny":true,"ivs":{"hp":31,"atk":31,"def":31,"spa":31,"spd":31,"spe":31}},{"name":"Mamoswine","species":"Mamoswine","item":"focussash","ability":"Snow Cloak","moves":["stealthrock","earthquake","iceshard","knockoff"],"nature":"Adamant","evs":{"hp":4,"atk":252,"def":0,"spa":0,"spd":0,"spe":252},"gender":"F","ivs":{"hp":31,"atk":31,"def":31,"spa":31,"spd":31,"spe":31}},{"name":"Glaceon","species":"Glaceon","item":"choicespecs","ability":"Snow Cloak","moves":["icebeam","hiddenpowerground","shadowball","blizzard"],"nature":"Modest","evs":{"hp":0,"atk":0,"def":0,"spa":252,"spd":4,"spe":252},"gender":"F","ivs":{"hp":31,"atk":31,"def":31,"spa":30,"spd":30,"spe":31},"shiny":true},{"name":"Avalugg","species":"Avalugg","item":"leftovers","ability":"Sturdy","moves":["rapidspin","recover","superpower","mirrorcoat"],"nature":"Impish","evs":{"hp":252,"atk":4,"def":252,"spa":0,"spd":0,"spe":0},"gender":"F","ivs":{"hp":31,"atk":31,"def":31,"spa":31,"spd":31,"spe":31}}],"p2team":[{"name":"Kakashi","species":"ditto","item":"choicescarf","ability":"Imposter","moves":["transform"],"nature":"Relaxed","evs":{"hp":252,"atk":0,"def":252,"spa":0,"spd":4,"spe":0},"shiny":true,"ivs":{"hp":31,"atk":31,"def":31,"spa":31,"spd":31,"spe":31}},{"name":"Side Chick","species":"meloetta","item":"assaultvest","ability":"Serene Grace","moves":["psychic","focusblast","hypervoice","shadowball"],"nature":"Modest","evs":{"hp":248,"atk":0,"def":0,"spa":252,"spd":8,"spe":0},"ivs":{"hp":31,"atk":31,"def":31,"spa":31,"spd":31,"spe":31}},{"name":"S3x Toy","species":"porygon2","item":"eviolite","ability":"Trace","moves":["thunderwave","icebeam","foulplay","recover"],"nature":"Bold","evs":{"hp":252,"atk":0,"def":252,"spa":4,"spd":0,"spe":0},"shiny":true,"ivs":{"hp":31,"atk":31,"def":31,"spa":31,"spd":31,"spe":31}},{"name":"Fat ass hoe","species":"chansey","item":"eviolite","ability":"Natural Cure","moves":["wish","softboiled","seismictoss","healbell"],"nature":"Sassy","evs":{"hp":252,"atk":0,"def":252,"spa":0,"spd":4,"spe":0},"ivs":{"hp":31,"atk":31,"def":31,"spa":31,"spd":31,"spe":0}},{"name":"Mah Nigga","species":"staraptor","item":"leftovers","ability":"Intimidate","moves":["defog","featherdance","bravebird","roost"],"nature":"Impish","evs":{"hp":4,"atk":0,"def":252,"spa":0,"spd":0,"spe":252},"gender":"M","shiny":true,"ivs":{"hp":31,"atk":31,"def":31,"spa":31,"spd":31,"spe":31}},{"name":"Bae","species":"lopunny","item":"lopunnite","ability":"Limber","moves":["fakeout","poweruppunch","return","highjumpkick"],"nature":"Jolly","evs":{"hp":0,"atk":252,"def":0,"spa":0,"spd":4,"spe":252},"gender":"F","shiny":true,"ivs":{"hp":31,"atk":31,"def":31,"spa":31,"spd":31,"spe":31}}],"log":["|player|p1|TBOT Water|15","|player|p2|Dusk Deucez|acedeuce92.png","|gametype|singles","|gen|6","|tier|Monotype","|rated","|rule|Baton Pass Clause: Limit one Baton Passer, can't pass Spe and other stats simultaneously","|rule|Swagger Clause: Swagger is banned","|rule|Same Type Clause: Pokémon in a team must share a type","|clearpoke","|poke|p1|Lapras, M","|poke|p1|Abomasnow, F, shiny","|poke|p1|Kyurem-Black, shiny","|poke|p1|Mamoswine, F","|poke|p1|Glaceon, F, shiny","|poke|p1|Avalugg, F","|poke|p2|Ditto, shiny","|poke|p2|Meloetta","|poke|p2|Porygon2, shiny","|poke|p2|Chansey, F","|poke|p2|Staraptor, M, shiny","|poke|p2|Lopunny, F, shiny","|rule|Sleep Clause Mod: Limit one foe put to sleep","|rule|Species Clause: Limit one of each Pokémon","|rule|OHKO Clause: OHKO moves are banned","|rule|Moody Clause: Moody is banned","|rule|Evasion Moves Clause: Evasion moves are banned","|rule|Endless Battle Clause: Forcing endless battles is banned","|rule|HP Percentage Mod: HP is shown in percentages","|teampreview","|","|start","|switch|p1a: Abomasnow|Abomasnow, F, shiny|321/321","|switch|p2a: Mah Nigga|Staraptor, M, shiny|312/312","|-ability|p2a: Mah Nigga|Intimidate","|-unboost|p1a: Abomasnow|atk|1","|-weather|Hail","|turn|1","|","|switch|p2a: Fat ass hoe|Chansey, F|704/704","|switch|p1a: Avalugg|Avalugg, F|394/394","|","|-weather|Hail|[upkeep]","|-damage|p2a: Fat ass hoe|660/704|[from] hail","|turn|2","|","|switch|p1a: Mamoswine|Mamoswine, F|362/362","|move|p2a: Fat ass hoe|Seismic Toss|p1a: Mamoswine|[miss]","|-miss|p2a: Fat ass hoe|p1a: Mamoswine","|","|-weather|Hail|[upkeep]","|-damage|p2a: Fat ass hoe|616/704|[from] hail","|turn|3","|","|switch|p2a: S3x Toy|Porygon2, shiny|374/374","|-ability|p2a: S3x Toy|Snow Cloak|[from] ability: Trace|[of] p1a: Mamoswine","|move|p1a: Mamoswine|Knock Off|p2a: S3x Toy","|-damage|p2a: S3x Toy|312/374","|-enditem|p2a: S3x Toy|Eviolite|[from] move: Knock Off|[of] p1a: Mamoswine","|","|-weather|Hail|[upkeep]","|turn|4","|","|move|p1a: Mamoswine|Earthquake|p2a: S3x Toy","|-damage|p2a: S3x Toy|156/374","|move|p2a: S3x Toy|Foul Play|p1a: Mamoswine","|-damage|p1a: Mamoswine|223/362","|","|-weather|Hail|[upkeep]","|turn|5","|","|move|p1a: Mamoswine|Earthquake|p2a: S3x Toy","|-damage|p2a: S3x Toy|14/374","|move|p2a: S3x Toy|Recover|p2a: S3x Toy","|-heal|p2a: S3x Toy|201/374","|","|-weather|none","|turn|6","|","|move|p1a: Mamoswine|Stealth Rock|p2a: S3x Toy","|-sidestart|p2: Dusk Deucez|move: Stealth Rock","|move|p2a: S3x Toy|Recover|p2a: S3x Toy","|-heal|p2a: S3x Toy|374/374","|","|turn|7","|","|switch|p1a: Glaceon|Glaceon, F, shiny|271/271","|move|p2a: S3x Toy|Foul Play|p1a: Glaceon","|-damage|p1a: Glaceon|229/271","|","|turn|8","|","|move|p1a: Glaceon|Ice Beam|p2a: S3x Toy","|-damage|p2a: S3x Toy|85/374","|move|p2a: S3x Toy|Thunder Wave|p1a: Glaceon","|-status|p1a: Glaceon|par","|","|turn|9","|","|switch|p2a: Fat ass hoe|Chansey, F|616/704","|-damage|p2a: Fat ass hoe|528/704|[from] Stealth Rock","|move|p1a: Glaceon|Ice Beam|p2a: Fat ass hoe","|-damage|p2a: Fat ass hoe|381/704","|","|turn|10","|","|move|p2a: Fat ass hoe|Seismic Toss|p1a: Glaceon","|-damage|p1a: Glaceon|129/271 par","|move|p1a: Glaceon|Ice Beam|p2a: Fat ass hoe","|-damage|p2a: Fat ass hoe|228/704","|-status|p2a: Fat ass hoe|frz","|","|turn|11","|","|cant|p2a: Fat ass hoe|frz","|move|p1a: Glaceon|Ice Beam|p2a: Fat ass hoe","|-damage|p2a: Fat ass hoe|72/704 frz","|","|turn|12","|","|cant|p2a: Fat ass hoe|frz","|move|p1a: Glaceon|Ice Beam|p2a: Fat ass hoe","|-damage|p2a: Fat ass hoe|0 fnt","|faint|p2a: Fat ass hoe","|","|","|switch|p2a: Mah Nigga|Staraptor, M, shiny|312/312","|-damage|p2a: Mah Nigga|234/312|[from] Stealth Rock","|-ability|p2a: Mah Nigga|Intimidate","|-unboost|p1a: Glaceon|atk|1","|turn|13","|","|move|p2a: Mah Nigga|Defog|p1a: Glaceon","|-unboost|p1a: Glaceon|evasion|1","|-sideend|p2: Dusk Deucez|Stealth Rock|[from] move: Defog|[of] p2a: Mah Nigga","|cant|p1a: Glaceon|par","|","|-heal|p2a: Mah Nigga|253/312|[from] item: Leftovers","|turn|14","|","|move|p2a: Mah Nigga|Brave Bird|p1a: Glaceon","|-damage|p1a: Glaceon|0 fnt","|-damage|p2a: Mah Nigga|210/312|[from] recoil|[of] p1a: Glaceon","|faint|p1a: Glaceon","|","|-heal|p2a: Mah Nigga|229/312|[from] item: Leftovers","|","|switch|p1a: Abomasnow|Abomasnow, F, shiny|321/321","|-weather|Hail","|turn|15","|","|move|p2a: Mah Nigga|Brave Bird|p1a: Abomasnow","|-supereffective|p1a: Abomasnow","|-enditem|p1a: Abomasnow|Focus Sash","|-damage|p1a: Abomasnow|1/321","|-damage|p2a: Mah Nigga|123/312|[from] recoil|[of] p1a: Abomasnow","|move|p1a: Abomasnow|Blizzard|p2a: Mah Nigga","|-supereffective|p2a: Mah Nigga","|-damage|p2a: Mah Nigga|0 fnt","|faint|p2a: Mah Nigga","|","|-weather|Hail|[upkeep]","|","|switch|p2a: Bae|Lopunny, F, shiny|271/271","|turn|16","|","|switch|p1a: Avalugg|Avalugg, F|394/394","|detailschange|p2a: Bae|Lopunny-Mega, F, shiny","|-mega|p2a: Bae|Lopunny|Lopunnite","|move|p2a: Bae|Power-Up Punch|p1a: Avalugg","|-supereffective|p1a: Avalugg","|-damage|p1a: Avalugg|320/394","|-boost|p2a: Bae|atk|1","|","|-weather|Hail|[upkeep]","|-damage|p2a: Bae|255/271|[from] hail","|-heal|p1a: Avalugg|344/394|[from] item: Leftovers","|turn|17","|","|move|p2a: Bae|High Jump Kick|p1a: Avalugg","|-supereffective|p1a: Avalugg","|-damage|p1a: Avalugg|0 fnt","|faint|p1a: Avalugg","|","|-weather|Hail|[upkeep]","|-damage|p2a: Bae|239/271|[from] hail","|","|switch|p1a: Kyurem-Black|Kyurem-Black, shiny|391/391","|-ability|p1a: Kyurem-Black|Teravolt","|turn|18","|","|switch|p2a: S3x Toy|Porygon2, shiny|85/374","|-ability|p2a: S3x Toy|Teravolt|[from] ability: Trace|[of] p1a: Kyurem-Black","|-ability|p2a: S3x Toy|Teravolt","|move|p1a: Kyurem-Black|Outrage|p2a: S3x Toy","|-damage|p2a: S3x Toy|0 fnt","|faint|p2a: S3x Toy","|","|-weather|Hail|[upkeep]","|","|switch|p2a: Kakashi|Ditto, shiny|300/300","|-transform|p2a: Kakashi|p1a: Kyurem-Black","|-ability|p2a: Kakashi|Teravolt","|turn|19","|","|move|p1a: Kyurem-Black|Outrage|p2a: Kakashi","|-supereffective|p2a: Kakashi","|-damage|p2a: Kakashi|0 fnt","|faint|p2a: Kakashi","|","|-weather|none","|","|switch|p2a: Bae|Lopunny-Mega, F, shiny|239/271","|turn|20","|","|move|p2a: Bae|Fake Out|p1a: Kyurem-Black","|-crit|p1a: Kyurem-Black","|-damage|p1a: Kyurem-Black|279/391","|cant|p1a: Kyurem-Black|flinch","|","|-start|p1a: Kyurem-Black|confusion|[fatigue]","|turn|21","|","|switch|p1a: Abomasnow|Abomasnow, F, shiny|1/321","|-weather|Hail","|move|p2a: Bae|High Jump Kick|p1a: Abomasnow|[miss]","|-miss|p2a: Bae|p1a: Abomasnow","|-damage|p2a: Bae|104/271|[from] highjumpkick","|","|-weather|Hail|[upkeep]","|-damage|p2a: Bae|88/271|[from] hail","|turn|22","|","|switch|p2a: Side Chick|Meloetta|403/403","|move|p1a: Abomasnow|Ice Shard|p2a: Side Chick","|-damage|p2a: Side Chick|348/403","|","|-weather|Hail|[upkeep]","|-damage|p2a: Side Chick|323/403|[from] hail","|turn|23","|","|move|p1a: Abomasnow|Ice Shard|p2a: Side Chick","|-damage|p2a: Side Chick|266/403","|move|p2a: Side Chick|Hyper Voice|p1a: Abomasnow","|-damage|p1a: Abomasnow|0 fnt","|faint|p1a: Abomasnow","|","|-weather|Hail|[upkeep]","|-damage|p2a: Side Chick|241/403|[from] hail","|","|switch|p1a: Lapras|Lapras, M|401/401","|turn|24","|","|move|p1a: Lapras|Dragon Dance|p1a: Lapras","|-boost|p1a: Lapras|atk|1","|-boost|p1a: Lapras|spe|1","|move|p2a: Side Chick|Focus Blast|p1a: Lapras","|-supereffective|p1a: Lapras","|-damage|p1a: Lapras|87/401","|","|-weather|Hail|[upkeep]","|-damage|p2a: Side Chick|216/403|[from] hail","|-heal|p1a: Lapras|112/401|[from] item: Leftovers","|turn|25","|","|move|p1a: Lapras|Waterfall|p2a: Side Chick","|-damage|p2a: Side Chick|0 fnt","|faint|p2a: Side Chick","|","|-weather|none","|-heal|p1a: Lapras|137/401|[from] item: Leftovers","|","|switch|p2a: Bae|Lopunny-Mega, F, shiny|88/271","|turn|26","|","|move|p2a: Bae|Fake Out|p1a: Lapras","|-damage|p1a: Lapras|44/401","|cant|p1a: Lapras|flinch","|","|-heal|p1a: Lapras|69/401|[from] item: Leftovers","|turn|27","|","|move|p1a: Lapras|Ice Shard|p2a: Bae","|-damage|p2a: Bae|0 fnt","|faint|p2a: Bae","|","|win|TBOT Water"],"p1rating":{"entryid":"7231677","serverid":"eos","formatid":"monotype","userid":"tbotwater","username":"TBOT Water","w":3,"l":"0","t":"0","gxe":61.6,"r":"1500","rd":"130","sigma":"0","rptime":"1438074000","rpr":1593.5686746589,"rprd":112.62832099402,"rpsigma":"0","acre":1111.3282725181,"lacre":1111.3282725181,"oldacre":"1076.704532179"},"p2rating":{"entryid":"7193240","serverid":"eos","formatid":"monotype","userid":"duskdeucez","username":"Dusk Deucez - ⒶⓌⒶⓎ","w":"7","l":5,"t":"0","gxe":58.8,"r":"1591.4210022451","rd":"84.877315490541","sigma":"0","rptime":"1438074000","rpr":1568.7699558216,"rprd":82.906934442266,"rpsigma":"0","acre":1122.2495846038,"lacre":1122.2495846038,"oldacre":"1152.6273407046"},"endType":"normal"}