{"seed":[64886,53806,44057,24339],"turns":24,"p1":"Guard Darkrai","p2":"Voidchrono","p1team":[{"name":"Toxicmurk","species":"toxicroak","item":"airballoon","ability":"Dry Skin","moves":["swordsdance","gunkshot","drainpunch","suckerpunch"],"nature":"Adamant","evs":{"hp":248,"atk":252,"def":0,"spa":0,"spd":8,"spe":0},"ivs":{"hp":31,"atk":31,"def":31,"spa":31,"spd":31,"spe":31}},{"name":"Not Darkrai ;-;","species":"drapion","item":"blacksludge","ability":"Battle Armor","moves":["knockoff","poisonjab","rockslide","earthquake"],"nature":"Adamant","evs":{"hp":252,"atk":252,"def":0,"spa":0,"spd":4,"spe":0},"ivs":{"hp":31,"atk":31,"def":31,"spa":31,"spd":31,"spe":31}},{"name":"How am I a Dragon?","species":"dragalge","item":"choicespecs","ability":"Adaptability","moves":["dracometeor","sludgewave","scald","hiddenpowerfire"],"nature":"Modest","evs":{"hp":248,"atk":0,"def":0,"spa":252,"spd":8,"spe":0},"ivs":{"hp":31,"atk":30,"def":31,"spa":30,"spd":31,"spe":30}},{"name":"Mac","species":"muk","item":"assaultvest","ability":"Poison Touch","moves":["gunkshot","poweruppunch","shadowsneak","icepunch"],"nature":"Adamant","evs":{"hp":248,"atk":252,"def":0,"spa":0,"spd":8,"spe":0},"ivs":{"hp":31,"atk":31,"def":31,"spa":31,"spd":31,"spe":31}},{"name":"Hi","species":"gengar","item":"lifeorb","ability":"Levitate","moves":["hex","sludgewave","focusblast","psychic"],"nature":"Timid","evs":{"hp":0,"atk":0,"def":0,"spa":252,"spd":4,"spe":252},"ivs":{"hp":31,"atk":31,"def":31,"spa":31,"spd":31,"spe":31}},{"name":"O god Im Sick","species":"weezing","item":"blacksludge","ability":"Levitate","moves":["painsplit","willowisp","toxicspikes","thunderbolt"],"nature":"Calm","evs":{"hp":252,"atk":0,"def":0,"spa":4,"spd":252,"spe":0},"ivs":{"hp":31,"atk":31,"def":31,"spa":31,"spd":31,"spe":31}}],"p2team":[{"name":"Mew","species":"Mew","item":"bindingband","ability":"Synchronize","moves":["whirlpool","taunt","roost","willowisp"],"nature":"Calm","evs":{"hp":252,"atk":0,"def":84,"spa":0,"spd":172,"spe":0},"ivs":{"hp":31,"atk":31,"def":31,"spa":31,"spd":31,"spe":31}},{"name":"Gardevoir","species":"Gardevoir","item":"gardevoirite","ability":"Trace","moves":["hypervoice","focusblast","substitute","willowisp"],"nature":"Calm","evs":{"hp":248,"atk":0,"def":0,"spa":132,"spd":128,"spe":0},"ivs":{"hp":31,"atk":31,"def":31,"spa":31,"spd":31,"spe":31}},{"name":"Victini","species":"Victini","item":"choicescarf","ability":"Victory Star","moves":["trick","vcreate","zenheadbutt","uturn"],"nature":"Jolly","evs":{"hp":0,"atk":252,"def":0,"spa":0,"spd":4,"spe":252},"ivs":{"hp":31,"atk":31,"def":31,"spa":31,"spd":31,"spe":31}},{"name":"Slowbro","species":"Slowbro","item":"leftovers","ability":"Regenerator","moves":["flamethrower","scald","slackoff","thunderwave"],"nature":"Bold","evs":{"hp":252,"atk":0,"def":252,"spa":4,"spd":0,"spe":0},"ivs":{"hp":31,"atk":0,"def":31,"spa":31,"spd":31,"spe":31}},{"name":"Latios","species":"Latios","item":"choicescarf","ability":"Levitate","moves":["surf","energyball","dragonpulse","defog"],"nature":"Timid","evs":{"hp":0,"atk":0,"def":0,"spa":252,"spd":4,"spe":252},"ivs":{"hp":31,"atk":0,"def":31,"spa":31,"spd":31,"spe":31}},{"name":"Meloetta","species":"Meloetta","item":"assaultvest","ability":"Serene Grace","moves":["dazzlinggleam","hypervoice","shadowball","psychic"],"nature":"Modest","evs":{"hp":72,"atk":0,"def":0,"spa":252,"spd":184,"spe":0},"ivs":{"hp":31,"atk":0,"def":31,"spa":31,"spd":31,"spe":31}}],"log":["|player|p1|Guard Darkrai|guarddarkrai.png","|player|p2|Voidchrono|voidchrono.png","|gametype|singles","|gen|6","|tier|Monotype","|rated","|rule|Baton Pass Clause: Limit one Baton Passer, can't pass Spe and other stats simultaneously","|rule|Swagger Clause: Swagger is banned","|rule|Same Type Clause: Pokémon in a team must share a type","|clearpoke","|poke|p1|Toxicroak, M","|poke|p1|Drapion, F","|poke|p1|Dragalge, F","|poke|p1|Muk, M","|poke|p1|Gengar, M","|poke|p1|Weezing, M","|poke|p2|Mew","|poke|p2|Gardevoir, F","|poke|p2|Victini","|poke|p2|Slowbro, M","|poke|p2|Latios, M","|poke|p2|Meloetta","|rule|Sleep Clause Mod: Limit one foe put to sleep","|rule|Species Clause: Limit one of each Pokémon","|rule|OHKO Clause: OHKO moves are banned","|rule|Moody Clause: Moody is banned","|rule|Evasion Moves Clause: Evasion moves are banned","|rule|Endless Battle Clause: Forcing endless battles is banned","|rule|HP Percentage Mod: HP is shown in percentages","|teampreview","|","|start","|switch|p1a: Mac|Muk, M|413/413","|switch|p2a: Meloetta|Meloetta|359/359","|turn|1","|","|move|p2a: Meloetta|Hyper Voice|p1a: Mac","|-damage|p1a: Mac|305/413","|move|p1a: Mac|Gunk Shot|p2a: Meloetta","|-damage|p2a: Meloetta|104/359","|","|turn|2","|","|move|p2a: Meloetta|Psychic|p1a: Mac","|-supereffective|p1a: Mac","|-damage|p1a: Mac|89/413","|move|p1a: Mac|Power-Up Punch|p2a: Meloetta","|-damage|p2a: Meloetta|48/359","|-boost|p1a: Mac|atk|1","|-status|p2a: Meloetta|psn","|","|-damage|p2a: Meloetta|4/359 psn|[from] psn","|turn|3","|","|move|p1a: Mac|Shadow Sneak|p2a: Meloetta","|-immune|p2a: Meloetta|[msg]","|move|p2a: Meloetta|Hyper Voice|p1a: Mac","|-damage|p1a: Mac|0 fnt","|faint|p1a: Mac","|","|-damage|p2a: Meloetta|0 fnt|[from] psn","|faint|p2a: Meloetta","|","|switch|p2a: Victini|Victini|341/341","|switch|p1a: Toxicmurk|Toxicroak, M|369/369","|-item|p1a: Toxicmurk|Air Balloon","|turn|4","|","|move|p1a: Toxicmurk|Sucker Punch|p2a: Victini","|-supereffective|p2a: Victini","|-damage|p2a: Victini|153/341","|move|p2a: Victini|V-create|p1a: Toxicmurk","|-damage|p1a: Toxicmurk|0 fnt","|-enditem|p1a: Toxicmurk|Air Balloon","|-unboost|p2a: Victini|def|1","|-unboost|p2a: Victini|spd|1","|-unboost|p2a: Victini|spe|1","|faint|p1a: Toxicmurk","|","|","|switch|p1a: How am I a Dragon?|Dragalge, F|333/333","|turn|5","|","|switch|p2a: Mew|Mew|404/404","|move|p1a: How am I a Dragon?|Scald|p2a: Mew","|-damage|p2a: Mew|304/404","|","|turn|6","|","|switch|p1a: Hi|Gengar, M|261/261","|move|p2a: Mew|Whirlpool|p1a: Hi","|-damage|p1a: Hi|223/261","|-activate|p1a: Hi|move: Whirlpool|[of] p2a: Mew","|","|-damage|p1a: Hi|180/261|[from] move: Whirlpool|[partiallytrapped]","|turn|7","|","|move|p1a: Hi|Hex|p2a: Mew","|-supereffective|p2a: Mew","|-damage|p2a: Mew|54/404","|-damage|p1a: Hi|154/261|[from] item: Life Orb","|move|p2a: Mew|Roost|p2a: Mew","|-heal|p2a: Mew|256/404","|","|-damage|p1a: Hi|111/261|[from] move: Whirlpool|[partiallytrapped]","|turn|8","|","|move|p1a: Hi|Hex|p2a: Mew","|-supereffective|p2a: Mew","|-damage|p2a: Mew|38/404","|-damage|p1a: Hi|85/261|[from] item: Life Orb","|move|p2a: Mew|Roost|p2a: Mew","|-heal|p2a: Mew|240/404","|","|-damage|p1a: Hi|42/261|[from] move: Whirlpool|[partiallytrapped]","|turn|9","|","|switch|p2a: Latios|Latios, M|301/301","|move|p1a: Hi|Hex|p2a: Latios","|-supereffective|p2a: Latios","|-damage|p2a: Latios|10/301","|-damage|p1a: Hi|16/261|[from] item: Life Orb","|","|turn|10","|","|move|p2a: Latios|Dragon Pulse|p1a: Hi","|-damage|p1a: Hi|0 fnt","|faint|p1a: Hi","|","|","|switch|p1a: Not Darkrai ;-;|Drapion, F|344/344","|turn|11","|","|move|p2a: Latios|Dragon Pulse|p1a: Not Darkrai ;-;","|-damage|p1a: Not Darkrai ;-;|166/344","|move|p1a: Not Darkrai ;-;|Knock Off|p2a: Latios","|-supereffective|p2a: Latios","|-damage|p2a: Latios|0 fnt","|-enditem|p2a: Latios|Choice Scarf|[from] move: Knock Off|[of] p1a: Not Darkrai ;-;","|faint|p2a: Latios","|","|-heal|p1a: Not Darkrai ;-;|187/344|[from] item: Black Sludge","|","|switch|p2a: Victini|Victini|153/341","|turn|12","|","|move|p2a: Victini|V-create|p1a: Not Darkrai ;-;","|-damage|p1a: Not Darkrai ;-;|0 fnt","|-unboost|p2a: Victini|def|1","|-unboost|p2a: Victini|spd|1","|-unboost|p2a: Victini|spe|1","|faint|p1a: Not Darkrai ;-;","|","|","|switch|p1a: How am I a Dragon?|Dragalge, F|333/333","|turn|13","|","|switch|p2a: Slowbro|Slowbro, M|394/394","|move|p1a: How am I a Dragon?|Draco Meteor|p2a: Slowbro","|-damage|p2a: Slowbro|0 fnt","|-unboost|p1a: How am I a Dragon?|spa|2","|faint|p2a: Slowbro","|","|","|switch|p2a: Mew|Mew|240/404","|turn|14","|","|move|p2a: Mew|Whirlpool|p1a: How am I a Dragon?","|-resisted|p1a: How am I a Dragon?","|-damage|p1a: How am I a Dragon?|321/333","|-activate|p1a: How am I a Dragon?|move: Whirlpool|[of] p2a: Mew","|move|p1a: How am I a Dragon?|Draco Meteor|p2a: Mew|[miss]","|-miss|p1a: How am I a Dragon?|p2a: Mew","|","|-damage|p1a: How am I a Dragon?|266/333|[from] move: Whirlpool|[partiallytrapped]","|turn|15","|","|move|p2a: Mew|Roost|p2a: Mew","|-heal|p2a: Mew|404/404","|move|p1a: How am I a Dragon?|Draco Meteor|p2a: Mew","|-damage|p2a: Mew|252/404","|-unboost|p1a: How am I a Dragon?|spa|2","|","|-damage|p1a: How am I a Dragon?|211/333|[from] move: Whirlpool|[partiallytrapped]","|turn|16","|","|move|p2a: Mew|Will-O-Wisp|p1a: How am I a Dragon?","|-status|p1a: How am I a Dragon?|brn","|move|p1a: How am I a Dragon?|Draco Meteor|p2a: Mew","|-damage|p2a: Mew|138/404","|-unboost|p1a: How am I a Dragon?|spa|2","|","|-damage|p1a: How am I a Dragon?|170/333 brn|[from] brn","|-damage|p1a: How am I a Dragon?|115/333 brn|[from] move: Whirlpool|[partiallytrapped]","|turn|17","|","|move|p2a: Mew|Roost|p2a: Mew","|-heal|p2a: Mew|340/404","|move|p1a: How am I a Dragon?|Draco Meteor|p2a: Mew|[miss]","|-miss|p1a: How am I a Dragon?|p2a: Mew","|","|-damage|p1a: How am I a Dragon?|74/333 brn|[from] brn","|-damage|p1a: How am I a Dragon?|19/333 brn|[from] move: Whirlpool|[partiallytrapped]","|turn|18","|","|move|p2a: Mew|Taunt|p1a: How am I a Dragon?","|-start|p1a: How am I a Dragon?|move: Taunt","|move|p1a: How am I a Dragon?|Draco Meteor|p2a: Mew|[miss]","|-miss|p1a: How am I a Dragon?|p2a: Mew","|","|-damage|p1a: How am I a Dragon?|0 fnt|[from] brn","|faint|p1a: How am I a Dragon?","|","|switch|p1a: O god Im Sick|Weezing, M|334/334","|turn|19","|","|move|p2a: Mew|Taunt|p1a: O god Im Sick","|-start|p1a: O god Im Sick|move: Taunt","|cant|p1a: O god Im Sick|move: Taunt|Pain Split","|","|turn|20","|","|move|p2a: Mew|Whirlpool|p1a: O god Im Sick","|-damage|p1a: O god Im Sick|309/334","|-activate|p1a: O god Im Sick|move: Whirlpool|[of] p2a: Mew","|move|p1a: O god Im Sick|Thunderbolt|p2a: Mew","|-damage|p2a: Mew|293/404","|","|-heal|p1a: O god Im Sick|329/334|[from] item: Black Sludge","|-damage|p1a: O god Im Sick|274/334|[from] move: Whirlpool|[partiallytrapped]","|turn|21","|","|move|p2a: Mew|Will-O-Wisp|p1a: O god Im Sick","|-status|p1a: O god Im Sick|brn","|move|p1a: O god Im Sick|Thunderbolt|p2a: Mew","|-damage|p2a: Mew|244/404","|","|-heal|p1a: O god Im Sick|294/334 brn|[from] item: Black Sludge","|-damage|p1a: O god Im Sick|253/334 brn|[from] brn","|-damage|p1a: O god Im Sick|198/334 brn|[from] move: Whirlpool|[partiallytrapped]","|-end|p1a: O god Im Sick|move: Taunt","|turn|22","|","|move|p2a: Mew|Taunt|p1a: O god Im Sick","|-start|p1a: O god Im Sick|move: Taunt","|move|p1a: O god Im Sick|Thunderbolt|p2a: Mew","|-damage|p2a: Mew|198/404","|","|-heal|p1a: O god Im Sick|218/334 brn|[from] item: Black Sludge","|-damage|p1a: O god Im Sick|177/334 brn|[from] brn","|-damage|p1a: O god Im Sick|122/334 brn|[from] move: Whirlpool|[partiallytrapped]","|turn|23","|","|move|p2a: Mew|Whirlpool|p1a: O god Im Sick","|-damage|p1a: O god Im Sick|97/334 brn","|move|p1a: O god Im Sick|Thunderbolt|p2a: Mew","|-damage|p2a: Mew|150/404","|","|-heal|p1a: O god Im Sick|117/334 brn|[from] item: Black Sludge","|-damage|p1a: O god Im Sick|76/334 brn|[from] brn","|-damage|p1a: O god Im Sick|21/334 brn|[from] move: Whirlpool|[partiallytrapped]","|turn|24","|","|move|p2a: Mew|Whirlpool|p1a: O god Im Sick|[miss]","|-miss|p2a: Mew|p1a: O god Im Sick","|move|p1a: O god Im Sick|Thunderbolt|p2a: Mew","|-damage|p2a: Mew|99/404","|","|-heal|p1a: O god Im Sick|41/334 brn|[from] item: Black Sludge","|-damage|p1a: O god Im Sick|0 fnt|[from] brn","|faint|p1a: O god Im Sick","|","|win|Voidchrono"],"p1rating":{"entryid":"6034648","serverid":"eos","formatid":"monotype","userid":"guarddarkrai","username":"Guard Darkrai","w":"44","l":44,"t":"0","gxe":50.7,"r":"1510.2944546429","rd":"41.909004987721","sigma":"0","rptime":"1438074000","rpr":1505.3573432245,"rprd":40.605443945392,"rpsigma":"0","acre":1152.372681039,"lacre":1152.372681039,"oldacre":"1169.4177793916"},"p2rating":{"entryid":"5810362","serverid":"eos","formatid":"monotype","userid":"voidchrono","username":"Void Chrono ת_תת_ת","w":120,"l":"63","t":"0","gxe":64.5,"r":"1608.7301463223","rd":"29.552665544239","sigma":"0","rptime":"1438074000","rpr":1612.5096232536,"rprd":29.355272545275,"rpsigma":"0","acre":1300.9910810763,"lacre":1300.9910810763,"oldacre":"1283.9459827237"},"endType":"normal"}