{"seed":[19158,45436,16350,22072],"turns":34,"p1":"Professor ♅ ☯ Nyx","p2":"godpartikle","p1team":[{"name":"U Mad ?","species":"mandibuzz","item":"rockyhelmet","ability":"Overcoat","moves":["foulplay","roost","defog","toxic"],"nature":"Impish","evs":{"hp":252,"atk":4,"def":252,"spa":0,"spd":0,"spe":0},"ivs":{"hp":31,"atk":31,"def":31,"spa":31,"spd":31,"spe":31}},{"name":"It's FOOFA!","species":"hoopaunbound","item":"choicescarf","ability":"Magician","moves":["hyperspacefury","gunkshot","shadowball","psyshock"],"nature":"Hasty","evs":{"hp":0,"atk":168,"def":0,"spa":88,"spd":0,"spe":252},"ivs":{"hp":31,"atk":31,"def":31,"spa":31,"spd":31,"spe":31}},{"name":"Thug life","species":"sableye","item":"sablenite","ability":"Prankster","moves":["calmmind","recover","darkpulse","dazzlinggleam"],"nature":"Bold","evs":{"hp":248,"atk":0,"def":252,"spa":8,"spd":0,"spe":0},"ivs":{"hp":31,"atk":31,"def":31,"spa":31,"spd":31,"spe":31}},{"name":"Blue ranger","species":"bisharp","item":"lumberry","ability":"Defiant","moves":["swordsdance","knockoff","ironhead","suckerpunch"],"nature":"Adamant","evs":{"hp":0,"atk":252,"def":0,"spa":0,"spd":4,"spe":252},"shiny":true,"ivs":{"hp":31,"atk":31,"def":31,"spa":31,"spd":31,"spe":31}},{"name":"Jack The Ripper","species":"drapion","item":"blacksludge","ability":"Battle Armor","moves":["toxicspikes","crunch","whirlwind","substitute"],"nature":"Impish","evs":{"hp":248,"atk":8,"def":252,"spa":0,"spd":0,"spe":0},"ivs":{"hp":31,"atk":31,"def":31,"spa":31,"spd":31,"spe":31}},{"name":"Moon Sparkle","species":"umbreon","item":"leftovers","ability":"Synchronize","moves":["wish","toxic","foulplay","confuseray"],"nature":"Calm","evs":{"hp":252,"atk":0,"def":4,"spa":0,"spd":252,"spe":0},"ivs":{"hp":31,"atk":31,"def":31,"spa":31,"spd":31,"spe":31}}],"p2team":[{"name":"Raptorstar","species":"staraptor","item":"sitrusberry","ability":"Intimidate","moves":["bravebird","return","tailwind","substitute"],"nature":"Adamant","evs":{"hp":252,"atk":252,"def":0,"spa":0,"spd":0,"spe":4},"ivs":{"hp":31,"atk":31,"def":31,"spa":31,"spd":31,"spe":31}},{"name":"Nostalgia-Mega","species":"charizard","item":"charizarditey","ability":"Blaze","moves":["flamethrower","solarbeam","airslash","dragonpulse"],"nature":"Timid","evs":{"hp":0,"atk":0,"def":0,"spa":252,"spd":4,"spe":252},"shiny":true,"ivs":{"hp":31,"atk":31,"def":31,"spa":31,"spd":31,"spe":31}},{"name":"Mr. Cuddles","species":"gyarados","item":"sitrusberry","ability":"Intimidate","moves":["waterfall","earthquake","icefang","dragondance"],"nature":"Adamant","evs":{"hp":252,"atk":252,"def":0,"spa":0,"spd":4,"spe":0},"shiny":true,"ivs":{"hp":31,"atk":31,"def":31,"spa":31,"spd":31,"spe":31}},{"name":"Brobat","species":"crobat","item":"sitrusberry","ability":"Infiltrator","moves":["bravebird","roost","toxic","taunt"],"nature":"Jolly","evs":{"hp":248,"atk":8,"def":0,"spa":2,"spd":0,"spe":252},"ivs":{"hp":31,"atk":31,"def":31,"spa":31,"spd":31,"spe":31}},{"name":"Zeus","species":"thundurus","item":"sitrusberry","ability":"Prankster","moves":["thunderwave","substitute","thunderbolt","nastyplot"],"nature":"Timid","evs":{"hp":252,"atk":0,"def":0,"spa":88,"spd":0,"spe":168},"ivs":{"hp":31,"atk":31,"def":31,"spa":31,"spd":31,"spe":31}},{"name":"Gon Steel yo Girl","species":"skarmory","item":"custapberry","ability":"Sturdy","moves":["bravebird","stealthrock","spikes","tailwind"],"nature":"Adamant","evs":{"hp":0,"atk":248,"def":236,"spa":0,"spd":0,"spe":24},"ivs":{"hp":31,"atk":31,"def":31,"spa":31,"spd":31,"spe":31}}],"log":["|player|p1|Professor ♅ ☯ Nyx|132","|player|p2|godpartikle|137","|gametype|singles","|gen|6","|tier|Monotype","|rated","|rule|Baton Pass Clause: Limit one Baton Passer, can't pass Spe and other stats simultaneously","|rule|Swagger Clause: Swagger is banned","|rule|Same Type Clause: Pokémon in a team must share a type","|clearpoke","|poke|p1|Mandibuzz, F","|poke|p1|Hoopa-Unbound","|poke|p1|Sableye, M","|poke|p1|Bisharp, M, shiny","|poke|p1|Drapion, F","|poke|p1|Umbreon, F","|poke|p2|Staraptor, F","|poke|p2|Charizard, F, shiny","|poke|p2|Gyarados, F, shiny","|poke|p2|Crobat, M","|poke|p2|Thundurus, M","|poke|p2|Skarmory, M","|rule|Sleep Clause Mod: Limit one foe put to sleep","|rule|Species Clause: Limit one of each Pokémon","|rule|OHKO Clause: OHKO moves are banned","|rule|Moody Clause: Moody is banned","|rule|Evasion Moves Clause: Evasion moves are banned","|rule|Endless Battle Clause: Forcing endless battles is banned","|rule|HP Percentage Mod: HP is shown in percentages","|teampreview","|","|start","|switch|p1a: Thug life|Sableye, M|303/303","|switch|p2a: Gon Steel yo Girl|Skarmory, M|271/271","|turn|1","|","|detailschange|p1a: Thug life|Sableye-Mega, M","|-mega|p1a: Thug life|Sableye|Sablenite","|move|p1a: Thug life|Calm Mind|p1a: Thug life","|-boost|p1a: Thug life|spa|1","|-boost|p1a: Thug life|spd|1","|move|p2a: Gon Steel yo Girl|Tailwind|p2a: Gon Steel yo Girl","|-sidestart|p2: godpartikle|move: Tailwind","|","|turn|2","|","|switch|p2a: Zeus|Thundurus, M|362/362","|move|p1a: Thug life|Calm Mind|p1a: Thug life","|-boost|p1a: Thug life|spa|1","|-boost|p1a: Thug life|spd|1","|","|turn|3","|","|move|p2a: Zeus|Substitute|p2a: Zeus","|-start|p2a: Zeus|Substitute","|-damage|p2a: Zeus|272/362","|move|p1a: Thug life|Calm Mind|p1a: Thug life","|-boost|p1a: Thug life|spa|1","|-boost|p1a: Thug life|spd|1","|","|turn|4","|","|move|p2a: Zeus|Nasty Plot|p2a: Zeus","|-boost|p2a: Zeus|spa|2","|move|p1a: Thug life|Dark Pulse|p2a: Zeus","|-end|p2a: Zeus|Substitute","|","|-sideend|p2: godpartikle|move: Tailwind","|turn|5","|","|move|p2a: Zeus|Nasty Plot|p2a: Zeus","|-boost|p2a: Zeus|spa|2","|move|p1a: Thug life|Dark Pulse|p2a: Zeus","|-damage|p2a: Zeus|11/362","|-enditem|p2a: Zeus|Sitrus Berry|[eat]","|-heal|p2a: Zeus|101/362|[from] item: Sitrus Berry","|","|turn|6","|","|move|p2a: Zeus|Thunderbolt|p1a: Thug life","|-damage|p1a: Thug life|165/303","|move|p1a: Thug life|Dark Pulse|p2a: Zeus","|-damage|p2a: Zeus|0 fnt","|faint|p2a: Zeus","|","|","|switch|p2a: Mr. Cuddles|Gyarados, F, shiny|394/394","|-ability|p2a: Mr. Cuddles|Intimidate","|-unboost|p1a: Thug life|atk|1","|turn|7","|","|move|p2a: Mr. Cuddles|Dragon Dance|p2a: Mr. Cuddles","|-boost|p2a: Mr. Cuddles|atk|1","|-boost|p2a: Mr. Cuddles|spe|1","|move|p1a: Thug life|Recover|p1a: Thug life","|-heal|p1a: Thug life|303/303","|","|turn|8","|","|move|p2a: Mr. Cuddles|Waterfall|p1a: Thug life","|-damage|p1a: Thug life|159/303","|cant|p1a: Thug life|flinch","|","|turn|9","|","|move|p2a: Mr. Cuddles|Dragon Dance|p2a: Mr. Cuddles","|-boost|p2a: Mr. Cuddles|atk|1","|-boost|p2a: Mr. Cuddles|spe|1","|move|p1a: Thug life|Recover|p1a: Thug life","|-heal|p1a: Thug life|303/303","|","|turn|10","|","|move|p2a: Mr. Cuddles|Waterfall|p1a: Thug life","|-damage|p1a: Thug life|120/303","|cant|p1a: Thug life|flinch","|","|turn|11","|","|move|p2a: Mr. Cuddles|Waterfall|p1a: Thug life","|-damage|p1a: Thug life|0 fnt","|faint|p1a: Thug life","|","|","|switch|p1a: U Mad ?|Mandibuzz, F|424/424","|turn|12","|","|move|p2a: Mr. Cuddles|Ice Fang|p1a: U Mad ?","|-supereffective|p1a: U Mad ?","|-damage|p1a: U Mad ?|212/424","|-damage|p2a: Mr. Cuddles|329/394|[from] item: Rocky Helmet|[of] p1a: U Mad ?","|move|p1a: U Mad ?|Foul Play|p2a: Mr. Cuddles","|-damage|p2a: Mr. Cuddles|0 fnt","|faint|p2a: Mr. Cuddles","|","|","|switch|p2a: Brobat|Crobat, M|373/373","|turn|13","|","|move|p2a: Brobat|Taunt|p1a: U Mad ?","|-start|p1a: U Mad ?|move: Taunt","|cant|p1a: U Mad ?|move: Taunt|Roost","|","|turn|14","|","|move|p2a: Brobat|Toxic|p1a: U Mad ?","|-status|p1a: U Mad ?|tox","|move|p1a: U Mad ?|Foul Play|p2a: Brobat","|-damage|p2a: Brobat|252/373","|","|-damage|p1a: U Mad ?|186/424 tox|[from] psn","|turn|15","|","|move|p2a: Brobat|Roost|p2a: Brobat","|-heal|p2a: Brobat|373/373","|move|p1a: U Mad ?|Foul Play|p2a: Brobat","|-damage|p2a: Brobat|252/373","|","|-damage|p1a: U Mad ?|134/424 tox|[from] psn","|-end|p1a: U Mad ?|move: Taunt","|turn|16","|","|switch|p1a: It's FOOFA!|Hoopa-Unbound|301/301","|move|p2a: Brobat|Taunt|p1a: It's FOOFA!","|-start|p1a: It's FOOFA!|move: Taunt","|","|turn|17","|","|move|p1a: It's FOOFA!|Psyshock|p2a: Brobat","|-supereffective|p2a: Brobat","|-damage|p2a: Brobat|0 fnt","|faint|p2a: Brobat","|","|","|switch|p2a: Gon Steel yo Girl|Skarmory, M|271/271","|turn|18","|","|switch|p1a: Jack The Ripper|Drapion, F|343/343","|move|p2a: Gon Steel yo Girl|Tailwind|p2a: Gon Steel yo Girl","|-sidestart|p2: godpartikle|move: Tailwind","|","|turn|19","|","|move|p2a: Gon Steel yo Girl|Stealth Rock|p1a: Jack The Ripper","|-sidestart|p1: Professor ♅ ☯ Nyx|move: Stealth Rock","|move|p1a: Jack The Ripper|Substitute|p1a: Jack The Ripper","|-start|p1a: Jack The Ripper|Substitute","|-damage|p1a: Jack The Ripper|258/343","|","|-heal|p1a: Jack The Ripper|279/343|[from] item: Black Sludge","|turn|20","|","|move|p2a: Gon Steel yo Girl|Brave Bird|p1a: Jack The Ripper","|-end|p1a: Jack The Ripper|Substitute","|-damage|p2a: Gon Steel yo Girl|243/271|[from] recoil|[of] p1a: Jack The Ripper","|move|p1a: Jack The Ripper|Whirlwind|p2a: Gon Steel yo Girl","|drag|p2a: Nostalgia-Mega|Charizard, F, shiny|297/297","|","|-heal|p1a: Jack The Ripper|300/343|[from] item: Black Sludge","|turn|21","|","|detailschange|p2a: Nostalgia-Mega|Charizard-Mega-Y, F, shiny","|-mega|p2a: Nostalgia-Mega|Charizard|Charizardite Y","|-weather|SunnyDay","|move|p2a: Nostalgia-Mega|Flamethrower|p1a: Jack The Ripper","|-damage|p1a: Jack The Ripper|0 fnt","|faint|p1a: Jack The Ripper","|","|-weather|SunnyDay|[upkeep]","|-sideend|p2: godpartikle|move: Tailwind","|","|switch|p1a: Moon Sparkle|Umbreon, F|394/394","|-damage|p1a: Moon Sparkle|345/394|[from] Stealth Rock","|turn|22","|","|switch|p2a: Gon Steel yo Girl|Skarmory, M|243/271","|move|p1a: Moon Sparkle|Foul Play|p2a: Gon Steel yo Girl","|-damage|p2a: Gon Steel yo Girl|161/271","|","|-weather|SunnyDay|[upkeep]","|-heal|p1a: Moon Sparkle|369/394|[from] item: Leftovers","|turn|23","|","|move|p2a: Gon Steel yo Girl|Tailwind|p2a: Gon Steel yo Girl","|-sidestart|p2: godpartikle|move: Tailwind","|move|p1a: Moon Sparkle|Confuse Ray|p2a: Gon Steel yo Girl","|-start|p2a: Gon Steel yo Girl|confusion","|","|-weather|SunnyDay|[upkeep]","|-heal|p1a: Moon Sparkle|393/394|[from] item: Leftovers","|turn|24","|","|switch|p2a: Nostalgia-Mega|Charizard-Mega-Y, F, shiny|297/297","|move|p1a: Moon Sparkle|Foul Play|p2a: Nostalgia-Mega","|-damage|p2a: Nostalgia-Mega|167/297","|","|-weather|SunnyDay|[upkeep]","|-heal|p1a: Moon Sparkle|394/394|[from] item: Leftovers","|turn|25","|","|move|p2a: Nostalgia-Mega|Flamethrower|p1a: Moon Sparkle","|-damage|p1a: Moon Sparkle|211/394","|move|p1a: Moon Sparkle|Confuse Ray|p2a: Nostalgia-Mega","|-start|p2a: Nostalgia-Mega|confusion","|","|-weather|none","|-heal|p1a: Moon Sparkle|235/394|[from] item: Leftovers","|turn|26","|","|-activate|p2a: Nostalgia-Mega|confusion","|-damage|p2a: Nostalgia-Mega|127/297|[from] confusion","|move|p1a: Moon Sparkle|Wish|p1a: Moon Sparkle","|","|-heal|p1a: Moon Sparkle|259/394|[from] item: Leftovers","|-sideend|p2: godpartikle|move: Tailwind","|turn|27","|","|switch|p2a: Raptorstar|Staraptor, F|374/374","|-ability|p2a: Raptorstar|Intimidate","|-unboost|p1a: Moon Sparkle|atk|1","|move|p1a: Moon Sparkle|Foul Play|p2a: Raptorstar","|-damage|p2a: Raptorstar|154/374","|-enditem|p2a: Raptorstar|Sitrus Berry|[eat]","|-heal|p2a: Raptorstar|247/374|[from] item: Sitrus Berry","|","|-heal|p1a: Moon Sparkle|394/394|[from] move: Wish|[wisher] Moon Sparkle","|turn|28","|","|move|p2a: Raptorstar|Substitute|p2a: Raptorstar","|-start|p2a: Raptorstar|Substitute","|-damage|p2a: Raptorstar|154/374","|move|p1a: Moon Sparkle|Confuse Ray|p2a: Raptorstar","|-fail|p2a: Raptorstar","|","|turn|29","|","|move|p2a: Raptorstar|Brave Bird|p1a: Moon Sparkle","|-damage|p1a: Moon Sparkle|186/394","|-damage|p2a: Raptorstar|85/374|[from] recoil|[of] p1a: Moon Sparkle","|move|p1a: Moon Sparkle|Foul Play|p2a: Raptorstar","|-end|p2a: Raptorstar|Substitute","|","|-heal|p1a: Moon Sparkle|210/394|[from] item: Leftovers","|turn|30","|","|move|p2a: Raptorstar|Brave Bird|p1a: Moon Sparkle","|-damage|p1a: Moon Sparkle|3/394","|-damage|p2a: Raptorstar|17/374|[from] recoil|[of] p1a: Moon Sparkle","|move|p1a: Moon Sparkle|Foul Play|p2a: Raptorstar","|-damage|p2a: Raptorstar|0 fnt","|faint|p2a: Raptorstar","|","|-heal|p1a: Moon Sparkle|27/394|[from] item: Leftovers","|","|switch|p2a: Gon Steel yo Girl|Skarmory, M|161/271","|turn|31","|","|move|p2a: Gon Steel yo Girl|Brave Bird|p1a: Moon Sparkle","|-damage|p1a: Moon Sparkle|0 fnt","|-damage|p2a: Gon Steel yo Girl|152/271|[from] recoil|[of] p1a: Moon Sparkle","|faint|p1a: Moon Sparkle","|","|","|switch|p1a: It's FOOFA!|Hoopa-Unbound|301/301","|-damage|p1a: It's FOOFA!|264/301|[from] Stealth Rock","|turn|32","|","|move|p1a: It's FOOFA!|Shadow Ball|p2a: Gon Steel yo Girl","|-damage|p2a: Gon Steel yo Girl|13/271","|-unboost|p2a: Gon Steel yo Girl|spd|1","|move|p2a: Gon Steel yo Girl|Tailwind|p2a: Gon Steel yo Girl","|-sidestart|p2: godpartikle|move: Tailwind","|","|turn|33","|-enditem|p2a: Gon Steel yo Girl|Custap Berry|[eat]","|-activate|p2a: Gon Steel yo Girl|Custap Berry","|","|move|p2a: Gon Steel yo Girl|Brave Bird|p1a: It's FOOFA!","|-damage|p1a: It's FOOFA!|0 fnt","|-damage|p2a: Gon Steel yo Girl|0 fnt|[from] recoil|[of] p1a: It's FOOFA!","|faint|p1a: It's FOOFA!","|faint|p2a: Gon Steel yo Girl","|","|","|switch|p2a: Nostalgia-Mega|Charizard-Mega-Y, F, shiny|127/297","|-weather|SunnyDay","|switch|p1a: Blue ranger|Bisharp, M, shiny|271/271","|-damage|p1a: Blue ranger|255/271|[from] Stealth Rock","|turn|34","|","|move|p1a: Blue ranger|Sucker Punch|p2a: Nostalgia-Mega","|-damage|p2a: Nostalgia-Mega|0 fnt","|faint|p2a: Nostalgia-Mega","|","|win|Professor ♅ ☯ Nyx"],"p1rating":{"entryid":"6674868","serverid":"eos","formatid":"monotype","userid":"professornyx","username":"Professor ♅ ☯ Nyx","w":32,"l":"23","t":"0","gxe":56.6,"r":"1539.6883922621","rd":"49.394728085131","sigma":"0","rptime":"1437555600","rpr":1550.1093424619,"rprd":48.609000234867,"rpsigma":"0","acre":1233.186584851,"lacre":1233.186584851,"oldacre":"1216.1686989584"},"p2rating":{"entryid":"5901710","serverid":"eos","formatid":"monotype","userid":"godpartikle","username":"godpartikle","w":"9","l":7,"t":"0","gxe":55.1,"r":"1579.9751981972","rd":"83.988520449032","sigma":"0","rptime":"1437555600","rpr":1539.1711441764,"rprd":79.933395022567,"rpsigma":"0","acre":1084.2016600469,"lacre":1084.2016600469,"oldacre":"1101.2195459395"},"endType":"normal"}