{"seed":[13792,28927,22116,38414],"turns":19,"p1":"its le Ace Trainer","p2":"godpartikle","p1team":[{"name":"ガブリアス","species":"garchomp","item":"rockyhelmet","ability":"Rough Skin","moves":["stealthrock","earthquake","dragontail","endure"],"nature":"Impish","evs":{"hp":252,"atk":0,"def":232,"spa":0,"spd":24,"spe":0},"ivs":{"hp":31,"atk":31,"def":31,"spa":31,"spd":31,"spe":31}},{"name":"オンバーン","species":"noivern","item":"choicescarf","ability":"Infiltrator","moves":["flamethrower","hurricane","dracometeor","switcheroo"],"nature":"Timid","evs":{"hp":0,"atk":0,"def":4,"spa":252,"spd":0,"spe":252},"ivs":{"hp":31,"atk":31,"def":31,"spa":31,"spd":31,"spe":31}},{"name":"チルタリス","species":"altaria","item":"altarianite","ability":"Natural Cure","moves":["dragondance","frustration","earthquake","roost"],"nature":"Adamant","evs":{"hp":188,"atk":68,"def":0,"spa":0,"spd":0,"spe":252},"happiness":0,"ivs":{"hp":31,"atk":31,"def":31,"spa":31,"spd":31,"spe":31}},{"name":"ラティオス","species":"latios","item":"choicescarf","ability":"Levitate","moves":["hiddenpowerfire","dracometeor","psyshock","thunderbolt"],"nature":"Modest","evs":{"hp":0,"atk":0,"def":4,"spa":252,"spd":0,"spe":252},"ivs":{"hp":31,"atk":30,"def":31,"spa":30,"spd":31,"spe":30}},{"name":"キュレム","species":"kyuremblack","item":"lifeorb","ability":"Teravolt","moves":["icebeam","earthpower","fusionbolt","ironhead"],"nature":"Naive","evs":{"hp":0,"atk":100,"def":0,"spa":180,"spd":0,"spe":228},"shiny":true,"ivs":{"hp":31,"atk":31,"def":31,"spa":31,"spd":31,"spe":31}},{"name":"ボーマンダ","species":"salamence","item":"choicescarf","ability":"Moxie","moves":["outrage","aerialace","steelwing","earthquake"],"nature":"Jolly","evs":{"hp":0,"atk":252,"def":4,"spa":0,"spd":0,"spe":252},"ivs":{"hp":31,"atk":31,"def":31,"spa":31,"spd":31,"spe":31}}],"p2team":[{"name":"Raptorstar","species":"staraptor","item":"sitrusberry","ability":"Intimidate","moves":["bravebird","return","tailwind","substitute"],"nature":"Adamant","evs":{"hp":252,"atk":252,"def":0,"spa":0,"spd":0,"spe":4},"ivs":{"hp":31,"atk":31,"def":31,"spa":31,"spd":31,"spe":31}},{"name":"Nostalgia-Mega","species":"charizard","item":"charizarditey","ability":"Blaze","moves":["flamethrower","solarbeam","airslash","dragonpulse"],"nature":"Timid","evs":{"hp":0,"atk":0,"def":0,"spa":252,"spd":4,"spe":252},"shiny":true,"ivs":{"hp":31,"atk":31,"def":31,"spa":31,"spd":31,"spe":31}},{"name":"Mr. Cuddles","species":"gyarados","item":"sitrusberry","ability":"Intimidate","moves":["waterfall","earthquake","icefang","dragondance"],"nature":"Adamant","evs":{"hp":252,"atk":252,"def":0,"spa":0,"spd":4,"spe":0},"shiny":true,"ivs":{"hp":31,"atk":31,"def":31,"spa":31,"spd":31,"spe":31}},{"name":"Brobat","species":"crobat","item":"sitrusberry","ability":"Infiltrator","moves":["bravebird","roost","toxic","taunt"],"nature":"Jolly","evs":{"hp":248,"atk":8,"def":0,"spa":2,"spd":0,"spe":252},"ivs":{"hp":31,"atk":31,"def":31,"spa":31,"spd":31,"spe":31}},{"name":"Zeus","species":"thundurus","item":"sitrusberry","ability":"Prankster","moves":["thunderwave","substitute","thunderbolt","nastyplot"],"nature":"Timid","evs":{"hp":252,"atk":0,"def":0,"spa":88,"spd":0,"spe":168},"ivs":{"hp":31,"atk":31,"def":31,"spa":31,"spd":31,"spe":31}},{"name":"Gon Steel yo Girl","species":"skarmory","item":"custapberry","ability":"Sturdy","moves":["bravebird","stealthrock","spikes","tailwind"],"nature":"Adamant","evs":{"hp":0,"atk":248,"def":236,"spa":0,"spd":0,"spe":24},"ivs":{"hp":31,"atk":31,"def":31,"spa":31,"spd":31,"spe":31}}],"log":["|player|p1|its le Ace Trainer|alliancewutang.png","|player|p2|godpartikle|137","|gametype|singles","|gen|6","|tier|Monotype","|rated","|rule|Baton Pass Clause: Limit one Baton Passer, can't pass Spe and other stats simultaneously","|rule|Swagger Clause: Swagger is banned","|rule|Same Type Clause: Pokémon in a team must share a type","|clearpoke","|poke|p1|Garchomp, M","|poke|p1|Noivern, F","|poke|p1|Altaria, F","|poke|p1|Latios, M","|poke|p1|Kyurem-Black, shiny","|poke|p1|Salamence, F","|poke|p2|Staraptor, M","|poke|p2|Charizard, M, shiny","|poke|p2|Gyarados, M, shiny","|poke|p2|Crobat, M","|poke|p2|Thundurus, M","|poke|p2|Skarmory, M","|rule|Sleep Clause Mod: Limit one foe put to sleep","|rule|Species Clause: Limit one of each Pokémon","|rule|OHKO Clause: OHKO moves are banned","|rule|Moody Clause: Moody is banned","|rule|Evasion Moves Clause: Evasion moves are banned","|rule|Endless Battle Clause: Forcing endless battles is banned","|rule|HP Percentage Mod: HP is shown in percentages","|teampreview","|","|start","|switch|p1a: キュレム|Kyurem-Black, shiny|391/391","|switch|p2a: Gon Steel yo Girl|Skarmory, M|271/271","|-ability|p1a: キュレム|Teravolt","|turn|1","|","|move|p1a: キュレム|Ice Beam|p2a: Gon Steel yo Girl","|-damage|p2a: Gon Steel yo Girl|40/271","|-damage|p1a: キュレム|352/391|[from] item: Life Orb","|move|p2a: Gon Steel yo Girl|Tailwind|p2a: Gon Steel yo Girl","|-sidestart|p2: godpartikle|move: Tailwind","|","|turn|2","|-enditem|p2a: Gon Steel yo Girl|Custap Berry|[eat]","|-activate|p2a: Gon Steel yo Girl|Custap Berry","|","|move|p2a: Gon Steel yo Girl|Stealth Rock|p1a: キュレム","|-sidestart|p1: its le Ace Trainer|move: Stealth Rock","|move|p1a: キュレム|Fusion Bolt|p2a: Gon Steel yo Girl","|-crit|p2a: Gon Steel yo Girl","|-supereffective|p2a: Gon Steel yo Girl","|-damage|p2a: Gon Steel yo Girl|0 fnt","|-damage|p1a: キュレム|313/391|[from] item: Life Orb","|faint|p2a: Gon Steel yo Girl","|","|","|switch|p2a: Nostalgia-Mega|Charizard, M, shiny|297/297","|turn|3","|","|switch|p1a: ガブリアス|Garchomp, M|420/420","|-damage|p1a: ガブリアス|394/420|[from] Stealth Rock","|detailschange|p2a: Nostalgia-Mega|Charizard-Mega-Y, M, shiny","|-mega|p2a: Nostalgia-Mega|Charizard|Charizardite Y","|-weather|SunnyDay","|move|p2a: Nostalgia-Mega|Dragon Pulse|p1a: ガブリアス","|-supereffective|p1a: ガブリアス","|-damage|p1a: ガブリアス|136/420","|","|-weather|SunnyDay|[upkeep]","|turn|4","|","|move|p2a: Nostalgia-Mega|Dragon Pulse|p1a: ガブリアス","|-supereffective|p1a: ガブリアス","|-damage|p1a: ガブリアス|0 fnt","|faint|p1a: ガブリアス","|","|-weather|SunnyDay|[upkeep]","|-sideend|p2: godpartikle|move: Tailwind","|","|switch|p1a: オンバーン|Noivern, F|311/311","|-damage|p1a: オンバーン|234/311|[from] Stealth Rock","|turn|5","|","|move|p1a: オンバーン|Hurricane|p2a: Nostalgia-Mega|[miss]","|-miss|p1a: オンバーン|p2a: Nostalgia-Mega","|move|p2a: Nostalgia-Mega|Dragon Pulse|p1a: オンバーン","|-supereffective|p1a: オンバーン","|-damage|p1a: オンバーン|0 fnt","|faint|p1a: オンバーン","|","|-weather|SunnyDay|[upkeep]","|","|switch|p1a: ラティオス|Latios, M|301/301","|-damage|p1a: ラティオス|264/301|[from] Stealth Rock","|turn|6","|","|move|p1a: ラティオス|Thunderbolt|p2a: Nostalgia-Mega","|-supereffective|p2a: Nostalgia-Mega","|-damage|p2a: Nostalgia-Mega|81/297","|move|p2a: Nostalgia-Mega|Dragon Pulse|p1a: ラティオス","|-supereffective|p1a: ラティオス","|-damage|p1a: ラティオス|62/301","|","|-weather|SunnyDay|[upkeep]","|turn|7","|","|switch|p2a: Zeus|Thundurus, M|362/362","|move|p1a: ラティオス|Thunderbolt|p2a: Zeus","|-damage|p2a: Zeus|222/362","|","|-weather|none","|turn|8","|","|switch|p1a: キュレム|Kyurem-Black, shiny|313/391","|-damage|p1a: キュレム|216/391|[from] Stealth Rock","|-ability|p1a: キュレム|Teravolt","|move|p2a: Zeus|Thunder Wave|p1a: キュレム","|-status|p1a: キュレム|par","|","|turn|9","|","|move|p2a: Zeus|Substitute|p2a: Zeus","|-start|p2a: Zeus|Substitute","|-damage|p2a: Zeus|132/362","|-enditem|p2a: Zeus|Sitrus Berry|[eat]","|-heal|p2a: Zeus|222/362|[from] item: Sitrus Berry","|cant|p1a: キュレム|par","|","|turn|10","|","|move|p2a: Zeus|Nasty Plot|p2a: Zeus","|-boost|p2a: Zeus|spa|2","|move|p1a: キュレム|Ice Beam|p2a: Zeus","|-supereffective|p2a: Zeus","|-end|p2a: Zeus|Substitute","|-damage|p1a: キュレム|177/391 par|[from] item: Life Orb","|","|turn|11","|","|move|p2a: Zeus|Nasty Plot|p2a: Zeus","|-boost|p2a: Zeus|spa|2","|move|p1a: キュレム|Ice Beam|p2a: Zeus","|-supereffective|p2a: Zeus","|-damage|p2a: Zeus|0 fnt","|-damage|p1a: キュレム|138/391 par|[from] item: Life Orb","|faint|p2a: Zeus","|","|","|switch|p2a: Nostalgia-Mega|Charizard-Mega-Y, M, shiny|81/297","|-weather|SunnyDay","|turn|12","|","|move|p2a: Nostalgia-Mega|Dragon Pulse|p1a: キュレム","|-supereffective|p1a: キュレム","|-damage|p1a: キュレム|0 fnt","|faint|p1a: キュレム","|","|-weather|SunnyDay|[upkeep]","|","|switch|p1a: ラティオス|Latios, M|62/301","|-damage|p1a: ラティオス|25/301|[from] Stealth Rock","|turn|13","|","|switch|p2a: Mr. Cuddles|Gyarados, M, shiny|394/394","|-ability|p2a: Mr. Cuddles|Intimidate","|-unboost|p1a: ラティオス|atk|1","|move|p1a: ラティオス|Thunderbolt|p2a: Mr. Cuddles","|-supereffective|p2a: Mr. Cuddles","|-damage|p2a: Mr. Cuddles|0 fnt","|faint|p2a: Mr. Cuddles","|","|-weather|SunnyDay|[upkeep]","|","|switch|p2a: Raptorstar|Staraptor, M|374/374","|-ability|p2a: Raptorstar|Intimidate","|-unboost|p1a: ラティオス|atk|1","|turn|14","|","|move|p1a: ラティオス|Thunderbolt|p2a: Raptorstar","|-supereffective|p2a: Raptorstar","|-damage|p2a: Raptorstar|34/374","|-enditem|p2a: Raptorstar|Sitrus Berry|[eat]","|-heal|p2a: Raptorstar|127/374|[from] item: Sitrus Berry","|move|p2a: Raptorstar|Return|p1a: ラティオス","|-damage|p1a: ラティオス|0 fnt","|faint|p1a: ラティオス","|","|-weather|SunnyDay|[upkeep]","|","|switch|p1a: ボーマンダ|Salamence, F|331/331","|-damage|p1a: ボーマンダ|249/331|[from] Stealth Rock","|turn|15","|","|move|p1a: ボーマンダ|Outrage|p2a: Raptorstar","|-damage|p2a: Raptorstar|0 fnt","|faint|p2a: Raptorstar","|-boost|p1a: ボーマンダ|atk|1|[from] ability: Moxie","|","|-weather|SunnyDay|[upkeep]","|","|switch|p2a: Brobat|Crobat, M|373/373","|turn|16","|","|move|p1a: ボーマンダ|Outrage|p2a: Brobat","|-damage|p2a: Brobat|0 fnt","|-start|p1a: ボーマンダ|confusion|[fatigue]","|faint|p2a: Brobat","|-boost|p1a: ボーマンダ|atk|1|[from] ability: Moxie","|","|-weather|none","|","|switch|p2a: Nostalgia-Mega|Charizard-Mega-Y, M, shiny|81/297","|-weather|SunnyDay","|turn|17","|","|-activate|p1a: ボーマンダ|confusion","|-damage|p1a: ボーマンダ|122/331|[from] confusion","|move|p2a: Nostalgia-Mega|Dragon Pulse|p1a: ボーマンダ","|-supereffective|p1a: ボーマンダ","|-damage|p1a: ボーマンダ|0 fnt","|faint|p1a: ボーマンダ","|","|-weather|SunnyDay|[upkeep]","|","|switch|p1a: チルタリス|Altaria, F|338/338","|-damage|p1a: チルタリス|254/338|[from] Stealth Rock","|turn|18","|","|detailschange|p1a: チルタリス|Altaria-Mega, F","|-mega|p1a: チルタリス|Altaria|Altarianite","|move|p2a: Nostalgia-Mega|Flamethrower|p1a: チルタリス","|-resisted|p1a: チルタリス","|-damage|p1a: チルタリス|115/338","|move|p1a: チルタリス|Dragon Dance|p1a: チルタリス","|-boost|p1a: チルタリス|atk|1","|-boost|p1a: チルタリス|spe|1","|","|-weather|SunnyDay|[upkeep]","|turn|19","|","|move|p1a: チルタリス|Frustration|p2a: Nostalgia-Mega","|-resisted|p2a: Nostalgia-Mega","|-damage|p2a: Nostalgia-Mega|0 fnt","|faint|p2a: Nostalgia-Mega","|","|win|its le Ace Trainer"],"p1rating":{"entryid":7090525,"formatid":"monotype","userid":"itsleacetrainer","username":"its le Ace Trainer","r":1500,"rd":130,"sigma":0,"rpr":1550.9454872753,"rprd":122.59479221148,"rpsigma":0,"rptime":1437555600,"w":1,"l":0,"t":0,"gxe":56.3,"acre":1054.8547978054,"lacre":1054.8547978054,"oldacre":1000},"p2rating":{"entryid":"5901710","serverid":"eos","formatid":"monotype","userid":"godpartikle","username":"godpartikle","w":"9","l":6,"t":"0","gxe":57.5,"r":"1579.9751981972","rd":"83.988520449032","sigma":"0","rptime":"1437555600","rpr":1558.306624131,"rprd":82.05265880857,"rpsigma":"0","acre":1101.2195459395,"lacre":1101.2195459395,"oldacre":"1135.5037945679"},"endType":"normal"}