{"seed":[45563,13826,61907,43397],"turns":29,"p1":"Professor ♅ ☯ Nyx","p2":"GTX♅Bzumzum","p1team":[{"name":"Tyranitar","species":"Tyranitar","item":"assaultvest","ability":"Sand Stream","moves":["stoneedge","earthquake","crunch","fireblast"],"nature":"Lonely","evs":{"hp":248,"atk":252,"def":0,"spa":8,"spd":0,"spe":0},"ivs":{"hp":31,"atk":31,"def":31,"spa":31,"spd":31,"spe":31}},{"name":"Aggron","species":"Aggron","item":"aggronite","ability":"Sturdy","moves":["curse","sleeptalk","rest","heavyslam"],"nature":"Careful","evs":{"hp":252,"atk":4,"def":56,"spa":0,"spd":196,"spe":0},"ivs":{"hp":31,"atk":31,"def":31,"spa":31,"spd":31,"spe":31}},{"name":"Terrakion","species":"Terrakion","item":"choicescarf","ability":"Justified","moves":["closecombat","stoneedge","earthquake","poisonjab"],"nature":"Jolly","evs":{"hp":4,"atk":252,"def":0,"spa":0,"spd":0,"spe":252},"ivs":{"hp":31,"atk":31,"def":31,"spa":31,"spd":31,"spe":31}},{"name":"Cradily","species":"Cradily","item":"leftovers","ability":"Storm Drain","moves":["stockpile","toxic","gigadrain","recover"],"nature":"Calm","gender":"F","evs":{"hp":0,"atk":0,"def":0,"spa":0,"spd":0,"spe":0},"ivs":{"hp":31,"atk":31,"def":31,"spa":31,"spd":31,"spe":31}},{"name":"Shuckle","species":"Shuckle","item":"leftovers","ability":"Sturdy","moves":["toxic","encore","stickyweb","stealthrock"],"nature":"Bold","evs":{"hp":252,"atk":0,"def":252,"spa":0,"spd":4,"spe":0},"ivs":{"hp":31,"atk":31,"def":31,"spa":31,"spd":31,"spe":31}},{"name":"Lord Helix","species":"omastar","item":"focussash","ability":"Weak Armor","moves":["shellsmash","surf","icebeam","hiddenpowergrass"],"nature":"Timid","evs":{"hp":0,"atk":0,"def":4,"spa":252,"spd":0,"spe":252},"ivs":{"hp":31,"atk":30,"def":31,"spa":30,"spd":31,"spe":31}}],"p2team":[{"name":"Creeps","species":"sableye","item":"ejectbutton","ability":"Prankster","moves":["dazzlinggleam","magiccoat","recover","willowisp"],"nature":"Calm","evs":{"hp":216,"atk":0,"def":0,"spa":40,"spd":252,"spe":0},"gender":"M","ivs":{"hp":31,"atk":31,"def":31,"spa":31,"spd":31,"spe":31}},{"name":"The One","species":"zoroark","item":"focussash","ability":"Illusion","moves":["hiddenpowersteel","extrasensory","snarl","flamethrower"],"nature":"Timid","evs":{"hp":0,"atk":0,"def":0,"spa":252,"spd":4,"spe":252},"gender":"M","ivs":{"hp":31,"atk":31,"def":31,"spa":31,"spd":30,"spe":31}},{"name":"Rocky","species":"scrafty","item":"leftovers","ability":"Shed Skin","moves":["dragondance","highjumpkick","fakeout","poisonjab"],"nature":"Jolly","evs":{"hp":116,"atk":144,"def":136,"spa":0,"spd":40,"spe":72},"gender":"M","ivs":{"hp":31,"atk":31,"def":31,"spa":31,"spd":31,"spe":31}},{"name":"Tyranidark","species":"tyranitar","item":"choicescarf","ability":"Sand Stream","moves":["aerialace","earthquake","rockslide","icepunch"],"nature":"Jolly","evs":{"hp":0,"atk":252,"def":0,"spa":0,"spd":4,"spe":252},"gender":"M","ivs":{"hp":31,"atk":31,"def":31,"spa":31,"spd":31,"spe":31}},{"name":"BEWARE","species":"sharpedo","item":"sharpedonite","ability":"Speed Boost","moves":["protect","aquajet","crunch","zenheadbutt"],"nature":"Jolly","evs":{"hp":0,"atk":252,"def":0,"spa":0,"spd":4,"spe":252},"gender":"M","ivs":{"hp":31,"atk":31,"def":31,"spa":31,"spd":31,"spe":31}},{"name":"Annoyance","species":"mandibuzz","item":"leftovers","ability":"Overcoat","moves":["defog","protect","knockoff","bravebird"],"nature":"Impish","evs":{"hp":100,"atk":148,"def":68,"spa":0,"spd":148,"spe":44},"shiny":true,"ivs":{"hp":31,"atk":31,"def":31,"spa":31,"spd":31,"spe":31}}],"log":["|player|p1|Professor ♅ ☯ Nyx|132","|player|p2|GTX♅Bzumzum|225","|gametype|singles","|gen|6","|tier|Monotype","|rated","|rule|Baton Pass Clause: Limit one Baton Passer, can't pass Spe and other stats simultaneously","|rule|Swagger Clause: Swagger is banned","|rule|Same Type Clause: Pokémon in a team must share a type","|clearpoke","|poke|p1|Tyranitar, M","|poke|p1|Aggron, F","|poke|p1|Terrakion","|poke|p1|Cradily, F","|poke|p1|Shuckle, M","|poke|p1|Omastar, M","|poke|p2|Sableye, M","|poke|p2|Zoroark, M","|poke|p2|Scrafty, M","|poke|p2|Tyranitar, M","|poke|p2|Sharpedo, M","|poke|p2|Mandibuzz, F, shiny","|rule|Sleep Clause Mod: Limit one foe put to sleep","|rule|Species Clause: Limit one of each Pokémon","|rule|OHKO Clause: OHKO moves are banned","|rule|Moody Clause: Moody is banned","|rule|Evasion Moves Clause: Evasion moves are banned","|rule|Endless Battle Clause: Forcing endless battles is banned","|rule|HP Percentage Mod: HP is shown in percentages","|teampreview","|","|start","|switch|p1a: Shuckle|Shuckle, M|244/244","|switch|p2a: Rocky|Scrafty, M|261/261","|turn|1","|","|move|p2a: Rocky|Hidden Power|p1a: Shuckle","|-supereffective|p1a: Shuckle","|-damage|p1a: Shuckle|180/244","|move|p1a: Shuckle|Sticky Web|p2a: Rocky","|-sidestart|p2: GTX♅Bzumzum|move: Sticky Web","|","|-heal|p1a: Shuckle|195/244|[from] item: Leftovers","|turn|2","|","|switch|p2a: Annoyance|Mandibuzz, F, shiny|386/386","|move|p1a: Shuckle|Stealth Rock|p2a: Annoyance","|-sidestart|p2: GTX♅Bzumzum|move: Stealth Rock","|","|-heal|p1a: Shuckle|210/244|[from] item: Leftovers","|turn|3","|","|move|p2a: Annoyance|Knock Off|p1a: Shuckle","|-damage|p1a: Shuckle|168/244","|-enditem|p1a: Shuckle|Leftovers|[from] move: Knock Off|[of] p2a: Annoyance","|move|p1a: Shuckle|Encore|p2a: Annoyance","|-start|p2a: Annoyance|Encore","|","|turn|4","|","|move|p2a: Annoyance|Knock Off|p1a: Shuckle","|-damage|p1a: Shuckle|140/244","|move|p1a: Shuckle|Toxic|p2a: Annoyance","|-status|p2a: Annoyance|tox","|","|-damage|p2a: Annoyance|362/386 tox|[from] psn","|turn|5","|","|switch|p1a: Terrakion|Terrakion|324/324","|move|p2a: Annoyance|Knock Off|p1a: Terrakion","|-resisted|p1a: Terrakion","|-damage|p1a: Terrakion|272/324","|-boost|p1a: Terrakion|atk|1|[from] ability: Justified","|-enditem|p1a: Terrakion|Choice Scarf|[from] move: Knock Off|[of] p2a: Annoyance","|","|-heal|p2a: Annoyance|386/386 tox|[from] item: Leftovers","|-damage|p2a: Annoyance|338/386 tox|[from] psn","|turn|6","|","|move|p1a: Terrakion|Stone Edge|p2a: Annoyance","|-supereffective|p2a: Annoyance","|-damage|p2a: Annoyance|0 fnt","|faint|p2a: Annoyance","|","|","|switch|p2a: Creeps|Sableye, M|295/295","|-damage|p2a: Creeps|259/295|[from] Stealth Rock","|-activate|p2a: Creeps|move: Sticky Web","|-unboost|p2a: Creeps|spe|1","|turn|7","|","|switch|p1a: Aggron|Aggron, F|344/344","|move|p2a: Creeps|Dazzling Gleam|p1a: Aggron","|-resisted|p1a: Aggron","|-damage|p1a: Aggron|318/344","|","|turn|8","|","|detailschange|p1a: Aggron|Aggron-Mega, F","|-mega|p1a: Aggron|Aggron|Aggronite","|move|p2a: Creeps|Will-O-Wisp|p1a: Aggron","|-status|p1a: Aggron|brn","|move|p1a: Aggron|Curse|p1a: Aggron","|-boost|p1a: Aggron|atk|1","|-boost|p1a: Aggron|def|1","|-unboost|p1a: Aggron|spe|1","|","|-damage|p1a: Aggron|275/344 brn|[from] brn","|turn|9","|","|switch|p2a: Tyranidark|Tyranitar, M|341/341","|-damage|p2a: Tyranidark|299/341|[from] Stealth Rock","|-activate|p2a: Tyranidark|move: Sticky Web","|-unboost|p2a: Tyranidark|spe|1","|-weather|Sandstorm","|move|p1a: Aggron|Curse|p1a: Aggron","|-boost|p1a: Aggron|atk|1","|-boost|p1a: Aggron|def|1","|-unboost|p1a: Aggron|spe|1","|","|-weather|Sandstorm|[upkeep]","|-damage|p1a: Aggron|232/344 brn|[from] brn","|turn|10","|","|move|p2a: Tyranidark|Ice Punch|p1a: Aggron","|-resisted|p1a: Aggron","|-damage|p1a: Aggron|222/344 brn","|move|p1a: Aggron|Rest|p1a: Aggron","|-status|p1a: Aggron|slp","|-heal|p1a: Aggron|344/344 slp|[silent]","|-status|p1a: Aggron|slp|[from] move: Rest","|","|-weather|Sandstorm|[upkeep]","|turn|11","|","|switch|p2a: Rocky|Scrafty, M|300/300","|-activate|p2a: Rocky|move: Sticky Web","|-unboost|p2a: Rocky|spe|1","|-damage|p2a: Rocky|282/300|[from] Stealth Rock","|cant|p1a: Aggron|slp","|move|p1a: Aggron|Sleep Talk|p1a: Aggron","|move|p1a: Aggron|Rest|p1a: Aggron|[from]Sleep Talk","|-fail|p1a: Aggron","|","|-weather|Sandstorm|[upkeep]","|-damage|p2a: Rocky|264/300|[from] sandstorm","|-heal|p2a: Rocky|282/300|[from] item: Leftovers","|turn|12","|","|move|p2a: Rocky|Fake Out|p1a: Aggron","|-resisted|p1a: Aggron","|-damage|p1a: Aggron|340/344 slp","|cant|p1a: Aggron|slp","|cant|p1a: Aggron|flinch","|","|-weather|Sandstorm|[upkeep]","|-damage|p2a: Rocky|264/300|[from] sandstorm","|-heal|p2a: Rocky|282/300|[from] item: Leftovers","|turn|13","|","|move|p2a: Rocky|Dragon Dance|p2a: Rocky","|-boost|p2a: Rocky|atk|1","|-boost|p2a: Rocky|spe|1","|-curestatus|p1a: Aggron|slp","|move|p1a: Aggron|Heavy Slam|p2a: Rocky","|-damage|p2a: Rocky|0 fnt","|faint|p2a: Rocky","|","|-weather|none","|","|switch|p2a: Tyranidark|Tyranitar, M|261/261","|-damage|p2a: Tyranidark|229/261|[from] Stealth Rock","|-activate|p2a: Tyranidark|move: Sticky Web","|-unboost|p2a: Tyranidark|spe|1","|turn|14","|","|move|p2a: Tyranidark|Flamethrower|p1a: Aggron","|-supereffective|p1a: Aggron","|-damage|p1a: Aggron|214/344","|move|p1a: Aggron|Heavy Slam|p2a: Tyranidark","|replace|p2a: The One|Zoroark, M|229/261","|-damage|p2a: The One|0 fnt","|faint|p2a: The One","|","|","|switch|p2a: Tyranidark|Tyranitar, M|299/341","|-activate|p2a: Tyranidark|move: Sticky Web","|-unboost|p2a: Tyranidark|spe|1","|-damage|p2a: Tyranidark|257/341|[from] Stealth Rock","|-weather|Sandstorm","|turn|15","|","|move|p2a: Tyranidark|Rock Slide|p1a: Aggron","|-resisted|p1a: Aggron","|-damage|p1a: Aggron|199/344","|move|p1a: Aggron|Rest|p1a: Aggron","|-status|p1a: Aggron|slp","|-heal|p1a: Aggron|344/344 slp|[silent]","|-status|p1a: Aggron|slp|[from] move: Rest","|","|-weather|Sandstorm|[upkeep]","|turn|16","|","|move|p2a: Tyranidark|Rock Slide|p1a: Aggron","|-resisted|p1a: Aggron","|-damage|p1a: Aggron|328/344 slp","|cant|p1a: Aggron|slp","|move|p1a: Aggron|Sleep Talk|p1a: Aggron","|move|p1a: Aggron|Rest|p1a: Aggron|[from]Sleep Talk","|-fail|p1a: Aggron","|","|-weather|Sandstorm|[upkeep]","|turn|17","|","|move|p2a: Tyranidark|Rock Slide|p1a: Aggron","|-resisted|p1a: Aggron","|-damage|p1a: Aggron|313/344 slp","|cant|p1a: Aggron|slp","|cant|p1a: Aggron|flinch","|","|-weather|Sandstorm|[upkeep]","|turn|18","|","|move|p2a: Tyranidark|Rock Slide|p1a: Aggron","|-resisted|p1a: Aggron","|-damage|p1a: Aggron|298/344 slp","|-curestatus|p1a: Aggron|slp","|cant|p1a: Aggron|flinch","|","|-weather|Sandstorm|[upkeep]","|turn|19","|","|move|p2a: Tyranidark|Rock Slide|p1a: Aggron","|-resisted|p1a: Aggron","|-damage|p1a: Aggron|283/344","|move|p1a: Aggron|Heavy Slam|p2a: Tyranidark","|-supereffective|p2a: Tyranidark","|-damage|p2a: Tyranidark|5/341","|","|-weather|none","|turn|20","|","|move|p2a: Tyranidark|Rock Slide|p1a: Aggron","|-resisted|p1a: Aggron","|-damage|p1a: Aggron|266/344","|move|p1a: Aggron|Heavy Slam|p2a: Tyranidark","|-supereffective|p2a: Tyranidark","|-damage|p2a: Tyranidark|0 fnt","|faint|p2a: Tyranidark","|","|","|switch|p2a: BEWARE|Sharpedo, M|281/281","|-damage|p2a: BEWARE|246/281|[from] Stealth Rock","|-activate|p2a: BEWARE|move: Sticky Web","|-unboost|p2a: BEWARE|spe|1","|turn|21","|","|move|p2a: BEWARE|Aqua Jet|p1a: Aggron","|-damage|p1a: Aggron|248/344","|move|p1a: Aggron|Curse|p1a: Aggron","|-boost|p1a: Aggron|atk|1","|-boost|p1a: Aggron|def|1","|-unboost|p1a: Aggron|spe|1","|","|-boost|p2a: BEWARE|spe|1|[from] ability: Speed Boost","|turn|22","|","|move|p2a: BEWARE|Protect|p2a: BEWARE","|-singleturn|p2a: BEWARE|Protect","|move|p1a: Aggron|Heavy Slam|p2a: BEWARE","|-activate|p2a: BEWARE|Protect","|","|-boost|p2a: BEWARE|spe|1|[from] ability: Speed Boost","|turn|23","|","|detailschange|p2a: BEWARE|Sharpedo-Mega, M","|-mega|p2a: BEWARE|Sharpedo|Sharpedonite","|move|p2a: BEWARE|Crunch|p1a: Aggron","|-damage|p1a: Aggron|206/344","|move|p1a: Aggron|Heavy Slam|p2a: BEWARE","|-resisted|p2a: BEWARE","|-damage|p2a: BEWARE|33/281","|","|turn|24","|","|move|p2a: BEWARE|Zen Headbutt|p1a: Aggron","|-resisted|p1a: Aggron","|-damage|p1a: Aggron|196/344","|move|p1a: Aggron|Rest|p1a: Aggron","|-status|p1a: Aggron|slp","|-heal|p1a: Aggron|344/344 slp|[silent]","|-status|p1a: Aggron|slp|[from] move: Rest","|","|turn|25","|","|move|p2a: BEWARE|Crunch|p1a: Aggron","|-damage|p1a: Aggron|299/344 slp","|cant|p1a: Aggron|slp","|move|p1a: Aggron|Sleep Talk|p1a: Aggron","|move|p1a: Aggron|Rest|p1a: Aggron|[from]Sleep Talk","|-fail|p1a: Aggron","|","|turn|26","|","|move|p2a: BEWARE|Crunch|p1a: Aggron","|-damage|p1a: Aggron|254/344 slp","|cant|p1a: Aggron|slp","|move|p1a: Aggron|Sleep Talk|p1a: Aggron","|move|p1a: Aggron|Rest|p1a: Aggron|[from]Sleep Talk","|-fail|p1a: Aggron","|","|turn|27","|","|move|p2a: BEWARE|Crunch|p1a: Aggron","|-damage|p1a: Aggron|212/344 slp","|-curestatus|p1a: Aggron|slp","|move|p1a: Aggron|Heavy Slam|p2a: BEWARE","|-resisted|p2a: BEWARE","|-damage|p2a: BEWARE|0 fnt","|faint|p2a: BEWARE","|","|","|switch|p2a: Creeps|Sableye, M|259/295","|-activate|p2a: Creeps|move: Sticky Web","|-unboost|p2a: Creeps|spe|1","|-damage|p2a: Creeps|223/295|[from] Stealth Rock","|turn|28","|","|move|p2a: Creeps|Dazzling Gleam|p1a: Aggron","|-resisted|p1a: Aggron","|-damage|p1a: Aggron|190/344","|move|p1a: Aggron|Rest|p1a: Aggron","|-status|p1a: Aggron|slp","|-heal|p1a: Aggron|344/344 slp|[silent]","|-status|p1a: Aggron|slp|[from] move: Rest","|","|turn|29","|","|move|p2a: Creeps|Dazzling Gleam|p1a: Aggron","|-resisted|p1a: Aggron","|-damage|p1a: Aggron|324/344 slp","|cant|p1a: Aggron|slp","|move|p1a: Aggron|Sleep Talk|p1a: Aggron","|move|p1a: Aggron|Heavy Slam|p2a: Creeps|[from]Sleep Talk","|-damage|p2a: Creeps|0 fnt","|faint|p2a: Creeps","|","|win|Professor ♅ ☯ Nyx"],"p1rating":{"entryid":"6674868","serverid":"eos","formatid":"monotype","userid":"professornyx","username":"Professor ♅ ☯ Nyx","w":31,"l":"23","t":"0","gxe":55.6,"r":"1539.6883922621","rd":"49.394728085131","sigma":"0","rptime":"1437555600","rpr":1542.8620772823,"rprd":49.053681109488,"rpsigma":"0","acre":1216.1686989584,"lacre":1216.1686989584,"oldacre":"1200.4707545869"},"p2rating":{"entryid":"6857825","serverid":"eos","formatid":"monotype","userid":"gtxbzumzum","username":"GTX♅Bzumzum","w":"9","l":29,"t":"0","gxe":29.3,"r":"1329.2283998819","rd":"59.951118761992","sigma":"0","rptime":"1437555600","rpr":1332.1001029607,"rprd":57.924797048164,"rpsigma":"0","acre":1052.3085920087,"lacre":1052.3085920087,"oldacre":"1064.6798101251"},"endType":"normal"}