{"seed":[44154,21710,29733,23722],"turns":20,"p1":"estebandido888","p2":"Sovereign Ian","p1team":[{"name":"Shaymin-Sky","moves":["airslash","substitute","earthpower","seedflare"],"ability":"Serene Grace","evs":{"hp":85,"atk":85,"def":85,"spa":85,"spd":85,"spe":85},"ivs":{"hp":31,"atk":31,"def":31,"spa":31,"spd":31,"spe":31},"item":"Leftovers","level":73,"shiny":false},{"name":"Weezing","moves":["protect","painsplit","sludgebomb","toxicspikes"],"ability":"Levitate","evs":{"hp":85,"atk":85,"def":85,"spa":85,"spd":85,"spe":85},"ivs":{"hp":31,"atk":31,"def":31,"spa":31,"spd":31,"spe":31},"item":"Black Sludge","level":81,"shiny":false},{"name":"Arcanine","moves":["flareblitz","morningsun","roar","willowisp"],"ability":"Intimidate","evs":{"hp":85,"atk":85,"def":85,"spa":85,"spd":85,"spe":85},"ivs":{"hp":31,"atk":31,"def":31,"spa":31,"spd":31,"spe":31},"item":"Leftovers","level":77,"shiny":false},{"name":"Keldeo","moves":["hiddenpowerflying","calmmind","hydropump","icywind"],"ability":"Justified","evs":{"hp":85,"atk":85,"def":85,"spa":85,"spd":85,"spe":85},"ivs":{"hp":30,"atk":30,"def":30,"spa":30,"spd":30,"spe":31},"item":"Life Orb","level":75,"shiny":false},{"name":"Tyranitar","moves":["crunch","icepunch","stoneedge","earthquake"],"ability":"Sand Stream","evs":{"hp":85,"atk":85,"def":85,"spa":85,"spd":85,"spe":85},"ivs":{"hp":31,"atk":31,"def":31,"spa":31,"spd":31,"spe":31},"item":"Tyranitarite","level":75,"shiny":false},{"name":"Zapdos","moves":["defog","toxic","heatwave","thunderbolt"],"ability":"Pressure","evs":{"hp":85,"atk":85,"def":85,"spa":85,"spd":85,"spe":85},"ivs":{"hp":31,"atk":31,"def":31,"spa":31,"spd":31,"spe":31},"item":"Leftovers","level":75,"shiny":false}],"p2team":[{"name":"Dragalge","moves":["focusblast","toxicspikes","dracometeor","sludgewave"],"ability":"Adaptability","evs":{"hp":85,"atk":85,"def":85,"spa":85,"spd":85,"spe":85},"ivs":{"hp":31,"atk":31,"def":31,"spa":31,"spd":31,"spe":31},"item":"Life Orb","level":77,"shiny":false},{"name":"Shiftry","moves":["swordsdance","knockoff","lowkick","leafblade"],"ability":"Early Bird","evs":{"hp":85,"atk":85,"def":85,"spa":85,"spd":85,"spe":85},"ivs":{"hp":31,"atk":31,"def":31,"spa":31,"spd":31,"spe":31},"item":"Life Orb","level":81,"shiny":false},{"name":"Illumise","moves":["substitute","encore","thunderwave","bugbuzz"],"ability":"Prankster","evs":{"hp":81,"atk":85,"def":85,"spa":89,"spd":85,"spe":85},"ivs":{"hp":31,"atk":31,"def":31,"spa":31,"spd":31,"spe":31},"item":"Leftovers","level":83,"shiny":false},{"name":"Blaziken","moves":["knockoff","highjumpkick","stoneedge","flareblitz"],"ability":"Speed Boost","evs":{"hp":85,"atk":85,"def":85,"spa":85,"spd":85,"spe":85},"ivs":{"hp":31,"atk":31,"def":31,"spa":31,"spd":31,"spe":31},"item":"Blazikenite","level":74,"shiny":false},{"name":"Swalot","moves":["yawn","painsplit","sludgebomb","encore"],"ability":"Sticky Hold","evs":{"hp":85,"atk":85,"def":85,"spa":85,"spd":85,"spe":85},"ivs":{"hp":31,"atk":31,"def":31,"spa":31,"spd":31,"spe":31},"item":"Black Sludge","level":83,"shiny":false},{"name":"Fearow","moves":["uturn","drillpeck","doubleedge","pursuit"],"ability":"Sniper","evs":{"hp":81,"atk":89,"def":85,"spa":85,"spd":85,"spe":85},"ivs":{"hp":31,"atk":31,"def":31,"spa":31,"spd":31,"spe":31},"item":"Choice Scarf","level":83,"shiny":false}],"log":["|player|p1|estebandido888|266","|player|p2|Sovereign Ian|sovereignian.png","|gametype|singles","|gen|6","|tier|Random Battle","|rated","|rule|Sleep Clause Mod: Limit one foe put to sleep","|rule|HP Percentage Mod: HP is shown in percentages","|","|start","|switch|p1a: Shaymin-Sky|Shaymin-Sky, L73|266/266","|switch|p2a: Dragalge|Dragalge, L77, M|227/227","|turn|1","|","|move|p1a: Shaymin-Sky|Seed Flare|p2a: Dragalge","|-resisted|p2a: Dragalge","|-damage|p2a: Dragalge|203/227","|-unboost|p2a: Dragalge|spd|2","|move|p2a: Dragalge|Toxic Spikes|p1a: Shaymin-Sky","|-sidestart|p1: estebandido888|move: Toxic Spikes","|","|turn|2","|","|move|p1a: Shaymin-Sky|Earth Power|p2a: Dragalge","|-supereffective|p2a: Dragalge","|-damage|p2a: Dragalge|0 fnt","|faint|p2a: Dragalge","|","|","|switch|p2a: Blaziken|Blaziken, L74, M|240/240","|turn|3","|","|detailschange|p2a: Blaziken|Blaziken-Mega, L74, M","|-mega|p2a: Blaziken|Blaziken|Blazikenite","|move|p1a: Shaymin-Sky|Air Slash|p2a: Blaziken","|-supereffective|p2a: Blaziken","|-damage|p2a: Blaziken|60/240","|cant|p2a: Blaziken|flinch","|","|-boost|p2a: Blaziken|spe|1|[from] ability: Speed Boost","|turn|4","|","|move|p2a: Blaziken|Flare Blitz|p1a: Shaymin-Sky","|-supereffective|p1a: Shaymin-Sky","|-damage|p1a: Shaymin-Sky|0 fnt","|-damage|p2a: Blaziken|0 fnt|[from] recoil|[of] p1a: Shaymin-Sky","|faint|p1a: Shaymin-Sky","|faint|p2a: Blaziken","|","|","|switch|p2a: Shiftry|Shiftry, L81, F|278/278","|switch|p1a: Tyranitar|Tyranitar, L75, F|274/274","|-status|p1a: Tyranitar|psn","|-weather|Sandstorm","|turn|5","|","|move|p2a: Shiftry|Leaf Blade|p1a: Tyranitar","|-supereffective|p1a: Tyranitar","|-damage|p1a: Tyranitar|45/274 psn","|-damage|p2a: Shiftry|251/278|[from] item: Life Orb","|move|p1a: Tyranitar|Ice Punch|p2a: Shiftry","|-supereffective|p2a: Shiftry","|-damage|p2a: Shiftry|91/278","|","|-weather|Sandstorm|[upkeep]","|-damage|p2a: Shiftry|74/278|[from] sandstorm","|-damage|p1a: Tyranitar|11/274 psn|[from] psn","|turn|6","|","|detailschange|p1a: Tyranitar|Tyranitar-Mega, L75, F","|-mega|p1a: Tyranitar|Tyranitar|Tyranitarite","|move|p2a: Shiftry|Leaf Blade|p1a: Tyranitar","|-supereffective|p1a: Tyranitar","|-damage|p1a: Tyranitar|0 fnt","|-damage|p2a: Shiftry|47/278|[from] item: Life Orb","|faint|p1a: Tyranitar","|","|-weather|Sandstorm|[upkeep]","|-damage|p2a: Shiftry|30/278|[from] sandstorm","|","|switch|p1a: Arcanine|Arcanine, L77, M|265/265","|-status|p1a: Arcanine|psn","|-ability|p1a: Arcanine|Intimidate","|-unboost|p2a: Shiftry|atk|1","|turn|7","|","|move|p1a: Arcanine|Flare Blitz|p2a: Shiftry","|-supereffective|p2a: Shiftry","|-damage|p2a: Shiftry|0 fnt","|-damage|p1a: Arcanine|255/265 psn|[from] recoil|[of] p2a: Shiftry","|faint|p2a: Shiftry","|","|-weather|Sandstorm|[upkeep]","|-damage|p1a: Arcanine|239/265 psn|[from] sandstorm","|-heal|p1a: Arcanine|255/265 psn|[from] item: Leftovers","|-damage|p1a: Arcanine|222/265 psn|[from] psn","|","|switch|p2a: Swalot|Swalot, L83, F|302/302","|turn|8","|","|move|p1a: Arcanine|Flare Blitz|p2a: Swalot","|-damage|p2a: Swalot|167/302","|-damage|p1a: Arcanine|177/265 psn|[from] recoil|[of] p2a: Swalot","|move|p2a: Swalot|Yawn|p1a: Arcanine","|-fail|p1a: Arcanine","|","|-weather|Sandstorm|[upkeep]","|-damage|p1a: Arcanine|161/265 psn|[from] sandstorm","|-damage|p2a: Swalot|149/302|[from] sandstorm","|-heal|p1a: Arcanine|177/265 psn|[from] item: Leftovers","|-heal|p2a: Swalot|167/302|[from] item: Black Sludge","|-damage|p1a: Arcanine|144/265 psn|[from] psn","|turn|9","|","|move|p1a: Arcanine|Will-O-Wisp|p2a: Swalot","|-status|p2a: Swalot|brn","|move|p2a: Swalot|Sludge Bomb|p1a: Arcanine","|-damage|p1a: Arcanine|50/265 psn","|","|-weather|none","|-heal|p1a: Arcanine|66/265 psn|[from] item: Leftovers","|-heal|p2a: Swalot|185/302 brn|[from] item: Black Sludge","|-damage|p1a: Arcanine|33/265 psn|[from] psn","|-damage|p2a: Swalot|148/302 brn|[from] brn","|turn|10","|","|move|p1a: Arcanine|Flare Blitz|p2a: Swalot","|-damage|p2a: Swalot|21/302 brn","|-damage|p1a: Arcanine|0 fnt|[from] recoil|[of] p2a: Swalot","|faint|p1a: Arcanine","|move|p2a: Swalot|Sludge Bomb|p1: Arcanine|[notarget]","|-notarget","|","|-heal|p2a: Swalot|39/302 brn|[from] item: Black Sludge","|-damage|p2a: Swalot|2/302 brn|[from] brn","|","|switch|p1a: Weezing|Weezing, L81, M|238/238","|turn|11","|","|move|p1a: Weezing|Toxic Spikes|p2a: Swalot","|-sidestart|p2: Sovereign Ian|move: Toxic Spikes","|move|p2a: Swalot|Pain Split|p1a: Weezing","|-sethp|p1a: Weezing|120/238|p2a: Swalot|120/302 brn|[from] move: Pain Split","|","|-heal|p1a: Weezing|134/238|[from] item: Black Sludge","|-heal|p2a: Swalot|138/302 brn|[from] item: Black Sludge","|-damage|p2a: Swalot|101/302 brn|[from] brn","|turn|12","|","|move|p1a: Weezing|Sludge Bomb|p2a: Swalot","|-resisted|p2a: Swalot","|-damage|p2a: Swalot|62/302 brn","|move|p2a: Swalot|Yawn|p1a: Weezing","|-start|p1a: Weezing|move: Yawn|[of] p2a: Swalot","|","|-heal|p1a: Weezing|148/238|[from] item: Black Sludge","|-heal|p2a: Swalot|80/302 brn|[from] item: Black Sludge","|-damage|p2a: Swalot|43/302 brn|[from] brn","|turn|13","|","|switch|p2a: Fearow|Fearow, L83, M|243/243","|move|p1a: Weezing|Sludge Bomb|p2a: Fearow","|-damage|p2a: Fearow|144/243","|-status|p2a: Fearow|psn","|","|-end|p1a: Weezing|move: Yawn|[silent]","|-status|p1a: Weezing|slp","|-heal|p1a: Weezing|162/238 slp|[from] item: Black Sludge","|-damage|p2a: Fearow|114/243 psn|[from] psn","|turn|14","|","|move|p2a: Fearow|U-turn|p1a: Weezing","|-resisted|p1a: Weezing","|-damage|p1a: Weezing|144/238 slp","|","|switch|p2a: Swalot|Swalot, L83, F|43/302 brn","|-sideend|p2: Sovereign Ian|move: Toxic Spikes|[of] p2a: Swalot","|cant|p1a: Weezing|slp","|","|-heal|p1a: Weezing|158/238 slp|[from] item: Black Sludge","|-heal|p2a: Swalot|61/302 brn|[from] item: Black Sludge","|-damage|p2a: Swalot|24/302 brn|[from] brn","|turn|15","|","|-curestatus|p1a: Weezing|slp","|move|p1a: Weezing|Sludge Bomb|p2a: Swalot","|-resisted|p2a: Swalot","|-damage|p2a: Swalot|0 fnt","|faint|p2a: Swalot","|","|-heal|p1a: Weezing|172/238|[from] item: Black Sludge","|","|switch|p2a: Fearow|Fearow, L83, M|114/243 psn","|turn|16","|","|move|p2a: Fearow|Drill Peck|p1a: Weezing","|-damage|p1a: Weezing|105/238","|move|p1a: Weezing|Sludge Bomb|p2a: Fearow","|-damage|p2a: Fearow|15/243 psn","|","|-heal|p1a: Weezing|119/238|[from] item: Black Sludge","|-damage|p2a: Fearow|0 fnt|[from] psn","|faint|p2a: Fearow","|","|switch|p2a: Illumise|Illumise, L83, F|243/243","|turn|17","|","|move|p2a: Illumise|Substitute|p2a: Illumise","|-start|p2a: Illumise|Substitute","|-damage|p2a: Illumise|183/243","|move|p1a: Weezing|Sludge Bomb|p2a: Illumise","|-end|p2a: Illumise|Substitute","|","|-heal|p2a: Illumise|198/243|[from] item: Leftovers","|-heal|p1a: Weezing|133/238|[from] item: Black Sludge","|turn|18","|","|move|p2a: Illumise|Thunder Wave|p1a: Weezing","|-status|p1a: Weezing|par","|move|p1a: Weezing|Sludge Bomb|p2a: Illumise","|-damage|p2a: Illumise|101/243","|","|-heal|p2a: Illumise|116/243|[from] item: Leftovers","|-heal|p1a: Weezing|147/238 par|[from] item: Black Sludge","|turn|19","|","|move|p2a: Illumise|Bug Buzz|p1a: Weezing","|-resisted|p1a: Weezing","|-damage|p1a: Weezing|102/238 par","|move|p1a: Weezing|Sludge Bomb|p2a: Illumise","|-damage|p2a: Illumise|25/243","|-status|p2a: Illumise|psn","|","|-heal|p2a: Illumise|40/243 psn|[from] item: Leftovers","|-heal|p1a: Weezing|116/238 par|[from] item: Black Sludge","|-damage|p2a: Illumise|10/243 psn|[from] psn","|turn|20","|","|move|p1a: Weezing|Protect|p1a: Weezing","|-singleturn|p1a: Weezing|Protect","|move|p2a: Illumise|Bug Buzz|p1a: Weezing","|-activate|p1a: Weezing|Protect","|","|-heal|p2a: Illumise|25/243 psn|[from] item: Leftovers","|-heal|p1a: Weezing|130/238 par|[from] item: Black Sludge","|-damage|p2a: Illumise|0 fnt|[from] psn","|faint|p2a: Illumise","|","|win|estebandido888"],"p1rating":{"entryid":"141534","serverid":"eos","formatid":"randombattle","userid":"estebandido888","username":"estebandido888","w":11,"l":"7","t":"0","gxe":57.7,"r":"1518.5892736632","rd":"78.276725050499","sigma":"0","rptime":"1440147600","rpr":1559.7384706161,"rprd":73.642749991419,"rpsigma":"0","acre":1115.9395412991,"lacre":1115.9395412991,"oldacre":"1097.5051532845"},"p2rating":{"entryid":249644,"formatid":"randombattle","userid":"sovereignian","username":"Sovereign Ian","r":1500,"rd":130,"sigma":0,"rpr":1460.4439057527,"rprd":122.21207730065,"rpsigma":0,"rptime":1440147600,"w":0,"l":1,"t":0,"gxe":45.1,"acre":1000,"lacre":1000,"oldacre":1000},"endType":"normal"}