{"seed":[12156,29287,63300,44201],"turns":19,"p1":"WarmerSaferDrier","p2":"Carnie Bronykins","p1team":[{"name":"Talonflame","moves":["uturn","bravebird","tailwind","flareblitz"],"ability":"Gale Wings","evs":{"hp":85,"atk":85,"def":85,"spa":85,"spd":85,"spe":85},"ivs":{"hp":31,"atk":31,"def":31,"spa":31,"spd":31,"spe":31},"item":"Life Orb","level":75,"shiny":false},{"name":"Aggron","moves":["heavyslam","roar","earthquake","icepunch"],"ability":"Sturdy","evs":{"hp":85,"atk":85,"def":85,"spa":85,"spd":85,"spe":85},"ivs":{"hp":31,"atk":31,"def":31,"spa":31,"spd":31,"spe":31},"item":"Aggronite","level":77,"shiny":false},{"name":"Hariyama","moves":["icepunch","closecombat","bulkup","bulletpunch"],"ability":"Sheer Force","evs":{"hp":85,"atk":85,"def":85,"spa":85,"spd":85,"spe":85},"ivs":{"hp":31,"atk":31,"def":31,"spa":31,"spd":31,"spe":31},"item":"Life Orb","level":81,"shiny":false},{"name":"Chansey","moves":["toxic","healbell","stealthrock","seismictoss"],"ability":"Natural Cure","evs":{"hp":85,"atk":85,"def":85,"spa":85,"spd":85,"spe":85},"ivs":{"hp":31,"atk":31,"def":31,"spa":31,"spd":31,"spe":31},"item":"Eviolite","level":75,"shiny":false},{"name":"Floatzel","moves":["brickbreak","bulkup","taunt","waterfall"],"ability":"Water Veil","evs":{"hp":85,"atk":85,"def":85,"spa":85,"spd":85,"spe":85},"ivs":{"hp":31,"atk":31,"def":31,"spa":31,"spd":31,"spe":31},"item":"Leftovers","level":83,"shiny":false},{"name":"Keldeo","moves":["secretsword","scald","icywind","hiddenpowerelectric"],"ability":"Justified","evs":{"hp":85,"atk":85,"def":85,"spa":85,"spd":85,"spe":85},"ivs":{"hp":31,"atk":31,"def":31,"spa":30,"spd":31,"spe":31},"item":"Choice Scarf","level":75,"shiny":false}],"p2team":[{"name":"Armaldo","moves":["rapidspin","toxic","xscissor","stoneedge"],"ability":"Swift Swim","evs":{"hp":81,"atk":89,"def":85,"spa":85,"spd":85,"spe":85},"ivs":{"hp":31,"atk":31,"def":31,"spa":31,"spd":31,"spe":31},"item":"Life Orb","level":83,"shiny":false},{"name":"Aerodactyl","moves":["stoneedge","aerialace","roost","aquatail"],"ability":"Unnerve","evs":{"hp":85,"atk":85,"def":85,"spa":85,"spd":85,"spe":85},"ivs":{"hp":31,"atk":31,"def":31,"spa":31,"spd":31,"spe":31},"item":"Aerodactylite","level":77,"shiny":false},{"name":"Rapidash","moves":["wildcharge","flareblitz","willowisp","morningsun"],"ability":"Flash Fire","evs":{"hp":81,"atk":89,"def":85,"spa":85,"spd":85,"spe":85},"ivs":{"hp":31,"atk":31,"def":31,"spa":31,"spd":31,"spe":31},"item":"Leftovers","level":83,"shiny":false},{"name":"Dewgong","moves":["surf","encore","icebeam","toxic"],"ability":"Thick Fat","evs":{"hp":85,"atk":85,"def":85,"spa":85,"spd":85,"spe":85},"ivs":{"hp":31,"atk":31,"def":31,"spa":31,"spd":31,"spe":31},"item":"Leftovers","level":83,"shiny":false},{"name":"Haxorus","moves":["taunt","earthquake","outrage","dragondance"],"ability":"Mold Breaker","evs":{"hp":85,"atk":85,"def":85,"spa":85,"spd":85,"spe":85},"ivs":{"hp":31,"atk":31,"def":31,"spa":31,"spd":31,"spe":31},"item":"Lum Berry","level":77,"shiny":false},{"name":"Landorus","moves":["focusblast","calmmind","sludgewave","earthpower"],"ability":"Sheer Force","evs":{"hp":85,"atk":85,"def":85,"spa":85,"spd":85,"spe":85},"ivs":{"hp":31,"atk":31,"def":31,"spa":31,"spd":31,"spe":31},"item":"Life Orb","level":73,"shiny":false}],"log":["|player|p1|WarmerSaferDrier|1","|player|p2|Carnie Bronykins|144","|gametype|singles","|gen|6","|tier|Random Battle","|rated","|rule|Sleep Clause Mod: Limit one foe put to sleep","|rule|HP Percentage Mod: HP is shown in percentages","|","|start","|switch|p1a: Talonflame|Talonflame, L75, F|241/241","|switch|p2a: Armaldo|Armaldo, L83, F|259/259","|turn|1","|","|move|p1a: Talonflame|U-turn|p2a: Armaldo","|-damage|p2a: Armaldo|219/259","|-damage|p1a: Talonflame|217/241|[from] item: Life Orb","|","|switch|p1a: Floatzel|Floatzel, L83, M|277/277","|move|p2a: Armaldo|Stone Edge|p1a: Floatzel","|-damage|p1a: Floatzel|63/277","|-damage|p2a: Armaldo|194/259|[from] item: Life Orb","|","|-heal|p1a: Floatzel|80/277|[from] item: Leftovers","|turn|2","|","|move|p1a: Floatzel|Waterfall|p2a: Armaldo","|-supereffective|p2a: Armaldo","|-damage|p2a: Armaldo|36/259","|move|p2a: Armaldo|Toxic|p1a: Floatzel","|-status|p1a: Floatzel|tox","|","|-heal|p1a: Floatzel|97/277 tox|[from] item: Leftovers","|-damage|p1a: Floatzel|80/277 tox|[from] psn","|turn|3","|","|move|p1a: Floatzel|Waterfall|p2a: Armaldo","|-supereffective|p2a: Armaldo","|-damage|p2a: Armaldo|0 fnt","|faint|p2a: Armaldo","|","|-heal|p1a: Floatzel|97/277 tox|[from] item: Leftovers","|-damage|p1a: Floatzel|63/277 tox|[from] psn","|","|switch|p2a: Dewgong|Dewgong, L83, F|285/285","|turn|4","|","|switch|p1a: Chansey|Chansey, L75, F|499/499","|move|p2a: Dewgong|Ice Beam|p1a: Chansey","|-damage|p1a: Chansey|450/499","|","|turn|5","|","|move|p2a: Dewgong|Encore|p1a: Chansey","|-fail|p1a: Chansey","|move|p1a: Chansey|Stealth Rock|p2a: Dewgong","|-sidestart|p2: Carnie Bronykins|move: Stealth Rock","|","|turn|6","|","|switch|p1a: Hariyama|Hariyama, L81, M|366/366","|move|p2a: Dewgong|Encore|p1a: Hariyama","|-fail|p1a: Hariyama","|","|turn|7","|","|move|p2a: Dewgong|Toxic|p1a: Hariyama|[miss]","|-miss|p2a: Dewgong|p1a: Hariyama","|move|p1a: Hariyama|Bulk Up|p1a: Hariyama","|-boost|p1a: Hariyama|atk|1","|-boost|p1a: Hariyama|def|1","|","|turn|8","|","|switch|p1a: Chansey|Chansey, L75, F|450/499","|move|p2a: Dewgong|Toxic|p1a: Chansey","|-status|p1a: Chansey|tox","|","|-damage|p1a: Chansey|419/499 tox|[from] psn","|turn|9","|","|move|p2a: Dewgong|Surf|p1a: Chansey","|-damage|p1a: Chansey|373/499 tox","|move|p1a: Chansey|Toxic|p2a: Dewgong","|-status|p2a: Dewgong|tox","|","|-damage|p2a: Dewgong|268/285 tox|[from] psn","|-damage|p1a: Chansey|311/499 tox|[from] psn","|turn|10","|","|move|p2a: Dewgong|Encore|p1a: Chansey","|-start|p1a: Chansey|Encore","|move|p1a: Chansey|Toxic|p2a: Dewgong","|-fail|p2a: Dewgong|tox","|","|-heal|p2a: Dewgong|285/285 tox|[from] item: Leftovers","|-damage|p2a: Dewgong|251/285 tox|[from] psn","|-damage|p1a: Chansey|218/499 tox|[from] psn","|turn|11","|","|switch|p1a: Hariyama|Hariyama, L81, M|366/366","|move|p2a: Dewgong|Surf|p1a: Hariyama","|-crit|p1a: Hariyama","|-damage|p1a: Hariyama|227/366","|","|-heal|p2a: Dewgong|268/285 tox|[from] item: Leftovers","|-damage|p2a: Dewgong|217/285 tox|[from] psn","|turn|12","|","|move|p2a: Dewgong|Toxic|p1a: Hariyama","|-status|p1a: Hariyama|tox","|move|p1a: Hariyama|Close Combat|p2a: Dewgong","|-supereffective|p2a: Dewgong","|-damage|p2a: Dewgong|0 fnt","|-unboost|p1a: Hariyama|def|1","|-unboost|p1a: Hariyama|spd|1","|-damage|p1a: Hariyama|191/366 tox|[from] item: Life Orb","|faint|p2a: Dewgong","|","|-damage|p1a: Hariyama|169/366 tox|[from] psn","|","|switch|p2a: Landorus|Landorus, L73, M|250/250","|-damage|p2a: Landorus|219/250|[from] Stealth Rock","|turn|13","|","|move|p2a: Landorus|Calm Mind|p2a: Landorus","|-boost|p2a: Landorus|spa|1","|-boost|p2a: Landorus|spd|1","|move|p1a: Hariyama|Ice Punch|p2a: Landorus","|-supereffective|p2a: Landorus","|-damage|p2a: Landorus|0 fnt","|faint|p2a: Landorus","|","|-damage|p1a: Hariyama|125/366 tox|[from] psn","|","|switch|p2a: Aerodactyl|Aerodactyl, L77, F|250/250","|-damage|p2a: Aerodactyl|188/250|[from] Stealth Rock","|-ability|p2a: Aerodactyl|Unnerve|p1: WarmerSaferDrier","|turn|14","|","|detailschange|p2a: Aerodactyl|Aerodactyl-Mega, L77, F","|-mega|p2a: Aerodactyl|Aerodactyl|Aerodactylite","|move|p1a: Hariyama|Bullet Punch|p2a: Aerodactyl","|-supereffective|p2a: Aerodactyl","|-damage|p2a: Aerodactyl|97/250","|-damage|p1a: Hariyama|89/366 tox|[from] item: Life Orb","|move|p2a: Aerodactyl|Aerial Ace|p1a: Hariyama","|-supereffective|p1a: Hariyama","|-damage|p1a: Hariyama|0 fnt","|faint|p1a: Hariyama","|","|","|switch|p1a: Aggron|Aggron, L77, M|234/234","|turn|15","|","|switch|p2a: Haxorus|Haxorus, L77, F|244/244","|-damage|p2a: Haxorus|214/244|[from] Stealth Rock","|-ability|p2a: Haxorus|Mold Breaker","|detailschange|p1a: Aggron|Aggron-Mega, L77, M","|-mega|p1a: Aggron|Aggron|Aggronite","|move|p1a: Aggron|Heavy Slam|p2a: Haxorus","|-damage|p2a: Haxorus|121/244","|","|turn|16","|","|move|p2a: Haxorus|Outrage|p1a: Aggron","|-resisted|p1a: Aggron","|-damage|p1a: Aggron|195/234","|move|p1a: Aggron|Ice Punch|p2a: Haxorus","|-supereffective|p2a: Haxorus","|-damage|p2a: Haxorus|0 fnt","|faint|p2a: Haxorus","|","|","|switch|p2a: Rapidash|Rapidash, L83, F|243/243","|-damage|p2a: Rapidash|183/243|[from] Stealth Rock","|turn|17","|","|move|p2a: Rapidash|Flare Blitz|p1a: Aggron","|-supereffective|p1a: Aggron","|-damage|p1a: Aggron|101/234","|-damage|p2a: Rapidash|152/243|[from] recoil|[of] p1a: Aggron","|move|p1a: Aggron|Earthquake|p2a: Rapidash","|-supereffective|p2a: Rapidash","|-damage|p2a: Rapidash|0 fnt","|faint|p2a: Rapidash","|","|","|switch|p2a: Aerodactyl|Aerodactyl-Mega, L77, F|97/250","|-damage|p2a: Aerodactyl|35/250|[from] Stealth Rock","|turn|18","|","|move|p2a: Aerodactyl|Roost|p2a: Aerodactyl","|-heal|p2a: Aerodactyl|160/250","|move|p1a: Aggron|Roar|p2a: Aerodactyl","|-fail|p2a: Aerodactyl","|","|turn|19","|","|move|p2a: Aerodactyl|Aqua Tail|p1a: Aggron","|-damage|p1a: Aggron|60/234","|move|p1a: Aggron|Heavy Slam|p2a: Aerodactyl","|-supereffective|p2a: Aerodactyl","|-damage|p2a: Aerodactyl|0 fnt","|faint|p2a: Aerodactyl","|","|win|WarmerSaferDrier"],"p1rating":{"entryid":"49425","serverid":"eos","formatid":"randombattle","userid":"warmersaferdrier","username":"WarmerSaferDrier","w":3,"l":"3","t":"0","gxe":49.7,"r":"1439.0099064421","rd":"107.0579710313","sigma":"0","rptime":"1440147600","rpr":1497.4371082183,"rprd":99.350846368154,"rpsigma":"0","acre":1070.1028089042,"lacre":1070.1028089042,"oldacre":"1040"},"p2rating":{"entryid":"47690","serverid":"eos","formatid":"randombattle","userid":"carniebronykins","username":"Carnie Bronykins","w":"0","l":2,"t":"0","gxe":40.1,"r":"1459.8393856612","rd":123.22070420879,"sigma":"0","rptime":1440147600,"rpr":1420.5331917995,"rprd":116.8295998408,"rpsigma":"0","acre":1000,"lacre":1000,"oldacre":"1000"},"endType":"normal"}