{"seed":[52983,62121,2749,49222],"turns":17,"p1":"SkyLord13684","p2":"Guard TruBlaze","p1team":[{"name":"Victreebel","moves":["sunnyday","solarbeam","growth","knockoff"],"ability":"Chlorophyll","evs":{"hp":85,"atk":85,"def":85,"spa":85,"spd":85,"spe":85},"ivs":{"hp":31,"atk":31,"def":31,"spa":31,"spd":31,"spe":31},"item":"Heat Rock","level":82,"shiny":false},{"name":"Excadrill","moves":["swordsdance","earthquake","ironhead","rockslide"],"ability":"Mold Breaker","evs":{"hp":85,"atk":85,"def":85,"spa":85,"spd":85,"spe":85},"ivs":{"hp":31,"atk":31,"def":31,"spa":31,"spd":31,"spe":31},"item":"Life Orb","level":75,"shiny":false},{"name":"Jellicent","moves":["shadowball","willowisp","recover","taunt"],"ability":"Water Absorb","evs":{"hp":85,"atk":85,"def":85,"spa":85,"spd":85,"spe":85},"ivs":{"hp":31,"atk":31,"def":31,"spa":31,"spd":31,"spe":31},"item":"Leftovers","level":79,"shiny":false},{"name":"Dedenne","moves":["hiddenpowerice","thunderbolt","toxic","voltswitch"],"ability":"Cheek Pouch","evs":{"hp":85,"atk":85,"def":85,"spa":85,"spd":85,"spe":85},"ivs":{"hp":31,"atk":30,"def":30,"spa":31,"spd":31,"spe":31},"item":"Petaya Berry","level":83,"shiny":false},{"name":"Deoxys-Speed","moves":["magiccoat","psychoboost","taunt","superpower"],"ability":"Pressure","evs":{"hp":85,"atk":85,"def":85,"spa":85,"spd":85,"spe":85},"ivs":{"hp":31,"atk":31,"def":31,"spa":31,"spd":31,"spe":31},"item":"Leftovers","level":73,"shiny":false},{"name":"Rotom-Mow","moves":["hiddenpowerfire","trick","willowisp","voltswitch"],"ability":"Levitate","evs":{"hp":85,"atk":85,"def":85,"spa":85,"spd":85,"spe":85},"ivs":{"hp":31,"atk":30,"def":31,"spa":30,"spd":31,"spe":30},"item":"Choice Scarf","level":79,"shiny":false}],"p2team":[{"name":"Seviper","moves":["suckerpunch","earthquake","coil","poisonjab"],"ability":"Shed Skin","evs":{"hp":85,"atk":85,"def":85,"spa":85,"spd":85,"spe":85},"ivs":{"hp":31,"atk":31,"def":31,"spa":31,"spd":31,"spe":31},"item":"Life Orb","level":83,"shiny":false},{"name":"Golduck","moves":["encore","signalbeam","scald","calmmind"],"ability":"Cloud Nine","evs":{"hp":85,"atk":85,"def":85,"spa":85,"spd":85,"spe":85},"ivs":{"hp":31,"atk":31,"def":31,"spa":31,"spd":31,"spe":31},"item":"Leftovers","level":83,"shiny":false},{"name":"Crobat","moves":["defog","toxic","taunt","bravebird"],"ability":"Infiltrator","evs":{"hp":85,"atk":85,"def":85,"spa":85,"spd":85,"spe":85},"ivs":{"hp":31,"atk":31,"def":31,"spa":31,"spd":31,"spe":31},"item":"Black Sludge","level":77,"shiny":false},{"name":"Miltank","moves":["stealthrock","earthquake","toxic","bodyslam"],"ability":"Sap Sipper","evs":{"hp":85,"atk":85,"def":85,"spa":85,"spd":85,"spe":85},"ivs":{"hp":31,"atk":31,"def":31,"spa":31,"spd":31,"spe":31},"item":"Leftovers","level":81,"shiny":false},{"name":"Mandibuzz","moves":["foulplay","whirlwind","defog","taunt"],"ability":"Overcoat","evs":{"hp":81,"atk":89,"def":85,"spa":85,"spd":85,"spe":85},"ivs":{"hp":31,"atk":31,"def":31,"spa":31,"spd":31,"spe":31},"item":"Leftovers","level":77,"shiny":false},{"name":"Sandslash","moves":["swordsdance","toxic","earthquake","knockoff"],"ability":"Sand Rush","evs":{"hp":85,"atk":85,"def":85,"spa":85,"spd":85,"spe":85},"ivs":{"hp":31,"atk":31,"def":31,"spa":31,"spd":31,"spe":31},"item":"Leftovers","level":81,"shiny":false}],"log":["|player|p1|SkyLord13684|265","|player|p2|Guard TruBlaze|219","|gametype|singles","|gen|6","|tier|Random Battle","|rated","|rule|Sleep Clause Mod: Limit one foe put to sleep","|rule|HP Percentage Mod: HP is shown in percentages","|","|start","|switch|p1a: Victreebel|Victreebel, L82, M|265/265","|switch|p2a: Seviper|Seviper, L83, F|257/257","|turn|1","|","|move|p1a: Victreebel|Solar Beam|p2a: Seviper|[still]","|-prepare|p1a: Victreebel|Solar Beam|p2a: Seviper","|move|p2a: Seviper|Coil|p2a: Seviper","|-boost|p2a: Seviper|atk|1","|-boost|p2a: Seviper|def|1","|-boost|p2a: Seviper|accuracy|1","|","|turn|2","|","|move|p1a: Victreebel|Solar Beam|p2a: Seviper|[from]lockedmove","|-resisted|p2a: Seviper","|-damage|p2a: Seviper|181/257","|move|p2a: Seviper|Earthquake|p1a: Victreebel","|-damage|p1a: Victreebel|82/265","|-damage|p2a: Seviper|156/257|[from] item: Life Orb","|","|turn|3","|","|move|p2a: Seviper|Sucker Punch|p1a: Victreebel","|-fail|p2a: Seviper","|move|p1a: Victreebel|Growth|p1a: Victreebel","|-boost|p1a: Victreebel|atk|1","|-boost|p1a: Victreebel|spa|1","|","|turn|4","|","|move|p1a: Victreebel|Knock Off|p2a: Seviper","|-damage|p2a: Seviper|68/257","|-enditem|p2a: Seviper|Life Orb|[from] move: Knock Off|[of] p1a: Victreebel","|move|p2a: Seviper|Earthquake|p1a: Victreebel","|-damage|p1a: Victreebel|0 fnt","|faint|p1a: Victreebel","|","|","|switch|p1a: Dedenne|Dedenne, L83, F|247/247","|turn|5","|","|move|p1a: Dedenne|Thunderbolt|p2a: Seviper","|-damage|p2a: Seviper|0 fnt","|faint|p2a: Seviper","|","|","|switch|p2a: Sandslash|Sandslash, L81, F|254/254","|turn|6","|","|move|p1a: Dedenne|Toxic|p2a: Sandslash","|-status|p2a: Sandslash|tox","|move|p2a: Sandslash|Swords Dance|p2a: Sandslash","|-boost|p2a: Sandslash|atk|2","|","|-damage|p2a: Sandslash|239/254 tox|[from] psn","|turn|7","|","|move|p1a: Dedenne|Hidden Power|p2a: Sandslash","|-supereffective|p2a: Sandslash","|-damage|p2a: Sandslash|129/254 tox","|move|p2a: Sandslash|Earthquake|p1a: Dedenne","|-supereffective|p1a: Dedenne","|-damage|p1a: Dedenne|0 fnt","|faint|p1a: Dedenne","|","|-heal|p2a: Sandslash|144/254 tox|[from] item: Leftovers","|-damage|p2a: Sandslash|114/254 tox|[from] psn","|","|switch|p1a: Jellicent|Jellicent, L79, M|288/288","|turn|8","|","|move|p2a: Sandslash|Knock Off|p1a: Jellicent","|-supereffective|p1a: Jellicent","|-damage|p1a: Jellicent|0 fnt","|-enditem|p1a: Jellicent|Leftovers|[from] move: Knock Off|[of] p2a: Sandslash","|faint|p1a: Jellicent","|","|-heal|p2a: Sandslash|129/254 tox|[from] item: Leftovers","|-damage|p2a: Sandslash|84/254 tox|[from] psn","|","|switch|p1a: Excadrill|Excadrill, L75, F|289/289","|-ability|p1a: Excadrill|Mold Breaker","|turn|9","|","|move|p1a: Excadrill|Iron Head|p2a: Sandslash","|-damage|p2a: Sandslash|0 fnt","|-damage|p1a: Excadrill|261/289|[from] item: Life Orb","|faint|p2a: Sandslash","|","|","|switch|p2a: Golduck|Golduck, L83, F|268/268","|-ability|p2a: Golduck|Cloud Nine","|turn|10","|","|move|p2a: Golduck|Calm Mind|p2a: Golduck","|-boost|p2a: Golduck|spa|1","|-boost|p2a: Golduck|spd|1","|move|p1a: Excadrill|Iron Head|p2a: Golduck","|-resisted|p2a: Golduck","|-damage|p2a: Golduck|198/268","|-damage|p1a: Excadrill|233/289|[from] item: Life Orb","|","|-heal|p2a: Golduck|214/268|[from] item: Leftovers","|turn|11","|","|switch|p1a: Rotom-Mow|Rotom-Mow, L79|209/209","|move|p2a: Golduck|Scald|p1a: Rotom-Mow","|-resisted|p1a: Rotom-Mow","|-damage|p1a: Rotom-Mow|155/209","|","|-heal|p2a: Golduck|230/268|[from] item: Leftovers","|turn|12","|","|move|p1a: Rotom-Mow|Volt Switch|p2a: Golduck","|-supereffective|p2a: Golduck","|-damage|p2a: Golduck|126/268","|","|switch|p1a: Excadrill|Excadrill, L75, F|233/289","|-ability|p1a: Excadrill|Mold Breaker","|move|p2a: Golduck|Signal Beam|p1a: Excadrill","|-resisted|p1a: Excadrill","|-damage|p1a: Excadrill|176/289","|","|-heal|p2a: Golduck|142/268|[from] item: Leftovers","|turn|13","|","|move|p2a: Golduck|Scald|p1a: Excadrill","|-supereffective|p1a: Excadrill","|-damage|p1a: Excadrill|0 fnt","|faint|p1a: Excadrill","|","|-heal|p2a: Golduck|158/268|[from] item: Leftovers","|","|switch|p1a: Rotom-Mow|Rotom-Mow, L79|155/209","|turn|14","|","|move|p1a: Rotom-Mow|Hidden Power|p2a: Golduck","|-resisted|p2a: Golduck","|-damage|p2a: Golduck|143/268","|move|p2a: Golduck|Signal Beam|p1a: Rotom-Mow","|-supereffective|p1a: Rotom-Mow","|-damage|p1a: Rotom-Mow|13/209","|","|-heal|p2a: Golduck|159/268|[from] item: Leftovers","|turn|15","|","|move|p1a: Rotom-Mow|Hidden Power|p2a: Golduck","|-resisted|p2a: Golduck","|-damage|p2a: Golduck|145/268","|move|p2a: Golduck|Signal Beam|p1a: Rotom-Mow","|-supereffective|p1a: Rotom-Mow","|-damage|p1a: Rotom-Mow|0 fnt","|faint|p1a: Rotom-Mow","|","|-heal|p2a: Golduck|161/268|[from] item: Leftovers","|","|switch|p1a: Deoxys-Speed|Deoxys-Speed, L73|193/193","|-ability|p1a: Deoxys-Speed|Pressure","|turn|16","|","|move|p1a: Deoxys-Speed|Superpower|p2a: Golduck","|-damage|p2a: Golduck|83/268","|-unboost|p1a: Deoxys-Speed|atk|1","|-unboost|p1a: Deoxys-Speed|def|1","|move|p2a: Golduck|Signal Beam|p1a: Deoxys-Speed","|-supereffective|p1a: Deoxys-Speed","|-damage|p1a: Deoxys-Speed|29/193","|","|-heal|p1a: Deoxys-Speed|41/193|[from] item: Leftovers","|-heal|p2a: Golduck|99/268|[from] item: Leftovers","|turn|17","|","|move|p1a: Deoxys-Speed|Taunt|p2a: Golduck","|-start|p2a: Golduck|move: Taunt","|move|p2a: Golduck|Signal Beam|p1a: Deoxys-Speed","|-supereffective|p1a: Deoxys-Speed","|-damage|p1a: Deoxys-Speed|0 fnt","|faint|p1a: Deoxys-Speed","|","|win|Guard TruBlaze"],"p1rating":{"entryid":"160188","serverid":"eos","formatid":"randombattle","userid":"skylord13684","username":"SkyLord13684","w":"7","l":6,"t":"0","gxe":53,"r":"1550.4531107023","rd":"87.633164802966","sigma":"0","rptime":"1440147600","rpr":1523.1944862976,"rprd":81.19308924906,"rpsigma":"0","acre":1062.7505274698,"lacre":1062.7505274698,"oldacre":"1092.9497818948"},"p2rating":{"entryid":251906,"formatid":"randombattle","userid":"guardtrublaze","username":"Guard TruBlaze","r":1500,"rd":130,"sigma":0,"rpr":1547.34386072,"rprd":122.43244837496,"rpsigma":0,"rptime":1440147600,"w":1,"l":0,"t":0,"gxe":55.9,"acre":1050.4530365505,"lacre":1050.4530365505,"oldacre":1000},"endType":"normal"}