{"seed":[29078,58771,57694,46752],"turns":37,"p1":"SkyLord13684","p2":"estebandido888","p1team":[{"name":"Dusknoir","moves":["icepunch","willowisp","earthquake","shadowsneak"],"ability":"Pressure","evs":{"hp":85,"atk":85,"def":85,"spa":85,"spd":85,"spe":85},"ivs":{"hp":31,"atk":31,"def":31,"spa":31,"spd":31,"spe":31},"item":"Leftovers","level":83,"shiny":false},{"name":"Venomoth","moves":["bugbuzz","sleeppowder","batonpass","substitute"],"ability":"Tinted Lens","evs":{"hp":81,"atk":85,"def":85,"spa":89,"spd":85,"spe":85},"ivs":{"hp":31,"atk":31,"def":31,"spa":31,"spd":31,"spe":31},"item":"Black Sludge","level":79,"shiny":false},{"name":"Alomomola","moves":["wish","toxic","protect","scald"],"ability":"Regenerator","evs":{"hp":85,"atk":85,"def":85,"spa":85,"spd":85,"spe":85},"ivs":{"hp":31,"atk":31,"def":31,"spa":31,"spd":31,"spe":31},"item":"Leftovers","level":79,"shiny":false},{"name":"Braviary","moves":["bulkup","rockslide","roost","return"],"ability":"Sheer Force","evs":{"hp":81,"atk":89,"def":85,"spa":85,"spd":85,"spe":85},"ivs":{"hp":31,"atk":31,"def":31,"spa":31,"spd":31,"spe":31},"item":"Life Orb","level":79,"shiny":false},{"name":"Emolga","moves":["encore","thunderbolt","roost","chargebeam"],"ability":"Motor Drive","evs":{"hp":85,"atk":85,"def":85,"spa":85,"spd":85,"spe":85},"ivs":{"hp":31,"atk":31,"def":31,"spa":31,"spd":31,"spe":31},"item":"Leftovers","level":83,"shiny":false},{"name":"Kyurem-Black","moves":["dragonclaw","earthpower","roost","icebeam"],"ability":"Teravolt","evs":{"hp":85,"atk":85,"def":85,"spa":85,"spd":85,"spe":85},"ivs":{"hp":31,"atk":31,"def":31,"spa":31,"spd":31,"spe":31},"item":"Leftovers","level":75,"shiny":false}],"p2team":[{"name":"Gallade","moves":["substitute","closecombat","swordsdance","zenheadbutt"],"ability":"Justified","evs":{"hp":85,"atk":85,"def":85,"spa":85,"spd":85,"spe":85},"ivs":{"hp":31,"atk":31,"def":31,"spa":31,"spd":31,"spe":31},"item":"Galladite","level":76,"shiny":false},{"name":"Masquerain","moves":["quiverdance","airslash","stickyweb","bugbuzz"],"ability":"Intimidate","evs":{"hp":81,"atk":85,"def":85,"spa":89,"spd":85,"spe":85},"ivs":{"hp":31,"atk":31,"def":31,"spa":31,"spd":31,"spe":31},"item":"Leftovers","level":83,"shiny":false},{"name":"Beartic","moves":["nightslash","aquajet","swordsdance","iciclecrash"],"ability":"Snow Cloak","evs":{"hp":85,"atk":85,"def":85,"spa":85,"spd":85,"spe":85},"ivs":{"hp":31,"atk":31,"def":31,"spa":31,"spd":31,"spe":31},"item":"Life Orb","level":83,"shiny":false},{"name":"Sharpedo","moves":["crunch","destinybond","waterfall","protect"],"ability":"Speed Boost","evs":{"hp":85,"atk":85,"def":85,"spa":85,"spd":85,"spe":85},"ivs":{"hp":31,"atk":31,"def":31,"spa":31,"spd":31,"spe":31},"item":"Leftovers","level":77,"shiny":false},{"name":"Gogoat","moves":["rockslide","bulkup","leechseed","hornleech"],"ability":"Sap Sipper","evs":{"hp":85,"atk":85,"def":85,"spa":85,"spd":85,"spe":85},"ivs":{"hp":31,"atk":31,"def":31,"spa":31,"spd":31,"spe":31},"item":"Leftovers","level":83,"shiny":false},{"name":"Deoxys-Defense","moves":["seismictoss","recover","toxic","taunt"],"ability":"Pressure","evs":{"hp":85,"atk":85,"def":85,"spa":85,"spd":85,"spe":85},"ivs":{"hp":31,"atk":31,"def":31,"spa":31,"spd":31,"spe":31},"item":"Leftovers","level":73,"shiny":false}],"log":["|player|p1|SkyLord13684|265","|player|p2|estebandido888|266","|gametype|singles","|gen|6","|tier|Random Battle","|rated","|rule|Sleep Clause Mod: Limit one foe put to sleep","|rule|HP Percentage Mod: HP is shown in percentages","|","|start","|switch|p1a: Dusknoir|Dusknoir, L83, F|210/210","|switch|p2a: Gallade|Gallade, L76, M|228/228","|-ability|p1a: Dusknoir|Pressure","|turn|1","|","|move|p1a: Dusknoir|Shadow Sneak|p2a: Gallade","|-supereffective|p2a: Gallade","|-damage|p2a: Gallade|108/228","|move|p2a: Gallade|Zen Headbutt|p1a: Dusknoir","|-damage|p1a: Dusknoir|149/210","|","|-heal|p1a: Dusknoir|162/210|[from] item: Leftovers","|turn|2","|","|detailschange|p2a: Gallade|Gallade-Mega, L76, M","|-mega|p2a: Gallade|Gallade|Galladite","|move|p1a: Dusknoir|Shadow Sneak|p2a: Gallade","|-supereffective|p2a: Gallade","|-damage|p2a: Gallade|16/228","|move|p2a: Gallade|Close Combat|p1a: Dusknoir","|-immune|p1a: Dusknoir|[msg]","|","|-heal|p1a: Dusknoir|175/210|[from] item: Leftovers","|turn|3","|","|move|p1a: Dusknoir|Shadow Sneak|p2a: Gallade","|-supereffective|p2a: Gallade","|-damage|p2a: Gallade|0 fnt","|faint|p2a: Gallade","|","|-heal|p1a: Dusknoir|188/210|[from] item: Leftovers","|","|switch|p2a: Deoxys-Defense|Deoxys-Defense, L73|193/193","|-ability|p2a: Deoxys-Defense|Pressure","|turn|4","|","|move|p1a: Dusknoir|Shadow Sneak|p2a: Deoxys-Defense","|-crit|p2a: Deoxys-Defense","|-supereffective|p2a: Deoxys-Defense","|-damage|p2a: Deoxys-Defense|101/193","|move|p2a: Deoxys-Defense|Toxic|p1a: Dusknoir|[miss]","|-miss|p2a: Deoxys-Defense|p1a: Dusknoir","|","|-heal|p2a: Deoxys-Defense|113/193|[from] item: Leftovers","|-heal|p1a: Dusknoir|201/210|[from] item: Leftovers","|turn|5","|","|move|p1a: Dusknoir|Shadow Sneak|p2a: Deoxys-Defense","|-supereffective|p2a: Deoxys-Defense","|-damage|p2a: Deoxys-Defense|51/193","|move|p2a: Deoxys-Defense|Toxic|p1a: Dusknoir","|-status|p1a: Dusknoir|tox","|","|-heal|p2a: Deoxys-Defense|63/193|[from] item: Leftovers","|-heal|p1a: Dusknoir|210/210 tox|[from] item: Leftovers","|-damage|p1a: Dusknoir|197/210 tox|[from] psn","|turn|6","|","|move|p1a: Dusknoir|Shadow Sneak|p2a: Deoxys-Defense","|-supereffective|p2a: Deoxys-Defense","|-damage|p2a: Deoxys-Defense|1/193","|move|p2a: Deoxys-Defense|Recover|p2a: Deoxys-Defense","|-heal|p2a: Deoxys-Defense|98/193","|","|-heal|p2a: Deoxys-Defense|110/193|[from] item: Leftovers","|-heal|p1a: Dusknoir|210/210 tox|[from] item: Leftovers","|-damage|p1a: Dusknoir|184/210 tox|[from] psn","|turn|7","|","|move|p1a: Dusknoir|Shadow Sneak|p2a: Deoxys-Defense","|-supereffective|p2a: Deoxys-Defense","|-damage|p2a: Deoxys-Defense|44/193","|move|p2a: Deoxys-Defense|Recover|p2a: Deoxys-Defense","|-heal|p2a: Deoxys-Defense|141/193","|","|-heal|p2a: Deoxys-Defense|153/193|[from] item: Leftovers","|-heal|p1a: Dusknoir|197/210 tox|[from] item: Leftovers","|-damage|p1a: Dusknoir|158/210 tox|[from] psn","|turn|8","|","|move|p2a: Deoxys-Defense|Seismic Toss|p1a: Dusknoir","|-immune|p1a: Dusknoir|[msg]","|move|p1a: Dusknoir|Earthquake|p2a: Deoxys-Defense","|-damage|p2a: Deoxys-Defense|105/193","|","|-heal|p2a: Deoxys-Defense|117/193|[from] item: Leftovers","|-heal|p1a: Dusknoir|171/210 tox|[from] item: Leftovers","|-damage|p1a: Dusknoir|119/210 tox|[from] psn","|turn|9","|","|move|p1a: Dusknoir|Shadow Sneak|p2a: Deoxys-Defense","|-supereffective|p2a: Deoxys-Defense","|-damage|p2a: Deoxys-Defense|55/193","|move|p2a: Deoxys-Defense|Recover|p2a: Deoxys-Defense","|-heal|p2a: Deoxys-Defense|152/193","|","|-heal|p2a: Deoxys-Defense|164/193|[from] item: Leftovers","|-heal|p1a: Dusknoir|132/210 tox|[from] item: Leftovers","|-damage|p1a: Dusknoir|67/210 tox|[from] psn","|turn|10","|","|move|p1a: Dusknoir|Shadow Sneak|p2a: Deoxys-Defense","|-supereffective|p2a: Deoxys-Defense","|-damage|p2a: Deoxys-Defense|98/193","|move|p2a: Deoxys-Defense|Recover|p2a: Deoxys-Defense","|-heal|p2a: Deoxys-Defense|193/193","|","|-heal|p1a: Dusknoir|80/210 tox|[from] item: Leftovers","|-damage|p1a: Dusknoir|2/210 tox|[from] psn","|turn|11","|","|move|p1a: Dusknoir|Shadow Sneak|p2a: Deoxys-Defense","|-supereffective|p2a: Deoxys-Defense","|-damage|p2a: Deoxys-Defense|131/193","|move|p2a: Deoxys-Defense|Recover|p2a: Deoxys-Defense","|-heal|p2a: Deoxys-Defense|193/193","|","|-heal|p1a: Dusknoir|15/210 tox|[from] item: Leftovers","|-damage|p1a: Dusknoir|0 fnt|[from] psn","|faint|p1a: Dusknoir","|","|switch|p1a: Venomoth|Venomoth, L79, M|239/239","|turn|12","|","|move|p1a: Venomoth|Bug Buzz|p2a: Deoxys-Defense","|-supereffective|p2a: Deoxys-Defense","|-damage|p2a: Deoxys-Defense|79/193","|move|p2a: Deoxys-Defense|Seismic Toss|p1a: Venomoth","|-damage|p1a: Venomoth|166/239","|","|-heal|p1a: Venomoth|180/239|[from] item: Black Sludge","|-heal|p2a: Deoxys-Defense|91/193|[from] item: Leftovers","|turn|13","|","|switch|p2a: Masquerain|Masquerain, L83, M|251/251","|-ability|p2a: Masquerain|Intimidate","|-unboost|p1a: Venomoth|atk|1","|move|p1a: Venomoth|Bug Buzz|p2a: Masquerain","|-resisted|p2a: Masquerain","|-damage|p2a: Masquerain|169/251","|-unboost|p2a: Masquerain|spd|1","|","|-heal|p1a: Venomoth|194/239|[from] item: Black Sludge","|-heal|p2a: Masquerain|184/251|[from] item: Leftovers","|turn|14","|","|switch|p1a: Emolga|Emolga, L83, M|227/227","|move|p2a: Masquerain|Bug Buzz|p1a: Emolga","|-resisted|p1a: Emolga","|-damage|p1a: Emolga|171/227","|","|-heal|p1a: Emolga|185/227|[from] item: Leftovers","|-heal|p2a: Masquerain|199/251|[from] item: Leftovers","|turn|15","|","|move|p1a: Emolga|Thunderbolt|p2a: Masquerain","|-supereffective|p2a: Masquerain","|-damage|p2a: Masquerain|0 fnt","|faint|p2a: Masquerain","|","|-heal|p1a: Emolga|199/227|[from] item: Leftovers","|","|switch|p2a: Gogoat|Gogoat, L83, M|340/340","|turn|16","|","|move|p1a: Emolga|Roost|p1a: Emolga","|-heal|p1a: Emolga|227/227","|move|p2a: Gogoat|Rock Slide|p1a: Emolga","|-damage|p1a: Emolga|160/227","|","|-heal|p1a: Emolga|174/227|[from] item: Leftovers","|turn|17","|","|switch|p1a: Braviary|Braviary, L79, M|287/287","|move|p2a: Gogoat|Horn Leech|p1a: Braviary","|-resisted|p1a: Braviary","|-damage|p1a: Braviary|240/287","|","|turn|18","|","|switch|p2a: Deoxys-Defense|Deoxys-Defense, L73|91/193","|-ability|p2a: Deoxys-Defense|Pressure","|move|p1a: Braviary|Bulk Up|p1a: Braviary","|-boost|p1a: Braviary|atk|1","|-boost|p1a: Braviary|def|1","|","|-heal|p2a: Deoxys-Defense|103/193|[from] item: Leftovers","|turn|19","|","|move|p2a: Deoxys-Defense|Toxic|p1a: Braviary","|-status|p1a: Braviary|tox","|move|p1a: Braviary|Rock Slide|p2a: Deoxys-Defense","|-damage|p2a: Deoxys-Defense|7/193","|","|-heal|p2a: Deoxys-Defense|19/193|[from] item: Leftovers","|-damage|p1a: Braviary|223/287 tox|[from] psn","|turn|20","|","|move|p2a: Deoxys-Defense|Recover|p2a: Deoxys-Defense","|-heal|p2a: Deoxys-Defense|116/193","|move|p1a: Braviary|Rock Slide|p2a: Deoxys-Defense","|-damage|p2a: Deoxys-Defense|8/193","|","|-heal|p2a: Deoxys-Defense|20/193|[from] item: Leftovers","|-damage|p1a: Braviary|189/287 tox|[from] psn","|turn|21","|","|move|p2a: Deoxys-Defense|Recover|p2a: Deoxys-Defense","|-heal|p2a: Deoxys-Defense|117/193","|move|p1a: Braviary|Bulk Up|p1a: Braviary","|-boost|p1a: Braviary|atk|1","|-boost|p1a: Braviary|def|1","|","|-heal|p2a: Deoxys-Defense|129/193|[from] item: Leftovers","|-damage|p1a: Braviary|138/287 tox|[from] psn","|turn|22","|","|move|p2a: Deoxys-Defense|Recover|p2a: Deoxys-Defense","|-heal|p2a: Deoxys-Defense|193/193","|move|p1a: Braviary|Rock Slide|p2a: Deoxys-Defense","|-damage|p2a: Deoxys-Defense|68/193","|","|-heal|p2a: Deoxys-Defense|80/193|[from] item: Leftovers","|-damage|p1a: Braviary|70/287 tox|[from] psn","|turn|23","|","|move|p2a: Deoxys-Defense|Recover|p2a: Deoxys-Defense","|-heal|p2a: Deoxys-Defense|177/193","|move|p1a: Braviary|Rock Slide|p2a: Deoxys-Defense","|-miss|p1a: Braviary|p2a: Deoxys-Defense","|","|-heal|p2a: Deoxys-Defense|189/193|[from] item: Leftovers","|-damage|p1a: Braviary|0 fnt|[from] psn","|faint|p1a: Braviary","|","|switch|p1a: Venomoth|Venomoth, L79, M|194/239","|turn|24","|","|switch|p2a: Beartic|Beartic, L83, F|293/293","|move|p1a: Venomoth|Bug Buzz|p2a: Beartic","|-damage|p2a: Beartic|197/293","|","|-heal|p1a: Venomoth|208/239|[from] item: Black Sludge","|turn|25","|","|move|p1a: Venomoth|Sleep Powder|p2a: Beartic|[miss]","|-miss|p1a: Venomoth|p2a: Beartic","|move|p2a: Beartic|Icicle Crash|p1a: Venomoth","|-damage|p1a: Venomoth|29/239","|-damage|p2a: Beartic|168/293|[from] item: Life Orb","|","|-heal|p1a: Venomoth|43/239|[from] item: Black Sludge","|turn|26","|","|switch|p1a: Kyurem-Black|Kyurem-Black, L75|311/311","|-ability|p1a: Kyurem-Black|Teravolt","|move|p2a: Beartic|Aqua Jet|p1a: Kyurem-Black","|-resisted|p1a: Kyurem-Black","|-damage|p1a: Kyurem-Black|290/311","|-damage|p2a: Beartic|139/293|[from] item: Life Orb","|","|-heal|p1a: Kyurem-Black|309/311|[from] item: Leftovers","|turn|27","|","|move|p1a: Kyurem-Black|Dragon Claw|p2a: Beartic","|-damage|p2a: Beartic|12/293","|move|p2a: Beartic|Icicle Crash|p1a: Kyurem-Black","|-damage|p1a: Kyurem-Black|187/311","|-damage|p2a: Beartic|0 fnt|[from] item: Life Orb","|faint|p2a: Beartic","|","|-heal|p1a: Kyurem-Black|206/311|[from] item: Leftovers","|","|switch|p2a: Deoxys-Defense|Deoxys-Defense, L73|189/193","|-ability|p2a: Deoxys-Defense|Pressure","|turn|28","|","|switch|p1a: Venomoth|Venomoth, L79, M|43/239","|move|p2a: Deoxys-Defense|Seismic Toss|p1a: Venomoth","|-damage|p1a: Venomoth|0 fnt","|faint|p1a: Venomoth","|","|-heal|p2a: Deoxys-Defense|193/193|[from] item: Leftovers","|","|switch|p1a: Kyurem-Black|Kyurem-Black, L75|206/311","|-ability|p1a: Kyurem-Black|Teravolt","|turn|29","|","|move|p1a: Kyurem-Black|Dragon Claw|p2a: Deoxys-Defense","|-damage|p2a: Deoxys-Defense|112/193","|move|p2a: Deoxys-Defense|Seismic Toss|p1a: Kyurem-Black","|-damage|p1a: Kyurem-Black|133/311","|","|-heal|p1a: Kyurem-Black|152/311|[from] item: Leftovers","|-heal|p2a: Deoxys-Defense|124/193|[from] item: Leftovers","|turn|30","|","|move|p1a: Kyurem-Black|Roost|p1a: Kyurem-Black","|-heal|p1a: Kyurem-Black|308/311","|move|p2a: Deoxys-Defense|Toxic|p1a: Kyurem-Black","|-status|p1a: Kyurem-Black|tox","|","|-heal|p1a: Kyurem-Black|311/311 tox|[from] item: Leftovers","|-heal|p2a: Deoxys-Defense|136/193|[from] item: Leftovers","|-damage|p1a: Kyurem-Black|292/311 tox|[from] psn","|turn|31","|","|move|p1a: Kyurem-Black|Dragon Claw|p2a: Deoxys-Defense","|-damage|p2a: Deoxys-Defense|63/193","|move|p2a: Deoxys-Defense|Taunt|p1a: Kyurem-Black","|-start|p1a: Kyurem-Black|move: Taunt","|","|-heal|p1a: Kyurem-Black|311/311 tox|[from] item: Leftovers","|-heal|p2a: Deoxys-Defense|75/193|[from] item: Leftovers","|-damage|p1a: Kyurem-Black|273/311 tox|[from] psn","|turn|32","|","|move|p1a: Kyurem-Black|Dragon Claw|p2a: Deoxys-Defense","|-damage|p2a: Deoxys-Defense|0 fnt","|faint|p2a: Deoxys-Defense","|","|-heal|p1a: Kyurem-Black|292/311 tox|[from] item: Leftovers","|-damage|p1a: Kyurem-Black|235/311 tox|[from] psn","|","|switch|p2a: Sharpedo|Sharpedo, L77, F|234/234","|turn|33","|","|move|p2a: Sharpedo|Crunch|p1a: Kyurem-Black","|-crit|p1a: Kyurem-Black","|-damage|p1a: Kyurem-Black|97/311 tox","|-unboost|p1a: Kyurem-Black|def|1","|move|p1a: Kyurem-Black|Dragon Claw|p2a: Sharpedo","|-damage|p2a: Sharpedo|15/234","|","|-heal|p2a: Sharpedo|29/234|[from] item: Leftovers","|-heal|p1a: Kyurem-Black|116/311 tox|[from] item: Leftovers","|-damage|p1a: Kyurem-Black|40/311 tox|[from] psn","|-boost|p2a: Sharpedo|spe|1|[from] ability: Speed Boost","|turn|34","|","|move|p2a: Sharpedo|Crunch|p1a: Kyurem-Black","|-damage|p1a: Kyurem-Black|0 fnt","|faint|p1a: Kyurem-Black","|","|-heal|p2a: Sharpedo|43/234|[from] item: Leftovers","|-boost|p2a: Sharpedo|spe|1|[from] ability: Speed Boost","|","|switch|p1a: Emolga|Emolga, L83, M|174/227","|turn|35","|","|move|p2a: Sharpedo|Destiny Bond|p2a: Sharpedo","|-singlemove|p2a: Sharpedo|Destiny Bond","|move|p1a: Emolga|Thunderbolt|p2a: Sharpedo","|-supereffective|p2a: Sharpedo","|-damage|p2a: Sharpedo|0 fnt","|faint|p2a: Sharpedo","|-activate|p2a: Sharpedo|Destiny Bond","|faint|p1a: Emolga","|","|","|switch|p2a: Gogoat|Gogoat, L83, M|340/340","|switch|p1a: Alomomola|Alomomola, L79, M|390/390","|turn|36","|","|move|p2a: Gogoat|Horn Leech|p1a: Alomomola","|-supereffective|p1a: Alomomola","|-damage|p1a: Alomomola|208/390","|move|p1a: Alomomola|Scald|p2a: Gogoat","|-resisted|p2a: Gogoat","|-damage|p2a: Gogoat|316/340","|","|-heal|p2a: Gogoat|337/340|[from] item: Leftovers","|-heal|p1a: Alomomola|232/390|[from] item: Leftovers","|turn|37","|","|move|p2a: Gogoat|Horn Leech|p1a: Alomomola","|-crit|p1a: Alomomola","|-supereffective|p1a: Alomomola","|-damage|p1a: Alomomola|0 fnt","|-heal|p2a: Gogoat|340/340|[from] drain|[of] p1a: Alomomola","|faint|p1a: Alomomola","|","|win|estebandido888"],"p1rating":{"entryid":"160188","serverid":"eos","formatid":"randombattle","userid":"skylord13684","username":"SkyLord13684","w":"7","l":5,"t":"0","gxe":55.5,"r":"1550.4531107023","rd":"87.633164802966","sigma":"0","rptime":"1440147600","rpr":1542.7205527068,"rprd":83.120438303575,"rpsigma":"0","acre":1092.9497818948,"lacre":1092.9497818948,"oldacre":"1118.1056434545"},"p2rating":{"entryid":"141534","serverid":"eos","formatid":"randombattle","userid":"estebandido888","username":"estebandido888","w":12,"l":"7","t":"0","gxe":59.5,"r":"1518.5892736632","rd":"78.276725050499","sigma":"0","rptime":"1440147600","rpr":1573.8171733092,"rprd":72.164870028611,"rpsigma":"0","acre":1141.0954028588,"lacre":1141.0954028588,"oldacre":"1115.9395412991"},"endType":"normal"}