{"seed":[12166,17826,23970,31692],"turns":28,"p1":"killerr1234","p2":"estebandido888","p1team":[{"name":"Bouffalant","moves":["earthquake","headcharge","swordsdance","stoneedge"],"ability":"Sap Sipper","evs":{"hp":85,"atk":85,"def":85,"spa":85,"spd":85,"spe":85},"ivs":{"hp":31,"atk":31,"def":31,"spa":31,"spd":31,"spe":31},"item":"Leftovers","level":81,"shiny":false},{"name":"Gligar","moves":["roost","stealthrock","toxic","earthquake"],"ability":"Immunity","evs":{"hp":85,"atk":85,"def":85,"spa":85,"spd":85,"spe":85},"ivs":{"hp":31,"atk":31,"def":31,"spa":31,"spd":31,"spe":31},"item":"Eviolite","level":77,"shiny":false},{"name":"Togekiss","moves":["batonpass","healbell","roost","airslash"],"ability":"Serene Grace","evs":{"hp":85,"atk":85,"def":85,"spa":85,"spd":85,"spe":85},"ivs":{"hp":31,"atk":31,"def":31,"spa":31,"spd":31,"spe":31},"item":"Leftovers","level":76,"shiny":false},{"name":"Golem","moves":["earthquake","stealthrock","toxic","explosion"],"ability":"Sturdy","evs":{"hp":85,"atk":85,"def":85,"spa":85,"spd":85,"spe":85},"ivs":{"hp":31,"atk":31,"def":31,"spa":31,"spd":31,"spe":31},"item":"Custap Berry","level":83,"shiny":false},{"name":"Terrakion","moves":["closecombat","swordsdance","stoneedge","earthquake"],"ability":"Justified","evs":{"hp":85,"atk":85,"def":85,"spa":85,"spd":85,"spe":85},"ivs":{"hp":31,"atk":31,"def":31,"spa":31,"spd":31,"spe":31},"item":"Life Orb","level":76,"shiny":false},{"name":"Giratina-Origin","moves":["willowisp","stoneedge","defog","shadowsneak"],"ability":"Levitate","evs":{"hp":85,"atk":85,"def":85,"spa":85,"spd":85,"spe":85},"ivs":{"hp":31,"atk":31,"def":31,"spa":31,"spd":31,"spe":31},"item":"Griseous Orb","level":73,"shiny":false}],"p2team":[{"name":"Aggron","moves":["roar","heavyslam","icepunch","earthquake"],"ability":"Sturdy","evs":{"hp":85,"atk":85,"def":85,"spa":85,"spd":85,"spe":85},"ivs":{"hp":31,"atk":31,"def":31,"spa":31,"spd":31,"spe":31},"item":"Aggronite","level":77,"shiny":false},{"name":"Golduck","moves":["signalbeam","encore","calmmind","hydropump"],"ability":"Cloud Nine","evs":{"hp":85,"atk":85,"def":85,"spa":85,"spd":85,"spe":85},"ivs":{"hp":31,"atk":31,"def":31,"spa":31,"spd":31,"spe":31},"item":"Leftovers","level":83,"shiny":false},{"name":"Aerodactyl","moves":["doubleedge","stoneedge","stealthrock","aquatail"],"ability":"Rock Head","evs":{"hp":81,"atk":89,"def":85,"spa":85,"spd":85,"spe":85},"ivs":{"hp":31,"atk":31,"def":31,"spa":31,"spd":31,"spe":31},"item":"Life Orb","level":79,"shiny":false},{"name":"Chatot","moves":["uturn","boomburst","hiddenpowerground","chatter"],"ability":"Keen Eye","evs":{"hp":85,"atk":85,"def":85,"spa":85,"spd":85,"spe":85},"ivs":{"hp":31,"atk":31,"def":31,"spa":30,"spd":30,"spe":31},"item":"Life Orb","level":83,"shiny":false},{"name":"Escavalier","moves":["megahorn","swordsdance","drillrun","knockoff"],"ability":"Swarm","evs":{"hp":85,"atk":85,"def":85,"spa":85,"spd":85,"spe":85},"ivs":{"hp":31,"atk":31,"def":31,"spa":31,"spd":31,"spe":31},"item":"Life Orb","level":79,"shiny":false},{"name":"Swampert","moves":["earthquake","scald","protect","toxic"],"ability":"Torrent","evs":{"hp":85,"atk":85,"def":85,"spa":85,"spd":85,"spe":85},"ivs":{"hp":31,"atk":31,"def":31,"spa":31,"spd":31,"spe":31},"item":"Leftovers","level":77,"shiny":false}],"log":["|player|p1|killerr1234|130","|player|p2|estebandido888|102","|gametype|singles","|gen|6","|tier|Random Battle","|rated","|rule|Sleep Clause Mod: Limit one foe put to sleep","|rule|HP Percentage Mod: HP is shown in percentages","|","|start","|switch|p1a: Bouffalant|Bouffalant, L81, F|287/287","|switch|p2a: Aggron|Aggron, L77, F|234/234","|turn|1","|","|detailschange|p2a: Aggron|Aggron-Mega, L77, F","|-mega|p2a: Aggron|Aggron|Aggronite","|move|p1a: Bouffalant|Earthquake|p2a: Aggron","|-crit|p2a: Aggron","|-supereffective|p2a: Aggron","|-damage|p2a: Aggron|147/234","|move|p2a: Aggron|Ice Punch|p1a: Bouffalant","|-damage|p1a: Bouffalant|228/287","|","|-heal|p1a: Bouffalant|245/287|[from] item: Leftovers","|turn|2","|","|switch|p1a: Giratina-Origin|Giratina-Origin, L73|339/339","|switch|p2a: Swampert|Swampert, L77, F|281/281","|","|turn|3","|","|move|p1a: Giratina-Origin|Shadow Sneak|p2a: Swampert","|-crit|p2a: Swampert","|-damage|p2a: Swampert|203/281","|move|p2a: Swampert|Toxic|p1a: Giratina-Origin","|-status|p1a: Giratina-Origin|tox","|","|-heal|p2a: Swampert|220/281|[from] item: Leftovers","|-damage|p1a: Giratina-Origin|318/339 tox|[from] psn","|turn|4","|","|move|p1a: Giratina-Origin|Defog|p2a: Swampert","|-unboost|p2a: Swampert|evasion|1","|move|p2a: Swampert|Scald|p1a: Giratina-Origin","|-resisted|p1a: Giratina-Origin","|-damage|p1a: Giratina-Origin|286/339 tox","|","|-heal|p2a: Swampert|237/281|[from] item: Leftovers","|-damage|p1a: Giratina-Origin|244/339 tox|[from] psn","|turn|5","|","|move|p2a: Swampert|Protect|p2a: Swampert","|-singleturn|p2a: Swampert|Protect","|move|p1a: Giratina-Origin|Will-O-Wisp|p2a: Swampert","|-activate|p2a: Swampert|Protect","|","|-heal|p2a: Swampert|254/281|[from] item: Leftovers","|-damage|p1a: Giratina-Origin|181/339 tox|[from] psn","|turn|6","|","|switch|p1a: Golem|Golem, L83, F|268/268","|move|p2a: Swampert|Protect|p2a: Swampert","|-fail|p2a: Swampert","|","|-heal|p2a: Swampert|271/281|[from] item: Leftovers","|turn|7","|","|move|p2a: Swampert|Toxic|p1a: Golem","|-status|p1a: Golem|tox","|move|p1a: Golem|Toxic|p2a: Swampert","|-status|p2a: Swampert|tox","|","|-heal|p2a: Swampert|281/281 tox|[from] item: Leftovers","|-damage|p2a: Swampert|264/281 tox|[from] psn","|-damage|p1a: Golem|252/268 tox|[from] psn","|turn|8","|","|move|p2a: Swampert|Earthquake|p1a: Golem","|-supereffective|p1a: Golem","|-damage|p1a: Golem|106/268 tox","|move|p1a: Golem|Earthquake|p2a: Swampert","|-damage|p2a: Swampert|138/281 tox","|","|-heal|p2a: Swampert|155/281 tox|[from] item: Leftovers","|-damage|p2a: Swampert|121/281 tox|[from] psn","|-damage|p1a: Golem|74/268 tox|[from] psn","|turn|9","|","|switch|p1a: Togekiss|Togekiss, L76, F|254/254","|move|p2a: Swampert|Earthquake|p1a: Togekiss","|-immune|p1a: Togekiss|[msg]","|","|-heal|p2a: Swampert|138/281 tox|[from] item: Leftovers","|-damage|p2a: Swampert|87/281 tox|[from] psn","|turn|10","|","|move|p1a: Togekiss|Roost|p1a: Togekiss","|-fail|p1a: Togekiss","|move|p2a: Swampert|Toxic|p1a: Togekiss","|-status|p1a: Togekiss|tox","|","|-heal|p2a: Swampert|104/281 tox|[from] item: Leftovers","|-damage|p1a: Togekiss|239/254 tox|[from] psn","|-damage|p2a: Swampert|36/281 tox|[from] psn","|turn|11","|","|move|p1a: Togekiss|Air Slash|p2a: Swampert","|-damage|p2a: Swampert|0 fnt","|faint|p2a: Swampert","|","|-heal|p1a: Togekiss|254/254 tox|[from] item: Leftovers","|-damage|p1a: Togekiss|224/254 tox|[from] psn","|","|switch|p2a: Escavalier|Escavalier, L79, F|240/240","|turn|12","|","|switch|p1a: Gligar|Gligar, L77, F|227/227","|move|p2a: Escavalier|Megahorn|p1a: Gligar","|-resisted|p1a: Gligar","|-damage|p1a: Gligar|165/227","|-damage|p2a: Escavalier|216/240|[from] item: Life Orb","|","|turn|13","|","|move|p1a: Gligar|Toxic|p2a: Escavalier","|-immune|p2a: Escavalier|[msg]","|move|p2a: Escavalier|Knock Off|p1a: Gligar","|-damage|p1a: Gligar|103/227","|-enditem|p1a: Gligar|Eviolite|[from] move: Knock Off|[of] p2a: Escavalier","|-damage|p2a: Escavalier|192/240|[from] item: Life Orb","|","|turn|14","|","|move|p1a: Gligar|Earthquake|p2a: Escavalier","|-damage|p2a: Escavalier|125/240","|move|p2a: Escavalier|Drill Run|p1a: Gligar","|-immune|p1a: Gligar|[msg]","|","|turn|15","|","|move|p1a: Gligar|Stealth Rock|p2a: Escavalier","|-sidestart|p2: estebandido888|move: Stealth Rock","|move|p2a: Escavalier|Knock Off|p1a: Gligar","|-damage|p1a: Gligar|35/227","|-damage|p2a: Escavalier|101/240|[from] item: Life Orb","|","|turn|16","|","|move|p1a: Gligar|Earthquake|p2a: Escavalier","|-damage|p2a: Escavalier|28/240","|move|p2a: Escavalier|Knock Off|p1a: Gligar","|-damage|p1a: Gligar|0 fnt","|-damage|p2a: Escavalier|4/240|[from] item: Life Orb","|faint|p1a: Gligar","|","|","|switch|p1a: Giratina-Origin|Giratina-Origin, L73|181/339 tox","|turn|17","|","|move|p1a: Giratina-Origin|Shadow Sneak|p2a: Escavalier","|-damage|p2a: Escavalier|0 fnt","|faint|p2a: Escavalier","|","|-damage|p1a: Giratina-Origin|160/339 tox|[from] psn","|","|switch|p2a: Aerodactyl|Aerodactyl, L79, M|255/255","|-damage|p2a: Aerodactyl|192/255|[from] Stealth Rock","|turn|18","|","|move|p1a: Giratina-Origin|Shadow Sneak|p2a: Aerodactyl","|-damage|p2a: Aerodactyl|132/255","|move|p2a: Aerodactyl|Stone Edge|p1a: Giratina-Origin","|-damage|p1a: Giratina-Origin|12/339 tox","|-damage|p2a: Aerodactyl|107/255|[from] item: Life Orb","|","|-damage|p1a: Giratina-Origin|0 fnt|[from] psn","|faint|p1a: Giratina-Origin","|","|switch|p1a: Bouffalant|Bouffalant, L81, F|245/287","|turn|19","|","|move|p2a: Aerodactyl|Aqua Tail|p1a: Bouffalant","|-crit|p1a: Bouffalant","|-damage|p1a: Bouffalant|124/287","|-damage|p2a: Aerodactyl|82/255|[from] item: Life Orb","|move|p1a: Bouffalant|Head Charge|p2a: Aerodactyl","|-resisted|p2a: Aerodactyl","|-damage|p2a: Aerodactyl|0 fnt","|-damage|p1a: Bouffalant|103/287|[from] recoil|[of] p2a: Aerodactyl","|faint|p2a: Aerodactyl","|","|-heal|p1a: Bouffalant|120/287|[from] item: Leftovers","|","|switch|p2a: Golduck|Golduck, L83, M|268/268","|-damage|p2a: Golduck|235/268|[from] Stealth Rock","|-ability|p2a: Golduck|Cloud Nine","|turn|20","|","|move|p2a: Golduck|Signal Beam|p1a: Bouffalant","|-damage|p1a: Bouffalant|69/287","|move|p1a: Bouffalant|Earthquake|p2a: Golduck","|-damage|p2a: Golduck|150/268","|","|-heal|p2a: Golduck|166/268|[from] item: Leftovers","|-heal|p1a: Bouffalant|86/287|[from] item: Leftovers","|turn|21","|","|switch|p1a: Golem|Golem, L83, F|74/268 tox","|move|p2a: Golduck|Hydro Pump|p1a: Golem|[miss]","|-miss|p2a: Golduck|p1a: Golem","|","|-heal|p2a: Golduck|182/268|[from] item: Leftovers","|-damage|p1a: Golem|58/268 tox|[from] psn","|turn|22","|-enditem|p1a: Golem|Custap Berry|[eat]","|-activate|p1a: Golem|Custap Berry","|","|move|p1a: Golem|Toxic|p2a: Golduck|[miss]","|-miss|p1a: Golem|p2a: Golduck","|move|p2a: Golduck|Hydro Pump|p1a: Golem|[miss]","|-miss|p2a: Golduck|p1a: Golem","|","|-heal|p2a: Golduck|198/268|[from] item: Leftovers","|-damage|p1a: Golem|26/268 tox|[from] psn","|turn|23","|","|move|p2a: Golduck|Signal Beam|p1a: Golem","|-damage|p1a: Golem|0 fnt","|faint|p1a: Golem","|","|-heal|p2a: Golduck|214/268|[from] item: Leftovers","|","|switch|p1a: Togekiss|Togekiss, L76, F|224/254 tox","|turn|24","|","|move|p2a: Golduck|Signal Beam|p1a: Togekiss","|-resisted|p1a: Togekiss","|-damage|p1a: Togekiss|212/254 tox","|move|p1a: Togekiss|Baton Pass|p1a: Togekiss","|","|switch|p1a: Terrakion|Terrakion, L76|263/263","|","|-heal|p2a: Golduck|230/268|[from] item: Leftovers","|turn|25","|","|move|p1a: Terrakion|Close Combat|p2a: Golduck","|-damage|p2a: Golduck|45/268","|-unboost|p1a: Terrakion|def|1","|-unboost|p1a: Terrakion|spd|1","|-damage|p1a: Terrakion|237/263|[from] item: Life Orb","|move|p2a: Golduck|Hydro Pump|p1a: Terrakion","|-supereffective|p1a: Terrakion","|-damage|p1a: Terrakion|0 fnt","|faint|p1a: Terrakion","|","|-heal|p2a: Golduck|61/268|[from] item: Leftovers","|","|switch|p1a: Togekiss|Togekiss, L76, F|212/254 tox","|turn|26","|","|move|p2a: Golduck|Hydro Pump|p1a: Togekiss","|-damage|p1a: Togekiss|104/254 tox","|move|p1a: Togekiss|Air Slash|p2a: Golduck","|-damage|p2a: Golduck|0 fnt","|faint|p2a: Golduck","|","|-heal|p1a: Togekiss|119/254 tox|[from] item: Leftovers","|-damage|p1a: Togekiss|104/254 tox|[from] psn","|","|switch|p2a: Chatot|Chatot, L83, F|262/262","|-damage|p2a: Chatot|197/262|[from] Stealth Rock","|turn|27","|","|move|p2a: Chatot|Boomburst|p1a: Togekiss","|-damage|p1a: Togekiss|0 fnt","|-damage|p2a: Chatot|171/262|[from] item: Life Orb","|faint|p1a: Togekiss","|","|","|switch|p1a: Bouffalant|Bouffalant, L81, F|86/287","|turn|28","|","|move|p2a: Chatot|Boomburst|p1a: Bouffalant","|-damage|p1a: Bouffalant|0 fnt","|-damage|p2a: Chatot|145/262|[from] item: Life Orb","|faint|p1a: Bouffalant","|","|win|estebandido888"],"p1rating":{"entryid":243678,"formatid":"randombattle","userid":"killerr1234","username":"killerr1234","r":1500,"rd":130,"sigma":0,"rpr":1468.1140189138,"rprd":122.83838562354,"rpsigma":0,"rptime":1440147600,"w":0,"l":1,"t":0,"gxe":46,"acre":1000,"lacre":1000,"oldacre":1000},"p2rating":{"entryid":"141534","serverid":"eos","formatid":"randombattle","userid":"estebandido888","username":"estebandido888","w":9,"l":"7","t":"0","gxe":54.3,"r":1518.5892736632,"rd":78.276725050499,"sigma":"0","rptime":1440147600,"rpr":1533.4434553329,"rprd":76.636261125739,"rpsigma":"0","acre":1074.8339600847,"lacre":1074.8339600847,"oldacre":"1046.1171462403"},"endType":"normal"}