{"seed":[51742,9379,20254,22165],"turns":35,"p1":"SkyLord13684","p2":"Vova_Win","p1team":[{"name":"Sceptile","moves":["swordsdance","leafblade","outrage","earthquake"],"ability":"Overgrow","evs":{"hp":85,"atk":85,"def":85,"spa":85,"spd":85,"spe":85},"ivs":{"hp":31,"atk":31,"def":31,"spa":31,"spd":31,"spe":31},"item":"Sceptilite","level":77,"shiny":false},{"name":"Wormadam-Trash","moves":["stealthrock","gyroball","protect","toxic"],"ability":"Overcoat","evs":{"hp":85,"atk":170,"def":85,"spa":85,"spd":85,"spe":0},"ivs":{"hp":31,"atk":31,"def":31,"spa":31,"spd":31,"spe":0},"item":"Leftovers","level":83,"shiny":false},{"name":"Grumpig","moves":["healbell","reflect","toxic","psychic"],"ability":"Thick Fat","evs":{"hp":85,"atk":85,"def":85,"spa":85,"spd":85,"spe":85},"ivs":{"hp":31,"atk":31,"def":31,"spa":31,"spd":31,"spe":31},"item":"Light Clay","level":83,"shiny":false},{"name":"Tauros","moves":["earthquake","doubleedge","zenheadbutt","rockslide"],"ability":"Sheer Force","evs":{"hp":85,"atk":85,"def":85,"spa":85,"spd":85,"spe":85},"ivs":{"hp":31,"atk":31,"def":31,"spa":31,"spd":31,"spe":31},"item":"Life Orb","level":81,"shiny":false},{"name":"Archeops","moves":["stoneedge","uturn","earthquake","pluck"],"ability":"Defeatist","evs":{"hp":85,"atk":85,"def":85,"spa":85,"spd":85,"spe":85},"ivs":{"hp":31,"atk":31,"def":31,"spa":31,"spd":31,"spe":31},"item":"Choice Band","level":81,"shiny":false},{"name":"Moltres","moves":["roost","willowisp","substitute","hurricane"],"ability":"Flame Body","evs":{"hp":81,"atk":85,"def":85,"spa":89,"spd":85,"spe":85},"ivs":{"hp":31,"atk":31,"def":31,"spa":31,"spd":31,"spe":31},"item":"Leftovers","level":78,"shiny":false}],"p2team":[{"name":"Whimsicott","moves":["moonblast","uturn","taunt","toxic"],"ability":"Prankster","evs":{"hp":85,"atk":85,"def":85,"spa":85,"spd":85,"spe":85},"ivs":{"hp":31,"atk":31,"def":31,"spa":31,"spd":31,"spe":31},"item":"Focus Sash","level":77,"shiny":false},{"name":"Gigalith","moves":["stealthrock","superpower","stoneedge","explosion"],"ability":"Sturdy","evs":{"hp":85,"atk":85,"def":85,"spa":85,"spd":85,"spe":85},"ivs":{"hp":31,"atk":31,"def":31,"spa":31,"spd":31,"spe":31},"item":"Custap Berry","level":83,"shiny":false},{"name":"Golduck","moves":["scald","substitute","signalbeam","encore"],"ability":"Cloud Nine","evs":{"hp":85,"atk":85,"def":85,"spa":85,"spd":85,"spe":85},"ivs":{"hp":31,"atk":31,"def":31,"spa":31,"spd":31,"spe":31},"item":"Leftovers","level":83,"shiny":false},{"name":"Meloetta","moves":["hypervoice","focusblast","psyshock","uturn"],"ability":"Serene Grace","evs":{"hp":85,"atk":85,"def":85,"spa":85,"spd":85,"spe":85},"ivs":{"hp":31,"atk":31,"def":31,"spa":31,"spd":31,"spe":31},"item":"Assault Vest","level":79,"shiny":false},{"name":"Audino","moves":["wish","healbell","dazzlinggleam","protect"],"ability":"Regenerator","evs":{"hp":85,"atk":85,"def":85,"spa":85,"spd":85,"spe":85},"ivs":{"hp":31,"atk":31,"def":31,"spa":31,"spd":31,"spe":31},"item":"Audinite","level":81,"shiny":false},{"name":"Typhlosion","moves":["focusblast","hiddenpowergrass","fireblast","extrasensory"],"ability":"Flash Fire","evs":{"hp":85,"atk":85,"def":85,"spa":85,"spd":85,"spe":85},"ivs":{"hp":31,"atk":30,"def":31,"spa":30,"spd":31,"spe":31},"item":"Choice Specs","level":79,"shiny":false}],"log":["|player|p1|SkyLord13684|265","|player|p2|Vova_Win|231","|gametype|singles","|gen|6","|tier|Random Battle","|rated","|rule|Sleep Clause Mod: Limit one foe put to sleep","|rule|HP Percentage Mod: HP is shown in percentages","|","|start","|switch|p1a: Sceptile|Sceptile, L77, M|234/234","|switch|p2a: Whimsicott|Whimsicott, L77, M|219/219","|turn|1","|","|switch|p2a: Typhlosion|Typhlosion, L79, F|253/253","|detailschange|p1a: Sceptile|Sceptile-Mega, L77, M","|-mega|p1a: Sceptile|Sceptile|Sceptilite","|move|p1a: Sceptile|Leaf Blade|p2a: Typhlosion","|-resisted|p2a: Typhlosion","|-damage|p2a: Typhlosion|205/253","|","|turn|2","|","|switch|p1a: Tauros|Tauros, L81, M|254/254","|move|p2a: Typhlosion|Fire Blast|p1a: Tauros","|-damage|p1a: Tauros|31/254","|","|turn|3","|","|move|p1a: Tauros|Earthquake|p2a: Typhlosion","|-supereffective|p2a: Typhlosion","|-damage|p2a: Typhlosion|0 fnt","|-damage|p1a: Tauros|6/254|[from] item: Life Orb","|faint|p2a: Typhlosion","|","|","|switch|p2a: Whimsicott|Whimsicott, L77, M|219/219","|turn|4","|","|move|p1a: Tauros|Zen Headbutt|p2a: Whimsicott","|-damage|p2a: Whimsicott|109/219","|move|p2a: Whimsicott|Moonblast|p1a: Tauros","|-damage|p1a: Tauros|0 fnt","|faint|p1a: Tauros","|","|","|switch|p1a: Archeops|Archeops, L81, F|254/254","|turn|5","|","|move|p2a: Whimsicott|Toxic|p1a: Archeops","|-status|p1a: Archeops|tox","|move|p1a: Archeops|Earthquake|p2a: Whimsicott","|-resisted|p2a: Whimsicott","|-damage|p2a: Whimsicott|39/219","|","|-damage|p1a: Archeops|239/254 tox|[from] psn","|turn|6","|","|move|p1a: Archeops|Earthquake|p2a: Whimsicott","|-resisted|p2a: Whimsicott","|-damage|p2a: Whimsicott|0 fnt","|faint|p2a: Whimsicott","|","|-damage|p1a: Archeops|209/254 tox|[from] psn","|","|switch|p2a: Gigalith|Gigalith, L83, M|277/277","|turn|7","|","|move|p1a: Archeops|Earthquake|p2a: Gigalith","|-supereffective|p2a: Gigalith","|-damage|p2a: Gigalith|91/277","|move|p2a: Gigalith|Stealth Rock|p1a: Archeops","|-sidestart|p1: SkyLord13684|move: Stealth Rock","|","|-damage|p1a: Archeops|164/254 tox|[from] psn","|turn|8","|","|move|p1a: Archeops|Earthquake|p2a: Gigalith","|-crit|p2a: Gigalith","|-supereffective|p2a: Gigalith","|-damage|p2a: Gigalith|0 fnt","|faint|p2a: Gigalith","|","|-damage|p1a: Archeops|104/254 tox|[from] psn","|","|switch|p2a: Meloetta|Meloetta, L79|288/288","|turn|9","|","|move|p1a: Archeops|Earthquake|p2a: Meloetta","|-damage|p2a: Meloetta|215/288","|move|p2a: Meloetta|Hyper Voice|p1a: Archeops","|-resisted|p1a: Archeops","|-damage|p1a: Archeops|35/254 tox","|","|-damage|p1a: Archeops|0 fnt|[from] psn","|faint|p1a: Archeops","|","|switch|p1a: Wormadam-Trash|Wormadam-Trash, L83, F|235/235","|-damage|p1a: Wormadam-Trash|206/235|[from] Stealth Rock","|turn|10","|","|move|p1a: Wormadam-Trash|Protect|p1a: Wormadam-Trash","|-singleturn|p1a: Wormadam-Trash|Protect","|move|p2a: Meloetta|Focus Blast|p1a: Wormadam-Trash","|-activate|p1a: Wormadam-Trash|Protect","|","|-heal|p1a: Wormadam-Trash|220/235|[from] item: Leftovers","|turn|11","|","|move|p2a: Meloetta|Focus Blast|p1a: Wormadam-Trash","|-damage|p1a: Wormadam-Trash|131/235","|-unboost|p1a: Wormadam-Trash|spd|1","|move|p1a: Wormadam-Trash|Toxic|p2a: Meloetta|[miss]","|-miss|p1a: Wormadam-Trash|p2a: Meloetta","|","|-heal|p1a: Wormadam-Trash|145/235|[from] item: Leftovers","|turn|12","|","|move|p1a: Wormadam-Trash|Protect|p1a: Wormadam-Trash","|-singleturn|p1a: Wormadam-Trash|Protect","|move|p2a: Meloetta|Focus Blast|p1a: Wormadam-Trash","|-activate|p1a: Wormadam-Trash|Protect","|","|-heal|p1a: Wormadam-Trash|159/235|[from] item: Leftovers","|turn|13","|","|move|p2a: Meloetta|Focus Blast|p1a: Wormadam-Trash","|-damage|p1a: Wormadam-Trash|27/235","|move|p1a: Wormadam-Trash|Stealth Rock|p2a: Meloetta","|-sidestart|p2: Vova_Win|move: Stealth Rock","|","|-heal|p1a: Wormadam-Trash|41/235|[from] item: Leftovers","|turn|14","|","|move|p1a: Wormadam-Trash|Protect|p1a: Wormadam-Trash","|-singleturn|p1a: Wormadam-Trash|Protect","|move|p2a: Meloetta|Hyper Voice|p1a: Wormadam-Trash","|-activate|p1a: Wormadam-Trash|Protect","|","|-heal|p1a: Wormadam-Trash|55/235|[from] item: Leftovers","|turn|15","|","|move|p2a: Meloetta|Psyshock|p1a: Wormadam-Trash","|-resisted|p1a: Wormadam-Trash","|-damage|p1a: Wormadam-Trash|9/235","|move|p1a: Wormadam-Trash|Gyro Ball|p2a: Meloetta","|-damage|p2a: Meloetta|140/288","|","|-heal|p1a: Wormadam-Trash|23/235|[from] item: Leftovers","|turn|16","|","|move|p2a: Meloetta|Psyshock|p1a: Wormadam-Trash","|-crit|p1a: Wormadam-Trash","|-resisted|p1a: Wormadam-Trash","|-damage|p1a: Wormadam-Trash|0 fnt","|faint|p1a: Wormadam-Trash","|","|","|switch|p1a: Grumpig|Grumpig, L83, F|268/268","|-damage|p1a: Grumpig|235/268|[from] Stealth Rock","|turn|17","|","|move|p2a: Meloetta|U-turn|p1a: Grumpig","|-supereffective|p1a: Grumpig","|-damage|p1a: Grumpig|133/268","|","|switch|p2a: Audino|Audino, L81, M|299/299","|-damage|p2a: Audino|262/299|[from] Stealth Rock","|move|p1a: Grumpig|Toxic|p2a: Audino|[miss]","|-miss|p1a: Grumpig|p2a: Audino","|","|turn|18","|","|move|p1a: Grumpig|Psychic|p2a: Audino","|-damage|p2a: Audino|169/299","|move|p2a: Audino|Wish|p2a: Audino","|","|turn|19","|","|detailschange|p2a: Audino|Audino-Mega, L81, M","|-mega|p2a: Audino|Audino|Audinite","|move|p1a: Grumpig|Psychic|p2a: Audino","|-damage|p2a: Audino|97/299","|move|p2a: Audino|Dazzling Gleam|p1a: Grumpig","|-damage|p1a: Grumpig|72/268","|","|-heal|p2a: Audino|246/299|[from] move: Wish|[wisher] Audino","|turn|20","|","|move|p1a: Grumpig|Toxic|p2a: Audino","|-status|p2a: Audino|tox","|move|p2a: Audino|Wish|p2a: Audino","|","|-damage|p2a: Audino|228/299 tox|[from] psn","|turn|21","|","|move|p1a: Grumpig|Psychic|p2a: Audino","|-crit|p2a: Audino","|-damage|p2a: Audino|125/299 tox","|move|p2a: Audino|Heal Bell|p2a: Audino","|-cureteam|p2a: Audino|[from] move: HealBell","|","|-heal|p2a: Audino|274/299|[from] move: Wish|[wisher] Audino","|turn|22","|","|move|p1a: Grumpig|Psychic|p2a: Audino","|-damage|p2a: Audino|204/299","|move|p2a: Audino|Dazzling Gleam|p1a: Grumpig","|-damage|p1a: Grumpig|17/268","|","|turn|23","|","|move|p1a: Grumpig|Toxic|p2a: Audino","|-status|p2a: Audino|tox","|move|p2a: Audino|Wish|p2a: Audino","|","|-damage|p2a: Audino|186/299 tox|[from] psn","|turn|24","|","|move|p1a: Grumpig|Psychic|p2a: Audino","|-crit|p2a: Audino","|-damage|p2a: Audino|74/299 tox","|move|p2a: Audino|Heal Bell|p2a: Audino","|-cureteam|p2a: Audino|[from] move: HealBell","|","|-heal|p2a: Audino|223/299|[from] move: Wish|[wisher] Audino","|turn|25","|","|move|p1a: Grumpig|Toxic|p2a: Audino","|-status|p2a: Audino|tox","|move|p2a: Audino|Dazzling Gleam|p1a: Grumpig","|-damage|p1a: Grumpig|0 fnt","|faint|p1a: Grumpig","|","|-damage|p2a: Audino|205/299 tox|[from] psn","|","|switch|p1a: Sceptile|Sceptile-Mega, L77, M|234/234","|-damage|p1a: Sceptile|205/234|[from] Stealth Rock","|turn|26","|","|move|p1a: Sceptile|Outrage|p2a: Audino","|-immune|p2a: Audino|[msg]","|move|p2a: Audino|Wish|p2a: Audino","|","|-damage|p2a: Audino|169/299 tox|[from] psn","|turn|27","|","|move|p1a: Sceptile|Earthquake|p2a: Audino","|-damage|p2a: Audino|114/299 tox","|move|p2a: Audino|Heal Bell|p2a: Audino","|-cureteam|p2a: Audino|[from] move: HealBell","|","|-heal|p2a: Audino|263/299|[from] move: Wish|[wisher] Audino","|turn|28","|","|move|p1a: Sceptile|Leaf Blade|p2a: Audino","|-damage|p2a: Audino|191/299","|move|p2a: Audino|Wish|p2a: Audino","|","|turn|29","|","|switch|p2a: Meloetta|Meloetta, L79|140/288","|-damage|p2a: Meloetta|104/288|[from] Stealth Rock","|move|p1a: Sceptile|Leaf Blade|p2a: Meloetta","|-damage|p2a: Meloetta|0 fnt","|faint|p2a: Meloetta","|","|","|switch|p2a: Audino|Audino-Mega, L81, M|191/299","|-damage|p2a: Audino|154/299|[from] Stealth Rock","|turn|30","|","|move|p2a: Audino|Protect|p2a: Audino","|-singleturn|p2a: Audino|Protect","|move|p1a: Sceptile|Leaf Blade|p2a: Audino","|-activate|p2a: Audino|Protect","|","|turn|31","|","|move|p1a: Sceptile|Leaf Blade|p2a: Audino","|-damage|p2a: Audino|82/299","|move|p2a: Audino|Wish|p2a: Audino","|","|turn|32","|","|move|p2a: Audino|Protect|p2a: Audino","|-singleturn|p2a: Audino|Protect","|move|p1a: Sceptile|Swords Dance|p1a: Sceptile","|-boost|p1a: Sceptile|atk|2","|","|-heal|p2a: Audino|231/299|[from] move: Wish|[wisher] Audino","|turn|33","|","|move|p1a: Sceptile|Leaf Blade|p2a: Audino","|-damage|p2a: Audino|92/299","|move|p2a: Audino|Dazzling Gleam|p1a: Sceptile","|-supereffective|p1a: Sceptile","|-damage|p1a: Sceptile|59/234","|","|turn|34","|","|move|p1a: Sceptile|Leaf Blade|p2a: Audino","|-damage|p2a: Audino|0 fnt","|faint|p2a: Audino","|","|","|switch|p2a: Golduck|Golduck, L83, F|268/268","|-damage|p2a: Golduck|235/268|[from] Stealth Rock","|-ability|p2a: Golduck|Cloud Nine","|turn|35","|","|move|p1a: Sceptile|Leaf Blade|p2a: Golduck","|-supereffective|p2a: Golduck","|-damage|p2a: Golduck|0 fnt","|faint|p2a: Golduck","|","|win|SkyLord13684"],"p1rating":{"entryid":"160188","serverid":"eos","formatid":"randombattle","userid":"skylord13684","username":"SkyLord13684","w":9,"l":"6","t":"0","gxe":56.9,"r":"1550.4531107023","rd":"87.633164802966","sigma":"0","rptime":"1440147600","rpr":1553.3297355918,"rprd":77.709211852896,"rpsigma":"0","acre":1108.0498966861,"lacre":1108.0498966861,"oldacre":"1087.8728333475"},"p2rating":{"entryid":253754,"formatid":"randombattle","userid":"vovawin","username":"Vova_Win","r":1500,"rd":130,"sigma":0,"rpr":1464.2115189601,"rprd":122.43244837496,"rpsigma":0,"rptime":1440147600,"w":0,"l":1,"t":0,"gxe":45.5,"acre":1000,"lacre":1000,"oldacre":1000},"endType":"normal"}