{"seed":[25919,468,39311,55473],"turns":18,"p1":"Ynfynyt Scroll","p2":"Inferno Jit","p1team":[{"name":"Kyurem-White","moves":["icebeam","toxic","fusionflare","focusblast"],"ability":"Turboblaze","evs":{"hp":85,"atk":85,"def":85,"spa":85,"spd":85,"spe":85},"ivs":{"hp":31,"atk":31,"def":31,"spa":31,"spd":31,"spe":31},"item":"Leftovers","level":73,"shiny":false},{"name":"Sawk","moves":["icepunch","knockoff","closecombat","poisonjab"],"ability":"Sturdy","evs":{"hp":85,"atk":85,"def":85,"spa":85,"spd":85,"spe":85},"ivs":{"hp":31,"atk":31,"def":31,"spa":31,"spd":31,"spe":31},"item":"Choice Band","level":81,"shiny":false},{"name":"Victreebel","moves":["sleeppowder","powerwhip","growth","suckerpunch"],"ability":"Chlorophyll","evs":{"hp":85,"atk":85,"def":85,"spa":85,"spd":85,"spe":85},"ivs":{"hp":31,"atk":31,"def":31,"spa":31,"spd":31,"spe":31},"item":"Black Sludge","level":82,"shiny":false},{"name":"Probopass","moves":["voltswitch","powergem","flashcannon","painsplit"],"ability":"Magnet Pull","evs":{"hp":85,"atk":85,"def":85,"spa":85,"spd":85,"spe":85},"ivs":{"hp":31,"atk":31,"def":31,"spa":31,"spd":31,"spe":31},"item":"Air Balloon","level":83,"shiny":false},{"name":"Unfezant","moves":["nightslash","tailwind","uturn","pluck"],"ability":"Super Luck","evs":{"hp":81,"atk":89,"def":85,"spa":85,"spd":85,"spe":85},"ivs":{"hp":31,"atk":31,"def":31,"spa":31,"spd":31,"spe":31},"item":"Scope Lens","level":83,"shiny":false},{"name":"Aromatisse","moves":["reflect","aromatherapy","moonblast","protect"],"ability":"Aroma Veil","evs":{"hp":85,"atk":85,"def":85,"spa":85,"spd":85,"spe":85},"ivs":{"hp":31,"atk":31,"def":31,"spa":31,"spd":31,"spe":31},"item":"Leftovers","level":79,"shiny":false}],"p2team":[{"name":"Landorus-Therian","moves":["superpower","rockpolish","earthquake","stoneedge"],"ability":"Intimidate","evs":{"hp":85,"atk":85,"def":85,"spa":85,"spd":85,"spe":85},"ivs":{"hp":31,"atk":31,"def":31,"spa":31,"spd":31,"spe":31},"item":"Life Orb","level":75,"shiny":false},{"name":"Tentacruel","moves":["protect","rapidspin","toxicspikes","sludgebomb"],"ability":"Clear Body","evs":{"hp":85,"atk":85,"def":85,"spa":85,"spd":85,"spe":85},"ivs":{"hp":31,"atk":31,"def":31,"spa":31,"spd":31,"spe":31},"item":"Black Sludge","level":77,"shiny":false},{"name":"Delcatty","moves":["fakeout","thunderwave","wildcharge","doubleedge"],"ability":"Wonder Skin","evs":{"hp":85,"atk":85,"def":85,"spa":85,"spd":85,"spe":85},"ivs":{"hp":31,"atk":31,"def":31,"spa":31,"spd":31,"spe":31},"item":"Life Orb","level":83,"shiny":false},{"name":"Chandelure","moves":["substitute","fireblast","calmmind","shadowball"],"ability":"Flash Fire","evs":{"hp":85,"atk":85,"def":85,"spa":85,"spd":85,"spe":85},"ivs":{"hp":31,"atk":31,"def":31,"spa":31,"spd":31,"spe":31},"item":"Leftovers","level":77,"shiny":false},{"name":"Wobbuffet","moves":["encore","safeguard","destinybond","mirrorcoat"],"ability":"Shadow Tag","evs":{"hp":85,"atk":85,"def":85,"spa":85,"spd":85,"spe":85},"ivs":{"hp":31,"atk":31,"def":31,"spa":31,"spd":31,"spe":31},"item":"Leftovers","level":79,"shiny":false},{"name":"Exeggutor","moves":["leechseed","gigadrain","psychic","substitute"],"ability":"Harvest","evs":{"hp":85,"atk":85,"def":85,"spa":85,"spd":85,"spe":85},"ivs":{"hp":31,"atk":31,"def":31,"spa":31,"spd":31,"spe":31},"item":"Sitrus Berry","level":81,"shiny":false}],"log":["|player|p1|Ynfynyt Scroll|102","|player|p2|Inferno Jit|274","|gametype|singles","|gen|6","|tier|Random Battle","|rated","|rule|Sleep Clause Mod: Limit one foe put to sleep","|rule|HP Percentage Mod: HP is shown in percentages","|","|start","|switch|p1a: Kyurem-White|Kyurem-White, L73|303/303","|switch|p2a: Landorus-Therian|Landorus-Therian, L75, M|257/257","|-ability|p1a: Kyurem-White|Turboblaze","|-ability|p2a: Landorus-Therian|Intimidate","|-unboost|p1a: Kyurem-White|atk|1","|turn|1","|","|move|p1a: Kyurem-White|Ice Beam|p2a: Landorus-Therian","|-supereffective|p2a: Landorus-Therian","|-damage|p2a: Landorus-Therian|0 fnt","|faint|p2a: Landorus-Therian","|","|","|switch|p2a: Chandelure|Chandelure, L77, F|219/219","|turn|2","|","|switch|p1a: Unfezant|Unfezant, L83, M|268/268","|move|p2a: Chandelure|Fire Blast|p1a: Unfezant","|-damage|p1a: Unfezant|67/268","|","|turn|3","|","|move|p1a: Unfezant|Night Slash|p2a: Chandelure","|-crit|p2a: Chandelure","|-supereffective|p2a: Chandelure","|-damage|p2a: Chandelure|27/219","|move|p2a: Chandelure|Shadow Ball|p1a: Unfezant","|-immune|p1a: Unfezant|[msg]","|","|-heal|p2a: Chandelure|40/219|[from] item: Leftovers","|turn|4","|","|switch|p2a: Wobbuffet|Wobbuffet, L79, M|430/430","|move|p1a: Unfezant|Night Slash|p2a: Wobbuffet","|-crit|p2a: Wobbuffet","|-supereffective|p2a: Wobbuffet","|-damage|p2a: Wobbuffet|170/430","|","|-heal|p2a: Wobbuffet|196/430|[from] item: Leftovers","|turn|5","|","|switch|p2a: Exeggutor|Exeggutor, L81, F|287/287","|move|p1a: Unfezant|Night Slash|p2a: Exeggutor","|-crit|p2a: Exeggutor","|-supereffective|p2a: Exeggutor","|-damage|p2a: Exeggutor|93/287","|-enditem|p2a: Exeggutor|Sitrus Berry|[eat]","|-heal|p2a: Exeggutor|164/287|[from] item: Sitrus Berry","|","|turn|6","|","|move|p1a: Unfezant|Night Slash|p2a: Exeggutor","|-crit|p2a: Exeggutor","|-supereffective|p2a: Exeggutor","|-damage|p2a: Exeggutor|0 fnt","|faint|p2a: Exeggutor","|","|","|switch|p2a: Delcatty|Delcatty, L83, F|252/252","|turn|7","|","|move|p1a: Unfezant|Pluck|p2a: Delcatty","|-damage|p2a: Delcatty|162/252","|move|p2a: Delcatty|Wild Charge|p1a: Unfezant","|-crit|p1a: Unfezant","|-supereffective|p1a: Unfezant","|-damage|p1a: Unfezant|0 fnt","|-damage|p2a: Delcatty|145/252|[from] recoil|[of] p1a: Unfezant","|-damage|p2a: Delcatty|120/252|[from] item: Life Orb","|faint|p1a: Unfezant","|","|","|switch|p1a: Kyurem-White|Kyurem-White, L73|303/303","|-ability|p1a: Kyurem-White|Turboblaze","|turn|8","|","|switch|p2a: Chandelure|Chandelure, L77, F|40/219","|move|p1a: Kyurem-White|Toxic|p2a: Chandelure","|-status|p2a: Chandelure|tox","|","|-heal|p2a: Chandelure|53/219 tox|[from] item: Leftovers","|-damage|p2a: Chandelure|40/219 tox|[from] psn","|turn|9","|","|move|p1a: Kyurem-White|Ice Beam|p2a: Chandelure","|-resisted|p2a: Chandelure","|-damage|p2a: Chandelure|0 fnt","|faint|p2a: Chandelure","|","|","|switch|p2a: Wobbuffet|Wobbuffet, L79, M|196/430","|turn|10","|","|move|p1a: Kyurem-White|Toxic|p2a: Wobbuffet","|-status|p2a: Wobbuffet|tox","|move|p2a: Wobbuffet|Destiny Bond|p2a: Wobbuffet","|-singlemove|p2a: Wobbuffet|Destiny Bond","|","|-heal|p2a: Wobbuffet|222/430 tox|[from] item: Leftovers","|-damage|p2a: Wobbuffet|196/430 tox|[from] psn","|turn|11","|","|move|p1a: Kyurem-White|Fusion Flare|p2a: Wobbuffet","|-damage|p2a: Wobbuffet|73/430 tox","|move|p2a: Wobbuffet|Mirror Coat|p1a: Kyurem-White","|-damage|p1a: Kyurem-White|57/303","|","|-heal|p1a: Kyurem-White|75/303|[from] item: Leftovers","|-heal|p2a: Wobbuffet|99/430 tox|[from] item: Leftovers","|-damage|p2a: Wobbuffet|47/430 tox|[from] psn","|turn|12","|","|move|p1a: Kyurem-White|Ice Beam|p2a: Wobbuffet","|-damage|p2a: Wobbuffet|0 fnt","|faint|p2a: Wobbuffet","|","|-heal|p1a: Kyurem-White|93/303|[from] item: Leftovers","|","|switch|p2a: Tentacruel|Tentacruel, L77, M|250/250","|turn|13","|","|move|p2a: Tentacruel|Rapid Spin|p1a: Kyurem-White","|-damage|p1a: Kyurem-White|82/303","|move|p1a: Kyurem-White|Ice Beam|p2a: Tentacruel","|-resisted|p2a: Tentacruel","|-damage|p2a: Tentacruel|197/250","|","|-heal|p2a: Tentacruel|212/250|[from] item: Black Sludge","|-heal|p1a: Kyurem-White|100/303|[from] item: Leftovers","|turn|14","|","|move|p2a: Tentacruel|Sludge Bomb|p1a: Kyurem-White","|-damage|p1a: Kyurem-White|33/303","|move|p1a: Kyurem-White|Ice Beam|p2a: Tentacruel","|-resisted|p2a: Tentacruel","|-damage|p2a: Tentacruel|161/250","|","|-heal|p2a: Tentacruel|176/250|[from] item: Black Sludge","|-heal|p1a: Kyurem-White|51/303|[from] item: Leftovers","|turn|15","|","|move|p2a: Tentacruel|Sludge Bomb|p1a: Kyurem-White","|-damage|p1a: Kyurem-White|0 fnt","|faint|p1a: Kyurem-White","|","|-heal|p2a: Tentacruel|191/250|[from] item: Black Sludge","|","|switch|p1a: Sawk|Sawk, L81, M|254/254","|turn|16","|","|move|p2a: Tentacruel|Sludge Bomb|p1a: Sawk","|-damage|p1a: Sawk|170/254","|move|p1a: Sawk|Knock Off|p2a: Tentacruel","|-damage|p2a: Tentacruel|39/250","|-enditem|p2a: Tentacruel|Black Sludge|[from] move: Knock Off|[of] p1a: Sawk","|","|turn|17","|","|move|p2a: Tentacruel|Rapid Spin|p1a: Sawk","|-damage|p1a: Sawk|159/254","|move|p1a: Sawk|Knock Off|p2a: Tentacruel","|-damage|p2a: Tentacruel|0 fnt","|faint|p2a: Tentacruel","|","|","|switch|p2a: Delcatty|Delcatty, L83, F|120/252","|turn|18","|","|move|p1a: Sawk|Knock Off|p2a: Delcatty","|-damage|p2a: Delcatty|0 fnt","|-enditem|p2a: Delcatty|Life Orb|[from] move: Knock Off|[of] p1a: Sawk","|faint|p2a: Delcatty","|","|win|Ynfynyt Scroll"],"p1rating":{"entryid":"15269","serverid":"eos","formatid":"randombattle","userid":"ynfynytscroll","username":"Ynfynyt Scroll","w":8,"l":"0","t":"0","gxe":72,"r":"1572.6173197679","rd":"117.03211913794","sigma":"0","rptime":"1440061200","rpr":1683.9644514504,"rprd":93.786446091155,"rpsigma":"0","acre":1175.2844733943,"lacre":1175.2844733943,"oldacre":"1161.1122191251"},"p2rating":{"entryid":224399,"formatid":"randombattle","userid":"infernojit","username":"Inferno Jit","r":1500,"rd":130,"sigma":0,"rpr":1467.1173042277,"rprd":122.92487921376,"rpsigma":0,"rptime":1440061200,"w":0,"l":1,"t":0,"gxe":45.9,"acre":1000,"lacre":1000,"oldacre":1000},"endType":"normal"}