{"seed":[28577,12887,21271,60096],"turns":18,"p1":"Ynfynyt Scroll","p2":"flantos4","p1team":[{"name":"Sawk","moves":["poisonjab","closecombat","earthquake","bulkup"],"ability":"Mold Breaker","evs":{"hp":85,"atk":85,"def":85,"spa":85,"spd":85,"spe":85},"ivs":{"hp":31,"atk":31,"def":31,"spa":31,"spd":31,"spe":31},"item":"Life Orb","level":81,"shiny":false},{"name":"Jolteon","moves":["hiddenpowerice","thunderbolt","substitute","signalbeam"],"ability":"Volt Absorb","evs":{"hp":85,"atk":85,"def":85,"spa":85,"spd":85,"spe":85},"ivs":{"hp":31,"atk":30,"def":30,"spa":31,"spd":31,"spe":31},"item":"Leftovers","level":79,"shiny":false},{"name":"Pidgeot","moves":["hurricane","roost","uturn","heatwave"],"ability":"Tangled Feet","evs":{"hp":85,"atk":85,"def":85,"spa":85,"spd":85,"spe":85},"ivs":{"hp":31,"atk":31,"def":31,"spa":31,"spd":31,"spe":31},"item":"Pidgeotite","level":76,"shiny":false},{"name":"Poliwrath","moves":["icebeam","scald","circlethrow","focusblast"],"ability":"Water Absorb","evs":{"hp":85,"atk":85,"def":85,"spa":85,"spd":85,"spe":85},"ivs":{"hp":31,"atk":31,"def":31,"spa":31,"spd":31,"spe":31},"item":"Expert Belt","level":81,"shiny":false},{"name":"Walrein","moves":["surf","roar","toxic","icebeam"],"ability":"Thick Fat","evs":{"hp":85,"atk":85,"def":85,"spa":85,"spd":85,"spe":85},"ivs":{"hp":31,"atk":31,"def":31,"spa":31,"spd":31,"spe":31},"item":"Leftovers","level":83,"shiny":false},{"name":"Marowak","moves":["stealthrock","stoneedge","bonemerang","substitute"],"ability":"Rock Head","evs":{"hp":85,"atk":85,"def":85,"spa":85,"spd":85,"spe":85},"ivs":{"hp":31,"atk":31,"def":31,"spa":31,"spd":31,"spe":31},"item":"Thick Club","level":83,"shiny":false}],"p2team":[{"name":"Throh","moves":["bulkup","knockoff","icepunch","circlethrow"],"ability":"Mold Breaker","evs":{"hp":85,"atk":85,"def":85,"spa":85,"spd":85,"spe":85},"ivs":{"hp":31,"atk":31,"def":31,"spa":31,"spd":31,"spe":31},"item":"Leftovers","level":82,"shiny":false},{"name":"Dugtrio","moves":["suckerpunch","stealthrock","earthquake","substitute"],"ability":"Arena Trap","evs":{"hp":85,"atk":85,"def":85,"spa":85,"spd":85,"spe":85},"ivs":{"hp":31,"atk":31,"def":31,"spa":31,"spd":31,"spe":31},"item":"Leftovers","level":79,"shiny":false},{"name":"Cradily","moves":["rockslide","gigadrain","stealthrock","seedbomb"],"ability":"Storm Drain","evs":{"hp":85,"atk":85,"def":85,"spa":85,"spd":85,"spe":85},"ivs":{"hp":31,"atk":31,"def":31,"spa":31,"spd":31,"spe":31},"item":"Leftovers","level":81,"shiny":false},{"name":"Aurorus","moves":["freezedry","thunderbolt","thunderwave","hypervoice"],"ability":"Refrigerate","evs":{"hp":81,"atk":85,"def":85,"spa":89,"spd":85,"spe":85},"ivs":{"hp":31,"atk":31,"def":31,"spa":31,"spd":31,"spe":31},"item":"Leftovers","level":81,"shiny":false},{"name":"Garbodor","moves":["toxic","painsplit","toxicspikes","gunkshot"],"ability":"Aftermath","evs":{"hp":85,"atk":85,"def":85,"spa":85,"spd":85,"spe":85},"ivs":{"hp":31,"atk":31,"def":31,"spa":31,"spd":31,"spe":31},"item":"Black Sludge","level":81,"shiny":false},{"name":"Meowstic-F","moves":["thunderbolt","energyball","calmmind","psychic"],"ability":"Competitive","evs":{"hp":85,"atk":85,"def":85,"spa":85,"spd":85,"spe":85},"ivs":{"hp":31,"atk":31,"def":31,"spa":31,"spd":31,"spe":31},"item":"Life Orb","level":83,"shiny":false}],"log":["|player|p1|Ynfynyt Scroll|102","|player|p2|flantos4|260","|gametype|singles","|gen|6","|tier|Random Battle","|rated","|rule|Sleep Clause Mod: Limit one foe put to sleep","|rule|HP Percentage Mod: HP is shown in percentages","|","|start","|switch|p1a: Sawk|Sawk, L81, M|254/254","|switch|p2a: Throh|Throh, L82, M|331/331","|-ability|p1a: Sawk|Mold Breaker","|-ability|p2a: Throh|Mold Breaker","|turn|1","|","|move|p1a: Sawk|Bulk Up|p1a: Sawk","|-boost|p1a: Sawk|atk|1","|-boost|p1a: Sawk|def|1","|move|p2a: Throh|Knock Off|p1a: Sawk","|-resisted|p1a: Sawk","|-damage|p1a: Sawk|230/254","|-enditem|p1a: Sawk|Life Orb|[from] move: Knock Off|[of] p2a: Throh","|","|turn|2","|","|move|p1a: Sawk|Close Combat|p2a: Throh","|-damage|p2a: Throh|88/331","|-unboost|p1a: Sawk|def|1","|-unboost|p1a: Sawk|spd|1","|move|p2a: Throh|Circle Throw|p1a: Sawk","|-damage|p1a: Sawk|160/254","|drag|p1a: Marowak|Marowak, L83, F|235/235","|","|-heal|p2a: Throh|108/331|[from] item: Leftovers","|turn|3","|","|move|p1a: Marowak|Bonemerang|p2a: Throh","|-damage|p2a: Throh|9/331","|-crit|p2a: Throh","|-damage|p2a: Throh|0 fnt","|-hitcount|p2a: Throh|2","|faint|p2a: Throh","|","|","|switch|p2a: Cradily|Cradily, L81, M|272/272","|turn|4","|","|move|p1a: Marowak|Bonemerang|p2a: Cradily","|-damage|p2a: Cradily|191/272","|-damage|p2a: Cradily|97/272","|-hitcount|p2a: Cradily|2","|move|p2a: Cradily|Giga Drain|p1a: Marowak","|-supereffective|p1a: Marowak","|-damage|p1a: Marowak|101/235","|-heal|p2a: Cradily|164/272|[from] drain|[of] p1a: Marowak","|","|-heal|p2a: Cradily|181/272|[from] item: Leftovers","|turn|5","|","|move|p1a: Marowak|Bonemerang|p2a: Cradily","|-crit|p2a: Cradily","|-damage|p2a: Cradily|49/272","|-damage|p2a: Cradily|0 fnt","|-hitcount|p2a: Cradily|2","|faint|p2a: Cradily","|","|","|switch|p2a: Meowstic-F|Meowstic-F, L83, F|259/259","|turn|6","|","|move|p2a: Meowstic-F|Energy Ball|p1a: Marowak","|-supereffective|p1a: Marowak","|-damage|p1a: Marowak|0 fnt","|-damage|p2a: Meowstic-F|234/259|[from] item: Life Orb","|faint|p1a: Marowak","|","|","|switch|p1a: Pidgeot|Pidgeot, L76, M|251/251","|turn|7","|","|detailschange|p1a: Pidgeot|Pidgeot-Mega, L76, M","|-mega|p1a: Pidgeot|Pidgeot|Pidgeotite","|move|p2a: Meowstic-F|Thunderbolt|p1a: Pidgeot","|-supereffective|p1a: Pidgeot","|-damage|p1a: Pidgeot|82/251","|-status|p1a: Pidgeot|par","|-damage|p2a: Meowstic-F|209/259|[from] item: Life Orb","|move|p1a: Pidgeot|Hurricane|p2a: Meowstic-F","|-damage|p2a: Meowstic-F|64/259","|","|turn|8","|","|move|p2a: Meowstic-F|Thunderbolt|p1a: Pidgeot","|-supereffective|p1a: Pidgeot","|-damage|p1a: Pidgeot|0 fnt","|-damage|p2a: Meowstic-F|39/259|[from] item: Life Orb","|faint|p1a: Pidgeot","|","|","|switch|p1a: Jolteon|Jolteon, L79, M|232/232","|turn|9","|","|move|p1a: Jolteon|Signal Beam|p2a: Meowstic-F","|-supereffective|p2a: Meowstic-F","|-damage|p2a: Meowstic-F|0 fnt","|faint|p2a: Meowstic-F","|","|","|switch|p2a: Dugtrio|Dugtrio, L79, M|185/185","|turn|10","|","|move|p1a: Jolteon|Hidden Power|p2a: Dugtrio","|-supereffective|p2a: Dugtrio","|-damage|p2a: Dugtrio|75/185","|move|p2a: Dugtrio|Earthquake|p1a: Jolteon","|-supereffective|p1a: Jolteon","|-damage|p1a: Jolteon|14/232","|","|-heal|p1a: Jolteon|28/232|[from] item: Leftovers","|-heal|p2a: Dugtrio|86/185|[from] item: Leftovers","|turn|11","|","|move|p2a: Dugtrio|Sucker Punch|p1a: Jolteon","|-fail|p2a: Dugtrio","|move|p1a: Jolteon|Substitute|p1a: Jolteon","|-fail|p1a: Jolteon|move: Substitute|[weak]","|","|-heal|p1a: Jolteon|42/232|[from] item: Leftovers","|-heal|p2a: Dugtrio|97/185|[from] item: Leftovers","|turn|12","|","|move|p2a: Dugtrio|Sucker Punch|p1a: Jolteon","|-crit|p1a: Jolteon","|-damage|p1a: Jolteon|0 fnt","|faint|p1a: Jolteon","|","|-heal|p2a: Dugtrio|108/185|[from] item: Leftovers","|","|switch|p1a: Walrein|Walrein, L83, M|318/318","|turn|13","|","|switch|p2a: Garbodor|Garbodor, L81, F|262/262","|move|p1a: Walrein|Surf|p2a: Garbodor","|-damage|p2a: Garbodor|160/262","|","|-heal|p2a: Garbodor|176/262|[from] item: Black Sludge","|turn|14","|","|move|p2a: Garbodor|Toxic|p1a: Walrein","|-status|p1a: Walrein|tox","|move|p1a: Walrein|Ice Beam|p2a: Garbodor","|-damage|p2a: Garbodor|70/262","|","|-heal|p2a: Garbodor|86/262|[from] item: Black Sludge","|-damage|p1a: Walrein|299/318 tox|[from] psn","|turn|15","|","|move|p2a: Garbodor|Gunk Shot|p1a: Walrein","|-damage|p1a: Walrein|176/318 tox","|move|p1a: Walrein|Ice Beam|p2a: Garbodor","|-damage|p2a: Garbodor|0 fnt","|faint|p2a: Garbodor","|","|-heal|p1a: Walrein|195/318 tox|[from] item: Leftovers","|-damage|p1a: Walrein|157/318 tox|[from] psn","|","|switch|p2a: Aurorus|Aurorus, L81, M|331/331","|turn|16","|","|move|p1a: Walrein|Surf|p2a: Aurorus","|-supereffective|p2a: Aurorus","|-damage|p2a: Aurorus|157/331","|move|p2a: Aurorus|Thunderbolt|p1a: Walrein","|-supereffective|p1a: Walrein","|-damage|p1a: Walrein|29/318 tox","|","|-heal|p1a: Walrein|48/318 tox|[from] item: Leftovers","|-heal|p2a: Aurorus|177/331|[from] item: Leftovers","|-damage|p1a: Walrein|0 fnt|[from] psn","|faint|p1a: Walrein","|","|switch|p1a: Sawk|Sawk, L81, M|160/254","|-ability|p1a: Sawk|Mold Breaker","|turn|17","|","|move|p1a: Sawk|Earthquake|p2a: Aurorus","|-crit|p2a: Aurorus","|-supereffective|p2a: Aurorus","|-damage|p2a: Aurorus|0 fnt","|faint|p2a: Aurorus","|","|","|switch|p2a: Dugtrio|Dugtrio, L79, M|108/185","|turn|18","|","|move|p2a: Dugtrio|Earthquake|p1a: Sawk","|-damage|p1a: Sawk|60/254","|move|p1a: Sawk|Earthquake|p2a: Dugtrio","|-damage|p2a: Dugtrio|0 fnt","|faint|p2a: Dugtrio","|","|win|Ynfynyt Scroll"],"p1rating":{"entryid":"15269","serverid":"eos","formatid":"randombattle","userid":"ynfynytscroll","username":"Ynfynyt Scroll","w":6,"l":"0","t":"0","gxe":68.9,"r":"1572.6173197679","rd":"117.03211913794","sigma":"0","rptime":"1440061200","rpr":1656.1101217896,"rprd":99.976671108727,"rpsigma":"0","acre":1146.0427407602,"lacre":1146.0427407602,"oldacre":"1129.9824877955"},"p2rating":{"entryid":223774,"formatid":"randombattle","userid":"flantos4","username":"flantos4","r":1500,"rd":130,"sigma":0,"rpr":1467.1173042277,"rprd":122.92487921376,"rpsigma":0,"rptime":1440061200,"w":0,"l":1,"t":0,"gxe":45.9,"acre":1000,"lacre":1000,"oldacre":1000},"endType":"normal"}