{"seed":[60373,32023,2168,41049],"turns":20,"p1":"Senpai-Tomidake","p2":"Praingel&cena","p1team":[{"name":"Gigalith","moves":["stealthrock","superpower","stoneedge","earthquake"],"ability":"Sturdy","evs":{"hp":85,"atk":85,"def":85,"spa":85,"spd":85,"spe":85},"ivs":{"hp":31,"atk":31,"def":31,"spa":31,"spd":31,"spe":31},"item":"Air Balloon","level":83,"shiny":false},{"name":"Snorlax","moves":["whirlwind","crunch","return","curse"],"ability":"Thick Fat","evs":{"hp":85,"atk":85,"def":85,"spa":85,"spd":85,"spe":85},"ivs":{"hp":31,"atk":31,"def":31,"spa":31,"spd":31,"spe":31},"item":"Leftovers","level":77,"shiny":false},{"name":"Nidoqueen","moves":["sludgewave","icebeam","fireblast","toxicspikes"],"ability":"Sheer Force","evs":{"hp":85,"atk":85,"def":85,"spa":85,"spd":85,"spe":85},"ivs":{"hp":31,"atk":31,"def":31,"spa":31,"spd":31,"spe":31},"item":"Life Orb","level":77,"shiny":false},{"name":"Pinsir","moves":["quickattack","return","swordsdance","closecombat"],"ability":"Mold Breaker","evs":{"hp":81,"atk":89,"def":85,"spa":85,"spd":85,"spe":85},"ivs":{"hp":31,"atk":31,"def":31,"spa":31,"spd":31,"spe":31},"item":"Pinsirite","level":76,"shiny":false},{"name":"Seismitoad","moves":["stealthrock","scald","knockoff","sludgewave"],"ability":"Water Absorb","evs":{"hp":85,"atk":85,"def":85,"spa":85,"spd":85,"spe":85},"ivs":{"hp":31,"atk":31,"def":31,"spa":31,"spd":31,"spe":31},"item":"Life Orb","level":79,"shiny":false},{"name":"Jynx","moves":["trick","icebeam","substitute","focusblast"],"ability":"Dry Skin","evs":{"hp":85,"atk":85,"def":85,"spa":85,"spd":85,"spe":85},"ivs":{"hp":31,"atk":31,"def":31,"spa":31,"spd":31,"spe":31},"item":"Choice Scarf","level":81,"shiny":false}],"p2team":[{"name":"Groudon","moves":["dragontail","stoneedge","toxic","earthquake"],"ability":"Drought","evs":{"hp":85,"atk":85,"def":85,"spa":85,"spd":85,"spe":85},"ivs":{"hp":31,"atk":31,"def":31,"spa":31,"spd":31,"spe":31},"item":"Leftovers","level":73,"shiny":false},{"name":"Goodra","moves":["thunderbolt","dragontail","earthquake","dracometeor"],"ability":"Sap Sipper","evs":{"hp":85,"atk":85,"def":85,"spa":85,"spd":85,"spe":85},"ivs":{"hp":31,"atk":31,"def":31,"spa":31,"spd":31,"spe":31},"item":"Assault Vest","level":77,"shiny":false},{"name":"Noctowl","moves":["whirlwind","roost","toxic","airslash"],"ability":"Tinted Lens","evs":{"hp":85,"atk":85,"def":85,"spa":85,"spd":85,"spe":85},"ivs":{"hp":31,"atk":31,"def":31,"spa":31,"spd":31,"spe":31},"item":"Leftovers","level":83,"shiny":false},{"name":"Skarmory","moves":["roost","defog","spikes","bravebird"],"ability":"Sturdy","evs":{"hp":85,"atk":85,"def":85,"spa":85,"spd":85,"spe":85},"ivs":{"hp":31,"atk":31,"def":31,"spa":31,"spd":31,"spe":31},"item":"Leftovers","level":75,"shiny":false},{"name":"Simisear","moves":["fireblast","nastyplot","substitute","focusblast"],"ability":"Blaze","evs":{"hp":81,"atk":85,"def":85,"spa":89,"spd":85,"spe":85},"ivs":{"hp":31,"atk":31,"def":31,"spa":31,"spd":31,"spe":31},"item":"Leftovers","level":83,"shiny":false},{"name":"Cacturne","moves":["seedbomb","swordsdance","suckerpunch","drainpunch"],"ability":"Water Absorb","evs":{"hp":85,"atk":85,"def":85,"spa":85,"spd":85,"spe":85},"ivs":{"hp":31,"atk":31,"def":31,"spa":31,"spd":31,"spe":31},"item":"Life Orb","level":81,"shiny":false}],"log":["|player|p1|Senpai-Tomidake|169","|player|p2|Praingel&cena|1","|gametype|singles","|gen|6","|tier|Random Battle","|rated","|rule|Sleep Clause Mod: Limit one foe put to sleep","|rule|HP Percentage Mod: HP is shown in percentages","|","|start","|switch|p1a: Gigalith|Gigalith, L83, M|277/277","|switch|p2a: Groudon|Groudon, L73|266/266","|-weather|SunnyDay","|-item|p1a: Gigalith|Air Balloon","|turn|1","|","|move|p2a: Groudon|Earthquake|p1a: Gigalith","|-immune|p1a: Gigalith|[msg]","|move|p1a: Gigalith|Stealth Rock|p2a: Groudon","|-sidestart|p2: Praingel&cena|move: Stealth Rock","|","|-weather|SunnyDay|[upkeep]","|turn|2","|","|move|p1a: Gigalith|Superpower|p2a: Groudon","|-damage|p2a: Groudon|175/266","|-unboost|p1a: Gigalith|atk|1","|-unboost|p1a: Gigalith|def|1","|move|p2a: Groudon|Dragon Tail|p1a: Gigalith","|-damage|p1a: Gigalith|224/277","|-enditem|p1a: Gigalith|Air Balloon","|drag|p1a: Snorlax|Snorlax, L77, F|373/373","|","|-weather|SunnyDay|[upkeep]","|-heal|p2a: Groudon|191/266|[from] item: Leftovers","|turn|3","|","|move|p2a: Groudon|Toxic|p1a: Snorlax","|-status|p1a: Snorlax|tox","|move|p1a: Snorlax|Whirlwind|p2a: Groudon","|drag|p2a: Noctowl|Noctowl, L83, F|302/302","|-damage|p2a: Noctowl|227/302|[from] Stealth Rock","|","|-weather|SunnyDay|[upkeep]","|-heal|p2a: Noctowl|245/302|[from] item: Leftovers","|-damage|p1a: Snorlax|350/373 tox|[from] psn","|turn|4","|","|move|p2a: Noctowl|Whirlwind|p1a: Snorlax","|drag|p1a: Gigalith|Gigalith, L83, M|224/277","|","|-weather|SunnyDay|[upkeep]","|-heal|p2a: Noctowl|263/302|[from] item: Leftovers","|turn|5","|","|move|p1a: Gigalith|Stone Edge|p2a: Noctowl","|-supereffective|p2a: Noctowl","|-damage|p2a: Noctowl|0 fnt","|faint|p2a: Noctowl","|","|-weather|none","|","|switch|p2a: Goodra|Goodra, L77, M|265/265","|-damage|p2a: Goodra|232/265|[from] Stealth Rock","|turn|6","|","|move|p2a: Goodra|Earthquake|p1a: Gigalith","|-supereffective|p1a: Gigalith","|-damage|p1a: Gigalith|130/277","|move|p1a: Gigalith|Stone Edge|p2a: Goodra","|-damage|p2a: Goodra|58/265","|","|turn|7","|","|move|p1a: Gigalith|Earthquake|p2a: Goodra","|-damage|p2a: Goodra|0 fnt","|faint|p2a: Goodra","|","|","|switch|p2a: Cacturne|Cacturne, L81, F|246/246","|-damage|p2a: Cacturne|216/246|[from] Stealth Rock","|turn|8","|","|move|p2a: Cacturne|Swords Dance|p2a: Cacturne","|-boost|p2a: Cacturne|atk|2","|move|p1a: Gigalith|Superpower|p2a: Cacturne","|-supereffective|p2a: Cacturne","|-damage|p2a: Cacturne|0 fnt","|-unboost|p1a: Gigalith|atk|1","|-unboost|p1a: Gigalith|def|1","|faint|p2a: Cacturne","|","|","|switch|p2a: Skarmory|Skarmory, L75, F|221/221","|-damage|p2a: Skarmory|194/221|[from] Stealth Rock","|turn|9","|","|switch|p1a: Snorlax|Snorlax, L77, F|350/373 tox","|move|p2a: Skarmory|Spikes|p1a: Snorlax","|-sidestart|p1: Senpai-Tomidake|Spikes","|","|-heal|p2a: Skarmory|207/221|[from] item: Leftovers","|-heal|p1a: Snorlax|373/373 tox|[from] item: Leftovers","|-damage|p1a: Snorlax|350/373 tox|[from] psn","|turn|10","|","|move|p2a: Skarmory|Spikes|p1a: Snorlax","|-sidestart|p1: Senpai-Tomidake|Spikes","|move|p1a: Snorlax|Whirlwind|p2a: Skarmory","|drag|p2a: Groudon|Groudon, L73|191/266","|-damage|p2a: Groudon|175/266|[from] Stealth Rock","|-weather|SunnyDay","|","|-weather|SunnyDay|[upkeep]","|-heal|p2a: Groudon|191/266|[from] item: Leftovers","|-heal|p1a: Snorlax|373/373 tox|[from] item: Leftovers","|-damage|p1a: Snorlax|327/373 tox|[from] psn","|turn|11","|","|move|p2a: Groudon|Dragon Tail|p1a: Snorlax","|-damage|p1a: Snorlax|266/373 tox","|drag|p1a: Jynx|Jynx, L81, F|238/238","|-damage|p1a: Jynx|199/238|[from] Spikes","|","|-weather|SunnyDay|[upkeep]","|-damage|p1a: Jynx|170/238|[from] ability: Dry Skin","|-heal|p2a: Groudon|207/266|[from] item: Leftovers","|turn|12","|","|move|p1a: Jynx|Ice Beam|p2a: Groudon","|-supereffective|p2a: Groudon","|-damage|p2a: Groudon|0 fnt","|faint|p2a: Groudon","|","|-weather|SunnyDay|[upkeep]","|-damage|p1a: Jynx|141/238|[from] ability: Dry Skin","|","|switch|p2a: Simisear|Simisear, L83, F|259/259","|-damage|p2a: Simisear|195/259|[from] Stealth Rock","|turn|13","|","|move|p1a: Jynx|Ice Beam|p2a: Simisear","|-resisted|p2a: Simisear","|-damage|p2a: Simisear|135/259","|move|p2a: Simisear|Substitute|p2a: Simisear","|-start|p2a: Simisear|Substitute","|-damage|p2a: Simisear|71/259","|","|-weather|SunnyDay|[upkeep]","|-damage|p1a: Jynx|112/238|[from] ability: Dry Skin","|-heal|p2a: Simisear|87/259|[from] item: Leftovers","|turn|14","|","|move|p1a: Jynx|Ice Beam|p2a: Simisear","|-resisted|p2a: Simisear","|-activate|p2a: Simisear|Substitute|[damage]","|move|p2a: Simisear|Nasty Plot|p2a: Simisear","|-boost|p2a: Simisear|spa|2","|","|-weather|none","|-heal|p2a: Simisear|103/259|[from] item: Leftovers","|turn|15","|","|move|p1a: Jynx|Ice Beam|p2a: Simisear","|-resisted|p2a: Simisear","|-end|p2a: Simisear|Substitute","|move|p2a: Simisear|Fire Blast|p1a: Jynx","|-supereffective|p1a: Jynx","|-damage|p1a: Jynx|0 fnt","|faint|p1a: Jynx","|","|-heal|p2a: Simisear|119/259|[from] item: Leftovers","|","|switch|p1a: Snorlax|Snorlax, L77, F|266/373 tox","|-damage|p1a: Snorlax|204/373 tox|[from] Spikes","|turn|16","|","|move|p2a: Simisear|Focus Blast|p1a: Snorlax|[miss]","|-miss|p2a: Simisear|p1a: Snorlax","|move|p1a: Snorlax|Whirlwind|p2a: Simisear","|drag|p2a: Skarmory|Skarmory, L75, F|207/221","|-damage|p2a: Skarmory|180/221|[from] Stealth Rock","|","|-heal|p2a: Skarmory|193/221|[from] item: Leftovers","|-heal|p1a: Snorlax|227/373 tox|[from] item: Leftovers","|-damage|p1a: Snorlax|204/373 tox|[from] psn","|turn|17","|","|move|p2a: Skarmory|Spikes|p1a: Snorlax","|-sidestart|p1: Senpai-Tomidake|Spikes","|move|p1a: Snorlax|Whirlwind|p2a: Skarmory","|drag|p2a: Simisear|Simisear, L83, F|119/259","|-damage|p2a: Simisear|55/259|[from] Stealth Rock","|","|-heal|p2a: Simisear|71/259|[from] item: Leftovers","|-heal|p1a: Snorlax|227/373 tox|[from] item: Leftovers","|-damage|p1a: Snorlax|181/373 tox|[from] psn","|turn|18","|","|move|p2a: Simisear|Focus Blast|p1a: Snorlax|[miss]","|-miss|p2a: Simisear|p1a: Snorlax","|move|p1a: Snorlax|Return|p2a: Simisear","|-damage|p2a: Simisear|0 fnt","|faint|p2a: Simisear","|","|-heal|p1a: Snorlax|204/373 tox|[from] item: Leftovers","|-damage|p1a: Snorlax|135/373 tox|[from] psn","|","|switch|p2a: Skarmory|Skarmory, L75, F|193/221","|-damage|p2a: Skarmory|166/221|[from] Stealth Rock","|turn|19","|","|switch|p1a: Nidoqueen|Nidoqueen, L77, F|265/265","|-damage|p1a: Nidoqueen|199/265|[from] Spikes","|move|p2a: Skarmory|Roost|p2a: Skarmory","|-heal|p2a: Skarmory|221/221","|","|turn|20","|","|move|p1a: Nidoqueen|Fire Blast|p2a: Skarmory","|-supereffective|p2a: Skarmory","|-ability|p2a: Skarmory|Sturdy","|-damage|p2a: Skarmory|1/221","|move|p2a: Skarmory|Brave Bird|p1a: Nidoqueen","|-damage|p1a: Nidoqueen|108/265","|-damage|p2a: Skarmory|0 fnt|[from] recoil|[of] p1a: Nidoqueen","|faint|p2a: Skarmory","|","|win|Senpai-Tomidake"],"p1rating":{"entryid":241336,"formatid":"randombattle","userid":"senpaitomidake","username":"Senpai-Tomidake","r":1500,"rd":130,"sigma":0,"rpr":1540.1606143388,"rprd":122.8583080769,"rpsigma":0,"rptime":1440147600,"w":1,"l":0,"t":0,"gxe":55,"acre":1047.9631116222,"lacre":1047.9631116222,"oldacre":1000},"p2rating":{"entryid":"228058","serverid":"eos","formatid":"randombattle","userid":"praingelcena","username":"Praingel&Cena","w":"2","l":1,"t":"0","gxe":54.2,"r":1572.5671258289,"rd":116.77753930647,"sigma":"0","rptime":1440147600,"rpr":1533.0408323667,"rprd":111.69758873485,"rpsigma":"0","acre":1045.5032228167,"lacre":1045.5032228167,"oldacre":"1070.1028089042"},"endType":"normal"}