{"seed":[6229,63468,27444,20436],"turns":33,"p1":"Sovereign Anthony","p2":"Praingel&Cena","p1team":[{"name":"Girafarig","moves":["nastyplot","hypervoice","batonpass","psyshock"],"ability":"Sap Sipper","evs":{"hp":85,"atk":85,"def":85,"spa":85,"spd":85,"spe":85},"ivs":{"hp":31,"atk":31,"def":31,"spa":31,"spd":31,"spe":31},"item":"Focus Sash","level":83,"shiny":false},{"name":"Delphox","moves":["calmmind","shadowball","grassknot","fireblast"],"ability":"Blaze","evs":{"hp":81,"atk":85,"def":85,"spa":89,"spd":85,"spe":85},"ivs":{"hp":31,"atk":31,"def":31,"spa":31,"spd":31,"spe":31},"item":"Life Orb","level":79,"shiny":false},{"name":"Smeargle","moves":["stickyweb","spore","spikes","whirlwind"],"ability":"Technician","evs":{"hp":85,"atk":85,"def":85,"spa":85,"spd":85,"spe":85},"ivs":{"hp":31,"atk":31,"def":31,"spa":31,"spd":31,"spe":31},"item":"Leftovers","level":77,"shiny":false},{"name":"Aggron","moves":["roar","earthquake","heavyslam","toxic"],"ability":"Sturdy","evs":{"hp":85,"atk":85,"def":85,"spa":85,"spd":85,"spe":85},"ivs":{"hp":31,"atk":31,"def":31,"spa":31,"spd":31,"spe":31},"item":"Aggronite","level":77,"shiny":false},{"name":"Zekrom","moves":["roost","outrage","dracometeor","voltswitch"],"ability":"Teravolt","evs":{"hp":85,"atk":85,"def":85,"spa":85,"spd":85,"spe":85},"ivs":{"hp":31,"atk":31,"def":31,"spa":31,"spd":31,"spe":31},"item":"Leftovers","level":73,"shiny":false},{"name":"Crobat","moves":["toxic","defog","taunt","bravebird"],"ability":"Infiltrator","evs":{"hp":85,"atk":85,"def":85,"spa":85,"spd":85,"spe":85},"ivs":{"hp":31,"atk":31,"def":31,"spa":31,"spd":31,"spe":31},"item":"Black Sludge","level":77,"shiny":false}],"p2team":[{"name":"Hawlucha","moves":["substitute","thunderpunch","swordsdance","acrobatics"],"ability":"Unburden","evs":{"hp":85,"atk":85,"def":85,"spa":85,"spd":85,"spe":85},"ivs":{"hp":31,"atk":31,"def":31,"spa":31,"spd":31,"spe":31},"item":"Flying Gem","level":76,"shiny":false},{"name":"Darkrai","moves":["focusblast","darkpulse","substitute","nastyplot"],"ability":"Bad Dreams","evs":{"hp":85,"atk":85,"def":85,"spa":85,"spd":85,"spe":85},"ivs":{"hp":31,"atk":31,"def":31,"spa":31,"spd":31,"spe":31},"item":"Leftovers","level":73,"shiny":false},{"name":"Regirock","moves":["stoneedge","rest","curse","drainpunch"],"ability":"Sturdy","evs":{"hp":85,"atk":85,"def":85,"spa":85,"spd":85,"spe":85},"ivs":{"hp":31,"atk":31,"def":31,"spa":31,"spd":31,"spe":31},"item":"Chesto Berry","level":81,"shiny":false},{"name":"Blastoise","moves":["icebeam","toxic","rapidspin","scald"],"ability":"Torrent","evs":{"hp":85,"atk":85,"def":85,"spa":85,"spd":85,"spe":85},"ivs":{"hp":31,"atk":31,"def":31,"spa":31,"spd":31,"spe":31},"item":"Blastoisinite","level":77,"shiny":false},{"name":"Tangrowth","moves":["earthquake","leechseed","gigadrain","synthesis"],"ability":"Regenerator","evs":{"hp":85,"atk":85,"def":85,"spa":85,"spd":85,"spe":85},"ivs":{"hp":31,"atk":31,"def":31,"spa":31,"spd":31,"spe":31},"item":"Leftovers","level":79,"shiny":false},{"name":"Bouffalant","moves":["swordsdance","earthquake","stoneedge","headcharge"],"ability":"Sap Sipper","evs":{"hp":85,"atk":85,"def":85,"spa":85,"spd":85,"spe":85},"ivs":{"hp":31,"atk":31,"def":31,"spa":31,"spd":31,"spe":31},"item":"Leftovers","level":81,"shiny":false}],"log":["|player|p1|Sovereign Anthony|264","|player|p2|Praingel&Cena|102","|gametype|singles","|gen|6","|tier|Random Battle","|rated","|rule|Sleep Clause Mod: Limit one foe put to sleep","|rule|HP Percentage Mod: HP is shown in percentages","|","|start","|switch|p1a: Girafarig|Girafarig, L83, M|252/252","|switch|p2a: Hawlucha|Hawlucha, L76, F|244/244","|turn|1","|","|move|p2a: Hawlucha|Substitute|p2a: Hawlucha","|-start|p2a: Hawlucha|Substitute","|-damage|p2a: Hawlucha|183/244","|move|p1a: Girafarig|Psyshock|p2a: Hawlucha","|-supereffective|p2a: Hawlucha","|-end|p2a: Hawlucha|Substitute","|","|turn|2","|","|switch|p2a: Darkrai|Darkrai, L73|223/223","|move|p1a: Girafarig|Nasty Plot|p1a: Girafarig","|-boost|p1a: Girafarig|spa|2","|","|turn|3","|","|move|p2a: Darkrai|Dark Pulse|p1a: Girafarig","|-supereffective|p1a: Girafarig","|-damage|p1a: Girafarig|42/252","|move|p1a: Girafarig|Baton Pass|p1a: Girafarig","|","|switch|p1a: Delphox|Delphox, L79, M|247/247","|","|turn|4","|","|move|p2a: Darkrai|Dark Pulse|p1a: Delphox","|-crit|p1a: Delphox","|-supereffective|p1a: Delphox","|-damage|p1a: Delphox|19/247","|move|p1a: Delphox|Calm Mind|p1a: Delphox","|-boost|p1a: Delphox|spa|1","|-boost|p1a: Delphox|spd|1","|","|turn|5","|","|move|p2a: Darkrai|Dark Pulse|p1a: Delphox","|-supereffective|p1a: Delphox","|-damage|p1a: Delphox|0 fnt","|faint|p1a: Delphox","|","|","|switch|p1a: Aggron|Aggron, L77, M|234/234","|turn|6","|","|move|p2a: Darkrai|Focus Blast|p1a: Aggron|[miss]","|-miss|p2a: Darkrai|p1a: Aggron","|move|p1a: Aggron|Roar|p2a: Darkrai","|drag|p2a: Tangrowth|Tangrowth, L79, M|288/288","|","|turn|7","|","|move|p2a: Tangrowth|Earthquake|p1a: Aggron","|-supereffective|p1a: Aggron","|-damage|p1a: Aggron|66/234","|move|p1a: Aggron|Roar|p2a: Tangrowth","|drag|p2a: Blastoise|Blastoise, L77, F|248/248","|","|turn|8","|","|detailschange|p2a: Blastoise|Blastoise-Mega, L77, F","|-mega|p2a: Blastoise|Blastoise|Blastoisinite","|move|p2a: Blastoise|Scald|p1a: Aggron","|-supereffective|p1a: Aggron","|-damage|p1a: Aggron|0 fnt","|faint|p1a: Aggron","|","|","|switch|p1a: Zekrom|Zekrom, L73|266/266","|-ability|p1a: Zekrom|Teravolt","|turn|9","|","|move|p1a: Zekrom|Volt Switch|p2a: Blastoise","|-supereffective|p2a: Blastoise","|-damage|p2a: Blastoise|122/248","|","|switch|p1a: Smeargle|Smeargle, L77, F|211/211","|move|p2a: Blastoise|Ice Beam|p1a: Smeargle","|-damage|p1a: Smeargle|102/211","|","|-heal|p1a: Smeargle|115/211|[from] item: Leftovers","|turn|10","|","|move|p2a: Blastoise|Scald|p1a: Smeargle","|-damage|p1a: Smeargle|0 fnt","|faint|p1a: Smeargle","|","|","|switch|p1a: Zekrom|Zekrom, L73|266/266","|-ability|p1a: Zekrom|Teravolt","|turn|11","|","|move|p1a: Zekrom|Volt Switch|p2a: Blastoise","|-supereffective|p2a: Blastoise","|-damage|p2a: Blastoise|2/248","|","|switch|p1a: Crobat|Crobat, L77, M|257/257","|move|p2a: Blastoise|Ice Beam|p1a: Crobat","|-supereffective|p1a: Crobat","|-damage|p1a: Crobat|83/257","|","|-heal|p1a: Crobat|99/257|[from] item: Black Sludge","|turn|12","|","|move|p1a: Crobat|Brave Bird|p2a: Blastoise","|-crit|p2a: Blastoise","|-damage|p2a: Blastoise|0 fnt","|-damage|p1a: Crobat|98/257|[from] recoil|[of] p2a: Blastoise","|faint|p2a: Blastoise","|","|-heal|p1a: Crobat|114/257|[from] item: Black Sludge","|","|switch|p2a: Regirock|Regirock, L81|262/262","|turn|13","|","|move|p1a: Crobat|Defog|p2a: Regirock","|-unboost|p2a: Regirock|evasion|1","|move|p2a: Regirock|Curse|p2a: Regirock","|-unboost|p2a: Regirock|spe|1","|-boost|p2a: Regirock|atk|1","|-boost|p2a: Regirock|def|1","|","|-heal|p1a: Crobat|130/257|[from] item: Black Sludge","|turn|14","|","|move|p1a: Crobat|Toxic|p2a: Regirock","|-status|p2a: Regirock|tox","|move|p2a: Regirock|Stone Edge|p1a: Crobat|[miss]","|-miss|p2a: Regirock|p1a: Crobat","|","|-heal|p1a: Crobat|146/257|[from] item: Black Sludge","|-damage|p2a: Regirock|246/262 tox|[from] psn","|turn|15","|","|move|p1a: Crobat|Taunt|p2a: Regirock","|-start|p2a: Regirock|move: Taunt","|move|p2a: Regirock|Stone Edge|p1a: Crobat","|-crit|p1a: Crobat","|-supereffective|p1a: Crobat","|-damage|p1a: Crobat|0 fnt","|faint|p1a: Crobat","|","|-damage|p2a: Regirock|214/262 tox|[from] psn","|","|switch|p1a: Girafarig|Girafarig, L83, M|42/252","|turn|16","|","|move|p1a: Girafarig|Psyshock|p2a: Regirock","|-damage|p2a: Regirock|184/262 tox","|move|p2a: Regirock|Stone Edge|p1a: Girafarig","|-damage|p1a: Girafarig|0 fnt","|faint|p1a: Girafarig","|","|-damage|p2a: Regirock|136/262 tox|[from] psn","|","|switch|p1a: Zekrom|Zekrom, L73|266/266","|-ability|p1a: Zekrom|Teravolt","|turn|17","|","|move|p1a: Zekrom|Outrage|p2a: Regirock","|-damage|p2a: Regirock|87/262 tox","|move|p2a: Regirock|Stone Edge|p1a: Zekrom|[miss]","|-miss|p2a: Regirock|p1a: Zekrom","|","|-damage|p2a: Regirock|23/262 tox|[from] psn","|-end|p2a: Regirock|move: Taunt","|turn|18","|","|move|p1a: Zekrom|Outrage|p2a: Regirock|[from]lockedmove","|-crit|p2a: Regirock","|-damage|p2a: Regirock|0 fnt","|faint|p2a: Regirock","|","|","|switch|p2a: Tangrowth|Tangrowth, L79, M|288/288","|turn|19","|","|move|p1a: Zekrom|Outrage|p2a: Tangrowth|[from]lockedmove","|-damage|p2a: Tangrowth|177/288","|-start|p1a: Zekrom|confusion|[fatigue]","|move|p2a: Tangrowth|Leech Seed|p1a: Zekrom","|-start|p1a: Zekrom|move: Leech Seed","|","|-heal|p2a: Tangrowth|195/288|[from] item: Leftovers","|-damage|p1a: Zekrom|233/266|[from] Leech Seed|[of] p2a: Tangrowth","|-heal|p2a: Tangrowth|228/288|[silent]","|turn|20","|","|-activate|p1a: Zekrom|confusion","|-damage|p1a: Zekrom|205/266|[from] confusion","|move|p2a: Tangrowth|Earthquake|p1a: Zekrom","|-supereffective|p1a: Zekrom","|-damage|p1a: Zekrom|87/266","|","|-heal|p1a: Zekrom|103/266|[from] item: Leftovers","|-heal|p2a: Tangrowth|246/288|[from] item: Leftovers","|-damage|p1a: Zekrom|70/266|[from] Leech Seed|[of] p2a: Tangrowth","|-heal|p2a: Tangrowth|279/288|[silent]","|turn|21","|","|-end|p1a: Zekrom|confusion","|move|p1a: Zekrom|Roost|p1a: Zekrom","|-heal|p1a: Zekrom|203/266","|move|p2a: Tangrowth|Giga Drain|p1a: Zekrom","|-resisted|p1a: Zekrom","|-damage|p1a: Zekrom|161/266","|-heal|p2a: Tangrowth|288/288|[from] drain|[of] p1a: Zekrom","|","|-heal|p1a: Zekrom|177/266|[from] item: Leftovers","|-damage|p1a: Zekrom|144/266|[from] Leech Seed|[of] p2a: Tangrowth","|turn|22","|","|move|p1a: Zekrom|Roost|p1a: Zekrom","|-heal|p1a: Zekrom|266/266","|move|p2a: Tangrowth|Earthquake|p1a: Zekrom","|-supereffective|p1a: Zekrom","|-damage|p1a: Zekrom|142/266","|","|-heal|p1a: Zekrom|158/266|[from] item: Leftovers","|-damage|p1a: Zekrom|125/266|[from] Leech Seed|[of] p2a: Tangrowth","|turn|23","|","|move|p1a: Zekrom|Roost|p1a: Zekrom","|-heal|p1a: Zekrom|258/266","|move|p2a: Tangrowth|Earthquake|p1a: Zekrom","|-supereffective|p1a: Zekrom","|-damage|p1a: Zekrom|142/266","|","|-heal|p1a: Zekrom|158/266|[from] item: Leftovers","|-damage|p1a: Zekrom|125/266|[from] Leech Seed|[of] p2a: Tangrowth","|turn|24","|","|move|p1a: Zekrom|Roost|p1a: Zekrom","|-heal|p1a: Zekrom|258/266","|move|p2a: Tangrowth|Earthquake|p1a: Zekrom","|-supereffective|p1a: Zekrom","|-damage|p1a: Zekrom|150/266","|","|-heal|p1a: Zekrom|166/266|[from] item: Leftovers","|-damage|p1a: Zekrom|133/266|[from] Leech Seed|[of] p2a: Tangrowth","|turn|25","|","|move|p1a: Zekrom|Roost|p1a: Zekrom","|-heal|p1a: Zekrom|266/266","|move|p2a: Tangrowth|Earthquake|p1a: Zekrom","|-supereffective|p1a: Zekrom","|-damage|p1a: Zekrom|150/266","|","|-heal|p1a: Zekrom|166/266|[from] item: Leftovers","|-damage|p1a: Zekrom|133/266|[from] Leech Seed|[of] p2a: Tangrowth","|turn|26","|","|move|p1a: Zekrom|Roost|p1a: Zekrom","|-heal|p1a: Zekrom|266/266","|move|p2a: Tangrowth|Earthquake|p1a: Zekrom","|-supereffective|p1a: Zekrom","|-damage|p1a: Zekrom|140/266","|","|-heal|p1a: Zekrom|156/266|[from] item: Leftovers","|-damage|p1a: Zekrom|123/266|[from] Leech Seed|[of] p2a: Tangrowth","|turn|27","|","|move|p1a: Zekrom|Roost|p1a: Zekrom","|-heal|p1a: Zekrom|256/266","|move|p2a: Tangrowth|Earthquake|p1a: Zekrom","|-supereffective|p1a: Zekrom","|-damage|p1a: Zekrom|132/266","|","|-heal|p1a: Zekrom|148/266|[from] item: Leftovers","|-damage|p1a: Zekrom|115/266|[from] Leech Seed|[of] p2a: Tangrowth","|turn|28","|","|move|p1a: Zekrom|Roost|p1a: Zekrom","|-heal|p1a: Zekrom|248/266","|move|p2a: Tangrowth|Earthquake|p1a: Zekrom","|-supereffective|p1a: Zekrom","|-damage|p1a: Zekrom|124/266","|","|-heal|p1a: Zekrom|140/266|[from] item: Leftovers","|-damage|p1a: Zekrom|107/266|[from] Leech Seed|[of] p2a: Tangrowth","|turn|29","|","|move|p1a: Zekrom|Roost|p1a: Zekrom","|-heal|p1a: Zekrom|240/266","|move|p2a: Tangrowth|Earthquake|p1a: Zekrom","|-supereffective|p1a: Zekrom","|-damage|p1a: Zekrom|120/266","|","|-heal|p1a: Zekrom|136/266|[from] item: Leftovers","|-damage|p1a: Zekrom|103/266|[from] Leech Seed|[of] p2a: Tangrowth","|turn|30","|","|move|p1a: Zekrom|Roost|p1a: Zekrom","|-heal|p1a: Zekrom|236/266","|move|p2a: Tangrowth|Earthquake|p1a: Zekrom","|-supereffective|p1a: Zekrom","|-damage|p1a: Zekrom|128/266","|","|-heal|p1a: Zekrom|144/266|[from] item: Leftovers","|-damage|p1a: Zekrom|111/266|[from] Leech Seed|[of] p2a: Tangrowth","|turn|31","|","|move|p1a: Zekrom|Roost|p1a: Zekrom","|-heal|p1a: Zekrom|244/266","|move|p2a: Tangrowth|Earthquake|p1a: Zekrom","|-supereffective|p1a: Zekrom","|-damage|p1a: Zekrom|118/266","|","|-heal|p1a: Zekrom|134/266|[from] item: Leftovers","|-damage|p1a: Zekrom|101/266|[from] Leech Seed|[of] p2a: Tangrowth","|turn|32","|","|move|p1a: Zekrom|Roost|p1a: Zekrom","|-heal|p1a: Zekrom|234/266","|move|p2a: Tangrowth|Earthquake|p1a: Zekrom","|-supereffective|p1a: Zekrom","|-damage|p1a: Zekrom|108/266","|","|-heal|p1a: Zekrom|124/266|[from] item: Leftovers","|-damage|p1a: Zekrom|91/266|[from] Leech Seed|[of] p2a: Tangrowth","|turn|33","|","|move|p1a: Zekrom|Draco Meteor|p2a: Tangrowth","|-damage|p2a: Tangrowth|90/288","|-unboost|p1a: Zekrom|spa|2","|move|p2a: Tangrowth|Earthquake|p1a: Zekrom","|-crit|p1a: Zekrom","|-supereffective|p1a: Zekrom","|-damage|p1a: Zekrom|0 fnt","|faint|p1a: Zekrom","|","|win|Praingel&Cena"],"p1rating":{"entryid":228263,"formatid":"randombattle","userid":"sovereignanthony","username":"Sovereign Anthony","r":1500,"rd":130,"sigma":0,"rpr":1459.8393856612,"rprd":122.8583080769,"rpsigma":0,"rptime":1440061200,"w":0,"l":1,"t":0,"gxe":45,"acre":1000,"lacre":1000,"oldacre":1000},"p2rating":{"entryid":"228058","serverid":"eos","formatid":"randombattle","userid":"praingelcena","username":"Praingel&Cena","w":2,"l":"0","t":"0","gxe":59,"r":"1500","rd":"130","sigma":"0","rptime":"1440061200","rpr":1572.5671258289,"rprd":116.77753930647,"rpsigma":"0","acre":1070.1028089042,"lacre":1070.1028089042,"oldacre":"1040"},"endType":"normal"}