{"seed":[1976,64603,56737,59229],"turns":26,"p1":"Inferno Sableye","p2":"SWL Neßki","p1team":[{"name":"Not op","species":"sableye","item":"sablenite","ability":"Prankster","moves":["shadowball","recover","calmmind","willowisp"],"nature":"Bold","evs":{"hp":248,"atk":0,"def":252,"spa":0,"spd":8,"spe":0},"ivs":{"hp":31,"atk":0,"def":31,"spa":31,"spd":31,"spe":31}},{"name":"Rawwrrrr","species":"tyranitar","item":"chopleberry","ability":"Sand Stream","moves":["stealthrock","thunderwave","rockslide","earthquake"],"nature":"Impish","evs":{"hp":252,"atk":0,"def":80,"spa":0,"spd":176,"spe":0},"ivs":{"hp":31,"atk":31,"def":31,"spa":31,"spd":31,"spe":31}},{"name":"Bish Plz","species":"bisharp","item":"lumberry","ability":"Defiant","moves":["knockoff","suckerpunch","ironhead","swordsdance"],"nature":"Adamant","evs":{"hp":0,"atk":252,"def":4,"spa":0,"spd":0,"spe":252},"gender":"M","shiny":true,"ivs":{"hp":31,"atk":31,"def":31,"spa":31,"spd":31,"spe":31}},{"name":"Oit of this world","species":"hoopaunbound","item":"choicescarf","ability":"Magician","moves":["gunkshot","hyperspacehole","hyperspacefury","drainpunch"],"nature":"Hasty","evs":{"hp":0,"atk":252,"def":0,"spa":4,"spd":0,"spe":252},"ivs":{"hp":31,"atk":31,"def":31,"spa":31,"spd":31,"spe":31}},{"name":"No pressure","species":"weavile","item":"lifeorb","ability":"Pressure","moves":["iciclecrash","iceshard","knockoff","lowkick"],"nature":"Jolly","evs":{"hp":0,"atk":252,"def":0,"spa":0,"spd":4,"spe":252},"ivs":{"hp":31,"atk":31,"def":31,"spa":31,"spd":31,"spe":31}},{"name":"Buzz off bitch","species":"mandibuzz","item":"rockyhelmet","ability":"Overcoat","moves":["roost","defog","whirlwind","foulplay"],"nature":"Bold","evs":{"hp":176,"atk":0,"def":252,"spa":0,"spd":80,"spe":0},"ivs":{"hp":31,"atk":31,"def":31,"spa":31,"spd":31,"spe":31}}],"p2team":[{"name":"Garchomp","species":"Garchomp","item":"rockyhelmet","ability":"Rough Skin","moves":["stealthrock","earthquake","dragontail","rocktomb"],"nature":"Impish","evs":{"hp":8,"atk":0,"def":0,"spa":0,"spd":0,"spe":92},"ivs":{"hp":31,"atk":31,"def":31,"spa":31,"spd":31,"spe":31}},{"name":"Latios","species":"Latios","item":"choicescarf","ability":"Levitate","moves":["psyshock","icebeam","dracometeor","shadowball"],"nature":"Timid","evs":{"hp":0,"atk":0,"def":0,"spa":252,"spd":4,"spe":252},"ivs":{"hp":31,"atk":0,"def":31,"spa":31,"spd":31,"spe":31}},{"name":"PK-Kaiser","species":"latias","item":"latiasite","ability":"Levitate","moves":["thunderwave","energyball","defog","healingwish"],"nature":"Calm","evs":{"hp":244,"atk":0,"def":0,"spa":0,"spd":252,"spe":12},"ivs":{"hp":31,"atk":0,"def":31,"spa":31,"spd":31,"spe":31},"happiness":0},{"name":"Hydreigon","species":"Hydreigon","item":"focussash","ability":"Levitate","moves":["flamethrower","darkpulse","earthpower","tailwind"],"nature":"Modest","evs":{"hp":4,"atk":0,"def":0,"spa":252,"spd":0,"spe":252},"ivs":{"hp":31,"atk":0,"def":31,"spa":31,"spd":31,"spe":31}},{"name":"Kyurem-Black","species":"Kyurem-Black","item":"assaultvest","ability":"Teravolt","moves":["fusionbolt","ironhead","icebeam","earthpower"],"nature":"Lonely","evs":{"hp":0,"atk":252,"def":0,"spa":108,"spd":0,"spe":148},"ivs":{"hp":31,"atk":31,"def":31,"spa":31,"spd":31,"spe":31}},{"name":"Dragonite","species":"Dragonite","item":"choiceband","ability":"Multiscale","moves":["superpower","outrage","extremespeed","earthquake"],"nature":"Adamant","evs":{"hp":220,"atk":252,"def":0,"spa":0,"spd":0,"spe":36},"ivs":{"hp":31,"atk":31,"def":31,"spa":31,"spd":31,"spe":31}}],"log":["|player|p1|Inferno Sableye|infernosableye.gif","|player|p2|SWL Neßki|swlneki.png","|gametype|singles","|gen|6","|tier|Monotype","|rated","|rule|Baton Pass Clause: Limit one Baton Passer, can't pass Spe and other stats simultaneously","|rule|Swagger Clause: Swagger is banned","|rule|Same Type Clause: Pokémon in a team must share a type","|clearpoke","|poke|p1|Sableye, F","|poke|p1|Tyranitar, M","|poke|p1|Bisharp, M, shiny","|poke|p1|Hoopa-Unbound","|poke|p1|Weavile, M","|poke|p1|Mandibuzz, F","|poke|p2|Garchomp, F","|poke|p2|Latios, M","|poke|p2|Latias, F","|poke|p2|Hydreigon, M","|poke|p2|Kyurem-Black","|poke|p2|Dragonite, F","|rule|Sleep Clause Mod: Limit one foe put to sleep","|rule|Species Clause: Limit one of each Pokémon","|rule|OHKO Clause: OHKO moves are banned","|rule|Moody Clause: Moody is banned","|rule|Evasion Moves Clause: Evasion moves are banned","|rule|Endless Battle Clause: Forcing endless battles is banned","|rule|HP Percentage Mod: HP is shown in percentages","|teampreview","|","|start","|switch|p1a: Not op|Sableye, F|303/303","|switch|p2a: Hydreigon|Hydreigon, M|326/326","|turn|1","|","|switch|p1a: Oit of this world|Hoopa-Unbound|301/301","|move|p2a: Hydreigon|Dark Pulse|p1a: Oit of this world","|-damage|p1a: Oit of this world|169/301","|","|turn|2","|","|move|p1a: Oit of this world|Drain Punch|p2a: Hydreigon","|-supereffective|p2a: Hydreigon","|-damage|p2a: Hydreigon|108/326","|-heal|p1a: Oit of this world|278/301|[from] drain|[of] p2a: Hydreigon","|move|p2a: Hydreigon|Dark Pulse|p1a: Oit of this world","|-damage|p1a: Oit of this world|158/301","|","|turn|3","|","|switch|p2a: Garchomp|Garchomp, F|359/359","|move|p1a: Oit of this world|Drain Punch|p2a: Garchomp","|-damage|p2a: Garchomp|264/359","|-heal|p1a: Oit of this world|206/301|[from] drain|[of] p2a: Garchomp","|-damage|p1a: Oit of this world|169/301|[from] ability: Rough Skin|[of] p2a: Garchomp","|-damage|p1a: Oit of this world|119/301|[from] item: Rocky Helmet|[of] p2a: Garchomp","|","|turn|4","|","|switch|p1a: Not op|Sableye, F|303/303","|move|p2a: Garchomp|Stealth Rock|p1a: Not op","|-sidestart|p1: Inferno Sableye|move: Stealth Rock","|","|turn|5","|","|switch|p2a: Hydreigon|Hydreigon, M|108/326","|detailschange|p1a: Not op|Sableye-Mega, F","|-mega|p1a: Not op|Sableye|Sablenite","|move|p1a: Not op|Will-O-Wisp|p2a: Hydreigon","|-status|p2a: Hydreigon|brn","|","|-damage|p2a: Hydreigon|68/326 brn|[from] brn","|turn|6","|","|switch|p2a: Dragonite|Dragonite, F|378/378","|move|p1a: Not op|Recover|p1a: Not op","|-fail|p1a: Not op","|","|turn|7","|","|move|p2a: Dragonite|Outrage|p1a: Not op","|-damage|p1a: Not op|95/303","|move|p1a: Not op|Will-O-Wisp|p2a: Dragonite","|-status|p2a: Dragonite|brn","|","|-damage|p2a: Dragonite|331/378 brn|[from] brn","|turn|8","|","|move|p2a: Dragonite|Outrage|p1a: Not op|[from]lockedmove","|-damage|p1a: Not op|0 fnt","|-start|p2a: Dragonite|confusion|[fatigue]","|faint|p1a: Not op","|","|-damage|p2a: Dragonite|284/378 brn|[from] brn","|","|switch|p1a: Buzz off bitch|Mandibuzz, F|405/405","|-damage|p1a: Buzz off bitch|304/405|[from] Stealth Rock","|turn|9","|","|switch|p2a: Kyurem-Black|Kyurem-Black|391/391","|-ability|p2a: Kyurem-Black|Teravolt","|move|p1a: Buzz off bitch|Defog|p2a: Kyurem-Black","|-unboost|p2a: Kyurem-Black|evasion|1","|-sideend|p1: Inferno Sableye|Stealth Rock|[from] move: Defog|[of] p1a: Buzz off bitch","|","|turn|10","|","|switch|p1a: Rawwrrrr|Tyranitar, M|404/404","|-weather|Sandstorm","|move|p2a: Kyurem-Black|Fusion Bolt|p1a: Rawwrrrr","|-damage|p1a: Rawwrrrr|278/404","|","|-weather|Sandstorm|[upkeep]","|-damage|p2a: Kyurem-Black|367/391|[from] sandstorm","|turn|11","|","|move|p2a: Kyurem-Black|Iron Head|p1a: Rawwrrrr","|-supereffective|p1a: Rawwrrrr","|-damage|p1a: Rawwrrrr|84/404","|move|p1a: Rawwrrrr|Stealth Rock|p2a: Kyurem-Black","|-sidestart|p2: SWL Neßki|move: Stealth Rock","|","|-weather|Sandstorm|[upkeep]","|-damage|p2a: Kyurem-Black|343/391|[from] sandstorm","|turn|12","|","|switch|p1a: Buzz off bitch|Mandibuzz, F|304/405","|move|p2a: Kyurem-Black|Iron Head|p1a: Buzz off bitch","|-damage|p1a: Buzz off bitch|221/405","|-damage|p2a: Kyurem-Black|278/391|[from] item: Rocky Helmet|[of] p1a: Buzz off bitch","|","|-weather|Sandstorm|[upkeep]","|-damage|p2a: Kyurem-Black|254/391|[from] sandstorm","|turn|13","|","|switch|p1a: Rawwrrrr|Tyranitar, M|84/404","|move|p2a: Kyurem-Black|Ice Beam|p1a: Rawwrrrr","|-damage|p1a: Rawwrrrr|3/404","|","|-weather|Sandstorm|[upkeep]","|-damage|p2a: Kyurem-Black|230/391|[from] sandstorm","|turn|14","|","|move|p2a: Kyurem-Black|Ice Beam|p1a: Rawwrrrr","|-damage|p1a: Rawwrrrr|0 fnt","|faint|p1a: Rawwrrrr","|","|-weather|none","|","|switch|p1a: Oit of this world|Hoopa-Unbound|119/301","|turn|15","|","|switch|p2a: Hydreigon|Hydreigon, M|68/326 brn","|-damage|p2a: Hydreigon|28/326 brn|[from] Stealth Rock","|move|p1a: Oit of this world|Hyperspace Hole|p2a: Hydreigon","|-immune|p2a: Hydreigon|[msg]","|","|-damage|p2a: Hydreigon|0 fnt|[from] brn","|faint|p2a: Hydreigon","|","|switch|p2a: PK-Kaiser|Latias, F|362/362","|-damage|p2a: PK-Kaiser|317/362|[from] Stealth Rock","|turn|16","|","|switch|p1a: Bish Plz|Bisharp, M, shiny|271/271","|detailschange|p2a: PK-Kaiser|Latias-Mega, F","|-mega|p2a: PK-Kaiser|Latias|Latiasite","|move|p2a: PK-Kaiser|Defog|p1a: Bish Plz","|-unboost|p1a: Bish Plz|evasion|1","|-boost|p1a: Bish Plz|atk|2|[from] ability: Defiant","|-sideend|p2: SWL Neßki|Stealth Rock|[from] move: Defog|[of] p2a: PK-Kaiser","|","|turn|17","|","|move|p2a: PK-Kaiser|Healing Wish|p2a: PK-Kaiser","|faint|p2a: PK-Kaiser","|move|p1a: Bish Plz|Knock Off|p2: PK-Kaiser|[notarget]","|-notarget","|","|","|switch|p2a: Dragonite|Dragonite, F|284/378 brn","|-heal|p2a: Dragonite|378/378|[from] move: Healing Wish","|turn|18","|","|switch|p2a: Kyurem-Black|Kyurem-Black|230/391","|-ability|p2a: Kyurem-Black|Teravolt","|move|p1a: Bish Plz|Iron Head|p2a: Kyurem-Black","|-supereffective|p2a: Kyurem-Black","|-damage|p2a: Kyurem-Black|0 fnt","|faint|p2a: Kyurem-Black","|","|","|switch|p2a: Garchomp|Garchomp, F|264/359","|turn|19","|","|move|p2a: Garchomp|Earthquake|p1a: Bish Plz","|-supereffective|p1a: Bish Plz","|-damage|p1a: Bish Plz|0 fnt","|faint|p1a: Bish Plz","|","|","|switch|p1a: No pressure|Weavile, M|281/281","|-ability|p1a: No pressure|Pressure","|turn|20","|","|move|p1a: No pressure|Icicle Crash|p2a: Garchomp","|-supereffective|p2a: Garchomp","|-damage|p2a: Garchomp|0 fnt","|-damage|p1a: No pressure|253/281|[from] item: Life Orb","|faint|p2a: Garchomp","|","|","|switch|p2a: Latios|Latios, M|301/301","|turn|21","|","|switch|p1a: Oit of this world|Hoopa-Unbound|119/301","|move|p2a: Latios|Draco Meteor|p1a: Oit of this world","|-damage|p1a: Oit of this world|0 fnt","|-unboost|p2a: Latios|spa|2","|faint|p1a: Oit of this world","|","|","|switch|p1a: Buzz off bitch|Mandibuzz, F|221/405","|turn|22","|","|switch|p2a: Dragonite|Dragonite, F|378/378","|move|p1a: Buzz off bitch|Roost|p1a: Buzz off bitch","|-heal|p1a: Buzz off bitch|405/405","|","|turn|23","|","|move|p2a: Dragonite|Outrage|p1a: Buzz off bitch","|-damage|p1a: Buzz off bitch|170/405","|-damage|p2a: Dragonite|315/378|[from] item: Rocky Helmet|[of] p1a: Buzz off bitch","|move|p1a: Buzz off bitch|Foul Play|p2a: Dragonite","|-damage|p2a: Dragonite|119/378","|","|turn|24","|","|move|p2a: Dragonite|Outrage|p1a: Buzz off bitch|[from]lockedmove","|-damage|p1a: Buzz off bitch|0 fnt","|-damage|p2a: Dragonite|56/378|[from] item: Rocky Helmet|[of] p1a: Buzz off bitch","|-start|p2a: Dragonite|confusion|[fatigue]","|faint|p1a: Buzz off bitch","|","|","|switch|p1a: No pressure|Weavile, M|253/281","|-ability|p1a: No pressure|Pressure","|turn|25","|","|move|p1a: No pressure|Knock Off|p2a: Dragonite","|-damage|p2a: Dragonite|0 fnt","|-enditem|p2a: Dragonite|Choice Band|[from] move: Knock Off|[of] p1a: No pressure","|-damage|p1a: No pressure|225/281|[from] item: Life Orb","|faint|p2a: Dragonite","|","|","|switch|p2a: Latios|Latios, M|301/301","|turn|26","|","|move|p2a: Latios|Draco Meteor|p1a: No pressure","|-damage|p1a: No pressure|0 fnt","|-unboost|p2a: Latios|spa|2","|faint|p1a: No pressure","|","|win|SWL Neßki"],"p1rating":{"entryid":"83803","serverid":"eos","formatid":"monotype","userid":"infernosableye","username":"Inferno Sableye","w":"31","l":10,"t":"0","gxe":72.1,"r":"1697.8540377845","rd":"58.818659963158","sigma":"0","rptime":"1440234000","rpr":1680.6599992903,"rprd":55.212548760366,"rpsigma":"0","acre":1276.7788455944,"lacre":1276.7788455944,"oldacre":"1306.8283285751"},"p2rating":{"entryid":"388","serverid":"eos","formatid":"monotype","userid":"swlneki","username":"SWL Neßki","w":25,"l":"12","t":"0","gxe":64.8,"r":"1647.3857021699","rd":"65.172404766836","sigma":"0","rptime":"1440234000","rpr":1616.6921977053,"rprd":57.903354144018,"rpsigma":"0","acre":1152.3936393996,"lacre":1152.3936393996,"oldacre":"1114.8317856737"},"endType":"normal"}