{"seed":[26884,10653,27845,58687],"turns":52,"p1":"Void Who","p2":"Guard Lucifer","p1team":[{"name":"Gallade","species":"Gallade","item":"galladite","ability":"Justified","moves":["shadowsneak","drainpunch","psychocut","thunderwave"],"nature":"Adamant","evs":{"hp":248,"atk":252,"def":0,"spa":0,"spd":8,"spe":0},"ivs":{"hp":31,"atk":31,"def":31,"spa":31,"spd":31,"spe":31}},{"name":"Jirachi","species":"Jirachi","item":"assaultvest","ability":"Serene Grace","moves":["bodyslam","ironhead","drainpunch","zenheadbutt"],"nature":"Adamant","evs":{"hp":224,"atk":252,"def":0,"spa":0,"spd":0,"spe":32},"ivs":{"hp":31,"atk":31,"def":31,"spa":31,"spd":31,"spe":31}},{"name":"Meloetta","species":"Meloetta","item":"choicespecs","ability":"Serene Grace","moves":["hypervoice","focusblast","psychic","energyball"],"nature":"Modest","evs":{"hp":248,"atk":0,"def":0,"spa":252,"spd":8,"spe":0},"ivs":{"hp":31,"atk":31,"def":31,"spa":31,"spd":31,"spe":31}},{"name":"Mew","species":"Mew","item":"leftovers","ability":"Synchronize","moves":["defog","stealthrock","roost","knockoff"],"nature":"Careful","evs":{"hp":252,"atk":4,"def":0,"spa":0,"spd":252,"spe":0},"ivs":{"hp":31,"atk":31,"def":31,"spa":31,"spd":31,"spe":31}},{"name":"Slowbro","species":"Slowbro","item":"rockyhelmet","ability":"Regenerator","moves":["calmmind","slackoff","scald","flamethrower"],"nature":"Bold","evs":{"hp":248,"atk":0,"def":252,"spa":8,"spd":0,"spe":0},"ivs":{"hp":31,"atk":31,"def":31,"spa":31,"spd":31,"spe":31}},{"name":"Hoopa-Unbound","species":"Hoopa-Unbound","item":"choicescarf","ability":"Magician","moves":["hyperspacehole","hyperspacefury","firepunch","drainpunch"],"nature":"Hasty","evs":{"hp":0,"atk":252,"def":0,"spa":4,"spd":0,"spe":252},"ivs":{"hp":31,"atk":31,"def":31,"spa":31,"spd":31,"spe":31}}],"p2team":[{"name":"Feel The Burn","species":"azumarill","item":"sitrusberry","ability":"Huge Power","moves":["playrough","waterfall","aquajet","bellydrum"],"nature":"Adamant","evs":{"hp":164,"atk":252,"def":92,"spa":0,"spd":0,"spe":0},"gender":"M","shiny":true,"ivs":{"hp":31,"atk":31,"def":31,"spa":31,"spd":31,"spe":31}},{"name":"Bulls","species":"granbull","item":"leftovers","ability":"Intimidate","moves":["playrough","firepunch","earthquake","healbell"],"nature":"Adamant","evs":{"hp":252,"atk":252,"def":0,"spa":0,"spd":4,"spe":0},"gender":"M","shiny":true,"ivs":{"hp":31,"atk":31,"def":31,"spa":31,"spd":31,"spe":31}},{"name":"Princess Hisui","species":"diancie","item":"diancite","ability":"Clear Body","moves":["earthpower","moonblast","diamondstorm","protect"],"nature":"Mild","evs":{"hp":4,"atk":0,"def":0,"spa":252,"spd":0,"spe":252},"ivs":{"hp":31,"atk":31,"def":31,"spa":31,"spd":31,"spe":31}},{"name":"Wings Of Death","species":"togekiss","item":"leftovers","ability":"Serene Grace","moves":["roost","airslash","fireblast","defog"],"nature":"Bold","evs":{"hp":252,"atk":0,"def":252,"spa":4,"spd":0,"spe":0},"gender":"M","shiny":true,"ivs":{"hp":31,"atk":31,"def":31,"spa":31,"spd":31,"spe":31}},{"name":"Wish","species":"clefable","item":"lifeorb","ability":"Magic Guard","moves":["moonblast","fireblast","stealthrock","softboiled"],"nature":"Bold","evs":{"hp":252,"atk":0,"def":172,"spa":0,"spd":84,"spe":0},"gender":"M","shiny":true,"ivs":{"hp":31,"atk":31,"def":31,"spa":31,"spd":31,"spe":31}},{"name":"Keys Of Worlds","species":"klefki","item":"lightclay","ability":"Prankster","moves":["foulplay","spikes","lightscreen","reflect"],"nature":"Bold","evs":{"hp":248,"atk":0,"def":252,"spa":0,"spd":8,"spe":0},"gender":"M","shiny":true,"ivs":{"hp":31,"atk":31,"def":31,"spa":31,"spd":31,"spe":31}}],"log":["|player|p1|Void Who|voidwho.gif","|player|p2|Guard Lucifer|karlpower.gif","|gametype|singles","|gen|6","|tier|Monotype","|rated","|rule|Baton Pass Clause: Limit one Baton Passer, can't pass Spe and other stats simultaneously","|rule|Swagger Clause: Swagger is banned","|rule|Same Type Clause: Pokémon in a team must share a type","|clearpoke","|poke|p1|Gallade, M","|poke|p1|Jirachi","|poke|p1|Meloetta","|poke|p1|Mew","|poke|p1|Slowbro, M","|poke|p1|Hoopa-Unbound","|poke|p2|Azumarill, M, shiny","|poke|p2|Granbull, M, shiny","|poke|p2|Diancie","|poke|p2|Togekiss, M, shiny","|poke|p2|Clefable, M, shiny","|poke|p2|Klefki, M, shiny","|rule|Sleep Clause Mod: Limit one foe put to sleep","|rule|Species Clause: Limit one of each Pokémon","|rule|OHKO Clause: OHKO moves are banned","|rule|Moody Clause: Moody is banned","|rule|Evasion Moves Clause: Evasion moves are banned","|rule|Endless Battle Clause: Forcing endless battles is banned","|rule|HP Percentage Mod: HP is shown in percentages","|teampreview","|","|start","|switch|p1a: Meloetta|Meloetta|403/403","|switch|p2a: Wings Of Death|Togekiss, M, shiny|374/374","|turn|1","|","|switch|p1a: Mew|Mew|404/404","|switch|p2a: Keys Of Worlds|Klefki, M, shiny|317/317","|","|turn|2","|","|switch|p2a: Princess Hisui|Diancie|242/242","|move|p1a: Mew|Stealth Rock|p2a: Princess Hisui","|-sidestart|p2: Guard Lucifer|move: Stealth Rock","|","|turn|3","|","|switch|p1a: Jirachi|Jirachi|397/397","|detailschange|p2a: Princess Hisui|Diancie-Mega","|-mega|p2a: Princess Hisui|Diancie|Diancite","|move|p2a: Princess Hisui|Diamond Storm|p1a: Jirachi","|-resisted|p1a: Jirachi","|-damage|p1a: Jirachi|310/397","|","|turn|4","|","|move|p2a: Princess Hisui|Protect|p2a: Princess Hisui","|-singleturn|p2a: Princess Hisui|Protect","|move|p1a: Jirachi|Iron Head|p2a: Princess Hisui","|-activate|p2a: Princess Hisui|Protect","|","|turn|5","|","|switch|p2a: Keys Of Worlds|Klefki, M, shiny|317/317","|-damage|p2a: Keys Of Worlds|298/317|[from] Stealth Rock","|move|p1a: Jirachi|Iron Head|p2a: Keys Of Worlds","|-damage|p2a: Keys Of Worlds|198/317","|","|turn|6","|","|switch|p1a: Mew|Mew|404/404","|move|p2a: Keys Of Worlds|Reflect|p2a: Keys Of Worlds","|-sidestart|p2: Guard Lucifer|Reflect","|","|turn|7","|","|switch|p2a: Princess Hisui|Diancie-Mega|242/242","|-damage|p2a: Princess Hisui|212/242|[from] Stealth Rock","|move|p1a: Mew|Defog|p2a: Princess Hisui","|move|p2a: Princess Hisui|Defog|p1a: Mew|[from]Magic Bounce","|-unboost|p1a: Mew|evasion|1","|-sideend|p2: Guard Lucifer|Stealth Rock|[from] move: Defog|[of] p2a: Princess Hisui","|","|turn|8","|","|switch|p1a: Meloetta|Meloetta|403/403","|move|p2a: Princess Hisui|Earth Power|p1a: Meloetta","|-crit|p1a: Meloetta","|-damage|p1a: Meloetta|250/403","|","|turn|9","|","|switch|p2a: Keys Of Worlds|Klefki, M, shiny|198/317","|move|p1a: Meloetta|Energy Ball|p2a: Keys Of Worlds","|-resisted|p2a: Keys Of Worlds","|-damage|p2a: Keys Of Worlds|96/317","|","|turn|10","|","|switch|p1a: Jirachi|Jirachi|310/397","|move|p2a: Keys Of Worlds|Light Screen|p2a: Keys Of Worlds","|-sidestart|p2: Guard Lucifer|move: Light Screen","|","|turn|11","|","|switch|p1a: Mew|Mew|404/404","|move|p2a: Keys Of Worlds|Foul Play|p1a: Mew","|-supereffective|p1a: Mew","|-damage|p1a: Mew|260/404","|","|-heal|p1a: Mew|285/404|[from] item: Leftovers","|turn|12","|","|switch|p1a: Slowbro|Slowbro, M|393/393","|switch|p2a: Princess Hisui|Diancie-Mega|212/242","|","|turn|13","|","|switch|p2a: Wings Of Death|Togekiss, M, shiny|374/374","|move|p1a: Slowbro|Scald|p2a: Wings Of Death","|-damage|p2a: Wings Of Death|332/374","|","|-heal|p2a: Wings Of Death|355/374|[from] item: Leftovers","|-sideend|p2: Guard Lucifer|Reflect","|turn|14","|","|switch|p1a: Mew|Mew|285/404","|move|p2a: Wings Of Death|Air Slash|p1a: Mew","|-damage|p1a: Mew|206/404","|","|-heal|p1a: Mew|231/404|[from] item: Leftovers","|-heal|p2a: Wings Of Death|374/374|[from] item: Leftovers","|turn|15","|","|switch|p1a: Jirachi|Jirachi|310/397","|move|p2a: Wings Of Death|Air Slash|p1a: Jirachi","|-resisted|p1a: Jirachi","|-damage|p1a: Jirachi|274/397","|","|turn|16","|","|move|p1a: Jirachi|Iron Head|p2a: Wings Of Death","|-supereffective|p2a: Wings Of Death","|-damage|p2a: Wings Of Death|192/374","|move|p2a: Wings Of Death|Fire Blast|p1a: Jirachi|[miss]","|-miss|p2a: Wings Of Death|p1a: Jirachi","|","|-heal|p2a: Wings Of Death|215/374|[from] item: Leftovers","|turn|17","|","|switch|p2a: Keys Of Worlds|Klefki, M, shiny|96/317","|move|p1a: Jirachi|Iron Head|p2a: Keys Of Worlds","|-damage|p2a: Keys Of Worlds|0 fnt","|faint|p2a: Keys Of Worlds","|","|-sideend|p2: Guard Lucifer|move: Light Screen","|","|switch|p2a: Bulls|Granbull, M, shiny|384/384","|-ability|p2a: Bulls|Intimidate","|-unboost|p1a: Jirachi|atk|1","|turn|18","|","|switch|p1a: Slowbro|Slowbro, M|393/393","|move|p2a: Bulls|Earthquake|p1a: Slowbro","|-damage|p1a: Slowbro|316/393","|","|turn|19","|","|switch|p2a: Wings Of Death|Togekiss, M, shiny|215/374","|move|p1a: Slowbro|Calm Mind|p1a: Slowbro","|-boost|p1a: Slowbro|spa|1","|-boost|p1a: Slowbro|spd|1","|","|-heal|p2a: Wings Of Death|238/374|[from] item: Leftovers","|turn|20","|","|move|p2a: Wings Of Death|Air Slash|p1a: Slowbro","|-damage|p1a: Slowbro|225/393","|move|p1a: Slowbro|Calm Mind|p1a: Slowbro","|-boost|p1a: Slowbro|spa|1","|-boost|p1a: Slowbro|spd|1","|","|-heal|p2a: Wings Of Death|261/374|[from] item: Leftovers","|turn|21","|","|move|p2a: Wings Of Death|Air Slash|p1a: Slowbro","|-damage|p1a: Slowbro|159/393","|cant|p1a: Slowbro|flinch","|","|-heal|p2a: Wings Of Death|284/374|[from] item: Leftovers","|turn|22","|","|move|p2a: Wings Of Death|Air Slash|p1a: Slowbro","|-damage|p1a: Slowbro|98/393","|move|p1a: Slowbro|Slack Off|p1a: Slowbro","|-heal|p1a: Slowbro|295/393","|","|-heal|p2a: Wings Of Death|307/374|[from] item: Leftovers","|turn|23","|","|move|p2a: Wings Of Death|Air Slash|p1a: Slowbro","|-damage|p1a: Slowbro|232/393","|move|p1a: Slowbro|Scald|p2a: Wings Of Death","|-damage|p2a: Wings Of Death|135/374","|","|-heal|p2a: Wings Of Death|158/374|[from] item: Leftovers","|turn|24","|","|move|p2a: Wings Of Death|Air Slash|p1a: Slowbro","|-damage|p1a: Slowbro|169/393","|move|p1a: Slowbro|Calm Mind|p1a: Slowbro","|-boost|p1a: Slowbro|spa|1","|-boost|p1a: Slowbro|spd|1","|","|-heal|p2a: Wings Of Death|181/374|[from] item: Leftovers","|turn|25","|","|move|p2a: Wings Of Death|Air Slash|p1a: Slowbro","|-damage|p1a: Slowbro|117/393","|cant|p1a: Slowbro|flinch","|","|-heal|p2a: Wings Of Death|204/374|[from] item: Leftovers","|turn|26","|","|move|p2a: Wings Of Death|Air Slash|p1a: Slowbro","|-damage|p1a: Slowbro|65/393","|cant|p1a: Slowbro|flinch","|","|-heal|p2a: Wings Of Death|227/374|[from] item: Leftovers","|turn|27","|","|move|p2a: Wings Of Death|Air Slash|p1a: Slowbro","|-damage|p1a: Slowbro|14/393","|move|p1a: Slowbro|Slack Off|p1a: Slowbro","|-heal|p1a: Slowbro|211/393","|","|-heal|p2a: Wings Of Death|250/374|[from] item: Leftovers","|turn|28","|","|move|p2a: Wings Of Death|Air Slash|p1a: Slowbro","|-damage|p1a: Slowbro|160/393","|cant|p1a: Slowbro|flinch","|","|-heal|p2a: Wings Of Death|273/374|[from] item: Leftovers","|turn|29","|","|move|p2a: Wings Of Death|Air Slash|p1a: Slowbro","|-damage|p1a: Slowbro|112/393","|cant|p1a: Slowbro|flinch","|","|-heal|p2a: Wings Of Death|296/374|[from] item: Leftovers","|turn|30","|","|move|p2a: Wings Of Death|Air Slash|p1a: Slowbro","|-damage|p1a: Slowbro|61/393","|cant|p1a: Slowbro|flinch","|","|-heal|p2a: Wings Of Death|319/374|[from] item: Leftovers","|turn|31","|","|move|p2a: Wings Of Death|Air Slash|p1a: Slowbro","|-damage|p1a: Slowbro|13/393","|cant|p1a: Slowbro|flinch","|","|-heal|p2a: Wings Of Death|342/374|[from] item: Leftovers","|turn|32","|","|switch|p1a: Jirachi|Jirachi|274/397","|move|p2a: Wings Of Death|Fire Blast|p1a: Jirachi","|-supereffective|p1a: Jirachi","|-damage|p1a: Jirachi|144/397","|","|-heal|p2a: Wings Of Death|365/374|[from] item: Leftovers","|turn|33","|","|switch|p2a: Bulls|Granbull, M, shiny|384/384","|-ability|p2a: Bulls|Intimidate","|-unboost|p1a: Jirachi|atk|1","|move|p1a: Jirachi|Iron Head|p2a: Bulls","|-supereffective|p2a: Bulls","|-damage|p2a: Bulls|156/384","|","|-heal|p2a: Bulls|180/384|[from] item: Leftovers","|turn|34","|","|switch|p1a: Slowbro|Slowbro, M|144/393","|switch|p2a: Feel The Burn|Azumarill, M, shiny|382/382","|","|turn|35","|","|move|p2a: Feel The Burn|Belly Drum|p2a: Feel The Burn","|-damage|p2a: Feel The Burn|191/382","|-setboost|p2a: Feel The Burn|atk|6|[from] move: Belly Drum","|-enditem|p2a: Feel The Burn|Sitrus Berry|[eat]","|-heal|p2a: Feel The Burn|286/382|[from] item: Sitrus Berry","|move|p1a: Slowbro|Scald|p2a: Feel The Burn","|-resisted|p2a: Feel The Burn","|-damage|p2a: Feel The Burn|232/382","|-status|p2a: Feel The Burn|brn","|","|-damage|p2a: Feel The Burn|185/382 brn|[from] brn","|turn|36","|","|switch|p1a: Jirachi|Jirachi|144/397","|move|p2a: Feel The Burn|Play Rough|p1a: Jirachi|[miss]","|-miss|p2a: Feel The Burn|p1a: Jirachi","|","|-damage|p2a: Feel The Burn|138/382 brn|[from] brn","|turn|37","|","|switch|p1a: Mew|Mew|231/404","|move|p2a: Feel The Burn|Aqua Jet|p1a: Mew","|-damage|p1a: Mew|51/404","|","|-heal|p1a: Mew|76/404|[from] item: Leftovers","|-damage|p2a: Feel The Burn|91/382 brn|[from] brn","|turn|38","|","|move|p2a: Feel The Burn|Aqua Jet|p1a: Mew","|-damage|p1a: Mew|0 fnt","|faint|p1a: Mew","|","|-damage|p2a: Feel The Burn|44/382 brn|[from] brn","|","|switch|p1a: Slowbro|Slowbro, M|275/393","|turn|39","|","|move|p2a: Feel The Burn|Play Rough|p1a: Slowbro","|-damage|p1a: Slowbro|0 fnt","|-damage|p2a: Feel The Burn|0 fnt|[from] item: Rocky Helmet|[of] p1a: Slowbro","|faint|p2a: Feel The Burn","|faint|p1a: Slowbro","|","|","|switch|p1a: Meloetta|Meloetta|250/403","|switch|p2a: Bulls|Granbull, M, shiny|180/384","|-ability|p2a: Bulls|Intimidate","|-unboost|p1a: Meloetta|atk|1","|turn|40","|","|switch|p2a: Wish|Clefable, M, shiny|394/394","|move|p1a: Meloetta|Hyper Voice|p2a: Wish","|-damage|p2a: Wish|144/394","|","|turn|41","|","|move|p1a: Meloetta|Hyper Voice|p2a: Wish","|-damage|p2a: Wish|0 fnt","|faint|p2a: Wish","|","|","|switch|p2a: Princess Hisui|Diancie-Mega|212/242","|turn|42","|","|move|p2a: Princess Hisui|Diamond Storm|p1a: Meloetta","|-damage|p1a: Meloetta|18/403","|move|p1a: Meloetta|Hyper Voice|p2a: Princess Hisui","|-resisted|p2a: Princess Hisui","|-damage|p2a: Princess Hisui|102/242","|","|turn|43","|","|move|p2a: Princess Hisui|Diamond Storm|p1a: Meloetta","|-damage|p1a: Meloetta|0 fnt","|-boost|p2a: Princess Hisui|def|1","|faint|p1a: Meloetta","|","|","|switch|p1a: Jirachi|Jirachi|144/397","|turn|44","|","|move|p2a: Princess Hisui|Earth Power|p1a: Jirachi","|-supereffective|p1a: Jirachi","|-damage|p1a: Jirachi|0 fnt","|faint|p1a: Jirachi","|","|","|switch|p1a: Hoopa-Unbound|Hoopa-Unbound|301/301","|turn|45","|","|move|p2a: Princess Hisui|Protect|p2a: Princess Hisui","|-singleturn|p2a: Princess Hisui|Protect","|move|p1a: Hoopa-Unbound|Hyperspace Hole|p2a: Princess Hisui","|-activate|p2a: Princess Hisui|move: Hyperspace Hole|[broken]","|-crit|p2a: Princess Hisui","|-damage|p2a: Princess Hisui|0 fnt","|faint|p2a: Princess Hisui","|","|","|switch|p2a: Bulls|Granbull, M, shiny|180/384","|-ability|p2a: Bulls|Intimidate","|-unboost|p1a: Hoopa-Unbound|atk|1","|turn|46","|","|move|p1a: Hoopa-Unbound|Hyperspace Hole|p2a: Bulls","|-damage|p2a: Bulls|0 fnt","|faint|p2a: Bulls","|","|","|switch|p2a: Wings Of Death|Togekiss, M, shiny|365/374","|turn|47","|","|move|p1a: Hoopa-Unbound|Hyperspace Hole|p2a: Wings Of Death","|-damage|p2a: Wings Of Death|236/374","|move|p2a: Wings Of Death|Air Slash|p1a: Hoopa-Unbound","|-damage|p1a: Hoopa-Unbound|216/301","|","|-heal|p2a: Wings Of Death|259/374|[from] item: Leftovers","|turn|48","|","|move|p1a: Hoopa-Unbound|Hyperspace Hole|p2a: Wings Of Death","|-damage|p2a: Wings Of Death|123/374","|move|p2a: Wings Of Death|Air Slash|p1a: Hoopa-Unbound","|-damage|p1a: Hoopa-Unbound|135/301","|","|-heal|p2a: Wings Of Death|146/374|[from] item: Leftovers","|turn|49","|","|move|p1a: Hoopa-Unbound|Hyperspace Hole|p2a: Wings Of Death","|-damage|p2a: Wings Of Death|22/374","|move|p2a: Wings Of Death|Roost|p2a: Wings Of Death","|-heal|p2a: Wings Of Death|209/374","|","|-heal|p2a: Wings Of Death|232/374|[from] item: Leftovers","|turn|50","|","|move|p1a: Hoopa-Unbound|Hyperspace Hole|p2a: Wings Of Death","|-damage|p2a: Wings Of Death|109/374","|move|p2a: Wings Of Death|Roost|p2a: Wings Of Death","|-heal|p2a: Wings Of Death|296/374","|","|-heal|p2a: Wings Of Death|319/374|[from] item: Leftovers","|turn|51","|","|switch|p1a: Gallade|Gallade, M|339/339","|move|p2a: Wings Of Death|Air Slash|p1a: Gallade","|-supereffective|p1a: Gallade","|-damage|p1a: Gallade|139/339","|","|-heal|p2a: Wings Of Death|342/374|[from] item: Leftovers","|turn|52","|","|win|Guard Lucifer"],"p1rating":{"entryid":"114352","serverid":"eos","formatid":"monotype","userid":"voidwho","username":"Void Who","w":"10","l":7,"t":"0","gxe":56.1,"r":"1497.3189220233","rd":"92.310157241326","sigma":"0","rptime":"1440320400","rpr":1547.3770647026,"rprd":74.214611300348,"rpsigma":"0","acre":1134.4931606121,"lacre":1134.4931606121,"oldacre":"1167.9819712593"},"p2rating":{"entryid":"220928","serverid":"eos","formatid":"monotype","userid":"guardlucifer","username":"Guard Lucifer","w":2,"l":"3","t":"0","gxe":45.5,"r":"1473.4056513889","rd":"123.58205867383","sigma":"0","rptime":"1440320400","rpr":1464.5821142559,"rprd":102.36415022955,"rpsigma":"0","acre":1089.6467336155,"lacre":1089.6467336155,"oldacre":"1045.1334249025"},"endType":"forfeit"}