{"seed":[46555,45008,32900,32521],"turns":19,"p1":"GTX♅Cool","p2":"Knight Applejack","p1team":[{"name":"mlg","species":"bisharp","item":"assaultvest","ability":"Defiant","moves":["knockoff","ironhead","suckerpunch","pursuit"],"nature":"Adamant","evs":{"hp":192,"atk":220,"def":0,"spa":0,"spd":0,"spe":96},"shiny":true,"ivs":{"hp":31,"atk":31,"def":31,"spa":31,"spd":31,"spe":31}},{"name":"deffensive tank","species":"aggron","item":"aggronite","ability":"Rock Head","moves":["heavyslam","thunderwave","earthquake","stealthrock"],"nature":"Impish","evs":{"hp":252,"atk":0,"def":16,"spa":0,"spd":240,"spe":0},"shiny":true,"ivs":{"hp":31,"atk":31,"def":31,"spa":31,"spd":31,"spe":31}},{"name":"king","species":"excadrill","item":"lifeorb","ability":"Mold Breaker","moves":["earthquake","rockslide","rapidspin","swordsdance"],"nature":"Naive","evs":{"hp":0,"atk":252,"def":0,"spa":0,"spd":4,"spe":252},"shiny":true,"ivs":{"hp":31,"atk":31,"def":31,"spa":31,"spd":31,"spe":31}},{"name":"Scizor","species":"Scizor","item":"scizorite","ability":"Technician","moves":["swordsdance","bulletpunch","knockoff","protect"],"nature":"Adamant","evs":{"hp":252,"atk":252,"def":0,"spa":0,"spd":4,"spe":0},"shiny":true,"ivs":{"hp":31,"atk":31,"def":31,"spa":31,"spd":31,"spe":31}},{"name":"electricity","species":"magnezone","item":"airballoon","ability":"Sturdy","moves":["magnetrise","hiddenpowerfire","flashcannon","thunderbolt"],"nature":"Modest","evs":{"hp":128,"atk":0,"def":0,"spa":252,"spd":0,"spe":128},"ivs":{"hp":31,"atk":30,"def":31,"spa":30,"spd":31,"spe":30},"shiny":true},{"name":"steam power","species":"heatran","item":"airballoon","ability":"Flash Fire","moves":["magmastorm","earthquake","flamethrower","stealthrock"],"nature":"","evs":{"hp":0,"atk":0,"def":4,"spa":252,"spd":0,"spe":2},"ivs":{"hp":31,"atk":30,"def":30,"spa":31,"spd":31,"spe":31},"shiny":true}],"p2team":[{"name":"Landorus-Therian","species":"Landorus-Therian","item":"choicescarf","ability":"Intimidate","moves":["earthquake","knockoff","stoneedge","uturn"],"nature":"Jolly","evs":{"hp":0,"atk":252,"def":0,"spa":0,"spd":4,"spe":252},"ivs":{"hp":31,"atk":31,"def":31,"spa":31,"spd":31,"spe":31}},{"name":"Aerodactyl","species":"Aerodactyl","item":"focussash","ability":"Rock Head","moves":["stealthrock","tailwind","taunt","stoneedge"],"nature":"Jolly","evs":{"hp":0,"atk":252,"def":0,"spa":0,"spd":0,"spe":252},"ivs":{"hp":31,"atk":31,"def":31,"spa":31,"spd":31,"spe":31}},{"name":"Pidgeot","species":"Pidgeot","item":"pidgeotite","ability":"Keen Eye","moves":["hurricane","heatwave","substitute","roost"],"nature":"Timid","evs":{"hp":0,"atk":0,"def":0,"spa":252,"spd":4,"spe":252},"ivs":{"hp":31,"atk":30,"def":30,"spa":31,"spd":31,"spe":31}},{"name":"Salamence","species":"Salamence","item":"assaultvest","ability":"Intimidate","moves":["dracometeor","dragonclaw","flamethrower","earthquake"],"nature":"Hasty","evs":{"hp":0,"atk":252,"def":0,"spa":4,"spd":0,"spe":252},"ivs":{"hp":31,"atk":31,"def":31,"spa":31,"spd":31,"spe":31}},{"name":"Togekiss","species":"Togekiss","item":"choicescarf","ability":"Serene Grace","moves":["airslash","dazzlinggleam","fireblast","waterpulse"],"nature":"Modest","evs":{"hp":0,"atk":0,"def":0,"spa":252,"spd":4,"spe":252},"ivs":{"hp":31,"atk":31,"def":31,"spa":31,"spd":31,"spe":31}},{"name":"Thundurus","species":"Thundurus","item":"lifeorb","ability":"Prankster","moves":["knockoff","bulkup","wildcharge","superpower"],"nature":"Jolly","evs":{"hp":0,"atk":252,"def":0,"spa":0,"spd":4,"spe":252},"ivs":{"hp":31,"atk":31,"def":31,"spa":31,"spd":31,"spe":31}}],"log":["|player|p1|GTX♅Cool|163","|player|p2|Knight Applejack|27","|gametype|singles","|gen|6","|tier|Monotype","|rated","|rule|Baton Pass Clause: Limit one Baton Passer, can't pass Spe and other stats simultaneously","|rule|Swagger Clause: Swagger is banned","|rule|Same Type Clause: Pokémon in a team must share a type","|clearpoke","|poke|p1|Bisharp, F, shiny","|poke|p1|Aggron, M, shiny","|poke|p1|Excadrill, F, shiny","|poke|p1|Scizor, M, shiny","|poke|p1|Magnezone, shiny","|poke|p1|Heatran, F, shiny","|poke|p2|Landorus-Therian, M","|poke|p2|Aerodactyl, M","|poke|p2|Pidgeot, F","|poke|p2|Salamence, F","|poke|p2|Togekiss, M","|poke|p2|Thundurus, M","|rule|Sleep Clause Mod: Limit one foe put to sleep","|rule|Species Clause: Limit one of each Pokémon","|rule|OHKO Clause: OHKO moves are banned","|rule|Moody Clause: Moody is banned","|rule|Evasion Moves Clause: Evasion moves are banned","|rule|Endless Battle Clause: Forcing endless battles is banned","|rule|HP Percentage Mod: HP is shown in percentages","|teampreview","|","|start","|switch|p1a: deffensive tank|Aggron, M, shiny|344/344","|switch|p2a: Salamence|Salamence, F|331/331","|-ability|p2a: Salamence|Intimidate","|-unboost|p1a: deffensive tank|atk|1","|turn|1","|","|detailschange|p1a: deffensive tank|Aggron-Mega, M, shiny","|-mega|p1a: deffensive tank|Aggron|Aggronite","|move|p2a: Salamence|Earthquake|p1a: deffensive tank","|-supereffective|p1a: deffensive tank","|-damage|p1a: deffensive tank|259/344","|move|p1a: deffensive tank|Thunder Wave|p2a: Salamence","|-status|p2a: Salamence|par","|","|turn|2","|","|move|p1a: deffensive tank|Stealth Rock|p2a: Salamence","|-sidestart|p2: Knight Applejack|move: Stealth Rock","|move|p2a: Salamence|Flamethrower|p1a: deffensive tank","|-supereffective|p1a: deffensive tank","|-damage|p1a: deffensive tank|160/344","|","|turn|3","|","|move|p1a: deffensive tank|Heavy Slam|p2a: Salamence","|-damage|p2a: Salamence|211/331 par","|move|p2a: Salamence|Earthquake|p1a: deffensive tank","|-supereffective|p1a: deffensive tank","|-damage|p1a: deffensive tank|84/344","|","|turn|4","|","|move|p1a: deffensive tank|Heavy Slam|p2a: Salamence","|-damage|p2a: Salamence|106/331 par","|move|p2a: Salamence|Flamethrower|p1a: deffensive tank","|-supereffective|p1a: deffensive tank","|-damage|p1a: deffensive tank|0 fnt","|faint|p1a: deffensive tank","|","|","|switch|p1a: mlg|Bisharp, F, shiny|319/319","|turn|5","|","|move|p1a: mlg|Knock Off|p2a: Salamence","|-damage|p2a: Salamence|0 fnt","|-enditem|p2a: Salamence|Assault Vest|[from] move: Knock Off|[of] p1a: mlg","|faint|p2a: Salamence","|","|","|switch|p2a: Thundurus|Thundurus, M|299/299","|-damage|p2a: Thundurus|225/299|[from] Stealth Rock","|turn|6","|","|move|p2a: Thundurus|Superpower|p1a: mlg","|-supereffective|p1a: mlg","|-damage|p1a: mlg|0 fnt","|-unboost|p2a: Thundurus|atk|1","|-unboost|p2a: Thundurus|def|1","|-damage|p2a: Thundurus|196/299|[from] item: Life Orb","|faint|p1a: mlg","|","|","|switch|p1a: king|Excadrill, F, shiny|361/361","|-ability|p1a: king|Mold Breaker","|turn|7","|","|switch|p2a: Landorus-Therian|Landorus-Therian, M|319/319","|-damage|p2a: Landorus-Therian|280/319|[from] Stealth Rock","|-ability|p2a: Landorus-Therian|Intimidate","|-unboost|p1a: king|atk|1","|move|p1a: king|Rock Slide|p2a: Landorus-Therian","|-miss|p1a: king|p2a: Landorus-Therian","|","|turn|8","|","|move|p2a: Landorus-Therian|U-turn|p1a: king","|-resisted|p1a: king","|-damage|p1a: king|293/361","|","|switch|p2a: Aerodactyl|Aerodactyl, M|301/301","|-damage|p2a: Aerodactyl|226/301|[from] Stealth Rock","|move|p1a: king|Rock Slide|p2a: Aerodactyl","|-supereffective|p2a: Aerodactyl","|-damage|p2a: Aerodactyl|5/301","|-damage|p1a: king|257/361|[from] item: Life Orb","|","|turn|9","|","|move|p2a: Aerodactyl|Tailwind|p2a: Aerodactyl","|-sidestart|p2: Knight Applejack|move: Tailwind","|move|p1a: king|Rock Slide|p2a: Aerodactyl","|-supereffective|p2a: Aerodactyl","|-damage|p2a: Aerodactyl|0 fnt","|-damage|p1a: king|221/361|[from] item: Life Orb","|faint|p2a: Aerodactyl","|","|","|switch|p2a: Landorus-Therian|Landorus-Therian, M|280/319","|-damage|p2a: Landorus-Therian|241/319|[from] Stealth Rock","|-ability|p2a: Landorus-Therian|Intimidate","|-unboost|p1a: king|atk|1","|turn|10","|","|move|p2a: Landorus-Therian|Earthquake|p1a: king","|-supereffective|p1a: king","|-damage|p1a: king|0 fnt","|faint|p1a: king","|","|","|switch|p1a: Scizor|Scizor, M, shiny|344/344","|turn|11","|","|switch|p2a: Thundurus|Thundurus, M|196/299","|-damage|p2a: Thundurus|122/299|[from] Stealth Rock","|move|p1a: Scizor|Knock Off|p2a: Thundurus","|-damage|p2a: Thundurus|0 fnt","|-enditem|p2a: Thundurus|Life Orb|[from] move: Knock Off|[of] p1a: Scizor","|faint|p2a: Thundurus","|","|","|switch|p2a: Pidgeot|Pidgeot, F|307/307","|-damage|p2a: Pidgeot|231/307|[from] Stealth Rock","|turn|12","|","|detailschange|p2a: Pidgeot|Pidgeot-Mega, F","|-mega|p2a: Pidgeot|Pidgeot|Pidgeotite","|move|p1a: Scizor|Bullet Punch|p2a: Pidgeot","|-damage|p2a: Pidgeot|95/307","|move|p2a: Pidgeot|Heat Wave|p1a: Scizor","|-crit|p1a: Scizor","|-supereffective|p1a: Scizor","|-damage|p1a: Scizor|0 fnt","|faint|p1a: Scizor","|","|-sideend|p2: Knight Applejack|move: Tailwind","|","|switch|p1a: electricity|Magnezone, shiny|313/313","|-item|p1a: electricity|Air Balloon","|turn|13","|","|switch|p1a: steam power|Heatran, F, shiny|323/323","|-item|p1a: steam power|Air Balloon","|move|p2a: Pidgeot|Heat Wave|p1a: steam power","|-start|p1a: steam power|ability: Flash Fire","|","|turn|14","|","|move|p2a: Pidgeot|Hurricane|p1a: steam power","|-resisted|p1a: steam power","|-damage|p1a: steam power|234/323","|-enditem|p1a: steam power|Air Balloon","|move|p1a: steam power|Magma Storm|p2a: Pidgeot","|-damage|p2a: Pidgeot|0 fnt","|faint|p2a: Pidgeot","|","|","|switch|p2a: Togekiss|Togekiss, M|311/311","|-damage|p2a: Togekiss|234/311|[from] Stealth Rock","|turn|15","|","|move|p2a: Togekiss|Water Pulse|p1a: steam power","|-supereffective|p1a: steam power","|-damage|p1a: steam power|84/323","|move|p1a: steam power|Magma Storm|p2a: Togekiss","|-damage|p2a: Togekiss|6/311","|-activate|p2a: Togekiss|move: Magma Storm|[of] p1a: steam power","|","|-damage|p2a: Togekiss|0 fnt|[from] move: Magma Storm|[partiallytrapped]","|faint|p2a: Togekiss","|","|switch|p2a: Landorus-Therian|Landorus-Therian, M|241/319","|-damage|p2a: Landorus-Therian|202/319|[from] Stealth Rock","|-ability|p2a: Landorus-Therian|Intimidate","|-unboost|p1a: steam power|atk|1","|turn|16","|","|move|p2a: Landorus-Therian|Knock Off|p1a: steam power","|-damage|p1a: steam power|0 fnt","|faint|p1a: steam power","|","|","|switch|p1a: electricity|Magnezone, shiny|313/313","|-item|p1a: electricity|Air Balloon","|turn|17","|","|move|p2a: Landorus-Therian|Knock Off|p1a: electricity","|-damage|p1a: electricity|211/313","|-enditem|p1a: electricity|Air Balloon","|move|p1a: electricity|Flash Cannon|p2a: Landorus-Therian","|-damage|p2a: Landorus-Therian|9/319","|","|turn|18","|","|move|p2a: Landorus-Therian|Knock Off|p1a: electricity","|-damage|p1a: electricity|139/313","|move|p1a: electricity|Magnet Rise|p1a: electricity","|-start|p1a: electricity|Magnet Rise","|","|turn|19","|","|move|p2a: Landorus-Therian|Knock Off|p1a: electricity","|-damage|p1a: electricity|59/313","|move|p1a: electricity|Flash Cannon|p2a: Landorus-Therian","|-damage|p2a: Landorus-Therian|0 fnt","|faint|p2a: Landorus-Therian","|","|win|GTX♅Cool"],"p1rating":{"entryid":"10847","serverid":"eos","formatid":"monotype","userid":"gtxcool","username":"GTX♅Cool","w":13,"l":"37","t":"0","gxe":29.8,"r":"1326.2143905752","rd":"52.459169906275","sigma":"0","rptime":"1440320400","rpr":1337.5226807887,"rprd":52.033203314691,"rpsigma":"0","acre":1061.6254813106,"lacre":1061.6254813106,"oldacre":"1000"},"p2rating":{"entryid":"323490","serverid":"eos","formatid":"monotype","userid":"knightapplejack","username":"Knight Applejack","w":"11","l":9,"t":"0","gxe":52.1,"r":"1517.3430347868","rd":"73.235503060571","sigma":"0","rptime":"1440320400","rpr":1516.4315331542,"rprd":70.878171888833,"rpsigma":"0","acre":1171.701815162,"lacre":1171.701815162,"oldacre":"1210.2177409811"},"endType":"normal"}