{"seed":[49360,59271,24809,38871],"turns":21,"p1":"Carnie D Cj","p2":"sovereign♕zoroark","p1team":[{"name":"Hippowdon","species":"Hippowdon","item":"leftovers","ability":"Sand Stream","moves":["earthquake","slackoff","stealthrock","toxic"],"nature":"Impish","evs":{"hp":248,"atk":8,"def":252,"spa":0,"spd":0,"spe":0},"ivs":{"hp":31,"atk":31,"def":31,"spa":31,"spd":31,"spe":31}},{"name":"Excadrill","species":"Excadrill","item":"lifeorb","ability":"Sand Rush","moves":["earthquake","shadowclaw","swordsdance","rockslide"],"nature":"Jolly","evs":{"hp":0,"atk":252,"def":0,"spa":0,"spd":4,"spe":252},"ivs":{"hp":31,"atk":31,"def":31,"spa":31,"spd":31,"spe":31}},{"name":"Donphan","species":"Donphan","item":"assaultvest","ability":"Sturdy","moves":["knockoff","iceshard","stoneedge","earthquake"],"nature":"Careful","evs":{"hp":248,"atk":100,"def":0,"spa":0,"spd":160,"spe":0},"ivs":{"hp":31,"atk":31,"def":31,"spa":31,"spd":31,"spe":31}},{"name":"Gastrodon","species":"Gastrodon","item":"leftovers","ability":"Storm Drain","moves":["toxic","scald","recover","earthpower"],"nature":"Calm","evs":{"hp":248,"atk":0,"def":0,"spa":8,"spd":252,"spe":0},"ivs":{"hp":31,"atk":31,"def":31,"spa":31,"spd":31,"spe":31}},{"name":"Steelix","species":"Steelix","item":"steelixite","ability":"Sheer Force","moves":["heavyslam","dragontail","firefang","earthquake"],"nature":"Adamant","evs":{"hp":248,"atk":252,"def":0,"spa":0,"spd":8,"spe":0},"ivs":{"hp":31,"atk":31,"def":31,"spa":31,"spd":31,"spe":31}},{"name":"Landorus","species":"Landorus","item":"choicescarf","ability":"Sheer Force","moves":["earthpower","psychic","sludgewave","grassknot"],"nature":"Timid","evs":{"hp":0,"atk":0,"def":0,"spa":252,"spd":4,"spe":252},"ivs":{"hp":31,"atk":31,"def":31,"spa":31,"spd":31,"spe":31}}],"p2team":[{"name":"Abomasnow","species":"Abomasnow","item":"abomasite","ability":"Snow Warning","moves":["blizzard","gigadrain","hiddenpowerfire","iceshard"],"nature":"Lax","evs":{"hp":0,"atk":0,"def":4,"spa":252,"spd":252,"spe":0},"ivs":{"hp":31,"atk":30,"def":31,"spa":30,"spd":31,"spe":30},"shiny":true},{"name":"Froslass","species":"Froslass","item":"leftovers","ability":"Snow Cloak","moves":["substitute","thunderbolt","icebeam","destinybond"],"nature":"Timid","evs":{"hp":4,"atk":0,"def":0,"spa":252,"spd":0,"spe":252},"ivs":{"hp":31,"atk":31,"def":31,"spa":31,"spd":31,"spe":31}},{"name":"Kyurem-Black","species":"Kyurem-Black","item":"choicescarf","ability":"Teravolt","moves":["outrage","fusionbolt","stoneedge","facade"],"nature":"Jolly","evs":{"hp":4,"atk":252,"def":0,"spa":0,"spd":0,"spe":252},"shiny":true,"ivs":{"hp":31,"atk":31,"def":31,"spa":31,"spd":31,"spe":31}},{"name":"Mamoswine","species":"Mamoswine","item":"lifeorb","ability":"Snow Cloak","moves":["stealthrock","earthquake","iceshard","stoneedge"],"nature":"Adamant","evs":{"hp":4,"atk":252,"def":0,"spa":0,"spd":0,"spe":252},"ivs":{"hp":31,"atk":31,"def":31,"spa":31,"spd":31,"spe":31}},{"name":"Walrein","species":"Walrein","item":"choicespecs","ability":"Thick Fat","moves":["surf","icebeam","signalbeam","hiddenpowerfire"],"nature":"Modest","evs":{"hp":252,"atk":0,"def":0,"spa":252,"spd":0,"spe":4},"ivs":{"hp":31,"atk":30,"def":31,"spa":30,"spd":31,"spe":30}},{"name":"Cloyster","species":"Cloyster","item":"focussash","ability":"Skill Link","moves":["shellsmash","iciclespear","rockblast","razorshell"],"nature":"Adamant","evs":{"hp":24,"atk":252,"def":0,"spa":0,"spd":0,"spe":232},"ivs":{"hp":31,"atk":31,"def":31,"spa":31,"spd":31,"spe":31}}],"log":["|player|p1|Carnie D Cj|101","|player|p2|sovereign♕zoroark|218","|gametype|singles","|gen|6","|tier|Monotype","|rated","|rule|Baton Pass Clause: Limit one Baton Passer, can't pass Spe and other stats simultaneously","|rule|Swagger Clause: Swagger is banned","|rule|Same Type Clause: Pokémon in a team must share a type","|clearpoke","|poke|p1|Hippowdon, M","|poke|p1|Excadrill, F","|poke|p1|Donphan, F","|poke|p1|Gastrodon, M","|poke|p1|Steelix, M","|poke|p1|Landorus, M","|poke|p2|Abomasnow, F, shiny","|poke|p2|Froslass, F","|poke|p2|Kyurem-Black, shiny","|poke|p2|Mamoswine, M","|poke|p2|Walrein, M","|poke|p2|Cloyster, F","|rule|Sleep Clause Mod: Limit one foe put to sleep","|rule|Species Clause: Limit one of each Pokémon","|rule|OHKO Clause: OHKO moves are banned","|rule|Moody Clause: Moody is banned","|rule|Evasion Moves Clause: Evasion moves are banned","|rule|Endless Battle Clause: Forcing endless battles is banned","|rule|HP Percentage Mod: HP is shown in percentages","|teampreview","|","|start","|switch|p1a: Steelix|Steelix, M|353/353","|switch|p2a: Abomasnow|Abomasnow, F, shiny|321/321","|-weather|Hail","|turn|1","|","|detailschange|p2a: Abomasnow|Abomasnow-Mega, F, shiny","|-mega|p2a: Abomasnow|Abomasnow|Abomasite","|detailschange|p1a: Steelix|Steelix-Mega, M","|-mega|p1a: Steelix|Steelix|Steelixite","|move|p2a: Abomasnow|Hidden Power|p1a: Steelix","|-supereffective|p1a: Steelix","|-damage|p1a: Steelix|199/353","|move|p1a: Steelix|Heavy Slam|p2a: Abomasnow","|-supereffective|p2a: Abomasnow","|-damage|p2a: Abomasnow|33/321","|","|-weather|Hail|[upkeep]","|-damage|p1a: Steelix|177/353|[from] hail","|turn|2","|","|switch|p1a: Hippowdon|Hippowdon, M|419/419","|-weather|Sandstorm","|move|p2a: Abomasnow|Hidden Power|p1a: Hippowdon","|-damage|p1a: Hippowdon|318/419","|","|-weather|Sandstorm|[upkeep]","|-damage|p2a: Abomasnow|13/321|[from] sandstorm","|-heal|p1a: Hippowdon|344/419|[from] item: Leftovers","|turn|3","|","|switch|p1a: Excadrill|Excadrill, F|361/361","|move|p2a: Abomasnow|Ice Shard|p1a: Excadrill","|-damage|p1a: Excadrill|270/361","|","|-weather|Sandstorm|[upkeep]","|-damage|p2a: Abomasnow|0 fnt|[from] sandstorm","|faint|p2a: Abomasnow","|","|switch|p2a: Kyurem-Black|Kyurem-Black, shiny|392/392","|-ability|p2a: Kyurem-Black|Teravolt","|turn|4","|","|move|p1a: Excadrill|Rock Slide|p2a: Kyurem-Black","|-supereffective|p2a: Kyurem-Black","|-damage|p2a: Kyurem-Black|145/392","|-damage|p1a: Excadrill|234/361|[from] item: Life Orb","|move|p2a: Kyurem-Black|Outrage|p1a: Excadrill","|-resisted|p1a: Excadrill","|-damage|p1a: Excadrill|36/361","|","|-weather|Sandstorm|[upkeep]","|-damage|p2a: Kyurem-Black|121/392|[from] sandstorm","|turn|5","|","|move|p1a: Excadrill|Rock Slide|p2a: Kyurem-Black","|-supereffective|p2a: Kyurem-Black","|-damage|p2a: Kyurem-Black|0 fnt","|-damage|p1a: Excadrill|0 fnt|[from] item: Life Orb","|faint|p2a: Kyurem-Black","|faint|p1a: Excadrill","|","|-weather|Sandstorm|[upkeep]","|","|switch|p2a: Cloyster|Cloyster, F|247/247","|switch|p1a: Steelix|Steelix-Mega, M|177/353","|turn|6","|","|move|p2a: Cloyster|Rock Blast|p1a: Steelix","|-resisted|p1a: Steelix","|-damage|p1a: Steelix|174/353","|-resisted|p1a: Steelix","|-damage|p1a: Steelix|171/353","|-resisted|p1a: Steelix","|-damage|p1a: Steelix|168/353","|-resisted|p1a: Steelix","|-damage|p1a: Steelix|165/353","|-resisted|p1a: Steelix","|-damage|p1a: Steelix|162/353","|-hitcount|p1a: Steelix|5","|move|p1a: Steelix|Heavy Slam|p2a: Cloyster","|-damage|p2a: Cloyster|67/247","|","|-weather|none","|turn|7","|","|switch|p1a: Hippowdon|Hippowdon, M|344/419","|-weather|Sandstorm","|move|p2a: Cloyster|Icicle Spear|p1a: Hippowdon","|-supereffective|p1a: Hippowdon","|-damage|p1a: Hippowdon|288/419","|-supereffective|p1a: Hippowdon","|-damage|p1a: Hippowdon|238/419","|-supereffective|p1a: Hippowdon","|-damage|p1a: Hippowdon|188/419","|-supereffective|p1a: Hippowdon","|-damage|p1a: Hippowdon|134/419","|-supereffective|p1a: Hippowdon","|-damage|p1a: Hippowdon|74/419","|-hitcount|p1a: Hippowdon|5","|","|-weather|Sandstorm|[upkeep]","|-damage|p2a: Cloyster|52/247|[from] sandstorm","|-heal|p1a: Hippowdon|100/419|[from] item: Leftovers","|turn|8","|","|switch|p1a: Donphan|Donphan, F|383/383","|move|p2a: Cloyster|Icicle Spear|p1a: Donphan","|-supereffective|p1a: Donphan","|-damage|p1a: Donphan|311/383","|-supereffective|p1a: Donphan","|-damage|p1a: Donphan|239/383","|-supereffective|p1a: Donphan","|-damage|p1a: Donphan|173/383","|-supereffective|p1a: Donphan","|-damage|p1a: Donphan|105/383","|-supereffective|p1a: Donphan","|-damage|p1a: Donphan|37/383","|-hitcount|p1a: Donphan|5","|","|-weather|Sandstorm|[upkeep]","|-damage|p2a: Cloyster|37/247|[from] sandstorm","|turn|9","|","|move|p1a: Donphan|Ice Shard|p2a: Cloyster","|-resisted|p2a: Cloyster","|-damage|p2a: Cloyster|32/247","|move|p2a: Cloyster|Rock Blast|p1a: Donphan","|-resisted|p1a: Donphan","|-damage|p1a: Donphan|26/383","|-resisted|p1a: Donphan","|-damage|p1a: Donphan|13/383","|-resisted|p1a: Donphan","|-damage|p1a: Donphan|1/383","|-resisted|p1a: Donphan","|-damage|p1a: Donphan|0 fnt","|-hitcount|p1a: Donphan|4","|faint|p1a: Donphan","|","|-weather|Sandstorm|[upkeep]","|-damage|p2a: Cloyster|17/247|[from] sandstorm","|","|switch|p1a: Landorus|Landorus, M|319/319","|turn|10","|","|move|p1a: Landorus|Earth Power|p2a: Cloyster","|-damage|p2a: Cloyster|0 fnt","|faint|p2a: Cloyster","|","|-weather|Sandstorm|[upkeep]","|","|switch|p2a: Froslass|Froslass, F|282/282","|turn|11","|","|move|p1a: Landorus|Earth Power|p2a: Froslass","|-damage|p2a: Froslass|11/282","|move|p2a: Froslass|Substitute|p2a: Froslass","|-fail|p2a: Froslass|move: Substitute|[weak]","|","|-weather|none","|-heal|p2a: Froslass|28/282|[from] item: Leftovers","|turn|12","|","|switch|p2a: Walrein|Walrein, M|424/424","|move|p1a: Landorus|Earth Power|p2a: Walrein","|-damage|p2a: Walrein|204/424","|","|turn|13","|","|move|p1a: Landorus|Earth Power|p2a: Walrein","|-damage|p2a: Walrein|0 fnt","|faint|p2a: Walrein","|","|","|switch|p2a: Mamoswine|Mamoswine, M|362/362","|turn|14","|","|move|p2a: Mamoswine|Ice Shard|p1a: Landorus","|-supereffective|p1a: Landorus","|-damage|p1a: Landorus|0 fnt","|-damage|p2a: Mamoswine|326/362|[from] item: Life Orb","|faint|p1a: Landorus","|","|","|switch|p1a: Hippowdon|Hippowdon, M|100/419","|-weather|Sandstorm","|turn|15","|","|move|p2a: Mamoswine|Ice Shard|p1a: Hippowdon","|-supereffective|p1a: Hippowdon","|-damage|p1a: Hippowdon|0 fnt","|-damage|p2a: Mamoswine|290/362|[from] item: Life Orb","|faint|p1a: Hippowdon","|","|-weather|Sandstorm|[upkeep]","|","|switch|p1a: Steelix|Steelix-Mega, M|162/353","|turn|16","|","|move|p2a: Mamoswine|Earthquake|p1a: Steelix","|-supereffective|p1a: Steelix","|-damage|p1a: Steelix|0 fnt","|-damage|p2a: Mamoswine|254/362|[from] item: Life Orb","|faint|p1a: Steelix","|","|-weather|Sandstorm|[upkeep]","|","|switch|p1a: Gastrodon|Gastrodon, M|425/425","|turn|17","|","|move|p2a: Mamoswine|Earthquake|p1a: Gastrodon","|-damage|p1a: Gastrodon|105/425","|-damage|p2a: Mamoswine|218/362|[from] item: Life Orb","|move|p1a: Gastrodon|Scald|p2a: Mamoswine","|-supereffective|p2a: Mamoswine","|-damage|p2a: Mamoswine|0 fnt","|faint|p2a: Mamoswine","|","|-weather|Sandstorm|[upkeep]","|-heal|p1a: Gastrodon|131/425|[from] item: Leftovers","|","|switch|p2a: Froslass|Froslass, F|28/282","|turn|18","|","|move|p2a: Froslass|Destiny Bond|p2a: Froslass","|-singlemove|p2a: Froslass|Destiny Bond","|move|p1a: Gastrodon|Recover|p1a: Gastrodon","|-heal|p1a: Gastrodon|344/425","|","|-weather|Sandstorm|[upkeep]","|-damage|p2a: Froslass|11/282|[from] sandstorm","|-heal|p2a: Froslass|28/282|[from] item: Leftovers","|-heal|p1a: Gastrodon|370/425|[from] item: Leftovers","|turn|19","|","|move|p2a: Froslass|Destiny Bond|p2a: Froslass","|-singlemove|p2a: Froslass|Destiny Bond","|move|p1a: Gastrodon|Recover|p1a: Gastrodon","|-heal|p1a: Gastrodon|425/425","|","|-weather|none","|-heal|p2a: Froslass|45/282|[from] item: Leftovers","|turn|20","|","|move|p2a: Froslass|Destiny Bond|p2a: Froslass","|-singlemove|p2a: Froslass|Destiny Bond","|move|p1a: Gastrodon|Toxic|p2a: Froslass","|-status|p2a: Froslass|tox","|","|-heal|p2a: Froslass|62/282 tox|[from] item: Leftovers","|-damage|p2a: Froslass|45/282 tox|[from] psn","|turn|21","|","|win|Carnie D Cj"],"p1rating":{"entryid":344759,"formatid":"monotype","userid":"carniedcj","username":"Carnie D Cj","r":1500,"rd":130,"sigma":0,"rpr":1527.7811440871,"rprd":123.01149740329,"rpsigma":0,"rptime":1440320400,"w":1,"l":0,"t":0,"gxe":53.5,"acre":1040.323582282,"lacre":1040.323582282,"oldacre":1000},"p2rating":{"entryid":"313593","serverid":"eos","formatid":"monotype","userid":"sovereignzoroark","username":"sovereign♕zoroark","w":"5","l":13,"t":"0","gxe":32.8,"r":"1371.7471491143","rd":"74.50004825256","sigma":"0","rptime":"1440320400","rpr":1362.1678024688,"rprd":73.227815704339,"rpsigma":"0","acre":1000,"lacre":1000,"oldacre":"1002.810661302"},"endType":"forfeit"}