{"seed":[24080,17868,8326,36924],"turns":43,"p1":"Alliance - Ghast","p2":"Yung Draco","p1team":[{"name":"Froslass","species":"Froslass","item":"choicespecs","ability":"Cursed Body","moves":["icebeam","trick","destinybond","psychic"],"nature":"Timid","evs":{"hp":0,"atk":0,"def":0,"spa":252,"spd":4,"spe":252},"ivs":{"hp":31,"atk":31,"def":31,"spa":31,"spd":31,"spe":31}},{"name":"Gourgeist","species":"Gourgeist","item":"rockyhelmet","ability":"Pickup","moves":["bulletseed","rockslide","synthesis","willowisp"],"nature":"Impish","evs":{"hp":248,"atk":8,"def":252,"spa":0,"spd":0,"spe":0},"ivs":{"hp":31,"atk":31,"def":31,"spa":31,"spd":31,"spe":31}},{"name":"Sableye","species":"Sableye","item":"sablenite","ability":"Prankster","moves":["fakeout","toxic","willowisp","recover"],"nature":"Impish","evs":{"hp":248,"atk":0,"def":252,"spa":0,"spd":8,"spe":0},"ivs":{"hp":31,"atk":31,"def":31,"spa":31,"spd":31,"spe":31}},{"name":"Aegislash","species":"Aegislash","item":"weaknesspolicy","ability":"Stance Change","moves":["shadowball","shadowsneak","sacredsword","kingsshield"],"nature":"Serious","evs":{"hp":248,"atk":6,"def":168,"spa":0,"spd":88,"spe":0},"ivs":{"hp":31,"atk":31,"def":31,"spa":31,"spd":31,"spe":31}},{"name":"Chandelure","species":"Chandelure","item":"choicescarf","ability":"Flash Fire","moves":["fireblast","shadowball","energyball","trick"],"nature":"Timid","evs":{"hp":0,"atk":0,"def":0,"spa":252,"spd":4,"spe":252},"ivs":{"hp":31,"atk":31,"def":31,"spa":31,"spd":31,"spe":31}},{"name":"Jellicent","species":"Jellicent","item":"leftovers","ability":"Water Absorb","moves":["surf","willowisp","toxic","recover"],"nature":"Calm","evs":{"hp":252,"atk":0,"def":4,"spa":0,"spd":252,"spe":0},"gender":"M","ivs":{"hp":31,"atk":31,"def":31,"spa":31,"spd":31,"spe":31}}],"p2team":[{"name":"Charizard","species":"Charizard","item":"charizarditey","ability":"Blaze","moves":["roost","overheat","solarbeam","airslash"],"nature":"Timid","evs":{"hp":0,"atk":0,"def":0,"spa":252,"spd":4,"spe":252},"ivs":{"hp":31,"atk":31,"def":31,"spa":31,"spd":31,"spe":31}},{"name":"Skarmory","species":"Skarmory","item":"leftovers","ability":"Sturdy","moves":["roost","stealthrock","whirlwind","ironhead"],"nature":"Impish","evs":{"hp":240,"atk":8,"def":236,"spa":0,"spd":0,"spe":24},"ivs":{"hp":31,"atk":31,"def":31,"spa":31,"spd":31,"spe":31}},{"name":"Zapdos","species":"Zapdos","item":"leftovers","ability":"Pressure","moves":["defog","roost","thunderbolt","voltswitch"],"nature":"Calm","evs":{"hp":248,"atk":0,"def":0,"spa":8,"spd":252,"spe":0},"ivs":{"hp":31,"atk":31,"def":31,"spa":31,"spd":31,"spe":31}},{"name":"Mandibuzz","species":"Mandibuzz","item":"leftovers","ability":"Overcoat","moves":["roost","toxic","foulplay","defog"],"nature":"Careful","evs":{"hp":240,"atk":0,"def":16,"spa":0,"spd":252,"spe":0},"ivs":{"hp":31,"atk":31,"def":31,"spa":31,"spd":31,"spe":31}},{"name":"Landorus","species":"Landorus","item":"lifeorb","ability":"Sheer Force","moves":["grassknot","earthpower","calmmind","psychic"],"nature":"Timid","evs":{"hp":0,"atk":0,"def":0,"spa":252,"spd":4,"spe":252},"ivs":{"hp":31,"atk":31,"def":31,"spa":31,"spd":31,"spe":31}},{"name":"Staraptor","species":"Staraptor","item":"choicescarf","ability":"Reckless","moves":["bravebird","closecombat","doubleedge","uturn"],"nature":"Jolly","evs":{"hp":0,"atk":252,"def":0,"spa":0,"spd":4,"spe":252},"ivs":{"hp":31,"atk":31,"def":31,"spa":31,"spd":31,"spe":31}}],"log":["|player|p1|Alliance - Ghast|allianceghast.png","|player|p2|Yung Draco|143","|gametype|singles","|gen|6","|tier|Monotype","|rated","|rule|Baton Pass Clause: Limit one Baton Passer, can't pass Spe and other stats simultaneously","|rule|Swagger Clause: Swagger is banned","|rule|Same Type Clause: Pokémon in a team must share a type","|clearpoke","|poke|p1|Froslass, F","|poke|p1|Gourgeist-*, M","|poke|p1|Sableye, F","|poke|p1|Aegislash, F","|poke|p1|Chandelure, M","|poke|p1|Jellicent, M","|poke|p2|Charizard, M","|poke|p2|Skarmory, M","|poke|p2|Zapdos","|poke|p2|Mandibuzz, F","|poke|p2|Landorus, M","|poke|p2|Staraptor, F","|rule|Sleep Clause Mod: Limit one foe put to sleep","|rule|Species Clause: Limit one of each Pokémon","|rule|OHKO Clause: OHKO moves are banned","|rule|Moody Clause: Moody is banned","|rule|Evasion Moves Clause: Evasion moves are banned","|rule|Endless Battle Clause: Forcing endless battles is banned","|rule|HP Percentage Mod: HP is shown in percentages","|teampreview","|","|start","|switch|p1a: Sableye|Sableye, F|303/303","|switch|p2a: Landorus|Landorus, M|319/319","|turn|1","|","|detailschange|p1a: Sableye|Sableye-Mega, F","|-mega|p1a: Sableye|Sableye|Sablenite","|move|p1a: Sableye|Fake Out|p2a: Landorus","|-damage|p2a: Landorus|287/319","|cant|p2a: Landorus|flinch","|","|turn|2","|","|switch|p1a: Jellicent|Jellicent, M|404/404","|move|p2a: Landorus|Earth Power|p1a: Jellicent","|-damage|p1a: Jellicent|236/404","|","|-heal|p1a: Jellicent|261/404|[from] item: Leftovers","|turn|3","|","|switch|p2a: Mandibuzz|Mandibuzz, F|421/421","|move|p1a: Jellicent|Toxic|p2a: Mandibuzz","|-status|p2a: Mandibuzz|tox","|","|-heal|p1a: Jellicent|286/404|[from] item: Leftovers","|-damage|p2a: Mandibuzz|395/421 tox|[from] psn","|turn|4","|","|switch|p1a: Sableye|Sableye-Mega, F|303/303","|move|p2a: Mandibuzz|Toxic|p1a: Sableye","|move|p1a: Sableye|Toxic|p2a: Mandibuzz|[from]Magic Bounce","|-fail|p2a: Mandibuzz|tox","|","|-heal|p2a: Mandibuzz|421/421 tox|[from] item: Leftovers","|-damage|p2a: Mandibuzz|369/421 tox|[from] psn","|turn|5","|","|switch|p2a: Charizard|Charizard, M|297/297","|switch|p1a: Froslass|Froslass, F|281/281","|","|turn|6","|","|switch|p1a: Chandelure|Chandelure, M|261/261","|detailschange|p2a: Charizard|Charizard-Mega-Y, M","|-mega|p2a: Charizard|Charizard|Charizardite Y","|-weather|SunnyDay","|move|p2a: Charizard|Air Slash|p1a: Chandelure","|-damage|p1a: Chandelure|90/261","|","|-weather|SunnyDay|[upkeep]","|turn|7","|","|switch|p2a: Mandibuzz|Mandibuzz, F|369/421 tox","|move|p1a: Chandelure|Shadow Ball|p2a: Mandibuzz","|-resisted|p2a: Mandibuzz","|-damage|p2a: Mandibuzz|314/421 tox","|","|-weather|SunnyDay|[upkeep]","|-heal|p2a: Mandibuzz|340/421 tox|[from] item: Leftovers","|-damage|p2a: Mandibuzz|314/421 tox|[from] psn","|turn|8","|","|switch|p1a: Sableye|Sableye-Mega, F|303/303","|move|p2a: Mandibuzz|Foul Play|p1a: Sableye","|-crit|p1a: Sableye","|-damage|p1a: Sableye|219/303","|","|-weather|SunnyDay|[upkeep]","|-heal|p2a: Mandibuzz|340/421 tox|[from] item: Leftovers","|-damage|p2a: Mandibuzz|288/421 tox|[from] psn","|turn|9","|","|switch|p2a: Charizard|Charizard-Mega-Y, M|297/297","|switch|p1a: Froslass|Froslass, F|281/281","|","|-weather|SunnyDay|[upkeep]","|turn|10","|","|move|p1a: Froslass|Destiny Bond|p1a: Froslass","|-singlemove|p1a: Froslass|Destiny Bond","|move|p2a: Charizard|Air Slash|p1a: Froslass","|-crit|p1a: Froslass","|-damage|p1a: Froslass|0 fnt","|faint|p1a: Froslass","|-activate|p1a: Froslass|Destiny Bond","|faint|p2a: Charizard","|","|-weather|none","|","|switch|p2a: Staraptor|Staraptor, F|311/311","|switch|p1a: Jellicent|Jellicent, M|286/404","|turn|11","|","|switch|p1a: Aegislash|Aegislash, F|323/323","|move|p2a: Staraptor|U-turn|p1a: Aegislash","|-resisted|p1a: Aegislash","|-damage|p1a: Aegislash|312/323","|","|switch|p2a: Landorus|Landorus, M|287/319","|","|turn|12","|","|switch|p1a: Chandelure|Chandelure, M|90/261","|move|p2a: Landorus|Calm Mind|p2a: Landorus","|-boost|p2a: Landorus|spa|1","|-boost|p2a: Landorus|spd|1","|","|turn|13","|","|move|p1a: Chandelure|Shadow Ball|p2a: Landorus","|-damage|p2a: Landorus|155/319","|move|p2a: Landorus|Earth Power|p1a: Chandelure","|-supereffective|p1a: Chandelure","|-damage|p1a: Chandelure|0 fnt","|faint|p1a: Chandelure","|","|","|switch|p1a: Jellicent|Jellicent, M|286/404","|turn|14","|","|move|p2a: Landorus|Grass Knot|p1a: Jellicent","|-supereffective|p1a: Jellicent","|-damage|p1a: Jellicent|8/404","|-damage|p2a: Landorus|124/319|[from] item: Life Orb","|move|p1a: Jellicent|Surf|p2a: Landorus","|-supereffective|p2a: Landorus","|-damage|p2a: Landorus|0 fnt","|faint|p2a: Landorus","|","|-heal|p1a: Jellicent|33/404|[from] item: Leftovers","|","|switch|p2a: Staraptor|Staraptor, F|311/311","|turn|15","|","|move|p2a: Staraptor|U-turn|p1a: Jellicent","|-resisted|p1a: Jellicent","|-damage|p1a: Jellicent|0 fnt","|faint|p1a: Jellicent","|","|switch|p2a: Zapdos|Zapdos|383/383","|-ability|p2a: Zapdos|Pressure","|","|","|switch|p1a: Gourgeist|Gourgeist, M|333/333","|turn|16","|","|move|p2a: Zapdos|Volt Switch|p1a: Gourgeist","|-resisted|p1a: Gourgeist","|-damage|p1a: Gourgeist|265/333","|","|switch|p2a: Mandibuzz|Mandibuzz, F|288/421 tox","|move|p1a: Gourgeist|Rock Slide|p2a: Mandibuzz","|-supereffective|p2a: Mandibuzz","|-damage|p2a: Mandibuzz|178/421 tox","|","|-heal|p2a: Mandibuzz|204/421 tox|[from] item: Leftovers","|-damage|p2a: Mandibuzz|178/421 tox|[from] psn","|turn|17","|","|switch|p1a: Sableye|Sableye-Mega, F|219/303","|move|p2a: Mandibuzz|Toxic|p1a: Sableye","|move|p1a: Sableye|Toxic|p2a: Mandibuzz|[from]Magic Bounce","|-fail|p2a: Mandibuzz|tox","|","|-heal|p2a: Mandibuzz|204/421 tox|[from] item: Leftovers","|-damage|p2a: Mandibuzz|152/421 tox|[from] psn","|turn|18","|","|move|p2a: Mandibuzz|Roost|p2a: Mandibuzz","|-heal|p2a: Mandibuzz|363/421 tox","|move|p1a: Sableye|Recover|p1a: Sableye","|-heal|p1a: Sableye|303/303","|","|-heal|p2a: Mandibuzz|389/421 tox|[from] item: Leftovers","|-damage|p2a: Mandibuzz|311/421 tox|[from] psn","|turn|19","|","|switch|p2a: Staraptor|Staraptor, F|311/311","|move|p1a: Sableye|Toxic|p2a: Staraptor|[miss]","|-miss|p1a: Sableye|p2a: Staraptor","|","|turn|20","|","|move|p2a: Staraptor|Brave Bird|p1a: Sableye","|-damage|p1a: Sableye|155/303","|-damage|p2a: Staraptor|262/311|[from] recoil|[of] p1a: Sableye","|move|p1a: Sableye|Recover|p1a: Sableye","|-heal|p1a: Sableye|303/303","|","|turn|21","|","|switch|p2a: Zapdos|Zapdos|383/383","|-ability|p2a: Zapdos|Pressure","|move|p1a: Sableye|Will-O-Wisp|p2a: Zapdos","|-status|p2a: Zapdos|brn","|","|-damage|p2a: Zapdos|336/383 brn|[from] brn","|turn|22","|","|move|p2a: Zapdos|Thunderbolt|p1a: Sableye","|-damage|p1a: Sableye|179/303","|move|p1a: Sableye|Recover|p1a: Sableye","|-heal|p1a: Sableye|303/303","|","|-heal|p2a: Zapdos|359/383 brn|[from] item: Leftovers","|-damage|p2a: Zapdos|312/383 brn|[from] brn","|turn|23","|","|switch|p1a: Gourgeist|Gourgeist, M|265/333","|move|p2a: Zapdos|Thunderbolt|p1a: Gourgeist","|-crit|p1a: Gourgeist","|-resisted|p1a: Gourgeist","|-damage|p1a: Gourgeist|147/333","|","|-heal|p2a: Zapdos|335/383 brn|[from] item: Leftovers","|-damage|p2a: Zapdos|288/383 brn|[from] brn","|turn|24","|","|move|p2a: Zapdos|Thunderbolt|p1a: Gourgeist","|-resisted|p1a: Gourgeist","|-damage|p1a: Gourgeist|58/333","|move|p1a: Gourgeist|Synthesis|p1a: Gourgeist","|-heal|p1a: Gourgeist|224/333","|","|-heal|p2a: Zapdos|311/383 brn|[from] item: Leftovers","|-damage|p2a: Zapdos|264/383 brn|[from] brn","|turn|25","|","|move|p2a: Zapdos|Volt Switch|p1a: Gourgeist","|-resisted|p1a: Gourgeist","|-damage|p1a: Gourgeist|157/333","|","|switch|p2a: Staraptor|Staraptor, F|262/311","|move|p1a: Gourgeist|Synthesis|p1a: Gourgeist","|-heal|p1a: Gourgeist|323/333","|","|turn|26","|","|switch|p2a: Zapdos|Zapdos|264/383 brn","|-ability|p2a: Zapdos|Pressure","|switch|p1a: Aegislash|Aegislash, F|312/323","|","|-heal|p2a: Zapdos|287/383 brn|[from] item: Leftovers","|-damage|p2a: Zapdos|240/383 brn|[from] brn","|turn|27","|","|move|p2a: Zapdos|Roost|p2a: Zapdos","|-heal|p2a: Zapdos|383/383 brn","|-formechange|p1a: Aegislash|Aegislash-Blade","|move|p1a: Aegislash|Shadow Ball|p2a: Zapdos","|-damage|p2a: Zapdos|272/383 brn","|","|-heal|p2a: Zapdos|295/383 brn|[from] item: Leftovers","|-damage|p2a: Zapdos|248/383 brn|[from] brn","|turn|28","|","|-formechange|p1a: Aegislash|Aegislash","|move|p1a: Aegislash|King's Shield|p1a: Aegislash","|-singleturn|p1a: Aegislash|Protect","|move|p2a: Zapdos|Roost|p2a: Zapdos","|-heal|p2a: Zapdos|383/383 brn","|","|-damage|p2a: Zapdos|336/383 brn|[from] brn","|turn|29","|","|move|p2a: Zapdos|Thunderbolt|p1a: Aegislash","|-damage|p1a: Aegislash|233/323","|-formechange|p1a: Aegislash|Aegislash-Blade","|move|p1a: Aegislash|Shadow Ball|p2a: Zapdos","|-damage|p2a: Zapdos|225/383 brn","|","|-heal|p2a: Zapdos|248/383 brn|[from] item: Leftovers","|-damage|p2a: Zapdos|201/383 brn|[from] brn","|turn|30","|","|move|p2a: Zapdos|Volt Switch|p1a: Aegislash","|-damage|p1a: Aegislash|95/323","|","|switch|p2a: Staraptor|Staraptor, F|262/311","|move|p1a: Aegislash|Shadow Ball|p2a: Staraptor","|-immune|p2a: Staraptor|[msg]","|","|turn|31","|","|switch|p2a: Zapdos|Zapdos|201/383 brn","|-ability|p2a: Zapdos|Pressure","|-formechange|p1a: Aegislash|Aegislash","|move|p1a: Aegislash|King's Shield|p1a: Aegislash","|-fail|p1a: Aegislash","|","|-heal|p2a: Zapdos|224/383 brn|[from] item: Leftovers","|-damage|p2a: Zapdos|177/383 brn|[from] brn","|turn|32","|","|move|p2a: Zapdos|Thunderbolt|p1a: Aegislash","|-damage|p1a: Aegislash|5/323","|-status|p1a: Aegislash|par","|-formechange|p1a: Aegislash|Aegislash-Blade","|move|p1a: Aegislash|Shadow Ball|p2a: Zapdos","|-damage|p2a: Zapdos|69/383 brn","|","|-heal|p2a: Zapdos|92/383 brn|[from] item: Leftovers","|-damage|p2a: Zapdos|45/383 brn|[from] brn","|turn|33","|","|move|p2a: Zapdos|Roost|p2a: Zapdos","|-heal|p2a: Zapdos|237/383 brn","|move|p1a: Aegislash|Sacred Sword|p2a: Zapdos","|-crit|p2a: Zapdos","|-damage|p2a: Zapdos|58/383 brn","|","|-heal|p2a: Zapdos|81/383 brn|[from] item: Leftovers","|-damage|p2a: Zapdos|34/383 brn|[from] brn","|turn|34","|","|move|p1a: Aegislash|Shadow Sneak|p2a: Zapdos","|-damage|p2a: Zapdos|0 fnt","|faint|p2a: Zapdos","|","|","|switch|p2a: Skarmory|Skarmory, M|331/331","|turn|35","|","|switch|p1a: Sableye|Sableye-Mega, F|303/303","|move|p2a: Skarmory|Iron Head|p1a: Sableye","|-damage|p1a: Sableye|251/303","|","|turn|36","|","|move|p2a: Skarmory|Iron Head|p1a: Sableye","|-damage|p1a: Sableye|203/303","|move|p1a: Sableye|Will-O-Wisp|p2a: Skarmory","|-status|p2a: Skarmory|brn","|","|-damage|p2a: Skarmory|290/331 brn|[from] brn","|turn|37","|","|move|p1a: Sableye|Recover|p1a: Sableye","|-heal|p1a: Sableye|303/303","|move|p2a: Skarmory|Whirlwind|p1a: Sableye","|move|p1a: Sableye|Whirlwind|p2a: Skarmory|[from]Magic Bounce","|drag|p2a: Mandibuzz|Mandibuzz, F|311/421 tox","|","|-heal|p2a: Mandibuzz|337/421 tox|[from] item: Leftovers","|-damage|p2a: Mandibuzz|311/421 tox|[from] psn","|turn|38","|","|move|p2a: Mandibuzz|Foul Play|p1a: Sableye","|-damage|p1a: Sableye|243/303","|move|p1a: Sableye|Recover|p1a: Sableye","|-heal|p1a: Sableye|303/303","|","|-heal|p2a: Mandibuzz|337/421 tox|[from] item: Leftovers","|-damage|p2a: Mandibuzz|285/421 tox|[from] psn","|turn|39","|","|move|p2a: Mandibuzz|Foul Play|p1a: Sableye","|-damage|p1a: Sableye|246/303","|move|p1a: Sableye|Toxic|p2a: Mandibuzz","|-fail|p2a: Mandibuzz|tox","|","|-heal|p2a: Mandibuzz|311/421 tox|[from] item: Leftovers","|-damage|p2a: Mandibuzz|233/421 tox|[from] psn","|turn|40","|","|move|p2a: Mandibuzz|Foul Play|p1a: Sableye","|-damage|p1a: Sableye|186/303","|move|p1a: Sableye|Toxic|p2a: Mandibuzz","|-fail|p2a: Mandibuzz|tox","|","|-heal|p2a: Mandibuzz|259/421 tox|[from] item: Leftovers","|-damage|p2a: Mandibuzz|155/421 tox|[from] psn","|turn|41","|","|move|p2a: Mandibuzz|Foul Play|p1a: Sableye","|-damage|p1a: Sableye|125/303","|move|p1a: Sableye|Toxic|p2a: Mandibuzz","|-fail|p2a: Mandibuzz|tox","|","|-heal|p2a: Mandibuzz|181/421 tox|[from] item: Leftovers","|-damage|p2a: Mandibuzz|51/421 tox|[from] psn","|turn|42","|","|move|p2a: Mandibuzz|Foul Play|p1a: Sableye","|-damage|p1a: Sableye|70/303","|move|p1a: Sableye|Toxic|p2a: Mandibuzz","|-fail|p2a: Mandibuzz|tox","|","|-heal|p2a: Mandibuzz|77/421 tox|[from] item: Leftovers","|-damage|p2a: Mandibuzz|0 fnt|[from] psn","|faint|p2a: Mandibuzz","|","|switch|p2a: Staraptor|Staraptor, F|262/311","|turn|43","|","|win|Yung Draco"],"p1rating":{"entryid":"367773","serverid":"eos","formatid":"monotype","userid":"allianceghast","username":"Alliance - Ghast","w":"1","l":1,"t":"0","gxe":48.5,"r":"1500","rd":"130","sigma":"0","rptime":"1440320400","rpr":1488.4492535962,"rprd":116.91164760748,"rpsigma":"0","acre":1025.2783170375,"lacre":1025.2783170375,"oldacre":"1040"},"p2rating":{"entryid":"365975","serverid":"eos","formatid":"monotype","userid":"yungdraco","username":"Yung Draco","w":3,"l":"5","t":"0","gxe":44.9,"r":"1500","rd":"130","sigma":"0","rptime":"1440320400","rpr":1460.2397373433,"rprd":91.858155036003,"rpsigma":"0","acre":1095.2619009301,"lacre":1095.2619009301,"oldacre":"1067.8175911073"},"endType":"forfeit"}