{"seed":[51301,789,13781,31121],"turns":35,"p1":"Professor♅ Gotenks","p2":"Yung Draco","p1team":[{"name":"Azumarill","species":"Azumarill","item":"sitrusberry","ability":"Huge Power","moves":["bellydrum","aquajet","playrough","superpower"],"nature":"Adamant","evs":{"hp":252,"atk":252,"def":0,"spa":0,"spd":4,"spe":0},"ivs":{"hp":31,"atk":31,"def":31,"spa":31,"spd":31,"spe":31}},{"name":"Clefable","species":"Clefable","item":"leftovers","ability":"Magic Guard","moves":["moonblast","flamethrower","icebeam","psychic"],"nature":"Modest","evs":{"hp":252,"atk":0,"def":0,"spa":252,"spd":4,"spe":0},"shiny":true,"ivs":{"hp":31,"atk":31,"def":31,"spa":31,"spd":31,"spe":31}},{"name":"Togekiss","species":"Togekiss","item":"focussash","ability":"Serene Grace","moves":["airslash","ancientpower","thunderwave","flamethrower"],"nature":"Modest","evs":{"hp":248,"atk":0,"def":0,"spa":252,"spd":8,"spe":0},"ivs":{"hp":31,"atk":31,"def":31,"spa":31,"spd":31,"spe":31}},{"name":"Klefki","species":"Klefki","item":"lightclay","ability":"Prankster","moves":["reflect","lightscreen","thunderwave","drainingkiss"],"nature":"Bold","evs":{"hp":248,"atk":0,"def":252,"spa":8,"spd":0,"spe":0},"ivs":{"hp":31,"atk":31,"def":31,"spa":31,"spd":31,"spe":31}},{"name":"Florges","species":"Florges","item":"assaultvest","ability":"Flower Veil","moves":["moonblast","gigadrain","psychic","hiddenpowerfire"],"nature":"Modest","evs":{"hp":40,"atk":0,"def":0,"spa":252,"spd":0,"spe":216},"ivs":{"hp":31,"atk":30,"def":31,"spa":30,"spd":31,"spe":30}},{"name":"Slurpuff","species":"Slurpuff","item":"redcard","ability":"Unburden","moves":["cottonguard","bellydrum","drainpunch","playrough"],"nature":"Adamant","evs":{"hp":0,"atk":252,"def":0,"spa":0,"spd":4,"spe":252},"shiny":true,"ivs":{"hp":31,"atk":31,"def":31,"spa":31,"spd":31,"spe":31}}],"p2team":[{"name":"Crawdaunt","species":"Crawdaunt","item":"lifeorb","ability":"Adaptability","moves":["crabhammer","dragondance","knockoff","aquajet"],"nature":"Jolly","evs":{"hp":0,"atk":252,"def":0,"spa":0,"spd":4,"spe":252},"ivs":{"hp":31,"atk":31,"def":31,"spa":31,"spd":31,"spe":31}},{"name":"Swampert","species":"Swampert","item":"swampertite","ability":"Torrent","moves":["icepunch","earthquake","waterfall","poweruppunch"],"nature":"Jolly","evs":{"hp":0,"atk":252,"def":0,"spa":0,"spd":4,"spe":252},"ivs":{"hp":31,"atk":31,"def":31,"spa":31,"spd":31,"spe":31}},{"name":"Politoed","species":"Politoed","item":"leftovers","ability":"Drizzle","moves":["encore","toxic","hydropump","icebeam"],"nature":"Calm","evs":{"hp":252,"atk":0,"def":0,"spa":4,"spd":252,"spe":0},"ivs":{"hp":31,"atk":31,"def":31,"spa":31,"spd":31,"spe":31}},{"name":"Keldeo-Resolute","species":"Keldeo-Resolute","item":"choicespecs","ability":"Justified","moves":["secretsword","scald","icywind","hydropump"],"nature":"Timid","evs":{"hp":0,"atk":0,"def":0,"spa":252,"spd":4,"spe":252},"ivs":{"hp":31,"atk":31,"def":31,"spa":31,"spd":31,"spe":31}},{"name":"Slowbro","species":"Slowbro","item":"leftovers","ability":"Regenerator","moves":["thunderwave","psyshock","scald","slackoff"],"nature":"Bold","evs":{"hp":252,"atk":0,"def":252,"spa":4,"spd":0,"spe":0},"ivs":{"hp":31,"atk":31,"def":31,"spa":31,"spd":31,"spe":31}},{"name":"Tentacruel","species":"Tentacruel","item":"leftovers","ability":"Liquid Ooze","moves":["rapidspin","icebeam","toxicspikes","scald"],"nature":"Calm","evs":{"hp":248,"atk":0,"def":0,"spa":0,"spd":252,"spe":8},"ivs":{"hp":31,"atk":31,"def":31,"spa":31,"spd":31,"spe":31}}],"log":["|player|p1|Professor♅ Gotenks|professorgotenks.png","|player|p2|Yung Draco|143","|gametype|singles","|gen|6","|tier|Monotype","|rated","|rule|Baton Pass Clause: Limit one Baton Passer, can't pass Spe and other stats simultaneously","|rule|Swagger Clause: Swagger is banned","|rule|Same Type Clause: Pokémon in a team must share a type","|clearpoke","|poke|p1|Azumarill, M","|poke|p1|Clefable, M, shiny","|poke|p1|Togekiss, F","|poke|p1|Klefki, M","|poke|p1|Florges, F","|poke|p1|Slurpuff, F, shiny","|poke|p2|Crawdaunt, M","|poke|p2|Swampert, M","|poke|p2|Politoed, M","|poke|p2|Keldeo-Resolute","|poke|p2|Slowbro, F","|poke|p2|Tentacruel, M","|rule|Sleep Clause Mod: Limit one foe put to sleep","|rule|Species Clause: Limit one of each Pokémon","|rule|OHKO Clause: OHKO moves are banned","|rule|Moody Clause: Moody is banned","|rule|Evasion Moves Clause: Evasion moves are banned","|rule|Endless Battle Clause: Forcing endless battles is banned","|rule|HP Percentage Mod: HP is shown in percentages","|teampreview","|","|start","|switch|p1a: Slurpuff|Slurpuff, F, shiny|305/305","|switch|p2a: Politoed|Politoed, M|384/384","|-weather|RainDance","|turn|1","|","|move|p1a: Slurpuff|Belly Drum|p1a: Slurpuff","|-damage|p1a: Slurpuff|153/305","|-setboost|p1a: Slurpuff|atk|6|[from] move: Belly Drum","|move|p2a: Politoed|Encore|p1a: Slurpuff","|-start|p1a: Slurpuff|Encore","|","|-weather|RainDance|[upkeep]","|turn|2","|","|move|p1a: Slurpuff|Belly Drum|p1a: Slurpuff","|-fail|p1a: Slurpuff","|move|p2a: Politoed|Ice Beam|p1a: Slurpuff","|-damage|p1a: Slurpuff|76/305","|-status|p1a: Slurpuff|frz","|-enditem|p1a: Slurpuff|Red Card|[of] p2a: Politoed","|drag|p2a: Tentacruel|Tentacruel, M|363/363","|","|-weather|RainDance|[upkeep]","|turn|3","|","|cant|p1a: Slurpuff|frz","|move|p2a: Tentacruel|Toxic Spikes|p1a: Slurpuff","|-sidestart|p1: Professor♅ Gotenks|move: Toxic Spikes","|","|-weather|RainDance|[upkeep]","|turn|4","|","|cant|p1a: Slurpuff|frz","|move|p2a: Tentacruel|Scald|p1a: Slurpuff","|-damage|p1a: Slurpuff|0 fnt","|faint|p1a: Slurpuff","|","|-weather|RainDance|[upkeep]","|","|switch|p1a: Clefable|Clefable, M, shiny|394/394","|-status|p1a: Clefable|psn","|turn|5","|","|move|p2a: Tentacruel|Toxic Spikes|p1a: Clefable","|-sidestart|p1: Professor♅ Gotenks|move: Toxic Spikes","|move|p1a: Clefable|Psychic|p2a: Tentacruel","|-supereffective|p2a: Tentacruel","|-damage|p2a: Tentacruel|251/363","|","|-weather|none","|-heal|p2a: Tentacruel|273/363|[from] item: Leftovers","|turn|6","|","|switch|p2a: Crawdaunt|Crawdaunt, M|267/267","|move|p1a: Clefable|Psychic|p2a: Crawdaunt","|-immune|p2a: Crawdaunt|[msg]","|","|turn|7","|","|switch|p2a: Tentacruel|Tentacruel, M|273/363","|move|p1a: Clefable|Moonblast|p2a: Tentacruel","|-crit|p2a: Tentacruel","|-resisted|p2a: Tentacruel","|-damage|p2a: Tentacruel|200/363","|","|-heal|p2a: Tentacruel|222/363|[from] item: Leftovers","|turn|8","|","|switch|p1a: Klefki|Klefki, M|317/317","|move|p2a: Tentacruel|Scald|p1a: Klefki","|-damage|p1a: Klefki|233/317","|","|-heal|p2a: Tentacruel|244/363|[from] item: Leftovers","|turn|9","|","|switch|p2a: Politoed|Politoed, M|384/384","|-weather|RainDance","|move|p1a: Klefki|Light Screen|p1a: Klefki","|-sidestart|p1: Professor♅ Gotenks|move: Light Screen","|","|-weather|RainDance|[upkeep]","|turn|10","|","|move|p1a: Klefki|Reflect|p1a: Klefki","|-sidestart|p1: Professor♅ Gotenks|Reflect","|move|p2a: Politoed|Encore|p1a: Klefki","|-start|p1a: Klefki|Encore","|","|-weather|RainDance|[upkeep]","|turn|11","|","|switch|p1a: Togekiss|Togekiss, F|373/373","|move|p2a: Politoed|Hydro Pump|p1a: Togekiss","|-damage|p1a: Togekiss|292/373","|","|-weather|RainDance|[upkeep]","|turn|12","|","|switch|p2a: Tentacruel|Tentacruel, M|244/363","|move|p1a: Togekiss|Air Slash|p2a: Tentacruel","|-damage|p2a: Tentacruel|159/363","|","|-weather|RainDance|[upkeep]","|-heal|p2a: Tentacruel|181/363|[from] item: Leftovers","|turn|13","|","|move|p2a: Tentacruel|Ice Beam|p1a: Togekiss","|-supereffective|p1a: Togekiss","|-damage|p1a: Togekiss|240/373","|-status|p1a: Togekiss|frz","|cant|p1a: Togekiss|frz","|","|-weather|none","|-heal|p2a: Tentacruel|203/363|[from] item: Leftovers","|turn|14","|","|switch|p2a: Swampert|Swampert, M|341/341","|cant|p1a: Togekiss|frz","|","|turn|15","|","|detailschange|p2a: Swampert|Swampert-Mega, M","|-mega|p2a: Swampert|Swampert|Swampertite","|move|p2a: Swampert|Power-Up Punch|p1a: Togekiss","|-resisted|p1a: Togekiss","|-damage|p1a: Togekiss|233/373 frz","|-boost|p2a: Swampert|atk|1","|cant|p1a: Togekiss|frz","|","|turn|16","|","|move|p2a: Swampert|Ice Punch|p1a: Togekiss","|-supereffective|p1a: Togekiss","|-damage|p1a: Togekiss|72/373 frz","|cant|p1a: Togekiss|frz","|","|-sideend|p1: Professor♅ Gotenks|move: Light Screen","|turn|17","|","|move|p2a: Swampert|Ice Punch|p1a: Togekiss","|-supereffective|p1a: Togekiss","|-damage|p1a: Togekiss|0 fnt","|faint|p1a: Togekiss","|","|-sideend|p1: Professor♅ Gotenks|Reflect","|","|switch|p1a: Klefki|Klefki, M|233/317","|turn|18","|","|move|p1a: Klefki|Reflect|p1a: Klefki","|-sidestart|p1: Professor♅ Gotenks|Reflect","|move|p2a: Swampert|Earthquake|p1a: Klefki","|-supereffective|p1a: Klefki","|-damage|p1a: Klefki|20/317","|","|turn|19","|","|move|p1a: Klefki|Light Screen|p1a: Klefki","|-sidestart|p1: Professor♅ Gotenks|move: Light Screen","|move|p2a: Swampert|Power-Up Punch|p1a: Klefki","|-damage|p1a: Klefki|0 fnt","|-boost|p2a: Swampert|atk|1","|faint|p1a: Klefki","|","|","|switch|p1a: Florges|Florges, F|307/307","|-status|p1a: Florges|tox","|turn|20","|","|move|p2a: Swampert|Waterfall|p1a: Florges","|-damage|p1a: Florges|94/307 tox","|move|p1a: Florges|Giga Drain|p2a: Swampert","|-supereffective|p2a: Swampert","|-damage|p2a: Swampert|0 fnt","|-heal|p1a: Florges|265/307 tox|[from] drain|[of] p2a: Swampert","|faint|p2a: Swampert","|","|-damage|p1a: Florges|246/307 tox|[from] psn","|","|switch|p2a: Tentacruel|Tentacruel, M|203/363","|turn|21","|","|move|p1a: Florges|Psychic|p2a: Tentacruel","|-supereffective|p2a: Tentacruel","|-damage|p2a: Tentacruel|75/363","|move|p2a: Tentacruel|Scald|p1a: Florges","|-damage|p1a: Florges|228/307 tox","|","|-heal|p2a: Tentacruel|97/363|[from] item: Leftovers","|-damage|p1a: Florges|190/307 tox|[from] psn","|turn|22","|","|move|p1a: Florges|Psychic|p2a: Tentacruel","|-supereffective|p2a: Tentacruel","|-damage|p2a: Tentacruel|0 fnt","|faint|p2a: Tentacruel","|","|-damage|p1a: Florges|133/307 tox|[from] psn","|","|switch|p2a: Crawdaunt|Crawdaunt, M|267/267","|turn|23","|","|move|p1a: Florges|Moonblast|p2a: Crawdaunt","|-supereffective|p2a: Crawdaunt","|-damage|p2a: Crawdaunt|0 fnt","|faint|p2a: Crawdaunt","|","|-damage|p1a: Florges|57/307 tox|[from] psn","|","|switch|p2a: Keldeo-Resolute|Keldeo-Resolute|323/323","|turn|24","|","|move|p2a: Keldeo-Resolute|Scald|p1a: Florges","|-damage|p1a: Florges|5/307 tox","|move|p1a: Florges|Giga Drain|p2a: Keldeo-Resolute","|-supereffective|p2a: Keldeo-Resolute","|-damage|p2a: Keldeo-Resolute|129/323","|-heal|p1a: Florges|102/307 tox|[from] drain|[of] p2a: Keldeo-Resolute","|","|-damage|p1a: Florges|7/307 tox|[from] psn","|turn|25","|","|move|p2a: Keldeo-Resolute|Scald|p1a: Florges","|-damage|p1a: Florges|0 fnt","|faint|p1a: Florges","|","|-sideend|p1: Professor♅ Gotenks|Reflect","|","|switch|p1a: Clefable|Clefable, M, shiny|394/394 psn","|turn|26","|","|switch|p2a: Slowbro|Slowbro, F|394/394","|move|p1a: Clefable|Moonblast|p2a: Slowbro","|-damage|p2a: Slowbro|201/394","|","|-heal|p2a: Slowbro|225/394|[from] item: Leftovers","|-sideend|p1: Professor♅ Gotenks|move: Light Screen","|turn|27","|","|move|p1a: Clefable|Moonblast|p2a: Slowbro","|-damage|p2a: Slowbro|53/394","|-unboost|p2a: Slowbro|spa|1","|move|p2a: Slowbro|Psyshock|p1a: Clefable","|-damage|p1a: Clefable|312/394 psn","|","|-heal|p1a: Clefable|336/394 psn|[from] item: Leftovers","|-heal|p2a: Slowbro|77/394|[from] item: Leftovers","|turn|28","|","|switch|p2a: Politoed|Politoed, M|384/384","|-weather|RainDance","|move|p1a: Clefable|Moonblast|p2a: Politoed","|-damage|p2a: Politoed|269/384","|","|-weather|RainDance|[upkeep]","|-heal|p2a: Politoed|293/384|[from] item: Leftovers","|-heal|p1a: Clefable|360/394 psn|[from] item: Leftovers","|turn|29","|","|move|p2a: Politoed|Hydro Pump|p1a: Clefable|[miss]","|-miss|p2a: Politoed|p1a: Clefable","|move|p1a: Clefable|Moonblast|p2a: Politoed","|-damage|p2a: Politoed|193/384","|","|-weather|RainDance|[upkeep]","|-heal|p2a: Politoed|217/384|[from] item: Leftovers","|-heal|p1a: Clefable|384/394 psn|[from] item: Leftovers","|turn|30","|","|move|p2a: Politoed|Hydro Pump|p1a: Clefable","|-damage|p1a: Clefable|183/394 psn","|move|p1a: Clefable|Moonblast|p2a: Politoed","|-crit|p2a: Politoed","|-damage|p2a: Politoed|54/384","|","|-weather|RainDance|[upkeep]","|-heal|p2a: Politoed|78/384|[from] item: Leftovers","|-heal|p1a: Clefable|207/394 psn|[from] item: Leftovers","|turn|31","|","|move|p2a: Politoed|Hydro Pump|p1a: Clefable","|-damage|p1a: Clefable|8/394 psn","|move|p1a: Clefable|Moonblast|p2a: Politoed","|-damage|p2a: Politoed|0 fnt","|faint|p2a: Politoed","|","|-weather|RainDance|[upkeep]","|-heal|p1a: Clefable|32/394 psn|[from] item: Leftovers","|","|switch|p2a: Keldeo-Resolute|Keldeo-Resolute|129/323","|turn|32","|","|move|p2a: Keldeo-Resolute|Scald|p1a: Clefable","|-damage|p1a: Clefable|0 fnt","|faint|p1a: Clefable","|","|-weather|none","|","|switch|p1a: Azumarill|Azumarill, M|404/404","|-status|p1a: Azumarill|tox","|turn|33","|","|move|p2a: Keldeo-Resolute|Scald|p1a: Azumarill","|-resisted|p1a: Azumarill","|-damage|p1a: Azumarill|278/404 tox","|move|p1a: Azumarill|Play Rough|p2a: Keldeo-Resolute","|-crit|p2a: Keldeo-Resolute","|-supereffective|p2a: Keldeo-Resolute","|-damage|p2a: Keldeo-Resolute|0 fnt","|faint|p2a: Keldeo-Resolute","|","|-damage|p1a: Azumarill|253/404 tox|[from] psn","|","|switch|p2a: Slowbro|Slowbro, F|208/394","|turn|34","|","|move|p1a: Azumarill|Belly Drum|p1a: Azumarill","|-damage|p1a: Azumarill|51/404 tox","|-setboost|p1a: Azumarill|atk|6|[from] move: Belly Drum","|-enditem|p1a: Azumarill|Sitrus Berry|[eat]","|-heal|p1a: Azumarill|152/404 tox|[from] item: Sitrus Berry","|move|p2a: Slowbro|Slack Off|p2a: Slowbro","|-heal|p2a: Slowbro|394/394","|","|-damage|p1a: Azumarill|102/404 tox|[from] psn","|turn|35","|","|move|p1a: Azumarill|Play Rough|p2a: Slowbro","|-damage|p2a: Slowbro|0 fnt","|faint|p2a: Slowbro","|","|win|Professor♅ Gotenks"],"p1rating":{"entryid":"1465","serverid":"eos","formatid":"monotype","userid":"professorgotenks","username":"Professor♅ Gotenks","w":5,"l":"9","t":"0","gxe":40.3,"r":"1427.8700351525","rd":"85.947951723984","sigma":"0","rptime":"1440320400","rpr":1424.2659926601,"rprd":80.170466031944,"rpsigma":"0","acre":1040,"lacre":1040,"oldacre":"1000"},"p2rating":{"entryid":"365975","serverid":"eos","formatid":"monotype","userid":"yungdraco","username":"Yung Draco","w":"0","l":2,"t":"0","gxe":40,"r":"1500","rd":"130","sigma":"0","rptime":"1440320400","rpr":1419.5849832646,"rprd":115.99310054089,"rpsigma":"0","acre":1000,"lacre":1000,"oldacre":"1000"},"endType":"normal"}