{"seed":[51887,33910,9017,19592],"turns":22,"p1":"sovereign♕zoroark","p2":"GTX♅Jasper","p1team":[{"name":"Abomasnow","species":"Abomasnow","item":"abomasite","ability":"Snow Warning","moves":["blizzard","gigadrain","hiddenpowerfire","iceshard"],"nature":"Brave","evs":{"hp":0,"atk":0,"def":4,"spa":252,"spd":252,"spe":0},"ivs":{"hp":31,"atk":30,"def":31,"spa":30,"spd":31,"spe":30},"shiny":true},{"name":"Froslass","species":"Froslass","item":"leftovers","ability":"Snow Cloak","moves":["substitute","thunderbolt","icebeam","destinybond"],"nature":"Timid","evs":{"hp":4,"atk":0,"def":0,"spa":252,"spd":0,"spe":252},"ivs":{"hp":31,"atk":31,"def":31,"spa":31,"spd":31,"spe":31}},{"name":"Kyurem-Black","species":"Kyurem-Black","item":"choicescarf","ability":"Teravolt","moves":["outrage","fusionbolt","stoneedge","facade"],"nature":"Jolly","evs":{"hp":4,"atk":252,"def":0,"spa":0,"spd":0,"spe":252},"shiny":true,"ivs":{"hp":31,"atk":31,"def":31,"spa":31,"spd":31,"spe":31}},{"name":"Mamoswine","species":"Mamoswine","item":"lifeorb","ability":"Snow Cloak","moves":["stealthrock","earthquake","iceshard","stoneedge"],"nature":"Adamant","evs":{"hp":4,"atk":252,"def":0,"spa":0,"spd":0,"spe":252},"ivs":{"hp":31,"atk":31,"def":31,"spa":31,"spd":31,"spe":31}},{"name":"Walrein","species":"Walrein","item":"choicespecs","ability":"Thick Fat","moves":["surf","icebeam","signalbeam","hiddenpowerfire"],"nature":"Modest","evs":{"hp":252,"atk":0,"def":0,"spa":252,"spd":0,"spe":4},"ivs":{"hp":31,"atk":30,"def":31,"spa":30,"spd":31,"spe":30}},{"name":"Cloyster","species":"Cloyster","item":"focussash","ability":"Skill Link","moves":["shellsmash","iciclespear","rockblast","razorshell"],"nature":"Adamant","evs":{"hp":24,"atk":252,"def":0,"spa":0,"spd":0,"spe":232},"ivs":{"hp":31,"atk":31,"def":31,"spa":31,"spd":31,"spe":31}}],"p2team":[{"name":"Basculin","species":"Basculin","item":"choicescarf","ability":"Reckless","moves":["finalgambit","thrash","superpower","waterfall"],"nature":"Jolly","evs":{"hp":252,"atk":0,"def":0,"spa":0,"spd":4,"spe":252},"ivs":{"hp":31,"atk":31,"def":31,"spa":31,"spd":31,"spe":31}},{"name":"Politoed","species":"Politoed","item":"focussash","ability":"Drizzle","moves":["hydropump","icebeam","toxic","focusblast"],"nature":"Modest","evs":{"hp":248,"atk":0,"def":0,"spa":252,"spd":8,"spe":0},"ivs":{"hp":31,"atk":31,"def":31,"spa":31,"spd":31,"spe":31}},{"name":"Azumarill","species":"Azumarill","item":"sitrusberry","ability":"Sap Sipper","moves":["bellydrum","aquajet","playrough","knockoff"],"nature":"Adamant","evs":{"hp":92,"atk":252,"def":0,"spa":0,"spd":0,"spe":164},"ivs":{"hp":31,"atk":31,"def":31,"spa":31,"spd":31,"spe":31}},{"name":"Lanturn","species":"Lanturn","item":"leftovers","ability":"Volt Absorb","moves":["scald","thunder","healbell","protect"],"nature":"Calm","evs":{"hp":40,"atk":0,"def":220,"spa":0,"spd":208,"spe":40},"ivs":{"hp":31,"atk":31,"def":31,"spa":31,"spd":31,"spe":31}},{"name":"Keldeo","species":"Keldeo","item":"choicespecs","ability":"Justified","moves":["scald","icywind","secretsword","hiddenpowerfire"],"nature":"Hasty","evs":{"hp":0,"atk":4,"def":0,"spa":252,"spd":0,"spe":252},"ivs":{"hp":31,"atk":30,"def":31,"spa":30,"spd":31,"spe":30}},{"name":"Swampert","species":"Swampert","item":"swampertite","ability":"Damp","moves":["icepunch","waterfall","earthquake","irontail"],"nature":"Adamant","evs":{"hp":248,"atk":252,"def":0,"spa":0,"spd":8,"spe":0},"ivs":{"hp":31,"atk":31,"def":31,"spa":31,"spd":31,"spe":31}}],"log":["|player|p1|sovereign♕zoroark|218","|player|p2|GTX♅Jasper|gtxjasper.png","|gametype|singles","|gen|6","|tier|Monotype","|rated","|rule|Baton Pass Clause: Limit one Baton Passer, can't pass Spe and other stats simultaneously","|rule|Swagger Clause: Swagger is banned","|rule|Same Type Clause: Pokémon in a team must share a type","|clearpoke","|poke|p1|Abomasnow, F, shiny","|poke|p1|Froslass, F","|poke|p1|Kyurem-Black, shiny","|poke|p1|Mamoswine, M","|poke|p1|Walrein, F","|poke|p1|Cloyster, M","|poke|p2|Basculin, M","|poke|p2|Politoed, M","|poke|p2|Azumarill, M","|poke|p2|Lanturn, F","|poke|p2|Keldeo","|poke|p2|Swampert, M","|rule|Sleep Clause Mod: Limit one foe put to sleep","|rule|Species Clause: Limit one of each Pokémon","|rule|OHKO Clause: OHKO moves are banned","|rule|Moody Clause: Moody is banned","|rule|Evasion Moves Clause: Evasion moves are banned","|rule|Endless Battle Clause: Forcing endless battles is banned","|rule|HP Percentage Mod: HP is shown in percentages","|teampreview","|","|start","|switch|p1a: Abomasnow|Abomasnow, F, shiny|321/321","|switch|p2a: Keldeo|Keldeo|323/323","|-weather|Hail","|turn|1","|","|detailschange|p1a: Abomasnow|Abomasnow-Mega, F, shiny","|-mega|p1a: Abomasnow|Abomasnow|Abomasite","|move|p2a: Keldeo|Hidden Power|p1a: Abomasnow","|-supereffective|p1a: Abomasnow","|-damage|p1a: Abomasnow|17/321","|move|p1a: Abomasnow|Giga Drain|p2a: Keldeo","|-supereffective|p2a: Keldeo","|-damage|p2a: Keldeo|39/323","|-heal|p1a: Abomasnow|159/321|[from] drain|[of] p2a: Keldeo","|","|-weather|Hail|[upkeep]","|-damage|p2a: Keldeo|19/323|[from] hail","|turn|2","|","|move|p1a: Abomasnow|Ice Shard|p2a: Keldeo","|-resisted|p2a: Keldeo","|-damage|p2a: Keldeo|0 fnt","|faint|p2a: Keldeo","|","|-weather|Hail|[upkeep]","|","|switch|p2a: Azumarill|Azumarill, M|364/364","|turn|3","|","|move|p2a: Azumarill|Belly Drum|p2a: Azumarill","|-damage|p2a: Azumarill|182/364","|-setboost|p2a: Azumarill|atk|6|[from] move: Belly Drum","|-enditem|p2a: Azumarill|Sitrus Berry|[eat]","|-heal|p2a: Azumarill|273/364|[from] item: Sitrus Berry","|move|p1a: Abomasnow|Giga Drain|p2a: Azumarill","|-immune|p2a: Azumarill|[msg]","|","|-weather|Hail|[upkeep]","|-damage|p2a: Azumarill|251/364|[from] hail","|turn|4","|","|move|p2a: Azumarill|Knock Off|p1a: Abomasnow","|-damage|p1a: Abomasnow|0 fnt","|faint|p1a: Abomasnow","|","|-weather|Hail|[upkeep]","|-damage|p2a: Azumarill|229/364|[from] hail","|","|switch|p1a: Froslass|Froslass, F|282/282","|turn|5","|","|move|p1a: Froslass|Substitute|p1a: Froslass","|-start|p1a: Froslass|Substitute","|-damage|p1a: Froslass|212/282","|move|p2a: Azumarill|Knock Off|p1a: Froslass","|-supereffective|p1a: Froslass","|-end|p1a: Froslass|Substitute","|","|-weather|none","|-heal|p1a: Froslass|229/282|[from] item: Leftovers","|turn|6","|","|move|p1a: Froslass|Substitute|p1a: Froslass","|-start|p1a: Froslass|Substitute","|-damage|p1a: Froslass|159/282","|move|p2a: Azumarill|Knock Off|p1a: Froslass","|-supereffective|p1a: Froslass","|-end|p1a: Froslass|Substitute","|","|-heal|p1a: Froslass|176/282|[from] item: Leftovers","|turn|7","|","|move|p1a: Froslass|Destiny Bond|p1a: Froslass","|-singlemove|p1a: Froslass|Destiny Bond","|move|p2a: Azumarill|Knock Off|p1a: Froslass","|-supereffective|p1a: Froslass","|-damage|p1a: Froslass|0 fnt","|-enditem|p1a: Froslass|Leftovers|[from] move: Knock Off|[of] p2a: Azumarill","|faint|p1a: Froslass","|-activate|p1a: Froslass|Destiny Bond","|faint|p2a: Azumarill","|","|","|switch|p2a: Basculin|Basculin, M|344/344","|switch|p1a: Cloyster|Cloyster, M|247/247","|turn|8","|","|switch|p2a: Politoed|Politoed, M|383/383","|-weather|RainDance","|move|p1a: Cloyster|Icicle Spear|p2a: Politoed","|-resisted|p2a: Politoed","|-damage|p2a: Politoed|360/383","|-resisted|p2a: Politoed","|-damage|p2a: Politoed|337/383","|-resisted|p2a: Politoed","|-damage|p2a: Politoed|312/383","|-resisted|p2a: Politoed","|-damage|p2a: Politoed|288/383","|-resisted|p2a: Politoed","|-damage|p2a: Politoed|265/383","|-hitcount|p2a: Politoed|5","|","|-weather|RainDance|[upkeep]","|turn|9","|","|move|p1a: Cloyster|Shell Smash|p1a: Cloyster","|-unboost|p1a: Cloyster|def|1","|-unboost|p1a: Cloyster|spd|1","|-boost|p1a: Cloyster|atk|2","|-boost|p1a: Cloyster|spa|2","|-boost|p1a: Cloyster|spe|2","|move|p2a: Politoed|Focus Blast|p1a: Cloyster","|-supereffective|p1a: Cloyster","|-enditem|p1a: Cloyster|Focus Sash","|-damage|p1a: Cloyster|1/247","|","|-weather|RainDance|[upkeep]","|turn|10","|","|move|p1a: Cloyster|Icicle Spear|p2a: Politoed","|-resisted|p2a: Politoed","|-damage|p2a: Politoed|212/383","|-resisted|p2a: Politoed","|-damage|p2a: Politoed|161/383","|-resisted|p2a: Politoed","|-damage|p2a: Politoed|113/383","|-resisted|p2a: Politoed","|-damage|p2a: Politoed|67/383","|-resisted|p2a: Politoed","|-damage|p2a: Politoed|15/383","|-hitcount|p2a: Politoed|5","|move|p2a: Politoed|Focus Blast|p1a: Cloyster","|-supereffective|p1a: Cloyster","|-damage|p1a: Cloyster|0 fnt","|faint|p1a: Cloyster","|","|-weather|RainDance|[upkeep]","|","|switch|p1a: Mamoswine|Mamoswine, M|362/362","|turn|11","|","|move|p1a: Mamoswine|Ice Shard|p2a: Politoed","|-resisted|p2a: Politoed","|-damage|p2a: Politoed|0 fnt","|-damage|p1a: Mamoswine|326/362|[from] item: Life Orb","|faint|p2a: Politoed","|","|-weather|RainDance|[upkeep]","|","|switch|p2a: Basculin|Basculin, M|344/344","|turn|12","|","|move|p2a: Basculin|Final Gambit|p1a: Mamoswine","|-damage|p1a: Mamoswine|0 fnt","|faint|p2a: Basculin","|faint|p1a: Mamoswine","|","|-weather|none","|","|switch|p1a: Kyurem-Black|Kyurem-Black, shiny|392/392","|switch|p2a: Swampert|Swampert, M|403/403","|-ability|p1a: Kyurem-Black|Teravolt","|turn|13","|","|detailschange|p2a: Swampert|Swampert-Mega, M","|-mega|p2a: Swampert|Swampert|Swampertite","|move|p1a: Kyurem-Black|Outrage|p2a: Swampert","|-damage|p2a: Swampert|174/403","|move|p2a: Swampert|Ice Punch|p1a: Kyurem-Black","|-damage|p1a: Kyurem-Black|289/392","|","|turn|14","|","|move|p1a: Kyurem-Black|Outrage|p2a: Swampert|[from]lockedmove","|-damage|p2a: Swampert|0 fnt","|-start|p1a: Kyurem-Black|confusion|[fatigue]","|faint|p2a: Swampert","|","|","|switch|p2a: Lanturn|Lanturn, F|401/401","|turn|15","|","|-activate|p1a: Kyurem-Black|confusion","|-damage|p1a: Kyurem-Black|234/392|[from] confusion","|move|p2a: Lanturn|Thunder|p1a: Kyurem-Black","|-resisted|p1a: Kyurem-Black","|-damage|p1a: Kyurem-Black|174/392","|","|turn|16","|","|switch|p1a: Walrein|Walrein, F|424/424","|move|p2a: Lanturn|Protect|p2a: Lanturn","|-fail|p2a: Lanturn","|","|turn|17","|","|move|p2a: Lanturn|Thunder|p1a: Walrein","|-supereffective|p1a: Walrein","|-damage|p1a: Walrein|194/424","|move|p1a: Walrein|Signal Beam|p2a: Lanturn","|-damage|p2a: Lanturn|296/401","|","|-heal|p2a: Lanturn|321/401|[from] item: Leftovers","|turn|18","|","|move|p2a: Lanturn|Thunder|p1a: Walrein","|-supereffective|p1a: Walrein","|-damage|p1a: Walrein|0 fnt","|faint|p1a: Walrein","|","|-heal|p2a: Lanturn|346/401|[from] item: Leftovers","|","|switch|p1a: Kyurem-Black|Kyurem-Black, shiny|174/392","|-ability|p1a: Kyurem-Black|Teravolt","|turn|19","|","|move|p2a: Lanturn|Protect|p2a: Lanturn","|-singleturn|p2a: Lanturn|Protect","|move|p1a: Kyurem-Black|Outrage|p2a: Lanturn","|-activate|p2a: Lanturn|Protect","|","|-heal|p2a: Lanturn|371/401|[from] item: Leftovers","|turn|20","|","|move|p1a: Kyurem-Black|Outrage|p2a: Lanturn","|-damage|p2a: Lanturn|79/401","|move|p2a: Lanturn|Thunder|p1a: Kyurem-Black","|-crit|p1a: Kyurem-Black","|-resisted|p1a: Kyurem-Black","|-damage|p1a: Kyurem-Black|96/392","|","|-heal|p2a: Lanturn|104/401|[from] item: Leftovers","|turn|21","|","|move|p2a: Lanturn|Protect|p2a: Lanturn","|-singleturn|p2a: Lanturn|Protect","|move|p1a: Kyurem-Black|Outrage|p2a: Lanturn|[from]lockedmove","|-activate|p2a: Lanturn|Protect","|-start|p1a: Kyurem-Black|confusion|[fatigue]","|","|-heal|p2a: Lanturn|129/401|[from] item: Leftovers","|turn|22","|","|-activate|p1a: Kyurem-Black|confusion","|move|p1a: Kyurem-Black|Outrage|p2a: Lanturn","|-damage|p2a: Lanturn|0 fnt","|faint|p2a: Lanturn","|","|win|sovereign♕zoroark"],"p1rating":{"entryid":"313593","serverid":"eos","formatid":"monotype","userid":"sovereignzoroark","username":"sovereign♕zoroark","w":9,"l":"22","t":"0","gxe":31.3,"r":"1371.7471491143","rd":"74.50004825256","sigma":"0","rptime":"1440320400","rpr":1349.779198312,"rprd":60.46826560689,"rpsigma":"0","acre":1125.8544940164,"lacre":1125.8544940164,"oldacre":"1105.5134800087"},"p2rating":{"entryid":"227684","serverid":"eos","formatid":"monotype","userid":"gtxjasper","username":"GTX♅Jasper","w":"1","l":5,"t":"0","gxe":36.2,"r":"1421.086810007","rd":"103.7848336336","sigma":"0","rptime":"1440320400","rpr":1389.4004158126,"rprd":99.732562241648,"rpsigma":"0","acre":1026.9817510351,"lacre":1026.9817510351,"oldacre":"1040"},"endType":"normal"}