{"seed":[63235,32064,31263,427],"turns":28,"p1":"Alliance-Succubus","p2":"sovereign♕zoroark","p1team":[{"name":"Gray Fullbuster","species":"weavile","item":"focussash","ability":"Pressure","moves":["swordsdance","iceshard","iciclecrash","knockoff"],"nature":"Jolly","evs":{"hp":0,"atk":252,"def":0,"spa":0,"spd":4,"spe":252},"gender":"M","ivs":{"hp":31,"atk":31,"def":31,"spa":31,"spd":31,"spe":31}},{"name":"Buzzkill","species":"mandibuzz","item":"leftovers","ability":"Overcoat","moves":["foulplay","roost","defog","protect"],"nature":"Bold","evs":{"hp":252,"atk":0,"def":252,"spa":0,"spd":4,"spe":0},"ivs":{"hp":31,"atk":31,"def":31,"spa":31,"spd":31,"spe":31}},{"name":"Wii-U","species":"hoopaunbound","item":"choicescarf","ability":"Magician","moves":["darkpulse","hyperspacehole","energyball","thunderbolt"],"nature":"Timid","evs":{"hp":0,"atk":0,"def":0,"spa":252,"spd":4,"spe":252},"ivs":{"hp":31,"atk":31,"def":31,"spa":31,"spd":31,"spe":31}},{"name":"Anubis","species":"umbreon","item":"leftovers","ability":"Synchronize","moves":["wish","protect","healbell","foulplay"],"nature":"Calm","evs":{"hp":252,"atk":0,"def":4,"spa":0,"spd":252,"spe":0},"gender":"M","ivs":{"hp":31,"atk":31,"def":31,"spa":31,"spd":31,"spe":31}},{"name":"Jawz","species":"sharpedo","item":"sharpedonite","ability":"Rough Skin","moves":["protect","crunch","icefang","waterfall"],"nature":"Adamant","evs":{"hp":0,"atk":252,"def":0,"spa":0,"spd":4,"spe":252},"gender":"M","ivs":{"hp":31,"atk":31,"def":31,"spa":31,"spd":31,"spe":31}},{"name":"Cynthia","species":"spiritomb","item":"leftovers","ability":"Infiltrator","moves":["rest","sleeptalk","calmmind","darkpulse"],"nature":"Bold","evs":{"hp":252,"atk":0,"def":252,"spa":0,"spd":4,"spe":0},"gender":"F","ivs":{"hp":31,"atk":31,"def":31,"spa":31,"spd":31,"spe":31}}],"p2team":[{"name":"Infernape","species":"Infernape","item":"choicescarf","ability":"Iron Fist","moves":["firepunch","thunderpunch","closecombat","swordsdance"],"nature":"Adamant","evs":{"hp":4,"atk":252,"def":0,"spa":0,"spd":0,"spe":252},"ivs":{"hp":31,"atk":31,"def":31,"spa":31,"spd":31,"spe":31}},{"name":"Victini","species":"Victini","item":"choicescarf","ability":"Victory Star","moves":["boltstrike","uturn","zenheadbutt","vcreate"],"nature":"","evs":{"hp":0,"atk":252,"def":4,"spa":0,"spd":0,"spe":252},"ivs":{"hp":31,"atk":31,"def":31,"spa":31,"spd":31,"spe":31}},{"name":"Arcanine","species":"Arcanine","item":"choiceband","ability":"Intimidate","moves":["flareblitz","closecombat","extremespeed","wildcharge"],"nature":"","evs":{"hp":0,"atk":252,"def":4,"spa":0,"spd":0,"spe":252},"ivs":{"hp":31,"atk":31,"def":31,"spa":31,"spd":31,"spe":31}},{"name":"Volcarona","species":"Volcarona","item":"leftovers","ability":"Flame Body","moves":["bugbuzz","fierydance","quiverdance","hiddenpowerground"],"nature":"","evs":{"hp":4,"atk":0,"def":0,"spa":252,"spd":0,"spe":252},"ivs":{"hp":31,"atk":31,"def":31,"spa":30,"spd":30,"spe":31}},{"name":"Heatran","species":"Heatran","item":"leftovers","ability":"Flash Fire","moves":["lavaplume","protect","toxic","roar"],"nature":"Calm","evs":{"hp":252,"atk":0,"def":128,"spa":0,"spd":128,"spe":0},"ivs":{"hp":31,"atk":31,"def":31,"spa":31,"spd":31,"spe":31}},{"name":"Ninetales","species":"Ninetales","item":"leftovers","ability":"Drought","moves":["fireblast","energyball","calmmind","substitute"],"nature":"Modest","evs":{"hp":104,"atk":0,"def":0,"spa":212,"spd":0,"spe":192},"ivs":{"hp":31,"atk":31,"def":31,"spa":31,"spd":31,"spe":31}}],"log":["|player|p1|Alliance-Succubus|96","|player|p2|sovereign♕zoroark|218","|gametype|singles","|gen|6","|tier|Monotype","|rated","|rule|Baton Pass Clause: Limit one Baton Passer, can't pass Spe and other stats simultaneously","|rule|Swagger Clause: Swagger is banned","|rule|Same Type Clause: Pokémon in a team must share a type","|clearpoke","|poke|p1|Weavile, M","|poke|p1|Mandibuzz, F","|poke|p1|Hoopa-Unbound","|poke|p1|Umbreon, M","|poke|p1|Sharpedo, M","|poke|p1|Spiritomb, F","|poke|p2|Infernape, M","|poke|p2|Victini","|poke|p2|Arcanine, M","|poke|p2|Volcarona, M","|poke|p2|Heatran, F","|poke|p2|Ninetales, M","|rule|Sleep Clause Mod: Limit one foe put to sleep","|rule|Species Clause: Limit one of each Pokémon","|rule|OHKO Clause: OHKO moves are banned","|rule|Moody Clause: Moody is banned","|rule|Evasion Moves Clause: Evasion moves are banned","|rule|Endless Battle Clause: Forcing endless battles is banned","|rule|HP Percentage Mod: HP is shown in percentages","|teampreview","|","|start","|switch|p1a: Wii-U|Hoopa-Unbound|301/301","|switch|p2a: Infernape|Infernape, M|294/294","|turn|1","|","|switch|p1a: Buzzkill|Mandibuzz, F|424/424","|move|p2a: Infernape|Fire Punch|p1a: Buzzkill","|-damage|p1a: Buzzkill|315/424","|","|-heal|p1a: Buzzkill|341/424|[from] item: Leftovers","|turn|2","|","|move|p2a: Infernape|Fire Punch|p1a: Buzzkill","|-damage|p1a: Buzzkill|232/424","|move|p1a: Buzzkill|Foul Play|p2a: Infernape","|-resisted|p2a: Infernape","|-damage|p2a: Infernape|185/294","|","|-heal|p1a: Buzzkill|258/424|[from] item: Leftovers","|turn|3","|","|move|p1a: Buzzkill|Protect|p1a: Buzzkill","|-singleturn|p1a: Buzzkill|Protect","|move|p2a: Infernape|Fire Punch|p1a: Buzzkill","|-activate|p1a: Buzzkill|Protect","|","|-heal|p1a: Buzzkill|284/424|[from] item: Leftovers","|turn|4","|","|move|p2a: Infernape|Fire Punch|p1a: Buzzkill","|-damage|p1a: Buzzkill|181/424","|move|p1a: Buzzkill|Foul Play|p2a: Infernape","|-resisted|p2a: Infernape","|-damage|p2a: Infernape|86/294","|","|-heal|p1a: Buzzkill|207/424|[from] item: Leftovers","|turn|5","|","|move|p1a: Buzzkill|Protect|p1a: Buzzkill","|-singleturn|p1a: Buzzkill|Protect","|move|p2a: Infernape|Fire Punch|p1a: Buzzkill","|-activate|p1a: Buzzkill|Protect","|","|-heal|p1a: Buzzkill|233/424|[from] item: Leftovers","|turn|6","|","|move|p2a: Infernape|Fire Punch|p1a: Buzzkill","|-damage|p1a: Buzzkill|119/424","|move|p1a: Buzzkill|Roost|p1a: Buzzkill","|-heal|p1a: Buzzkill|331/424","|","|-heal|p1a: Buzzkill|357/424|[from] item: Leftovers","|turn|7","|","|move|p2a: Infernape|Fire Punch|p1a: Buzzkill","|-damage|p1a: Buzzkill|255/424","|move|p1a: Buzzkill|Foul Play|p2a: Infernape","|-resisted|p2a: Infernape","|-damage|p2a: Infernape|0 fnt","|faint|p2a: Infernape","|","|-heal|p1a: Buzzkill|281/424|[from] item: Leftovers","|","|switch|p2a: Victini|Victini|341/341","|turn|8","|","|move|p1a: Buzzkill|Protect|p1a: Buzzkill","|-singleturn|p1a: Buzzkill|Protect","|move|p2a: Victini|Bolt Strike|p1a: Buzzkill","|-activate|p1a: Buzzkill|Protect","|","|-heal|p1a: Buzzkill|307/424|[from] item: Leftovers","|turn|9","|","|switch|p1a: Anubis|Umbreon, M|394/394","|move|p2a: Victini|Bolt Strike|p1a: Anubis","|-damage|p1a: Anubis|275/394","|","|-heal|p1a: Anubis|299/394|[from] item: Leftovers","|turn|10","|","|move|p2a: Victini|Bolt Strike|p1a: Anubis","|-damage|p1a: Anubis|183/394","|move|p1a: Anubis|Foul Play|p2a: Victini","|-supereffective|p2a: Victini","|-damage|p2a: Victini|75/341","|","|-heal|p1a: Anubis|207/394|[from] item: Leftovers","|turn|11","|","|move|p2a: Victini|Bolt Strike|p1a: Anubis","|-damage|p1a: Anubis|95/394","|move|p1a: Anubis|Heal Bell|p1a: Anubis","|-cureteam|p1a: Anubis|[from] move: HealBell","|","|-heal|p1a: Anubis|119/394|[from] item: Leftovers","|turn|12","|","|move|p1a: Anubis|Protect|p1a: Anubis","|-singleturn|p1a: Anubis|Protect","|move|p2a: Victini|Bolt Strike|p1a: Anubis","|-activate|p1a: Anubis|Protect","|","|-heal|p1a: Anubis|143/394|[from] item: Leftovers","|turn|13","|","|move|p2a: Victini|Bolt Strike|p1a: Anubis","|-damage|p1a: Anubis|14/394","|move|p1a: Anubis|Foul Play|p2a: Victini","|-supereffective|p2a: Victini","|-damage|p2a: Victini|0 fnt","|faint|p2a: Victini","|","|-heal|p1a: Anubis|38/394|[from] item: Leftovers","|","|switch|p2a: Arcanine|Arcanine, M|321/321","|-ability|p2a: Arcanine|Intimidate","|-unboost|p1a: Anubis|atk|1","|turn|14","|","|move|p1a: Anubis|Protect|p1a: Anubis","|-singleturn|p1a: Anubis|Protect","|move|p2a: Arcanine|Extreme Speed|p1a: Anubis","|-activate|p1a: Anubis|Protect","|","|-heal|p1a: Anubis|62/394|[from] item: Leftovers","|turn|15","|","|switch|p1a: Cynthia|Spiritomb, F|304/304","|move|p2a: Arcanine|Extreme Speed|p1a: Cynthia","|-immune|p1a: Cynthia|[msg]","|","|turn|16","|","|switch|p2a: Volcarona|Volcarona, M|312/312","|move|p1a: Cynthia|Calm Mind|p1a: Cynthia","|-boost|p1a: Cynthia|spa|1","|-boost|p1a: Cynthia|spd|1","|","|turn|17","|","|move|p2a: Volcarona|Bug Buzz|p1a: Cynthia","|-damage|p1a: Cynthia|204/304","|move|p1a: Cynthia|Calm Mind|p1a: Cynthia","|-boost|p1a: Cynthia|spa|1","|-boost|p1a: Cynthia|spd|1","|","|-heal|p1a: Cynthia|223/304|[from] item: Leftovers","|turn|18","|","|move|p2a: Volcarona|Quiver Dance|p2a: Volcarona","|-boost|p2a: Volcarona|spa|1","|-boost|p2a: Volcarona|spd|1","|-boost|p2a: Volcarona|spe|1","|move|p1a: Cynthia|Calm Mind|p1a: Cynthia","|-boost|p1a: Cynthia|spa|1","|-boost|p1a: Cynthia|spd|1","|","|-heal|p1a: Cynthia|242/304|[from] item: Leftovers","|turn|19","|","|move|p2a: Volcarona|Bug Buzz|p1a: Cynthia","|-damage|p1a: Cynthia|148/304","|move|p1a: Cynthia|Dark Pulse|p2a: Volcarona","|-damage|p2a: Volcarona|174/312","|","|-heal|p2a: Volcarona|193/312|[from] item: Leftovers","|-heal|p1a: Cynthia|167/304|[from] item: Leftovers","|turn|20","|","|move|p2a: Volcarona|Quiver Dance|p2a: Volcarona","|-boost|p2a: Volcarona|spa|1","|-boost|p2a: Volcarona|spd|1","|-boost|p2a: Volcarona|spe|1","|move|p1a: Cynthia|Rest|p1a: Cynthia","|-status|p1a: Cynthia|slp","|-heal|p1a: Cynthia|304/304 slp|[silent]","|-status|p1a: Cynthia|slp|[from] move: Rest","|","|-heal|p2a: Volcarona|212/312|[from] item: Leftovers","|turn|21","|","|move|p2a: Volcarona|Bug Buzz|p1a: Cynthia","|-damage|p1a: Cynthia|172/304 slp","|-unboost|p1a: Cynthia|spd|1","|cant|p1a: Cynthia|slp","|move|p1a: Cynthia|Sleep Talk|p1a: Cynthia","|move|p1a: Cynthia|Calm Mind|p1a: Cynthia|[from]Sleep Talk","|-boost|p1a: Cynthia|spa|1","|-boost|p1a: Cynthia|spd|1","|","|-heal|p2a: Volcarona|231/312|[from] item: Leftovers","|-heal|p1a: Cynthia|191/304 slp|[from] item: Leftovers","|turn|22","|","|move|p2a: Volcarona|Bug Buzz|p1a: Cynthia","|-damage|p1a: Cynthia|76/304 slp","|cant|p1a: Cynthia|slp","|move|p1a: Cynthia|Sleep Talk|p1a: Cynthia","|move|p1a: Cynthia|Rest|p1a: Cynthia|[from]Sleep Talk","|-fail|p1a: Cynthia","|","|-heal|p2a: Volcarona|250/312|[from] item: Leftovers","|-heal|p1a: Cynthia|95/304 slp|[from] item: Leftovers","|turn|23","|","|move|p2a: Volcarona|Bug Buzz|p1a: Cynthia","|-damage|p1a: Cynthia|0 fnt","|faint|p1a: Cynthia","|","|-heal|p2a: Volcarona|269/312|[from] item: Leftovers","|","|switch|p1a: Jawz|Sharpedo, M|281/281","|turn|24","|","|move|p1a: Jawz|Protect|p1a: Jawz","|-singleturn|p1a: Jawz|Protect","|move|p2a: Volcarona|Hidden Power|p1a: Jawz","|-activate|p1a: Jawz|Protect","|","|-heal|p2a: Volcarona|288/312|[from] item: Leftovers","|turn|25","|","|detailschange|p1a: Jawz|Sharpedo-Mega, M","|-mega|p1a: Jawz|Sharpedo|Sharpedonite","|move|p2a: Volcarona|Hidden Power|p1a: Jawz","|-damage|p1a: Jawz|64/281","|move|p1a: Jawz|Waterfall|p2a: Volcarona","|-supereffective|p2a: Volcarona","|-damage|p2a: Volcarona|0 fnt","|faint|p2a: Volcarona","|","|","|switch|p2a: Arcanine|Arcanine, M|321/321","|-ability|p2a: Arcanine|Intimidate","|-unboost|p1a: Jawz|atk|1","|turn|26","|","|switch|p1a: Buzzkill|Mandibuzz, F|307/424","|move|p2a: Arcanine|Extreme Speed|p1a: Buzzkill","|-damage|p1a: Buzzkill|213/424","|","|-heal|p1a: Buzzkill|239/424|[from] item: Leftovers","|turn|27","|","|move|p2a: Arcanine|Extreme Speed|p1a: Buzzkill","|-damage|p1a: Buzzkill|158/424","|move|p1a: Buzzkill|Roost|p1a: Buzzkill","|-heal|p1a: Buzzkill|370/424","|","|-heal|p1a: Buzzkill|396/424|[from] item: Leftovers","|turn|28","|","|win|Alliance-Succubus"],"p1rating":{"entryid":"50240","serverid":"eos","formatid":"monotype","userid":"alliancesuccubus","username":"Alliance-Succubus","w":11,"l":"17","t":"0","gxe":41.5,"r":"1434.1661238248","rd":"64.378179723926","sigma":"0","rptime":"1440320400","rpr":1434.2724952899,"rprd":62.436023918495,"rpsigma":"0","acre":1066.5813160144,"lacre":1066.5813160144,"oldacre":"1035.4178469725"},"p2rating":{"entryid":"313593","serverid":"eos","formatid":"monotype","userid":"sovereignzoroark","username":"sovereign♕zoroark","w":"5","l":16,"t":"0","gxe":29.9,"r":"1371.7471491143","rd":"74.50004825256","sigma":"0","rptime":"1440320400","rpr":1336.7995515102,"rprd":69.574848042089,"rpsigma":"0","acre":1000,"lacre":1000,"oldacre":"1000"},"endType":"forfeit"}