{"seed":[9305,40018,820,52810],"turns":22,"p1":"Carnie Apexin","p2":"Lotus Aranacana","p1team":[{"name":"RED BULL","species":"terrakion","item":"choicescarf","ability":"Justified","moves":["earthquake","closecombat","ironhead","stoneedge"],"nature":"Jolly","evs":{"hp":0,"atk":252,"def":0,"spa":0,"spd":4,"spe":252},"shiny":true,"ivs":{"hp":31,"atk":31,"def":31,"spa":31,"spd":31,"spe":31}},{"name":"Hero","species":"gallade","item":"galladite","ability":"Steadfast","moves":["knockoff","psychocut","icepunch","closecombat"],"nature":"Adamant","evs":{"hp":0,"atk":252,"def":0,"spa":0,"spd":4,"spe":252},"shiny":true,"ivs":{"hp":31,"atk":31,"def":31,"spa":31,"spd":31,"spe":31}},{"name":"The Shroom","species":"breloom","item":"focussash","ability":"Technician","moves":["machpunch","spore","bulletseed","poweruppunch"],"nature":"Adamant","evs":{"hp":4,"atk":252,"def":0,"spa":0,"spd":0,"spe":252},"gender":"M","shiny":true,"ivs":{"hp":31,"atk":31,"def":31,"spa":31,"spd":31,"spe":31}},{"name":"KFC","species":"combusken","item":"eviolite","ability":"Blaze","moves":["batonpass","swordsdance","substitute","thunderpunch"],"nature":"Careful","evs":{"hp":248,"atk":8,"def":0,"spa":0,"spd":252,"spe":0},"gender":"M","shiny":true,"ivs":{"hp":31,"atk":31,"def":31,"spa":31,"spd":31,"spe":31}},{"name":"Sun Wukong","species":"infernape","item":"kingsrock","ability":"Iron Fist","moves":["thunderpunch","fakeout","firespin","shadowclaw"],"nature":"Hasty","evs":{"hp":0,"atk":252,"def":0,"spa":4,"spd":0,"spe":252},"gender":"M","ivs":{"hp":31,"atk":31,"def":31,"spa":31,"spd":31,"spe":31}},{"name":"Horny","species":"keldeoresolute","item":"lifeorb","ability":"Justified","moves":["secretsword","scald","icywind","hiddenpowerpoison"],"nature":"Timid","evs":{"hp":0,"atk":0,"def":0,"spa":252,"spd":4,"spe":252},"ivs":{"hp":31,"atk":31,"def":30,"spa":30,"spd":30,"spe":31}}],"p2team":[{"name":"Tyranitar","species":"Tyranitar","item":"assaultvest","ability":"Sand Stream","moves":["crunch","rockslide","ironhead","aerialace"],"nature":"Adamant","evs":{"hp":248,"atk":0,"def":0,"spa":0,"spd":8,"spe":0},"ivs":{"hp":31,"atk":31,"def":31,"spa":31,"spd":31,"spe":31}},{"name":"The Hax Lord","species":"sableye","item":"sablenite","ability":"Prankster","moves":["willowisp","calmmind","dazzlinggleam","recover"],"nature":"Calm","evs":{"hp":248,"atk":0,"def":0,"spa":8,"spd":252,"spe":0},"gender":"M","ivs":{"hp":31,"atk":31,"def":31,"spa":31,"spd":31,"spe":31}},{"name":"checkmate","species":"bisharp","item":"focussash","ability":"Defiant","moves":["aerialace","ironhead","suckerpunch","knockoff"],"nature":"Jolly","evs":{"hp":4,"atk":252,"def":0,"spa":0,"spd":0,"spe":252},"gender":"M","shiny":true,"ivs":{"hp":31,"atk":31,"def":31,"spa":31,"spd":31,"spe":31}},{"name":"Hoopa-Unbound","species":"Hoopa-Unbound","item":"choicescarf","ability":"Magician","moves":["hyperspacefury","zenheadbutt","gunkshot","firepunch"],"nature":"Jolly","evs":{"hp":0,"atk":252,"def":0,"spa":0,"spd":4,"spe":252},"ivs":{"hp":31,"atk":31,"def":31,"spa":31,"spd":31,"spe":31}},{"name":"Mandibuzz","species":"Mandibuzz","item":"leftovers","ability":"Overcoat","moves":["roost","foulplay","toxic","defog"],"nature":"Impish","evs":{"hp":240,"atk":0,"def":28,"spa":0,"spd":188,"spe":52},"ivs":{"hp":31,"atk":31,"def":31,"spa":31,"spd":31,"spe":31}},{"name":"Sharpedo","species":"Sharpedo","item":"lifeorb","ability":"Speed Boost","moves":["protect","crunch","icefang","waterfall"],"nature":"Adamant","evs":{"hp":0,"atk":252,"def":0,"spa":0,"spd":4,"spe":252},"ivs":{"hp":31,"atk":31,"def":31,"spa":31,"spd":31,"spe":31}}],"log":["|player|p1|Carnie Apexin|92","|player|p2|Lotus Aranacana|lotusaranacana.png","|gametype|singles","|gen|6","|tier|Monotype","|rated","|rule|Baton Pass Clause: Limit one Baton Passer, can't pass Spe and other stats simultaneously","|rule|Swagger Clause: Swagger is banned","|rule|Same Type Clause: Pokémon in a team must share a type","|clearpoke","|poke|p1|Terrakion, shiny","|poke|p1|Gallade, M, shiny","|poke|p1|Breloom, M, shiny","|poke|p1|Combusken, M, shiny","|poke|p1|Infernape, M","|poke|p1|Keldeo-Resolute","|poke|p2|Tyranitar, F","|poke|p2|Sableye, M","|poke|p2|Bisharp, M, shiny","|poke|p2|Hoopa-Unbound","|poke|p2|Mandibuzz, F","|poke|p2|Sharpedo, M","|rule|Sleep Clause Mod: Limit one foe put to sleep","|rule|Species Clause: Limit one of each Pokémon","|rule|OHKO Clause: OHKO moves are banned","|rule|Moody Clause: Moody is banned","|rule|Evasion Moves Clause: Evasion moves are banned","|rule|Endless Battle Clause: Forcing endless battles is banned","|rule|HP Percentage Mod: HP is shown in percentages","|teampreview","|","|start","|switch|p1a: KFC|Combusken, M, shiny|323/323","|switch|p2a: Tyranitar|Tyranitar, F|403/403","|-weather|Sandstorm","|turn|1","|","|move|p2a: Tyranitar|Aerial Ace|p1a: KFC","|-supereffective|p1a: KFC","|-damage|p1a: KFC|185/323","|move|p1a: KFC|Substitute|p1a: KFC","|-start|p1a: KFC|Substitute","|-damage|p1a: KFC|105/323","|","|-weather|Sandstorm|[upkeep]","|-damage|p1a: KFC|85/323|[from] sandstorm","|turn|2","|","|move|p2a: Tyranitar|Aerial Ace|p1a: KFC","|-crit|p1a: KFC","|-supereffective|p1a: KFC","|-end|p1a: KFC|Substitute","|move|p1a: KFC|Swords Dance|p1a: KFC","|-boost|p1a: KFC|atk|2","|","|-weather|Sandstorm|[upkeep]","|-damage|p1a: KFC|65/323|[from] sandstorm","|turn|3","|","|move|p2a: Tyranitar|Aerial Ace|p1a: KFC","|-supereffective|p1a: KFC","|-damage|p1a: KFC|0 fnt","|faint|p1a: KFC","|","|-weather|Sandstorm|[upkeep]","|","|switch|p1a: The Shroom|Breloom, M, shiny|262/262","|turn|4","|","|move|p1a: The Shroom|Spore|p2a: Tyranitar","|-status|p2a: Tyranitar|slp","|cant|p2a: Tyranitar|slp","|","|-weather|Sandstorm|[upkeep]","|-damage|p1a: The Shroom|246/262|[from] sandstorm","|turn|5","|","|move|p1a: The Shroom|Power-Up Punch|p2a: Tyranitar","|-supereffective|p2a: Tyranitar","|-damage|p2a: Tyranitar|0 fnt","|-boost|p1a: The Shroom|atk|1","|faint|p2a: Tyranitar","|","|-weather|none","|","|switch|p2a: checkmate|Bisharp, M, shiny|272/272","|turn|6","|","|move|p2a: checkmate|Aerial Ace|p1a: The Shroom","|-supereffective|p1a: The Shroom","|-damage|p1a: The Shroom|0 fnt","|faint|p1a: The Shroom","|","|","|switch|p1a: Sun Wukong|Infernape, M|293/293","|turn|7","|","|move|p1a: Sun Wukong|Fake Out|p2a: checkmate","|-resisted|p2a: checkmate","|-damage|p2a: checkmate|252/272","|cant|p2a: checkmate|flinch","|","|turn|8","|","|move|p1a: Sun Wukong|Fire Spin|p2a: checkmate","|-supereffective|p2a: checkmate","|-damage|p2a: checkmate|144/272","|-activate|p2a: checkmate|move: Fire Spin|[of] p1a: Sun Wukong","|cant|p2a: checkmate|flinch","|","|-damage|p2a: checkmate|110/272|[from] move: Fire Spin|[partiallytrapped]","|turn|9","|","|move|p1a: Sun Wukong|Thunder Punch|p2a: checkmate","|-damage|p2a: checkmate|20/272","|move|p2a: checkmate|Aerial Ace|p1a: Sun Wukong","|-supereffective|p1a: Sun Wukong","|-damage|p1a: Sun Wukong|91/293","|","|-damage|p2a: checkmate|0 fnt|[from] move: Fire Spin|[partiallytrapped]","|faint|p2a: checkmate","|","|switch|p2a: Sharpedo|Sharpedo, M|281/281","|turn|10","|","|move|p2a: Sharpedo|Protect|p2a: Sharpedo","|-singleturn|p2a: Sharpedo|Protect","|move|p1a: Sun Wukong|Fire Spin|p2a: Sharpedo","|-activate|p2a: Sharpedo|Protect","|","|-boost|p2a: Sharpedo|spe|1|[from] ability: Speed Boost","|turn|11","|","|move|p2a: Sharpedo|Waterfall|p1a: Sun Wukong","|-supereffective|p1a: Sun Wukong","|-damage|p1a: Sun Wukong|0 fnt","|-damage|p2a: Sharpedo|253/281|[from] item: Life Orb","|faint|p1a: Sun Wukong","|","|-boost|p2a: Sharpedo|spe|1|[from] ability: Speed Boost","|","|switch|p1a: Horny|Keldeo-Resolute|323/323","|turn|12","|","|move|p2a: Sharpedo|Crunch|p1a: Horny","|-resisted|p1a: Horny","|-damage|p1a: Horny|226/323","|-boost|p1a: Horny|atk|1|[from] ability: Justified","|-unboost|p1a: Horny|def|1","|-damage|p2a: Sharpedo|225/281|[from] item: Life Orb","|move|p1a: Horny|Secret Sword|p2a: Sharpedo","|-supereffective|p2a: Sharpedo","|-damage|p2a: Sharpedo|0 fnt","|-damage|p1a: Horny|194/323|[from] item: Life Orb","|faint|p2a: Sharpedo","|","|","|switch|p2a: Hoopa-Unbound|Hoopa-Unbound|301/301","|turn|13","|","|move|p2a: Hoopa-Unbound|Zen Headbutt|p1a: Horny","|-supereffective|p1a: Horny","|-damage|p1a: Horny|0 fnt","|faint|p1a: Horny","|","|","|switch|p1a: RED BULL|Terrakion, shiny|323/323","|turn|14","|","|move|p1a: RED BULL|Close Combat|p2a: Hoopa-Unbound","|-damage|p2a: Hoopa-Unbound|0 fnt","|-unboost|p1a: RED BULL|def|1","|-unboost|p1a: RED BULL|spd|1","|faint|p2a: Hoopa-Unbound","|","|","|switch|p2a: The Hax Lord|Sableye, M|303/303","|turn|15","|","|switch|p1a: Hero|Gallade, M, shiny|277/277","|detailschange|p2a: The Hax Lord|Sableye-Mega, M","|-mega|p2a: The Hax Lord|Sableye|Sablenite","|move|p2a: The Hax Lord|Will-O-Wisp|p1a: Hero","|-status|p1a: Hero|brn","|","|-damage|p1a: Hero|243/277 brn|[from] brn","|turn|16","|","|detailschange|p1a: Hero|Gallade-Mega, M, shiny","|-mega|p1a: Hero|Gallade|Galladite","|move|p1a: Hero|Knock Off|p2a: The Hax Lord","|-damage|p2a: The Hax Lord|260/303","|move|p2a: The Hax Lord|Dazzling Gleam|p1a: Hero","|-supereffective|p1a: Hero","|-damage|p1a: Hero|139/277 brn","|","|-damage|p1a: Hero|105/277 brn|[from] brn","|turn|17","|","|switch|p1a: RED BULL|Terrakion, shiny|323/323","|move|p2a: The Hax Lord|Calm Mind|p2a: The Hax Lord","|-boost|p2a: The Hax Lord|spa|1","|-boost|p2a: The Hax Lord|spd|1","|","|turn|18","|","|move|p1a: RED BULL|Stone Edge|p2a: The Hax Lord","|-damage|p2a: The Hax Lord|109/303","|move|p2a: The Hax Lord|Will-O-Wisp|p1a: RED BULL","|-status|p1a: RED BULL|brn","|","|-damage|p1a: RED BULL|283/323 brn|[from] brn","|turn|19","|","|move|p1a: RED BULL|Stone Edge|p2a: The Hax Lord","|-damage|p2a: The Hax Lord|40/303","|move|p2a: The Hax Lord|Recover|p2a: The Hax Lord","|-heal|p2a: The Hax Lord|192/303","|","|-damage|p1a: RED BULL|243/323 brn|[from] brn","|turn|20","|","|move|p1a: RED BULL|Stone Edge|p2a: The Hax Lord","|-damage|p2a: The Hax Lord|117/303","|move|p2a: The Hax Lord|Recover|p2a: The Hax Lord","|-heal|p2a: The Hax Lord|269/303","|","|-damage|p1a: RED BULL|203/323 brn|[from] brn","|turn|21","|","|move|p1a: RED BULL|Stone Edge|p2a: The Hax Lord","|-damage|p2a: The Hax Lord|198/303","|move|p2a: The Hax Lord|Dazzling Gleam|p1a: RED BULL","|-supereffective|p1a: RED BULL","|-damage|p1a: RED BULL|33/323 brn","|","|-damage|p1a: RED BULL|0 fnt|[from] brn","|faint|p1a: RED BULL","|","|switch|p1a: Hero|Gallade-Mega, M, shiny|105/277 brn","|turn|22","|","|move|p1a: Hero|Ice Punch|p2a: The Hax Lord","|-damage|p2a: The Hax Lord|151/303","|move|p2a: The Hax Lord|Dazzling Gleam|p1a: Hero","|-supereffective|p1a: Hero","|-damage|p1a: Hero|0 fnt","|faint|p1a: Hero","|","|win|Lotus Aranacana"],"p1rating":{"entryid":363683,"formatid":"monotype","userid":"carnieapexin","username":"Carnie Apexin","r":1500,"rd":130,"sigma":0,"rpr":1452.4291551761,"rprd":122.87341957263,"rpsigma":0,"rptime":1440320400,"w":0,"l":1,"t":0,"gxe":44.1,"acre":1000,"lacre":1000,"oldacre":1000},"p2rating":{"entryid":"331815","serverid":"eos","formatid":"monotype","userid":"lotusaranacana","username":"Lotus Aranacana","w":1,"l":"3","t":"0","gxe":43.4,"r":"1436.8597323378","rd":"117.71710301829","sigma":"0","rptime":"1440320400","rpr":1447.6451926747,"rprd":107.56323018756,"rpsigma":"0","acre":1040,"lacre":1040,"oldacre":"1000"},"endType":"normal"}