{"seed":[61022,41869,21987,44445],"turns":22,"p1":"Im Slash","p2":"Crystal Blade64","p1team":[{"name":"Meloetta","species":"Meloetta","item":"choicespecs","ability":"Serene Grace","moves":["hypervoice","thunderbolt","shadowball","psyshock"],"nature":"Modest","evs":{"hp":248,"atk":0,"def":0,"spa":252,"spd":8,"spe":0},"ivs":{"hp":31,"atk":31,"def":31,"spa":31,"spd":31,"spe":31}},{"name":"Latias","species":"Latias","item":"lifeorb","ability":"Levitate","moves":["dracometeor","healingwish","psyshock","defog"],"nature":"Timid","evs":{"hp":0,"atk":0,"def":0,"spa":252,"spd":4,"spe":252},"ivs":{"hp":31,"atk":31,"def":31,"spa":31,"spd":31,"spe":31}},{"name":"Slowbro","species":"Slowbro","item":"rockyhelmet","ability":"Regenerator","moves":["scald","icebeam","slackoff","thunderwave"],"nature":"Bold","evs":{"hp":248,"atk":0,"def":252,"spa":8,"spd":0,"spe":0},"ivs":{"hp":31,"atk":31,"def":31,"spa":31,"spd":31,"spe":31}},{"name":"Metagross","species":"Metagross","item":"assaultvest","ability":"Clear Body","moves":["earthquake","meteormash","bulletpunch","zenheadbutt"],"nature":"Adamant","evs":{"hp":248,"atk":252,"def":0,"spa":0,"spd":8,"spe":0},"shiny":true,"ivs":{"hp":31,"atk":31,"def":31,"spa":31,"spd":31,"spe":31}},{"name":"Victini","species":"Victini","item":"choicescarf","ability":"Victory Star","moves":["brickbreak","vcreate","uturn","boltstrike"],"nature":"Hasty","evs":{"hp":0,"atk":252,"def":0,"spa":4,"spd":0,"spe":252},"ivs":{"hp":31,"atk":31,"def":31,"spa":31,"spd":31,"spe":31}},{"name":"Gardevoir","species":"Gardevoir","item":"gardevoirite","ability":"Trace","moves":["hypervoice","psyshock","calmmind","focusblast"],"nature":"Timid","evs":{"hp":0,"atk":0,"def":0,"spa":252,"spd":0,"spe":252},"ivs":{"hp":31,"atk":31,"def":31,"spa":31,"spd":31,"spe":31}}],"p2team":[{"name":"Such Beard","species":"glalie","item":"glalitite","ability":"Inner Focus","moves":["explosion","spikes","taunt","earthquake"],"nature":"Jolly","evs":{"hp":0,"atk":252,"def":0,"spa":0,"spd":4,"spe":252},"ivs":{"hp":31,"atk":31,"def":31,"spa":31,"spd":31,"spe":31}},{"name":"Ice's Only Hope","species":"kyuremblack","item":"lifeorb","ability":"Teravolt","moves":["fusionbolt","outrage","icebeam","earthpower"],"nature":"Naughty","evs":{"hp":248,"atk":252,"def":0,"spa":8,"spd":0,"spe":0},"ivs":{"hp":31,"atk":31,"def":31,"spa":31,"spd":31,"spe":31}},{"name":"UMadTitanic?","species":"avalugg","item":"leftovers","ability":"Sturdy","moves":["recover","rapidspin","curse","avalanche"],"nature":"Impish","evs":{"hp":252,"atk":4,"def":252,"spa":0,"spd":0,"spe":0},"ivs":{"hp":31,"atk":31,"def":31,"spa":31,"spd":31,"spe":31}},{"name":"Need A Name","species":"weavile","item":"lifeorb","ability":"Pressure","moves":["iciclecrash","iceshard","brickbreak","knockoff"],"nature":"Jolly","evs":{"hp":0,"atk":252,"def":0,"spa":0,"spd":4,"spe":252},"ivs":{"hp":31,"atk":31,"def":31,"spa":31,"spd":31,"spe":31}},{"name":"Fite Me M8","species":"cloyster","item":"focussash","ability":"Skill Link","moves":["razorshell","rockblast","iceshard","shellsmash"],"nature":"Adamant","evs":{"hp":0,"atk":252,"def":0,"spa":0,"spd":4,"spe":252},"ivs":{"hp":31,"atk":31,"def":31,"spa":31,"spd":31,"spe":31}},{"name":"Not a lead.","species":"mamoswine","item":"choiceband","ability":"Thick Fat","moves":["superpower","earthquake","iceshard","iciclecrash"],"nature":"Adamant","evs":{"hp":248,"atk":252,"def":0,"spa":0,"spd":8,"spe":0},"ivs":{"hp":31,"atk":31,"def":31,"spa":31,"spd":31,"spe":31}}],"log":["|player|p1|Im Slash|144","|player|p2|Crystal Blade64|165","|gametype|singles","|gen|6","|tier|Monotype","|rated","|rule|Baton Pass Clause: Limit one Baton Passer, can't pass Spe and other stats simultaneously","|rule|Swagger Clause: Swagger is banned","|rule|Same Type Clause: Pokémon in a team must share a type","|clearpoke","|poke|p1|Meloetta","|poke|p1|Latias, F","|poke|p1|Slowbro, M","|poke|p1|Metagross, shiny","|poke|p1|Victini","|poke|p1|Gardevoir, F","|poke|p2|Glalie, M","|poke|p2|Kyurem-Black","|poke|p2|Avalugg, M","|poke|p2|Weavile, M","|poke|p2|Cloyster, F","|poke|p2|Mamoswine, M","|rule|Sleep Clause Mod: Limit one foe put to sleep","|rule|Species Clause: Limit one of each Pokémon","|rule|OHKO Clause: OHKO moves are banned","|rule|Moody Clause: Moody is banned","|rule|Evasion Moves Clause: Evasion moves are banned","|rule|Endless Battle Clause: Forcing endless battles is banned","|rule|HP Percentage Mod: HP is shown in percentages","|teampreview","|","|start","|switch|p1a: Slowbro|Slowbro, M|393/393","|switch|p2a: Such Beard|Glalie, M|301/301","|turn|1","|","|switch|p1a: Metagross|Metagross, shiny|363/363","|detailschange|p2a: Such Beard|Glalie-Mega, M","|-mega|p2a: Such Beard|Glalie|Glalitite","|move|p2a: Such Beard|Taunt|p1a: Metagross","|-start|p1a: Metagross|move: Taunt","|","|turn|2","|","|move|p2a: Such Beard|Spikes|p1a: Metagross","|-sidestart|p1: Im Slash|Spikes","|move|p1a: Metagross|Meteor Mash|p2a: Such Beard","|-supereffective|p2a: Such Beard","|-damage|p2a: Such Beard|0 fnt","|-boost|p1a: Metagross|atk|1","|faint|p2a: Such Beard","|","|","|switch|p2a: Need A Name|Weavile, M|281/281","|-ability|p2a: Need A Name|Pressure","|turn|3","|","|move|p1a: Metagross|Bullet Punch|p2a: Need A Name","|-supereffective|p2a: Need A Name","|-damage|p2a: Need A Name|0 fnt","|faint|p2a: Need A Name","|","|-end|p1a: Metagross|move: Taunt","|","|switch|p2a: UMadTitanic?|Avalugg, M|394/394","|turn|4","|","|switch|p1a: Slowbro|Slowbro, M|393/393","|-damage|p1a: Slowbro|344/393|[from] Spikes","|move|p2a: UMadTitanic?|Curse|p2a: UMadTitanic?","|-unboost|p2a: UMadTitanic?|spe|1","|-boost|p2a: UMadTitanic?|atk|1","|-boost|p2a: UMadTitanic?|def|1","|","|turn|5","|","|switch|p2a: Not a lead.|Mamoswine, M|423/423","|move|p1a: Slowbro|Scald|p2a: Not a lead.","|-supereffective|p2a: Not a lead.","|-damage|p2a: Not a lead.|135/423","|","|turn|6","|","|move|p2a: Not a lead.|Earthquake|p1a: Slowbro","|-damage|p1a: Slowbro|157/393","|move|p1a: Slowbro|Slack Off|p1a: Slowbro","|-heal|p1a: Slowbro|354/393","|","|turn|7","|","|move|p2a: Not a lead.|Earthquake|p1a: Slowbro","|-damage|p1a: Slowbro|156/393","|move|p1a: Slowbro|Scald|p2a: Not a lead.","|-supereffective|p2a: Not a lead.","|-damage|p2a: Not a lead.|0 fnt","|faint|p2a: Not a lead.","|","|","|switch|p2a: Ice's Only Hope|Kyurem-Black|453/453","|-ability|p2a: Ice's Only Hope|Teravolt","|turn|8","|","|switch|p1a: Metagross|Metagross, shiny|363/363","|-damage|p1a: Metagross|318/363|[from] Spikes","|move|p2a: Ice's Only Hope|Fusion Bolt|p1a: Metagross","|-crit|p1a: Metagross","|-damage|p1a: Metagross|63/363","|-damage|p2a: Ice's Only Hope|408/453|[from] item: Life Orb","|","|turn|9","|","|switch|p1a: Meloetta|Meloetta|403/403","|-damage|p1a: Meloetta|353/403|[from] Spikes","|move|p2a: Ice's Only Hope|Fusion Bolt|p1a: Meloetta","|-damage|p1a: Meloetta|74/403","|-damage|p2a: Ice's Only Hope|363/453|[from] item: Life Orb","|","|turn|10","|","|move|p2a: Ice's Only Hope|Fusion Bolt|p1a: Meloetta","|-crit|p1a: Meloetta","|-damage|p1a: Meloetta|0 fnt","|-damage|p2a: Ice's Only Hope|318/453|[from] item: Life Orb","|faint|p1a: Meloetta","|","|","|switch|p1a: Latias|Latias, F|301/301","|turn|11","|","|move|p1a: Latias|Draco Meteor|p2a: Ice's Only Hope|[miss]","|-miss|p1a: Latias|p2a: Ice's Only Hope","|move|p2a: Ice's Only Hope|Ice Beam|p1a: Latias","|-supereffective|p1a: Latias","|-damage|p1a: Latias|44/301","|-damage|p2a: Ice's Only Hope|273/453|[from] item: Life Orb","|","|turn|12","|","|switch|p2a: UMadTitanic?|Avalugg, M|394/394","|move|p1a: Latias|Healing Wish|p1a: Latias","|faint|p1a: Latias","|","|","|switch|p1a: Metagross|Metagross, shiny|63/363","|-heal|p1a: Metagross|363/363|[from] move: Healing Wish","|-damage|p1a: Metagross|318/363|[from] Spikes","|turn|13","|","|switch|p1a: Gardevoir|Gardevoir, F|277/277","|-damage|p1a: Gardevoir|243/277|[from] Spikes","|-ability|p1a: Gardevoir|Sturdy|[from] ability: Trace|[of] p2a: UMadTitanic?","|move|p2a: UMadTitanic?|Curse|p2a: UMadTitanic?","|-unboost|p2a: UMadTitanic?|spe|1","|-boost|p2a: UMadTitanic?|atk|1","|-boost|p2a: UMadTitanic?|def|1","|","|turn|14","|","|detailschange|p1a: Gardevoir|Gardevoir-Mega, F","|-mega|p1a: Gardevoir|Gardevoir|Gardevoirite","|move|p1a: Gardevoir|Hyper Voice|p2a: UMadTitanic?","|-crit|p2a: UMadTitanic?","|-ability|p2a: UMadTitanic?|Sturdy","|-damage|p2a: UMadTitanic?|1/394","|move|p2a: UMadTitanic?|Avalanche|p1a: Gardevoir","|-damage|p1a: Gardevoir|0 fnt","|faint|p1a: Gardevoir","|","|-heal|p2a: UMadTitanic?|25/394|[from] item: Leftovers","|","|switch|p1a: Slowbro|Slowbro, M|287/393","|-damage|p1a: Slowbro|238/393|[from] Spikes","|turn|15","|","|move|p1a: Slowbro|Scald|p2a: UMadTitanic?","|-damage|p2a: UMadTitanic?|0 fnt","|faint|p2a: UMadTitanic?","|","|","|switch|p2a: Ice's Only Hope|Kyurem-Black|273/453","|-ability|p2a: Ice's Only Hope|Teravolt","|turn|16","|","|move|p2a: Ice's Only Hope|Fusion Bolt|p1a: Slowbro","|-supereffective|p1a: Slowbro","|-damage|p1a: Slowbro|0 fnt","|-damage|p2a: Ice's Only Hope|228/453|[from] item: Life Orb","|faint|p1a: Slowbro","|","|","|switch|p1a: Metagross|Metagross, shiny|318/363","|-damage|p1a: Metagross|273/363|[from] Spikes","|turn|17","|","|move|p1a: Metagross|Bullet Punch|p2a: Ice's Only Hope","|-supereffective|p2a: Ice's Only Hope","|-damage|p2a: Ice's Only Hope|78/453","|move|p2a: Ice's Only Hope|Earth Power|p1a: Metagross","|-supereffective|p1a: Metagross","|-damage|p1a: Metagross|122/363","|-damage|p2a: Ice's Only Hope|33/453|[from] item: Life Orb","|","|turn|18","|","|move|p1a: Metagross|Bullet Punch|p2a: Ice's Only Hope","|-supereffective|p2a: Ice's Only Hope","|-damage|p2a: Ice's Only Hope|0 fnt","|faint|p2a: Ice's Only Hope","|","|","|switch|p2a: Fite Me M8|Cloyster, F|241/241","|turn|19","|","|move|p2a: Fite Me M8|Shell Smash|p2a: Fite Me M8","|-unboost|p2a: Fite Me M8|def|1","|-unboost|p2a: Fite Me M8|spd|1","|-boost|p2a: Fite Me M8|atk|2","|-boost|p2a: Fite Me M8|spa|2","|-boost|p2a: Fite Me M8|spe|2","|move|p1a: Metagross|Zen Headbutt|p2a: Fite Me M8","|-damage|p2a: Fite Me M8|88/241","|","|turn|20","|","|move|p2a: Fite Me M8|Ice Shard|p1a: Metagross","|-resisted|p1a: Metagross","|-damage|p1a: Metagross|68/363","|move|p1a: Metagross|Bullet Punch|p2a: Fite Me M8","|-damage|p2a: Fite Me M8|19/241","|","|turn|21","|","|move|p2a: Fite Me M8|Ice Shard|p1a: Metagross","|-crit|p1a: Metagross","|-resisted|p1a: Metagross","|-damage|p1a: Metagross|0 fnt","|faint|p1a: Metagross","|","|","|switch|p1a: Victini|Victini|341/341","|-damage|p1a: Victini|299/341|[from] Spikes","|turn|22","|","|move|p1a: Victini|V-create|p2a: Fite Me M8","|-damage|p2a: Fite Me M8|0 fnt","|-unboost|p1a: Victini|spe|1","|-unboost|p1a: Victini|def|1","|-unboost|p1a: Victini|spd|1","|faint|p2a: Fite Me M8","|","|win|Im Slash"],"p1rating":{"entryid":"75487","serverid":"eos","formatid":"monotype","userid":"imslash","username":"Im Slash","w":11,"l":"3","t":"0","gxe":66.8,"r":"1594.111505639","rd":"86.329073581336","sigma":"0","rptime":"1440320400","rpr":1635.4095955588,"rprd":80.384513235357,"rpsigma":"0","acre":1192.2615605279,"lacre":1192.2615605279,"oldacre":"1163.9932108186"},"p2rating":{"entryid":"73557","serverid":"eos","formatid":"monotype","userid":"crystalblade64","username":"Crystal Blade64","w":"11","l":4,"t":"0","gxe":66,"r":"1614.5236825605","rd":"83.506730541154","sigma":"0","rptime":"1440320400","rpr":1628.206456953,"rprd":77.761789839797,"rpsigma":"0","acre":1181.4079601795,"lacre":1181.4079601795,"oldacre":"1209.6763098888"},"endType":"normal"}