{"seed":[47157,44924,5464,44870],"turns":29,"p1":"Twizz","p2":"tboltrider","p1team":[{"name":"Togekiss","species":"Togekiss","item":"assaultvest","ability":"Serene Grace","moves":["flamethrower","airslash","dazzlinggleam","aurasphere"],"nature":"Modest","evs":{"hp":4,"atk":0,"def":0,"spa":252,"spd":252,"spe":0},"ivs":{"hp":31,"atk":31,"def":31,"spa":31,"spd":31,"spe":31}},{"name":"Dragonite","species":"Dragonite","item":"weaknesspolicy","ability":"Multiscale","moves":["dragondance","dragonclaw","earthquake","extremespeed"],"nature":"Adamant","evs":{"hp":0,"atk":252,"def":0,"spa":0,"spd":4,"spe":252},"ivs":{"hp":31,"atk":31,"def":31,"spa":31,"spd":31,"spe":31}},{"name":"Fuck you","species":"skarmory","item":"rockyhelmet","ability":"Sturdy","moves":["defog","stealthrock","roost","whirlwind"],"nature":"Impish","evs":{"hp":248,"atk":0,"def":236,"spa":0,"spd":0,"spe":24},"ivs":{"hp":31,"atk":31,"def":31,"spa":31,"spd":31,"spe":31}},{"name":"Zapdos","species":"Zapdos","item":"leftovers","ability":"Pressure","moves":["roost","toxic","heatwave","discharge"],"nature":"Bold","evs":{"hp":0,"atk":0,"def":252,"spa":56,"spd":200,"spe":0},"ivs":{"hp":31,"atk":31,"def":31,"spa":31,"spd":31,"spe":31}},{"name":"Landorus","species":"Landorus","item":"lifeorb","ability":"Sheer Force","moves":["earthquake","knockoff","uturn","rockslide"],"nature":"Jolly","evs":{"hp":0,"atk":252,"def":0,"spa":0,"spd":4,"spe":252},"ivs":{"hp":31,"atk":31,"def":31,"spa":31,"spd":31,"spe":31}},{"name":"Jerry","species":"honchkrow","item":"lifeorb","ability":"Moxie","moves":["suckerpunch","heatwave","bravebird","nightslash"],"nature":"Hasty","evs":{"hp":0,"atk":252,"def":0,"spa":4,"spd":0,"spe":252},"ivs":{"hp":31,"atk":31,"def":31,"spa":31,"spd":31,"spe":31}}],"p2team":[{"name":"Skarmory","species":"Skarmory","item":"rockyhelmet","ability":"Sturdy","moves":["roost","swordsdance","stealthrock","ironhead"],"nature":"Jolly","evs":{"hp":0,"atk":128,"def":0,"spa":0,"spd":248,"spe":132},"gender":"M","ivs":{"hp":31,"atk":31,"def":31,"spa":31,"spd":31,"spe":31}},{"name":"Togekiss","species":"Togekiss","item":"leftovers","ability":"Serene Grace","moves":["aurasphere","airslash","softboiled","thunderwave"],"nature":"Modest","evs":{"hp":0,"atk":0,"def":148,"spa":108,"spd":0,"spe":252},"gender":"F","ivs":{"hp":31,"atk":31,"def":31,"spa":31,"spd":31,"spe":31}},{"name":"Mandibuzz","species":"Mandibuzz","item":"leftovers","ability":"Overcoat","moves":["roost","defog","foulplay","taunt"],"nature":"Adamant","evs":{"hp":0,"atk":232,"def":0,"spa":0,"spd":156,"spe":120},"ivs":{"hp":31,"atk":31,"def":31,"spa":31,"spd":31,"spe":31}},{"name":"Gliscor","species":"Gliscor","item":"toxicorb","ability":"Poison Heal","moves":["earthquake","swordsdance","roost","facade"],"nature":"Careful","evs":{"hp":244,"atk":0,"def":8,"spa":0,"spd":200,"spe":56},"gender":"M","ivs":{"hp":31,"atk":31,"def":31,"spa":31,"spd":31,"spe":31}},{"name":"Pidgeot","species":"Pidgeot","item":"pidgeotite","ability":"Big Pecks","moves":["heatwave","uturn","roost","hurricane"],"nature":"Timid","evs":{"hp":0,"atk":0,"def":4,"spa":252,"spd":0,"spe":252},"gender":"F","ivs":{"hp":31,"atk":31,"def":31,"spa":31,"spd":31,"spe":31}},{"name":"Dragonite","species":"Dragonite","item":"choiceband","ability":"Multiscale","moves":["extremespeed","dragonclaw","earthquake","firepunch"],"nature":"Jolly","evs":{"hp":0,"atk":252,"def":4,"spa":0,"spd":0,"spe":252},"gender":"M","ivs":{"hp":31,"atk":31,"def":31,"spa":31,"spd":31,"spe":31}}],"log":["|player|p1|Twizz|264","|player|p2|tboltrider|93","|gametype|singles","|gen|6","|tier|Monotype","|rated","|rule|Baton Pass Clause: Limit one Baton Passer, can't pass Spe and other stats simultaneously","|rule|Swagger Clause: Swagger is banned","|rule|Same Type Clause: Pokémon in a team must share a type","|clearpoke","|poke|p1|Togekiss, F","|poke|p1|Dragonite, M","|poke|p1|Skarmory, F","|poke|p1|Zapdos","|poke|p1|Landorus, M","|poke|p1|Honchkrow, M","|poke|p2|Skarmory, M","|poke|p2|Togekiss, F","|poke|p2|Mandibuzz, F","|poke|p2|Gliscor, M","|poke|p2|Pidgeot, F","|poke|p2|Dragonite, M","|rule|Sleep Clause Mod: Limit one foe put to sleep","|rule|Species Clause: Limit one of each Pokémon","|rule|OHKO Clause: OHKO moves are banned","|rule|Moody Clause: Moody is banned","|rule|Evasion Moves Clause: Evasion moves are banned","|rule|Endless Battle Clause: Forcing endless battles is banned","|rule|HP Percentage Mod: HP is shown in percentages","|teampreview","|","|start","|switch|p1a: Fuck you|Skarmory, F|333/333","|switch|p2a: Pidgeot|Pidgeot, F|307/307","|turn|1","|","|detailschange|p2a: Pidgeot|Pidgeot-Mega, F","|-mega|p2a: Pidgeot|Pidgeot|Pidgeotite","|move|p2a: Pidgeot|Heat Wave|p1a: Fuck you","|-supereffective|p1a: Fuck you","|-damage|p1a: Fuck you|33/333","|move|p1a: Fuck you|Stealth Rock|p2a: Pidgeot","|-sidestart|p2: tboltrider|move: Stealth Rock","|","|turn|2","|","|move|p2a: Pidgeot|Heat Wave|p1a: Fuck you","|-crit|p1a: Fuck you","|-supereffective|p1a: Fuck you","|-damage|p1a: Fuck you|0 fnt","|faint|p1a: Fuck you","|","|","|switch|p1a: Togekiss|Togekiss, F|312/312","|turn|3","|","|move|p2a: Pidgeot|Hurricane|p1a: Togekiss","|-damage|p1a: Togekiss|218/312","|-start|p1a: Togekiss|confusion","|-activate|p1a: Togekiss|confusion","|move|p1a: Togekiss|Dazzling Gleam|p2a: Pidgeot","|-damage|p2a: Pidgeot|133/307","|","|turn|4","|","|move|p2a: Pidgeot|U-turn|p1a: Togekiss","|-resisted|p1a: Togekiss","|-damage|p1a: Togekiss|208/312","|","|switch|p2a: Mandibuzz|Mandibuzz, F|361/361","|-damage|p2a: Mandibuzz|271/361|[from] Stealth Rock","|-activate|p1a: Togekiss|confusion","|-damage|p1a: Togekiss|191/312|[from] confusion","|","|-heal|p2a: Mandibuzz|293/361|[from] item: Leftovers","|turn|5","|","|move|p2a: Mandibuzz|Defog|p1a: Togekiss","|-unboost|p1a: Togekiss|evasion|1","|-sideend|p2: tboltrider|Stealth Rock|[from] move: Defog|[of] p2a: Mandibuzz","|-end|p1a: Togekiss|confusion","|move|p1a: Togekiss|Dazzling Gleam|p2a: Mandibuzz","|-supereffective|p2a: Mandibuzz","|-damage|p2a: Mandibuzz|9/361","|","|-heal|p2a: Mandibuzz|31/361|[from] item: Leftovers","|turn|6","|","|switch|p2a: Skarmory|Skarmory, M|271/271","|move|p1a: Togekiss|Air Slash|p2a: Skarmory","|-crit|p2a: Skarmory","|-resisted|p2a: Skarmory","|-damage|p2a: Skarmory|161/271","|","|turn|7","|","|move|p2a: Skarmory|Iron Head|p1a: Togekiss","|-supereffective|p1a: Togekiss","|-damage|p1a: Togekiss|5/312","|move|p1a: Togekiss|Flamethrower|p2a: Skarmory","|-supereffective|p2a: Skarmory","|-damage|p2a: Skarmory|0 fnt","|faint|p2a: Skarmory","|","|","|switch|p2a: Pidgeot|Pidgeot-Mega, F|133/307","|turn|8","|","|switch|p1a: Zapdos|Zapdos|321/321","|-ability|p1a: Zapdos|Pressure","|move|p2a: Pidgeot|Heat Wave|p1a: Zapdos","|-damage|p1a: Zapdos|220/321","|","|-heal|p1a: Zapdos|240/321|[from] item: Leftovers","|turn|9","|","|move|p2a: Pidgeot|Hurricane|p1a: Zapdos","|-resisted|p1a: Zapdos","|-damage|p1a: Zapdos|145/321","|move|p1a: Zapdos|Toxic|p2a: Pidgeot","|-status|p2a: Pidgeot|tox","|","|-heal|p1a: Zapdos|165/321|[from] item: Leftovers","|-damage|p2a: Pidgeot|114/307 tox|[from] psn","|turn|10","|","|move|p2a: Pidgeot|Heat Wave|p1a: Zapdos","|-damage|p1a: Zapdos|60/321","|move|p1a: Zapdos|Roost|p1a: Zapdos","|-heal|p1a: Zapdos|221/321","|","|-heal|p1a: Zapdos|241/321|[from] item: Leftovers","|-damage|p2a: Pidgeot|76/307 tox|[from] psn","|turn|11","|","|move|p2a: Pidgeot|U-turn|p1a: Zapdos","|-resisted|p1a: Zapdos","|-damage|p1a: Zapdos|225/321","|","|switch|p2a: Gliscor|Gliscor, M|352/352","|move|p1a: Zapdos|Roost|p1a: Zapdos","|-heal|p1a: Zapdos|321/321","|","|-status|p2a: Gliscor|tox|[from] item: Toxic Orb","|turn|12","|","|switch|p1a: Togekiss|Togekiss, F|5/312","|move|p2a: Gliscor|Swords Dance|p2a: Gliscor","|-boost|p2a: Gliscor|atk|2","|","|turn|13","|","|move|p2a: Gliscor|Facade|p1a: Togekiss","|-damage|p1a: Togekiss|0 fnt","|faint|p1a: Togekiss","|","|","|switch|p1a: Dragonite|Dragonite, M|323/323","|turn|14","|","|move|p1a: Dragonite|Dragon Dance|p1a: Dragonite","|-boost|p1a: Dragonite|atk|1","|-boost|p1a: Dragonite|spe|1","|move|p2a: Gliscor|Facade|p1a: Dragonite","|-damage|p1a: Dragonite|205/323","|","|turn|15","|","|move|p1a: Dragonite|Dragon Claw|p2a: Gliscor","|-damage|p2a: Gliscor|151/352 tox","|move|p2a: Gliscor|Facade|p1a: Dragonite","|-damage|p1a: Dragonite|0 fnt","|faint|p1a: Dragonite","|","|-heal|p2a: Gliscor|195/352 tox|[from] ability: Poison Heal","|","|switch|p1a: Jerry|Honchkrow, M|341/341","|turn|16","|","|move|p1a: Jerry|Brave Bird|p2a: Gliscor","|-damage|p2a: Gliscor|0 fnt","|-damage|p1a: Jerry|277/341|[from] recoil|[of] p2a: Gliscor","|-damage|p1a: Jerry|243/341|[from] item: Life Orb","|faint|p2a: Gliscor","|-boost|p1a: Jerry|atk|1|[from] ability: Moxie","|","|","|switch|p2a: Togekiss|Togekiss, F|311/311","|turn|17","|","|move|p1a: Jerry|Brave Bird|p2a: Togekiss","|-damage|p2a: Togekiss|0 fnt","|-damage|p1a: Jerry|140/341|[from] recoil|[of] p2a: Togekiss","|-damage|p1a: Jerry|106/341|[from] item: Life Orb","|faint|p2a: Togekiss","|-boost|p1a: Jerry|atk|1|[from] ability: Moxie","|","|","|switch|p2a: Dragonite|Dragonite, M|323/323","|turn|18","|","|move|p2a: Dragonite|Extreme Speed|p1a: Jerry","|-damage|p1a: Jerry|0 fnt","|faint|p1a: Jerry","|","|","|switch|p1a: Landorus|Landorus, M|319/319","|turn|19","|","|move|p2a: Dragonite|Extreme Speed|p1a: Landorus","|-damage|p1a: Landorus|150/319","|move|p1a: Landorus|U-turn|p2a: Dragonite","|-resisted|p2a: Dragonite","|-damage|p2a: Dragonite|294/323","|-damage|p1a: Landorus|119/319|[from] item: Life Orb","|","|switch|p1a: Zapdos|Zapdos|321/321","|-ability|p1a: Zapdos|Pressure","|","|turn|20","|","|move|p2a: Dragonite|Extreme Speed|p1a: Zapdos","|-damage|p1a: Zapdos|203/321","|move|p1a: Zapdos|Discharge|p2a: Dragonite","|-damage|p2a: Dragonite|183/323","|","|-heal|p1a: Zapdos|223/321|[from] item: Leftovers","|turn|21","|","|move|p2a: Dragonite|Extreme Speed|p1a: Zapdos","|-damage|p1a: Zapdos|105/321","|move|p1a: Zapdos|Roost|p1a: Zapdos","|-heal|p1a: Zapdos|266/321","|","|-heal|p1a: Zapdos|286/321|[from] item: Leftovers","|turn|22","|","|move|p2a: Dragonite|Extreme Speed|p1a: Zapdos","|-crit|p1a: Zapdos","|-damage|p1a: Zapdos|112/321","|move|p1a: Zapdos|Toxic|p2a: Dragonite","|-status|p2a: Dragonite|tox","|","|-heal|p1a: Zapdos|132/321|[from] item: Leftovers","|-damage|p2a: Dragonite|163/323 tox|[from] psn","|turn|23","|","|-activate|p2a: Dragonite|move: Struggle","|move|p2a: Dragonite|Struggle|p1a: Zapdos","|-damage|p1a: Zapdos|64/321","|-damage|p2a: Dragonite|83/323 tox|[from] recoil","|move|p1a: Zapdos|Roost|p1a: Zapdos","|-heal|p1a: Zapdos|225/321","|","|-heal|p1a: Zapdos|245/321|[from] item: Leftovers","|-damage|p2a: Dragonite|43/323 tox|[from] psn","|turn|24","|","|switch|p2a: Mandibuzz|Mandibuzz, F|31/361","|move|p1a: Zapdos|Roost|p1a: Zapdos","|-heal|p1a: Zapdos|321/321","|","|-heal|p2a: Mandibuzz|53/361|[from] item: Leftovers","|turn|25","|","|move|p1a: Zapdos|Discharge|p2a: Mandibuzz","|-supereffective|p2a: Mandibuzz","|-damage|p2a: Mandibuzz|0 fnt","|faint|p2a: Mandibuzz","|","|","|switch|p2a: Dragonite|Dragonite, M|43/323 tox","|turn|26","|","|move|p2a: Dragonite|Dragon Claw|p1a: Zapdos","|-damage|p1a: Zapdos|144/321","|move|p1a: Zapdos|Discharge|p2a: Dragonite","|-crit|p2a: Dragonite","|-damage|p2a: Dragonite|0 fnt","|faint|p2a: Dragonite","|","|-heal|p1a: Zapdos|164/321|[from] item: Leftovers","|","|switch|p2a: Pidgeot|Pidgeot-Mega, F|76/307 tox","|turn|27","|","|move|p2a: Pidgeot|Heat Wave|p1a: Zapdos","|-damage|p1a: Zapdos|61/321","|move|p1a: Zapdos|Roost|p1a: Zapdos","|-heal|p1a: Zapdos|222/321","|","|-heal|p1a: Zapdos|242/321|[from] item: Leftovers","|-damage|p2a: Pidgeot|57/307 tox|[from] psn","|turn|28","|","|move|p2a: Pidgeot|Roost|p2a: Pidgeot","|-heal|p2a: Pidgeot|211/307 tox","|move|p1a: Zapdos|Roost|p1a: Zapdos","|-heal|p1a: Zapdos|321/321","|","|-damage|p2a: Pidgeot|173/307 tox|[from] psn","|turn|29","|","|move|p2a: Pidgeot|Hurricane|p1a: Zapdos","|-resisted|p1a: Zapdos","|-damage|p1a: Zapdos|230/321","|move|p1a: Zapdos|Discharge|p2a: Pidgeot","|-supereffective|p2a: Pidgeot","|-damage|p2a: Pidgeot|0 fnt","|faint|p2a: Pidgeot","|","|win|Twizz"],"p1rating":{"entryid":"66045","serverid":"eos","formatid":"monotype","userid":"twizz","username":"Twizz","w":11,"l":"5","t":"0","gxe":58.7,"r":"1551.22661504","rd":"84.745850539346","sigma":"0","rptime":"1440320400","rpr":1567.6600772825,"rprd":77.472648636496,"rpsigma":"0","acre":1174.4430632903,"lacre":1174.4430632903,"oldacre":"1158.4344224246"},"p2rating":{"entryid":"11792","serverid":"eos","formatid":"monotype","userid":"tboltrider","username":"tboltrider","w":"10","l":22,"t":"0","gxe":36.2,"r":"1403.0576313557","rd":"61.20502969277","sigma":"0","rptime":"1440320400","rpr":1391.8154314495,"rprd":59.819852158792,"rpsigma":"0","acre":1018.5715420443,"lacre":1018.5715420443,"oldacre":"1027.6287951447"},"endType":"normal"}