{"seed":[64389,24325,43526,12484],"turns":21,"p1":"Rain Hoot","p2":"GTX♅Bzumzum","p1team":[{"name":"Aerodactyl","species":"Aerodactyl","item":"lifeorb","ability":"Pressure","moves":["earthquake","stoneedge","aerialace","taunt"],"nature":"Adamant","evs":{"hp":0,"atk":252,"def":0,"spa":0,"spd":4,"spe":252},"ivs":{"hp":31,"atk":31,"def":31,"spa":31,"spd":31,"spe":31}},{"name":"Shuckle","species":"Shuckle","item":"redcard","ability":"Sturdy","moves":["stealthrock","stickyweb","toxic","encore"],"nature":"Calm","evs":{"hp":248,"atk":0,"def":8,"spa":0,"spd":252,"spe":0},"ivs":{"hp":31,"atk":31,"def":31,"spa":31,"spd":31,"spe":31}},{"name":"Diancie","species":"Diancie","item":"diancite","ability":"Clear Body","moves":["moonblast","earthpower","diamondstorm","protect"],"nature":"Hasty","evs":{"hp":0,"atk":0,"def":0,"spa":252,"spd":0,"spe":252},"ivs":{"hp":31,"atk":31,"def":31,"spa":31,"spd":31,"spe":31}},{"name":"Golem","species":"Golem","item":"weaknesspolicy","ability":"Sturdy","moves":["earthquake","rockblast","smackdown","suckerpunch"],"nature":"Adamant","evs":{"hp":0,"atk":252,"def":4,"spa":0,"spd":0,"spe":252},"ivs":{"hp":31,"atk":31,"def":31,"spa":31,"spd":31,"spe":31}},{"name":"Carracosta","species":"Carracosta","item":"expertbelt","ability":"Solid Rock","moves":["aquajet","knockoff","superpower","shellsmash"],"nature":"Adamant","evs":{"hp":0,"atk":252,"def":0,"spa":0,"spd":4,"spe":252},"ivs":{"hp":31,"atk":31,"def":31,"spa":31,"spd":31,"spe":31}},{"name":"Aurorus","species":"Aurorus","item":"assaultvest","ability":"Refrigerate","moves":["hypervoice","freezedry","darkpulse","earthpower"],"nature":"Modest","evs":{"hp":248,"atk":0,"def":0,"spa":252,"spd":8,"spe":0},"ivs":{"hp":31,"atk":31,"def":31,"spa":31,"spd":31,"spe":31}}],"p2team":[{"name":"Thorns","species":"ferrothorn","item":"rockyhelmet","ability":"Iron Barbs","moves":["stealthrock","gyroball","leechseed","protect"],"nature":"Jolly","evs":{"hp":128,"atk":100,"def":116,"spa":0,"spd":120,"spe":44},"gender":"M","ivs":{"hp":31,"atk":31,"def":31,"spa":31,"spd":31,"spe":0}},{"name":"Brawloom","species":"breloom","item":"focussash","ability":"Technician","moves":["bulletseed","rocktomb","machpunch","spore"],"nature":"Jolly","evs":{"hp":4,"atk":252,"def":0,"spa":0,"spd":0,"spe":252},"gender":"M","shiny":true,"ivs":{"hp":31,"atk":31,"def":31,"spa":31,"spd":31,"spe":31}},{"name":"Healer","species":"shaymin","item":"leftovers","ability":"Natural Cure","moves":["aromatherapy","earthpower","airslash","seedflare"],"nature":"Calm","evs":{"hp":0,"atk":0,"def":0,"spa":252,"spd":4,"spe":252},"shiny":true,"ivs":{"hp":31,"atk":31,"def":31,"spa":31,"spd":31,"spe":31}},{"name":"Ludicool","species":"ludicolo","item":"leftovers","ability":"Swift Swim","moves":["icebeam","scald","gigadrain","raindance"],"nature":"Modest","evs":{"hp":200,"atk":0,"def":0,"spa":184,"spd":4,"spe":120},"gender":"M","shiny":true,"ivs":{"hp":31,"atk":31,"def":31,"spa":31,"spd":31,"spe":31}},{"name":"Great-ily","species":"cradily","item":"leftovers","ability":"Storm Drain","moves":["ancientpower","earthpower","recover","toxic"],"nature":"Calm","evs":{"hp":232,"atk":24,"def":0,"spa":0,"spd":252,"spe":0},"gender":"M","shiny":true,"ivs":{"hp":31,"atk":31,"def":31,"spa":31,"spd":31,"spe":31}},{"name":"Plantasaurus","species":"venusaur","item":"venusaurite","ability":"Chlorophyll","moves":["gigadrain","hiddenpowerfire","sludgebomb","synthesis"],"nature":"Modest","evs":{"hp":0,"atk":0,"def":68,"spa":188,"spd":0,"spe":252},"gender":"M","ivs":{"hp":31,"atk":30,"def":31,"spa":30,"spd":31,"spe":30},"shiny":true}],"log":["|player|p1|Rain Hoot|266","|player|p2|GTX♅Bzumzum|225","|gametype|singles","|gen|6","|tier|Monotype","|rated","|rule|Baton Pass Clause: Limit one Baton Passer, can't pass Spe and other stats simultaneously","|rule|Swagger Clause: Swagger is banned","|rule|Same Type Clause: Pokémon in a team must share a type","|clearpoke","|poke|p1|Aerodactyl, M","|poke|p1|Shuckle, F","|poke|p1|Diancie","|poke|p1|Golem, M","|poke|p1|Carracosta, F","|poke|p1|Aurorus, F","|poke|p2|Ferrothorn, M","|poke|p2|Breloom, M, shiny","|poke|p2|Shaymin, shiny","|poke|p2|Ludicolo, M, shiny","|poke|p2|Cradily, M, shiny","|poke|p2|Venusaur, M, shiny","|rule|Sleep Clause Mod: Limit one foe put to sleep","|rule|Species Clause: Limit one of each Pokémon","|rule|OHKO Clause: OHKO moves are banned","|rule|Moody Clause: Moody is banned","|rule|Evasion Moves Clause: Evasion moves are banned","|rule|Endless Battle Clause: Forcing endless battles is banned","|rule|HP Percentage Mod: HP is shown in percentages","|teampreview","|","|start","|switch|p1a: Aerodactyl|Aerodactyl, M|301/301","|switch|p2a: Healer|Shaymin, shiny|341/341","|-ability|p1a: Aerodactyl|Pressure","|turn|1","|","|switch|p2a: Thorns|Ferrothorn, M|321/321","|move|p1a: Aerodactyl|Aerial Ace|p2a: Thorns","|-crit|p2a: Thorns","|-damage|p2a: Thorns|173/321","|-damage|p1a: Aerodactyl|264/301|[from] ability: Iron Barbs|[of] p2a: Thorns","|-damage|p1a: Aerodactyl|214/301|[from] item: Rocky Helmet|[of] p2a: Thorns","|-damage|p1a: Aerodactyl|184/301|[from] item: Life Orb","|","|turn|2","|","|switch|p1a: Carracosta|Carracosta, F|289/289","|move|p2a: Thorns|Leech Seed|p1a: Carracosta","|-start|p1a: Carracosta|move: Leech Seed","|","|-damage|p1a: Carracosta|253/289|[from] Leech Seed|[of] p2a: Thorns","|-heal|p2a: Thorns|209/321|[silent]","|turn|3","|","|move|p1a: Carracosta|Superpower|p2a: Thorns","|-supereffective|p2a: Thorns","|-damage|p2a: Thorns|0 fnt","|-damage|p1a: Carracosta|217/289|[from] ability: Iron Barbs|[of] p2a: Thorns","|-damage|p1a: Carracosta|169/289|[from] item: Rocky Helmet|[of] p2a: Thorns","|-unboost|p1a: Carracosta|atk|1","|-unboost|p1a: Carracosta|def|1","|faint|p2a: Thorns","|","|","|switch|p2a: Ludicool|Ludicolo, M, shiny|351/351","|turn|4","|","|move|p2a: Ludicool|Rain Dance|p2a: Ludicool","|-weather|RainDance","|move|p1a: Carracosta|Knock Off|p2a: Ludicool","|-damage|p2a: Ludicool|259/351","|-enditem|p2a: Ludicool|Leftovers|[from] move: Knock Off|[of] p1a: Carracosta","|","|-weather|RainDance|[upkeep]","|-damage|p1a: Carracosta|133/289|[from] Leech Seed|[of] p2a: Ludicool","|-heal|p2a: Ludicool|295/351|[silent]","|turn|5","|","|move|p1a: Carracosta|Aqua Jet|p2a: Ludicool","|-resisted|p2a: Ludicool","|-damage|p2a: Ludicool|271/351","|move|p2a: Ludicool|Giga Drain|p1a: Carracosta","|-supereffective|p1a: Carracosta","|-damage|p1a: Carracosta|0 fnt","|-heal|p2a: Ludicool|338/351|[from] drain|[of] p1a: Carracosta","|faint|p1a: Carracosta","|","|-weather|RainDance|[upkeep]","|","|switch|p1a: Golem|Golem, M|301/301","|turn|6","|","|switch|p2a: Great-ily|Cradily, M, shiny|371/371","|move|p1a: Golem|Rock Blast|p2a: Great-ily|[miss]","|-miss|p1a: Golem|p2a: Great-ily","|","|-weather|RainDance|[upkeep]","|turn|7","|","|switch|p1a: Shuckle|Shuckle, F|243/243","|move|p2a: Great-ily|Toxic|p1a: Shuckle","|-status|p1a: Shuckle|tox","|","|-weather|RainDance|[upkeep]","|-damage|p1a: Shuckle|228/243 tox|[from] psn","|turn|8","|","|switch|p2a: Ludicool|Ludicolo, M, shiny|338/351","|move|p1a: Shuckle|Stealth Rock|p2a: Ludicool","|-sidestart|p2: GTX♅Bzumzum|move: Stealth Rock","|","|-weather|none","|-damage|p1a: Shuckle|198/243 tox|[from] psn","|turn|9","|","|move|p2a: Ludicool|Giga Drain|p1a: Shuckle","|-damage|p1a: Shuckle|155/243 tox","|-heal|p2a: Ludicool|351/351|[from] drain|[of] p1a: Shuckle","|-enditem|p1a: Shuckle|Red Card|[of] p2a: Ludicool","|drag|p2a: Great-ily|Cradily, M, shiny|371/371","|-damage|p2a: Great-ily|325/371|[from] Stealth Rock","|move|p1a: Shuckle|Sticky Web|p2a: Great-ily","|-sidestart|p2: GTX♅Bzumzum|move: Sticky Web","|","|-heal|p2a: Great-ily|348/371|[from] item: Leftovers","|-damage|p1a: Shuckle|110/243 tox|[from] psn","|turn|10","|","|move|p2a: Great-ily|Ancient Power|p1a: Shuckle","|-supereffective|p1a: Shuckle","|-damage|p1a: Shuckle|66/243 tox","|move|p1a: Shuckle|Toxic|p2a: Great-ily","|-status|p2a: Great-ily|tox","|","|-heal|p2a: Great-ily|371/371 tox|[from] item: Leftovers","|-damage|p2a: Great-ily|348/371 tox|[from] psn","|-damage|p1a: Shuckle|6/243 tox|[from] psn","|turn|11","|","|move|p2a: Great-ily|Ancient Power|p1a: Shuckle","|-supereffective|p1a: Shuckle","|-damage|p1a: Shuckle|0 fnt","|-boost|p2a: Great-ily|atk|1","|-boost|p2a: Great-ily|def|1","|-boost|p2a: Great-ily|spa|1","|-boost|p2a: Great-ily|spd|1","|-boost|p2a: Great-ily|spe|1","|faint|p1a: Shuckle","|","|-heal|p2a: Great-ily|371/371 tox|[from] item: Leftovers","|-damage|p2a: Great-ily|325/371 tox|[from] psn","|","|switch|p1a: Aurorus|Aurorus, F|449/449","|turn|12","|","|move|p2a: Great-ily|Ancient Power|p1a: Aurorus","|-supereffective|p1a: Aurorus","|-damage|p1a: Aurorus|327/449","|move|p1a: Aurorus|Hyper Voice|p2a: Great-ily","|-supereffective|p2a: Great-ily","|-damage|p2a: Great-ily|145/371 tox","|","|-heal|p2a: Great-ily|168/371 tox|[from] item: Leftovers","|-damage|p2a: Great-ily|99/371 tox|[from] psn","|turn|13","|","|move|p2a: Great-ily|Recover|p2a: Great-ily","|-heal|p2a: Great-ily|285/371 tox","|move|p1a: Aurorus|Hyper Voice|p2a: Great-ily","|-supereffective|p2a: Great-ily","|-damage|p2a: Great-ily|97/371 tox","|","|-heal|p2a: Great-ily|120/371 tox|[from] item: Leftovers","|-damage|p2a: Great-ily|28/371 tox|[from] psn","|turn|14","|","|move|p2a: Great-ily|Earth Power|p1a: Aurorus","|-supereffective|p1a: Aurorus","|-damage|p1a: Aurorus|189/449","|move|p1a: Aurorus|Hyper Voice|p2a: Great-ily","|-supereffective|p2a: Great-ily","|-damage|p2a: Great-ily|0 fnt","|faint|p2a: Great-ily","|","|","|switch|p2a: Brawloom|Breloom, M, shiny|262/262","|-damage|p2a: Brawloom|246/262|[from] Stealth Rock","|-activate|p2a: Brawloom|move: Sticky Web","|-unboost|p2a: Brawloom|spe|1","|turn|15","|","|move|p2a: Brawloom|Mach Punch|p1a: Aurorus","|-supereffective|p1a: Aurorus","|-damage|p1a: Aurorus|0 fnt","|faint|p1a: Aurorus","|","|","|switch|p1a: Diancie|Diancie|241/241","|turn|16","|","|detailschange|p1a: Diancie|Diancie-Mega","|-mega|p1a: Diancie|Diancie|Diancite","|move|p1a: Diancie|Moonblast|p2a: Brawloom","|-supereffective|p2a: Brawloom","|-damage|p2a: Brawloom|0 fnt","|faint|p2a: Brawloom","|","|","|switch|p2a: Healer|Shaymin, shiny|341/341","|-damage|p2a: Healer|299/341|[from] Stealth Rock","|-activate|p2a: Healer|move: Sticky Web","|-unboost|p2a: Healer|spe|1","|turn|17","|","|move|p1a: Diancie|Moonblast|p2a: Healer","|-crit|p2a: Healer","|-damage|p2a: Healer|7/341","|move|p2a: Healer|Seed Flare|p1a: Diancie","|-crit|p1a: Diancie","|-supereffective|p1a: Diancie","|-damage|p1a: Diancie|0 fnt","|faint|p1a: Diancie","|","|-heal|p2a: Healer|28/341|[from] item: Leftovers","|","|switch|p1a: Aerodactyl|Aerodactyl, M|184/301","|-ability|p1a: Aerodactyl|Pressure","|turn|18","|","|move|p1a: Aerodactyl|Aerial Ace|p2a: Healer","|-supereffective|p2a: Healer","|-damage|p2a: Healer|0 fnt","|-damage|p1a: Aerodactyl|154/301|[from] item: Life Orb","|faint|p2a: Healer","|","|","|switch|p2a: Ludicool|Ludicolo, M, shiny|351/351","|-activate|p2a: Ludicool|move: Sticky Web","|-unboost|p2a: Ludicool|spe|1","|-damage|p2a: Ludicool|308/351|[from] Stealth Rock","|turn|19","|","|move|p1a: Aerodactyl|Aerial Ace|p2a: Ludicool","|-supereffective|p2a: Ludicool","|-damage|p2a: Ludicool|0 fnt","|-damage|p1a: Aerodactyl|124/301|[from] item: Life Orb","|faint|p2a: Ludicool","|","|","|switch|p2a: Plantasaurus|Venusaur, M, shiny|301/301","|-activate|p2a: Plantasaurus|move: Sticky Web","|-unboost|p2a: Plantasaurus|spe|1","|-damage|p2a: Plantasaurus|264/301|[from] Stealth Rock","|turn|20","|","|detailschange|p2a: Plantasaurus|Venusaur-Mega, M, shiny","|-mega|p2a: Plantasaurus|Venusaur|Venusaurite","|move|p1a: Aerodactyl|Aerial Ace|p2a: Plantasaurus","|-supereffective|p2a: Plantasaurus","|-damage|p2a: Plantasaurus|59/301","|-damage|p1a: Aerodactyl|94/301|[from] item: Life Orb","|move|p2a: Plantasaurus|Giga Drain|p1a: Aerodactyl","|-damage|p1a: Aerodactyl|0 fnt","|-heal|p2a: Plantasaurus|106/301|[from] drain|[of] p1a: Aerodactyl","|faint|p1a: Aerodactyl","|","|","|switch|p1a: Golem|Golem, M|301/301","|turn|21","|","|move|p1a: Golem|Earthquake|p2a: Plantasaurus","|-damage|p2a: Plantasaurus|0 fnt","|faint|p2a: Plantasaurus","|","|win|Rain Hoot"],"p1rating":{"entryid":"129353","serverid":"eos","formatid":"monotype","userid":"rainhoot","username":"Rain Hoot","w":14,"l":"15","t":"0","gxe":50.5,"r":"1482.4548422453","rd":"64.431731428116","sigma":"0","rptime":"1440320400","rpr":1503.4901307563,"rprd":62.652905278113,"rpsigma":"0","acre":1148.8857293172,"lacre":1148.8857293172,"oldacre":"1122.1664898623"},"p2rating":{"entryid":"1463","serverid":"eos","formatid":"monotype","userid":"gtxbzumzum","username":"GTX♅Bzumzum","w":"15","l":33,"t":"0","gxe":33.1,"r":"1340.026987092","rd":"54.495959817093","sigma":"0","rptime":"1440320400","rpr":1366.3730933645,"rprd":52.486414830831,"rpsigma":"0","acre":1119.3780216739,"lacre":1119.3780216739,"oldacre":"1146.0972611288"},"endType":"normal"}