{"seed":[1242,34302,14488,48884],"turns":28,"p1":"Void Who","p2":"Seven Swell","p1team":[{"name":"Gallade","species":"Gallade","item":"galladite","ability":"Justified","moves":["shadowsneak","drainpunch","psychocut","thunderwave"],"nature":"Adamant","evs":{"hp":248,"atk":252,"def":0,"spa":0,"spd":8,"spe":0},"ivs":{"hp":31,"atk":31,"def":31,"spa":31,"spd":31,"spe":31}},{"name":"Jirachi","species":"Jirachi","item":"assaultvest","ability":"Serene Grace","moves":["bodyslam","ironhead","drainpunch","zenheadbutt"],"nature":"Adamant","evs":{"hp":224,"atk":252,"def":0,"spa":0,"spd":0,"spe":32},"ivs":{"hp":31,"atk":31,"def":31,"spa":31,"spd":31,"spe":31}},{"name":"Meloetta","species":"Meloetta","item":"choicespecs","ability":"Serene Grace","moves":["hypervoice","focusblast","psychic","energyball"],"nature":"Modest","evs":{"hp":248,"atk":0,"def":0,"spa":252,"spd":8,"spe":0},"ivs":{"hp":31,"atk":31,"def":31,"spa":31,"spd":31,"spe":31}},{"name":"Mew","species":"Mew","item":"leftovers","ability":"Synchronize","moves":["defog","stealthrock","roost","knockoff"],"nature":"Careful","evs":{"hp":252,"atk":4,"def":0,"spa":0,"spd":252,"spe":0},"ivs":{"hp":31,"atk":31,"def":31,"spa":31,"spd":31,"spe":31}},{"name":"Slowbro","species":"Slowbro","item":"rockyhelmet","ability":"Regenerator","moves":["calmmind","slackoff","scald","flamethrower"],"nature":"Bold","evs":{"hp":248,"atk":0,"def":252,"spa":8,"spd":0,"spe":0},"ivs":{"hp":31,"atk":31,"def":31,"spa":31,"spd":31,"spe":31}},{"name":"Hoopa-Unbound","species":"Hoopa-Unbound","item":"choicescarf","ability":"Magician","moves":["hyperspacehole","hyperspacefury","firepunch","drainpunch"],"nature":"Hasty","evs":{"hp":0,"atk":252,"def":0,"spa":4,"spd":0,"spe":252},"ivs":{"hp":31,"atk":31,"def":31,"spa":31,"spd":31,"spe":31}}],"p2team":[{"name":"Mew","species":"Mew","item":"leftovers","ability":"Synchronize","moves":["roost","toxic","healbell","aurasphere"],"nature":"Calm","evs":{"hp":252,"atk":0,"def":0,"spa":4,"spd":252,"spe":0},"ivs":{"hp":31,"atk":0,"def":31,"spa":31,"spd":31,"spe":31}},{"name":"Slowbro","species":"Slowbro","item":"rockyhelmet","ability":"Regenerator","moves":["scald","yawn","flamethrower","slackoff"],"nature":"Bold","evs":{"hp":252,"atk":0,"def":252,"spa":4,"spd":0,"spe":0},"ivs":{"hp":31,"atk":0,"def":31,"spa":31,"spd":31,"spe":31}},{"name":"Deoxys-Speed","species":"Deoxys-Speed","item":"focussash","ability":"Pressure","moves":["stealthrock","thunderbolt","thunderwave","icebeam"],"nature":"Timid","evs":{"hp":252,"atk":0,"def":0,"spa":44,"spd":0,"spe":212},"ivs":{"hp":31,"atk":0,"def":31,"spa":31,"spd":31,"spe":31}},{"name":"Latias","species":"Latias","item":"leftovers","ability":"Levitate","moves":["dracometeor","psyshock","roost","defog"],"nature":"Timid","evs":{"hp":252,"atk":0,"def":0,"spa":4,"spd":0,"spe":252},"ivs":{"hp":31,"atk":0,"def":31,"spa":31,"spd":31,"spe":31}},{"name":"Hoopa-Unbound","species":"Hoopa-Unbound","item":"focussash","ability":"Magician","moves":["hyperspacefury","drainpunch","firepunch","gunkshot"],"nature":"Adamant","evs":{"hp":0,"atk":252,"def":0,"spa":0,"spd":4,"spe":252},"ivs":{"hp":31,"atk":31,"def":31,"spa":31,"spd":31,"spe":31}},{"name":"Gardevoir","species":"Gardevoir","item":"gardevoirite","ability":"Trace","moves":["hypervoice","psyshock","shadowball","taunt"],"nature":"Timid","evs":{"hp":0,"atk":0,"def":0,"spa":252,"spd":4,"spe":252},"ivs":{"hp":31,"atk":0,"def":31,"spa":31,"spd":31,"spe":31}}],"log":["|player|p1|Void Who|voidwho.gif","|player|p2|Seven Swell|sevenswell.png","|gametype|singles","|gen|6","|tier|Monotype","|rated","|rule|Baton Pass Clause: Limit one Baton Passer, can't pass Spe and other stats simultaneously","|rule|Swagger Clause: Swagger is banned","|rule|Same Type Clause: Pokémon in a team must share a type","|clearpoke","|poke|p1|Gallade, M","|poke|p1|Jirachi","|poke|p1|Meloetta","|poke|p1|Mew","|poke|p1|Slowbro, M","|poke|p1|Hoopa-Unbound","|poke|p2|Mew","|poke|p2|Slowbro, F","|poke|p2|Deoxys-Speed","|poke|p2|Latias, F","|poke|p2|Hoopa-Unbound","|poke|p2|Gardevoir, F","|rule|Sleep Clause Mod: Limit one foe put to sleep","|rule|Species Clause: Limit one of each Pokémon","|rule|OHKO Clause: OHKO moves are banned","|rule|Moody Clause: Moody is banned","|rule|Evasion Moves Clause: Evasion moves are banned","|rule|Endless Battle Clause: Forcing endless battles is banned","|rule|HP Percentage Mod: HP is shown in percentages","|teampreview","|","|start","|switch|p1a: Hoopa-Unbound|Hoopa-Unbound|301/301","|switch|p2a: Gardevoir|Gardevoir, F|277/277","|-ability|p2a: Gardevoir|Magician|[from] ability: Trace|[of] p1a: Hoopa-Unbound","|turn|1","|","|switch|p1a: Jirachi|Jirachi|397/397","|detailschange|p2a: Gardevoir|Gardevoir-Mega, F","|-mega|p2a: Gardevoir|Gardevoir|Gardevoirite","|move|p2a: Gardevoir|Hyper Voice|p1a: Jirachi","|-resisted|p1a: Jirachi","|-damage|p1a: Jirachi|310/397","|","|turn|2","|","|switch|p2a: Slowbro|Slowbro, F|394/394","|move|p1a: Jirachi|Body Slam|p2a: Slowbro","|-damage|p2a: Slowbro|331/394","|-damage|p1a: Jirachi|244/397|[from] item: Rocky Helmet|[of] p2a: Slowbro","|","|turn|3","|","|switch|p1a: Meloetta|Meloetta|403/403","|move|p2a: Slowbro|Scald|p1a: Meloetta","|-damage|p1a: Meloetta|322/403","|","|turn|4","|","|move|p1a: Meloetta|Hyper Voice|p2a: Slowbro","|-damage|p2a: Slowbro|28/394","|move|p2a: Slowbro|Yawn|p1a: Meloetta","|-start|p1a: Meloetta|move: Yawn|[of] p2a: Slowbro","|","|turn|5","|","|switch|p2a: Mew|Mew|404/404","|move|p1a: Meloetta|Hyper Voice|p2a: Mew","|-damage|p2a: Mew|200/404","|","|-end|p1a: Meloetta|move: Yawn|[silent]","|-status|p1a: Meloetta|slp","|-heal|p2a: Mew|225/404|[from] item: Leftovers","|turn|6","|","|switch|p1a: Hoopa-Unbound|Hoopa-Unbound|301/301","|move|p2a: Mew|Roost|p2a: Mew","|-heal|p2a: Mew|404/404","|","|turn|7","|","|switch|p2a: Slowbro|Slowbro, F|159/394","|move|p1a: Hoopa-Unbound|Hyperspace Fury|p2a: Slowbro","|-supereffective|p2a: Slowbro","|-damage|p2a: Slowbro|0 fnt","|-unboost|p1a: Hoopa-Unbound|def|1","|faint|p2a: Slowbro","|","|","|switch|p2a: Hoopa-Unbound|Hoopa-Unbound|301/301","|turn|8","|","|switch|p1a: Slowbro|Slowbro, M|393/393","|move|p2a: Hoopa-Unbound|Hyperspace Fury|p1a: Slowbro","|-crit|p1a: Slowbro","|-supereffective|p1a: Slowbro","|-damage|p1a: Slowbro|0 fnt","|-unboost|p2a: Hoopa-Unbound|def|1","|faint|p1a: Slowbro","|","|","|switch|p1a: Gallade|Gallade, M|339/339","|turn|9","|","|switch|p2a: Mew|Mew|404/404","|detailschange|p1a: Gallade|Gallade-Mega, M","|-mega|p1a: Gallade|Gallade|Galladite","|move|p1a: Gallade|Drain Punch|p2a: Mew","|-resisted|p2a: Mew","|-damage|p2a: Mew|323/404","|","|-heal|p2a: Mew|348/404|[from] item: Leftovers","|turn|10","|","|switch|p1a: Hoopa-Unbound|Hoopa-Unbound|301/301","|move|p2a: Mew|Toxic|p1a: Hoopa-Unbound","|-status|p1a: Hoopa-Unbound|tox","|","|-heal|p2a: Mew|373/404|[from] item: Leftovers","|-damage|p1a: Hoopa-Unbound|283/301 tox|[from] psn","|turn|11","|","|move|p1a: Hoopa-Unbound|Hyperspace Fury|p2a: Mew","|-supereffective|p2a: Mew","|-damage|p2a: Mew|0 fnt","|-unboost|p1a: Hoopa-Unbound|def|1","|faint|p2a: Mew","|","|-damage|p1a: Hoopa-Unbound|247/301 tox|[from] psn","|","|switch|p2a: Hoopa-Unbound|Hoopa-Unbound|301/301","|turn|12","|","|switch|p1a: Mew|Mew|404/404","|move|p2a: Hoopa-Unbound|Hyperspace Fury|p1a: Mew","|-crit|p1a: Mew","|-supereffective|p1a: Mew","|-damage|p1a: Mew|0 fnt","|-unboost|p2a: Hoopa-Unbound|def|1","|faint|p1a: Mew","|","|","|switch|p1a: Gallade|Gallade-Mega, M|339/339","|turn|13","|","|switch|p2a: Latias|Latias, F|364/364","|move|p1a: Gallade|Thunder Wave|p2a: Latias","|-status|p2a: Latias|par","|","|turn|14","|","|move|p1a: Gallade|Shadow Sneak|p2a: Latias","|-supereffective|p2a: Latias","|-damage|p2a: Latias|222/364 par","|move|p2a: Latias|Psyshock|p1a: Gallade","|-damage|p1a: Gallade|234/339","|","|-heal|p2a: Latias|244/364 par|[from] item: Leftovers","|turn|15","|","|switch|p1a: Meloetta|Meloetta|322/403 slp","|cant|p2a: Latias|par","|","|-heal|p2a: Latias|266/364 par|[from] item: Leftovers","|turn|16","|","|switch|p1a: Hoopa-Unbound|Hoopa-Unbound|247/301 tox","|switch|p2a: Gardevoir|Gardevoir-Mega, F|277/277","|","|-damage|p1a: Hoopa-Unbound|229/301 tox|[from] psn","|turn|17","|","|switch|p1a: Jirachi|Jirachi|244/397","|move|p2a: Gardevoir|Hyper Voice|p1a: Jirachi","|-crit|p1a: Jirachi","|-resisted|p1a: Jirachi","|-damage|p1a: Jirachi|123/397","|","|turn|18","|","|move|p2a: Gardevoir|Shadow Ball|p1a: Jirachi","|-supereffective|p1a: Jirachi","|-damage|p1a: Jirachi|0 fnt","|faint|p1a: Jirachi","|","|","|switch|p1a: Meloetta|Meloetta|322/403 slp","|turn|19","|","|switch|p2a: Latias|Latias, F|266/364 par","|cant|p1a: Meloetta|slp","|","|-heal|p2a: Latias|288/364 par|[from] item: Leftovers","|turn|20","|","|-curestatus|p1a: Meloetta|slp","|move|p1a: Meloetta|Hyper Voice|p2a: Latias","|-damage|p2a: Latias|92/364 par","|move|p2a: Latias|Draco Meteor|p1a: Meloetta","|-damage|p1a: Meloetta|183/403","|-unboost|p2a: Latias|spa|2","|","|-heal|p2a: Latias|114/364 par|[from] item: Leftovers","|turn|21","|","|move|p1a: Meloetta|Hyper Voice|p2a: Latias","|-damage|p2a: Latias|0 fnt","|faint|p2a: Latias","|","|","|switch|p2a: Deoxys-Speed|Deoxys-Speed|304/304","|-ability|p2a: Deoxys-Speed|Pressure","|turn|22","|","|move|p2a: Deoxys-Speed|Thunder Wave|p1a: Meloetta","|-status|p1a: Meloetta|par","|move|p1a: Meloetta|Hyper Voice|p2a: Deoxys-Speed","|-damage|p2a: Deoxys-Speed|9/304","|","|turn|23","|","|move|p2a: Deoxys-Speed|Stealth Rock|p1a: Meloetta","|-sidestart|p1: Void Who|move: Stealth Rock","|cant|p1a: Meloetta|par","|","|turn|24","|","|move|p2a: Deoxys-Speed|Ice Beam|p1a: Meloetta","|-damage|p1a: Meloetta|128/403 par","|move|p1a: Meloetta|Hyper Voice|p2a: Deoxys-Speed","|-damage|p2a: Deoxys-Speed|0 fnt","|faint|p2a: Deoxys-Speed","|","|","|switch|p2a: Hoopa-Unbound|Hoopa-Unbound|301/301","|turn|25","|","|move|p2a: Hoopa-Unbound|Hyperspace Fury|p1a: Meloetta","|-supereffective|p1a: Meloetta","|-damage|p1a: Meloetta|0 fnt","|-unboost|p2a: Hoopa-Unbound|def|1","|faint|p1a: Meloetta","|","|","|switch|p1a: Hoopa-Unbound|Hoopa-Unbound|229/301 tox","|-damage|p1a: Hoopa-Unbound|192/301 tox|[from] Stealth Rock","|turn|26","|","|move|p1a: Hoopa-Unbound|Hyperspace Fury|p2a: Hoopa-Unbound","|-enditem|p2a: Hoopa-Unbound|Focus Sash","|-damage|p2a: Hoopa-Unbound|1/301","|-unboost|p1a: Hoopa-Unbound|def|1","|move|p2a: Hoopa-Unbound|Hyperspace Fury|p1a: Hoopa-Unbound","|-damage|p1a: Hoopa-Unbound|0 fnt","|-item|p2a: Hoopa-Unbound|Choice Scarf|[from] ability: Magician|[of] p1a: Hoopa-Unbound","|-unboost|p2a: Hoopa-Unbound|def|1","|faint|p1a: Hoopa-Unbound","|","|","|switch|p1a: Gallade|Gallade-Mega, M|234/339","|-damage|p1a: Gallade|213/339|[from] Stealth Rock","|turn|27","|","|move|p1a: Gallade|Shadow Sneak|p2a: Hoopa-Unbound","|-damage|p2a: Hoopa-Unbound|0 fnt","|faint|p2a: Hoopa-Unbound","|","|","|switch|p2a: Gardevoir|Gardevoir-Mega, F|277/277","|turn|28","|","|move|p1a: Gallade|Shadow Sneak|p2a: Gardevoir","|-supereffective|p2a: Gardevoir","|-damage|p2a: Gardevoir|107/277","|move|p2a: Gardevoir|Hyper Voice|p1a: Gallade","|-supereffective|p1a: Gallade","|-damage|p1a: Gallade|0 fnt","|faint|p1a: Gallade","|","|win|Seven Swell"],"p1rating":{"entryid":"114352","serverid":"eos","formatid":"monotype","userid":"voidwho","username":"Void Who","w":"5","l":5,"t":"0","gxe":50.8,"r":"1497.3189220233","rd":"92.310157241326","sigma":"0","rptime":"1440320400","rpr":1506.205708569,"rprd":87.454185514137,"rpsigma":"0","acre":1092.8064425954,"lacre":1092.8064425954,"oldacre":"1107.3740517812"},"p2rating":{"entryid":"86214","serverid":"eos","formatid":"monotype","userid":"sevenswell","username":"Seven Swell","w":37,"l":"13","t":"0","gxe":71.5,"r":"1674.9231258289","rd":"52.257078854739","sigma":"0","rptime":"1440320400","rpr":1674.3150552383,"rprd":50.930747645045,"rpsigma":"0","acre":1276.3465312274,"lacre":1276.3465312274,"oldacre":"1261.7789220416"},"endType":"normal"}