{"seed":[59328,4624,34990,4343],"turns":22,"p1":"BitTrippy","p2":"sovereign♕zoroark","p1team":[{"name":"One Shot?","species":"chansey","item":"eviolite","ability":"Natural Cure","moves":["toxic","softboiled","seismictoss","healbell"],"nature":"Bold","evs":{"hp":248,"atk":0,"def":252,"spa":0,"spd":8,"spe":0},"ivs":{"hp":31,"atk":31,"def":31,"spa":31,"spd":31,"spe":31}},{"name":"'murica fk yeah!","species":"braviary","item":"leftovers","ability":"Defiant","moves":["bravebird","bulkup","facade","roost"],"nature":"Careful","evs":{"hp":252,"atk":4,"def":0,"spa":0,"spd":252,"spe":0},"ivs":{"hp":31,"atk":31,"def":31,"spa":31,"spd":31,"spe":31}},{"name":"Alluhu Akbar","species":"staraptor","item":"choicescarf","ability":"Reckless","moves":["bravebird","doubleedge","finalgambit","uturn"],"nature":"Jolly","evs":{"hp":0,"atk":252,"def":0,"spa":0,"spd":4,"spe":252},"ivs":{"hp":31,"atk":31,"def":31,"spa":31,"spd":31,"spe":31}},{"name":"Brooklyn Slut","species":"lopunny","item":"lopunnite","ability":"Cute Charm","moves":["fakeout","highjumpkick","facade","poweruppunch"],"nature":"Jolly","evs":{"hp":0,"atk":252,"def":0,"spa":0,"spd":4,"spe":252},"gender":"F","ivs":{"hp":31,"atk":31,"def":31,"spa":31,"spd":31,"spe":31}},{"name":"Duck. EXE 2.0","species":"porygon2","item":"eviolite","ability":"Trace","moves":["thunderwave","triattack","recover","icebeam"],"nature":"Bold","evs":{"hp":252,"atk":0,"def":104,"spa":0,"spd":152,"spe":0},"ivs":{"hp":31,"atk":31,"def":31,"spa":31,"spd":31,"spe":31}},{"name":"Niggersby","species":"diggersby","item":"focussash","ability":"Huge Power","moves":["return","earthquake","quickattack","firepunch"],"nature":"Adamant","evs":{"hp":4,"atk":252,"def":0,"spa":0,"spd":0,"spe":252},"gender":"M","ivs":{"hp":31,"atk":31,"def":31,"spa":31,"spd":31,"spe":31}}],"p2team":[{"name":"Abomasnow","species":"Abomasnow","item":"abomasite","ability":"Snow Warning","moves":["blizzard","gigadrain","hiddenpowerfire","iceshard"],"nature":"Brave","evs":{"hp":0,"atk":0,"def":4,"spa":252,"spd":252,"spe":0},"ivs":{"hp":31,"atk":30,"def":31,"spa":30,"spd":31,"spe":30},"shiny":true},{"name":"Froslass","species":"Froslass","item":"leftovers","ability":"Snow Cloak","moves":["substitute","thunderbolt","icebeam","destinybond"],"nature":"Timid","evs":{"hp":4,"atk":0,"def":0,"spa":252,"spd":0,"spe":252},"ivs":{"hp":31,"atk":31,"def":31,"spa":31,"spd":31,"spe":31}},{"name":"Kyurem-Black","species":"Kyurem-Black","item":"choicescarf","ability":"Teravolt","moves":["outrage","fusionbolt","stoneedge","facade"],"nature":"Jolly","evs":{"hp":4,"atk":252,"def":0,"spa":0,"spd":0,"spe":252},"shiny":true,"ivs":{"hp":31,"atk":31,"def":31,"spa":31,"spd":31,"spe":31}},{"name":"Mamoswine","species":"Mamoswine","item":"lifeorb","ability":"Snow Cloak","moves":["stealthrock","earthquake","iceshard","stoneedge"],"nature":"Adamant","evs":{"hp":4,"atk":252,"def":0,"spa":0,"spd":0,"spe":252},"ivs":{"hp":31,"atk":31,"def":31,"spa":31,"spd":31,"spe":31}},{"name":"Walrein","species":"Walrein","item":"choicespecs","ability":"Thick Fat","moves":["surf","icebeam","signalbeam","hiddenpowerfire"],"nature":"Modest","evs":{"hp":252,"atk":0,"def":0,"spa":252,"spd":0,"spe":4},"ivs":{"hp":31,"atk":30,"def":31,"spa":30,"spd":31,"spe":30}},{"name":"Cloyster","species":"Cloyster","item":"focussash","ability":"Skill Link","moves":["shellsmash","iciclespear","rockblast","razorshell"],"nature":"Adamant","evs":{"hp":24,"atk":252,"def":0,"spa":0,"spd":0,"spe":232},"ivs":{"hp":31,"atk":31,"def":31,"spa":31,"spd":31,"spe":31}}],"log":["|player|p1|BitTrippy|92","|player|p2|sovereign♕zoroark|218","|gametype|singles","|gen|6","|tier|Monotype","|rated","|rule|Baton Pass Clause: Limit one Baton Passer, can't pass Spe and other stats simultaneously","|rule|Swagger Clause: Swagger is banned","|rule|Same Type Clause: Pokémon in a team must share a type","|clearpoke","|poke|p1|Chansey, F","|poke|p1|Braviary, M","|poke|p1|Staraptor, M","|poke|p1|Lopunny, F","|poke|p1|Porygon2","|poke|p1|Diggersby, M","|poke|p2|Abomasnow, F, shiny","|poke|p2|Froslass, F","|poke|p2|Kyurem-Black, shiny","|poke|p2|Mamoswine, M","|poke|p2|Walrein, F","|poke|p2|Cloyster, F","|rule|Sleep Clause Mod: Limit one foe put to sleep","|rule|Species Clause: Limit one of each Pokémon","|rule|OHKO Clause: OHKO moves are banned","|rule|Moody Clause: Moody is banned","|rule|Evasion Moves Clause: Evasion moves are banned","|rule|Endless Battle Clause: Forcing endless battles is banned","|rule|HP Percentage Mod: HP is shown in percentages","|teampreview","|","|start","|switch|p1a: Brooklyn Slut|Lopunny, F|271/271","|switch|p2a: Abomasnow|Abomasnow, F, shiny|321/321","|-weather|Hail","|turn|1","|","|detailschange|p1a: Brooklyn Slut|Lopunny-Mega, F","|-mega|p1a: Brooklyn Slut|Lopunny|Lopunnite","|detailschange|p2a: Abomasnow|Abomasnow-Mega, F, shiny","|-mega|p2a: Abomasnow|Abomasnow|Abomasite","|move|p1a: Brooklyn Slut|Fake Out|p2a: Abomasnow","|-damage|p2a: Abomasnow|248/321","|cant|p2a: Abomasnow|flinch","|","|-weather|Hail|[upkeep]","|-damage|p1a: Brooklyn Slut|255/271|[from] hail","|turn|2","|","|move|p2a: Abomasnow|Ice Shard|p1a: Brooklyn Slut","|-damage|p1a: Brooklyn Slut|180/271","|move|p1a: Brooklyn Slut|High Jump Kick|p2a: Abomasnow","|-supereffective|p2a: Abomasnow","|-damage|p2a: Abomasnow|0 fnt","|faint|p2a: Abomasnow","|","|-weather|Hail|[upkeep]","|-damage|p1a: Brooklyn Slut|164/271|[from] hail","|","|switch|p2a: Froslass|Froslass, F|282/282","|turn|3","|","|move|p1a: Brooklyn Slut|Power-Up Punch|p2a: Froslass","|-supereffective|p2a: Froslass","|-damage|p2a: Froslass|90/282","|-boost|p1a: Brooklyn Slut|atk|1","|move|p2a: Froslass|Destiny Bond|p2a: Froslass","|-singlemove|p2a: Froslass|Destiny Bond","|","|-weather|Hail|[upkeep]","|-damage|p1a: Brooklyn Slut|148/271|[from] hail","|-heal|p2a: Froslass|107/282|[from] item: Leftovers","|turn|4","|","|switch|p1a: One Shot?|Chansey, F|703/703","|move|p2a: Froslass|Destiny Bond|p2a: Froslass","|-singlemove|p2a: Froslass|Destiny Bond","|","|-weather|Hail|[upkeep]","|-damage|p1a: One Shot?|660/703|[from] hail","|-heal|p2a: Froslass|124/282|[from] item: Leftovers","|turn|5","|","|move|p2a: Froslass|Substitute|p2a: Froslass","|-start|p2a: Froslass|Substitute","|-damage|p2a: Froslass|54/282","|move|p1a: One Shot?|Toxic|p2a: Froslass|[miss]","|-miss|p1a: One Shot?|p2a: Froslass","|","|-weather|none","|-heal|p2a: Froslass|71/282|[from] item: Leftovers","|turn|6","|","|switch|p1a: Duck. EXE 2.0|Porygon2|374/374","|-ability|p1a: Duck. EXE 2.0|Snow Cloak|[from] ability: Trace|[of] p2a: Froslass","|move|p2a: Froslass|Ice Beam|p1a: Duck. EXE 2.0","|-damage|p1a: Duck. EXE 2.0|308/374","|","|-heal|p2a: Froslass|88/282|[from] item: Leftovers","|turn|7","|","|move|p2a: Froslass|Ice Beam|p1a: Duck. EXE 2.0","|-damage|p1a: Duck. EXE 2.0|238/374","|move|p1a: Duck. EXE 2.0|Tri Attack|p2a: Froslass","|-immune|p2a: Froslass|[msg]","|","|-heal|p2a: Froslass|105/282|[from] item: Leftovers","|turn|8","|","|move|p2a: Froslass|Ice Beam|p1a: Duck. EXE 2.0","|-damage|p1a: Duck. EXE 2.0|162/374","|move|p1a: Duck. EXE 2.0|Ice Beam|p2a: Froslass","|-resisted|p2a: Froslass","|-activate|p2a: Froslass|Substitute|[damage]","|","|-heal|p2a: Froslass|122/282|[from] item: Leftovers","|turn|9","|","|move|p2a: Froslass|Ice Beam|p1a: Duck. EXE 2.0","|-damage|p1a: Duck. EXE 2.0|86/374","|move|p1a: Duck. EXE 2.0|Ice Beam|p2a: Froslass","|-resisted|p2a: Froslass","|-end|p2a: Froslass|Substitute","|","|-heal|p2a: Froslass|139/282|[from] item: Leftovers","|turn|10","|","|move|p2a: Froslass|Ice Beam|p1a: Duck. EXE 2.0","|-crit|p1a: Duck. EXE 2.0","|-damage|p1a: Duck. EXE 2.0|0 fnt","|faint|p1a: Duck. EXE 2.0","|","|-heal|p2a: Froslass|156/282|[from] item: Leftovers","|","|switch|p1a: Alluhu Akbar|Staraptor, M|311/311","|turn|11","|","|move|p1a: Alluhu Akbar|Brave Bird|p2a: Froslass","|-crit|p2a: Froslass","|-damage|p2a: Froslass|0 fnt","|-damage|p1a: Alluhu Akbar|260/311|[from] recoil|[of] p2a: Froslass","|faint|p2a: Froslass","|","|","|switch|p2a: Kyurem-Black|Kyurem-Black, shiny|392/392","|-ability|p2a: Kyurem-Black|Teravolt","|turn|12","|","|move|p1a: Alluhu Akbar|Brave Bird|p2a: Kyurem-Black","|-damage|p2a: Kyurem-Black|136/392","|-damage|p1a: Alluhu Akbar|176/311|[from] recoil|[of] p2a: Kyurem-Black","|move|p2a: Kyurem-Black|Fusion Bolt|p1a: Alluhu Akbar","|-supereffective|p1a: Alluhu Akbar","|-damage|p1a: Alluhu Akbar|0 fnt","|faint|p1a: Alluhu Akbar","|","|","|switch|p1a: One Shot?|Chansey, F|660/703","|turn|13","|","|move|p2a: Kyurem-Black|Fusion Bolt|p1a: One Shot?","|-damage|p1a: One Shot?|474/703","|move|p1a: One Shot?|Toxic|p2a: Kyurem-Black","|-status|p2a: Kyurem-Black|tox","|","|-damage|p2a: Kyurem-Black|112/392 tox|[from] psn","|turn|14","|","|move|p2a: Kyurem-Black|Fusion Bolt|p1a: One Shot?","|-damage|p1a: One Shot?|288/703","|move|p1a: One Shot?|Soft-Boiled|p1a: One Shot?","|-heal|p1a: One Shot?|640/703","|","|-damage|p2a: Kyurem-Black|64/392 tox|[from] psn","|turn|15","|","|move|p2a: Kyurem-Black|Fusion Bolt|p1a: One Shot?","|-damage|p1a: One Shot?|448/703","|move|p1a: One Shot?|Soft-Boiled|p1a: One Shot?","|-heal|p1a: One Shot?|703/703","|","|-damage|p2a: Kyurem-Black|0 fnt|[from] psn","|faint|p2a: Kyurem-Black","|","|switch|p2a: Cloyster|Cloyster, F|247/247","|turn|16","|","|move|p2a: Cloyster|Shell Smash|p2a: Cloyster","|-unboost|p2a: Cloyster|def|1","|-unboost|p2a: Cloyster|spd|1","|-boost|p2a: Cloyster|atk|2","|-boost|p2a: Cloyster|spa|2","|-boost|p2a: Cloyster|spe|2","|move|p1a: One Shot?|Toxic|p2a: Cloyster|[miss]","|-miss|p1a: One Shot?|p2a: Cloyster","|","|turn|17","|","|move|p2a: Cloyster|Shell Smash|p2a: Cloyster","|-unboost|p2a: Cloyster|def|1","|-unboost|p2a: Cloyster|spd|1","|-boost|p2a: Cloyster|atk|2","|-boost|p2a: Cloyster|spa|2","|-boost|p2a: Cloyster|spe|2","|move|p1a: One Shot?|Toxic|p2a: Cloyster","|-status|p2a: Cloyster|tox","|","|-damage|p2a: Cloyster|232/247 tox|[from] psn","|turn|18","|","|move|p2a: Cloyster|Icicle Spear|p1a: One Shot?","|-damage|p1a: One Shot?|552/703","|-damage|p1a: One Shot?|390/703","|-damage|p1a: One Shot?|222/703","|-damage|p1a: One Shot?|74/703","|-damage|p1a: One Shot?|0 fnt","|-hitcount|p1a: One Shot?|5","|faint|p1a: One Shot?","|","|-damage|p2a: Cloyster|202/247 tox|[from] psn","|","|switch|p1a: Niggersby|Diggersby, M|312/312","|turn|19","|","|move|p1a: Niggersby|Quick Attack|p2a: Cloyster","|-damage|p2a: Cloyster|93/247 tox","|move|p2a: Cloyster|Icicle Spear|p1a: Niggersby","|-supereffective|p1a: Niggersby","|-enditem|p1a: Niggersby|Focus Sash","|-damage|p1a: Niggersby|1/312","|-supereffective|p1a: Niggersby","|-damage|p1a: Niggersby|0 fnt","|-hitcount|p1a: Niggersby|2","|faint|p1a: Niggersby","|","|-damage|p2a: Cloyster|48/247 tox|[from] psn","|","|switch|p1a: Brooklyn Slut|Lopunny-Mega, F|148/271","|turn|20","|","|move|p1a: Brooklyn Slut|Fake Out|p2a: Cloyster","|-damage|p2a: Cloyster|0 fnt","|faint|p2a: Cloyster","|","|","|switch|p2a: Mamoswine|Mamoswine, M|362/362","|turn|21","|","|move|p2a: Mamoswine|Ice Shard|p1a: Brooklyn Slut","|-damage|p1a: Brooklyn Slut|43/271","|-damage|p2a: Mamoswine|326/362|[from] item: Life Orb","|move|p1a: Brooklyn Slut|High Jump Kick|p2a: Mamoswine","|-supereffective|p2a: Mamoswine","|-damage|p2a: Mamoswine|0 fnt","|faint|p2a: Mamoswine","|","|","|switch|p2a: Walrein|Walrein, F|424/424","|turn|22","|","|move|p1a: Brooklyn Slut|High Jump Kick|p2a: Walrein","|-supereffective|p2a: Walrein","|-damage|p2a: Walrein|0 fnt","|faint|p2a: Walrein","|","|win|BitTrippy"],"p1rating":{"entryid":"358118","serverid":"eos","formatid":"monotype","userid":"bittrippy","username":"BitTrippy","w":1,"l":"2","t":"0","gxe":44.9,"r":"1500","rd":"130","sigma":"0","rptime":"1440320400","rpr":1459.7567571798,"rprd":111.50158083647,"rpsigma":"0","acre":1040,"lacre":1040,"oldacre":"1000"},"p2rating":{"entryid":"313593","serverid":"eos","formatid":"monotype","userid":"sovereignzoroark","username":"sovereign♕zoroark","w":"5","l":22,"t":"0","gxe":25.5,"r":"1371.7471491143","rd":"74.50004825256","sigma":"0","rptime":"1440320400","rpr":1294.7969432309,"rprd":63.825670781906,"rpsigma":"0","acre":1000,"lacre":1000,"oldacre":"1000"},"endType":"normal"}