{"seed":[60193,27290,23529,36866],"turns":19,"p1":"NyanLoki","p2":"Void~Pixie","p1team":[{"name":"Sableye","species":"Sableye","item":"lifeorb","ability":"Prankster","moves":["willowisp","poisonjab","poweruppunch","knockoff"],"nature":"Careful","evs":{"hp":248,"atk":8,"def":0,"spa":0,"spd":252,"spe":0},"ivs":{"hp":31,"atk":31,"def":31,"spa":31,"spd":31,"spe":31}},{"name":"Banette","species":"Banette","item":"banettite","ability":"Frisk","moves":["willowisp","destinybond","disable","foulplay"],"nature":"Calm","evs":{"hp":248,"atk":0,"def":8,"spa":0,"spd":252,"spe":0},"ivs":{"hp":31,"atk":31,"def":31,"spa":31,"spd":31,"spe":31}},{"name":"Gengar","species":"Gengar","item":"lifeorb","ability":"Levitate","moves":["darkpulse","gigadrain","destinybond","sludgewave"],"nature":"Timid","evs":{"hp":0,"atk":0,"def":0,"spa":252,"spd":4,"spe":252},"ivs":{"hp":31,"atk":31,"def":31,"spa":31,"spd":31,"spe":31}},{"name":"Jellicent","species":"Jellicent","item":"lifeorb","ability":"Water Absorb","moves":["willowisp","gigadrain","darkpulse","recover"],"nature":"Calm","evs":{"hp":248,"atk":0,"def":0,"spa":8,"spd":252,"spe":0},"ivs":{"hp":31,"atk":31,"def":31,"spa":31,"spd":31,"spe":31}},{"name":"Chandelure","species":"Chandelure","item":"choicespecs","ability":"Infiltrator","moves":["fireblast","energyball","darkpulse","psychic"],"nature":"Modest","evs":{"hp":248,"atk":0,"def":0,"spa":252,"spd":8,"spe":0},"ivs":{"hp":31,"atk":31,"def":31,"spa":31,"spd":31,"spe":31}},{"name":"Dusclops","species":"Dusclops","item":"eviolite","ability":"Pressure","moves":["willowisp","suckerpunch","earthquake","poweruppunch"],"nature":"Adamant","evs":{"hp":248,"atk":252,"def":0,"spa":0,"spd":8,"spe":0},"ivs":{"hp":31,"atk":31,"def":31,"spa":31,"spd":31,"spe":31}}],"p2team":[{"name":"Cobalion","species":"Cobalion","item":"focussash","ability":"Justified","moves":["thunderwave","taunt","ironhead","stealthrock"],"nature":"Jolly","evs":{"hp":252,"atk":4,"def":0,"spa":0,"spd":0,"spe":252},"ivs":{"hp":31,"atk":31,"def":31,"spa":31,"spd":31,"spe":31}},{"name":"Terrakion","species":"Terrakion","item":"choicescarf","ability":"Justified","moves":["closecombat","earthquake","ironhead","rockslide"],"nature":"Jolly","evs":{"hp":0,"atk":252,"def":0,"spa":0,"spd":4,"spe":252},"ivs":{"hp":31,"atk":31,"def":31,"spa":31,"spd":31,"spe":31}},{"name":"Keldeo","species":"Keldeo","item":"choicespecs","ability":"Justified","moves":["scald","icywind","secretsword","hydropump"],"nature":"Timid","evs":{"hp":0,"atk":0,"def":0,"spa":252,"spd":4,"spe":252},"ivs":{"hp":31,"atk":30,"def":30,"spa":31,"spd":31,"spe":31}},{"name":"Hawlucha","species":"Hawlucha","item":"powerherb","ability":"Unburden","moves":["skyattack","acrobatics","highjumpkick","swordsdance"],"nature":"Adamant","evs":{"hp":0,"atk":252,"def":0,"spa":0,"spd":4,"spe":252},"ivs":{"hp":31,"atk":31,"def":31,"spa":31,"spd":31,"spe":31}},{"name":"Pangoro","species":"Pangoro","item":"assaultvest","ability":"Scrappy","moves":["circlethrow","crunch","knockoff","ironhead"],"nature":"Adamant","evs":{"hp":248,"atk":252,"def":0,"spa":0,"spd":8,"spe":0},"ivs":{"hp":31,"atk":31,"def":31,"spa":31,"spd":31,"spe":31}},{"name":"Medicham","species":"Medicham","item":"medichamite","ability":"Pure Power","moves":["bulletpunch","fakeout","psychocut","highjumpkick"],"nature":"Jolly","evs":{"hp":0,"atk":252,"def":0,"spa":0,"spd":4,"spe":252},"ivs":{"hp":31,"atk":31,"def":31,"spa":31,"spd":31,"spe":31}}],"log":["|player|p1|NyanLoki|25","|player|p2|Void~Pixie|138","|gametype|singles","|gen|6","|tier|Monotype","|rated","|rule|Baton Pass Clause: Limit one Baton Passer, can't pass Spe and other stats simultaneously","|rule|Swagger Clause: Swagger is banned","|rule|Same Type Clause: Pokémon in a team must share a type","|clearpoke","|poke|p1|Sableye, M","|poke|p1|Banette, F","|poke|p1|Gengar, M","|poke|p1|Jellicent, M","|poke|p1|Chandelure, M","|poke|p1|Dusclops, F","|poke|p2|Cobalion","|poke|p2|Terrakion","|poke|p2|Keldeo","|poke|p2|Hawlucha, M","|poke|p2|Pangoro, F","|poke|p2|Medicham, F","|rule|Sleep Clause Mod: Limit one foe put to sleep","|rule|Species Clause: Limit one of each Pokémon","|rule|OHKO Clause: OHKO moves are banned","|rule|Moody Clause: Moody is banned","|rule|Evasion Moves Clause: Evasion moves are banned","|rule|Endless Battle Clause: Forcing endless battles is banned","|rule|HP Percentage Mod: HP is shown in percentages","|teampreview","|","|start","|switch|p1a: Sableye|Sableye, M|303/303","|switch|p2a: Keldeo|Keldeo|323/323","|turn|1","|","|move|p1a: Sableye|Will-O-Wisp|p2a: Keldeo|[miss]","|-miss|p1a: Sableye|p2a: Keldeo","|move|p2a: Keldeo|Hydro Pump|p1a: Sableye","|-damage|p1a: Sableye|12/303","|","|turn|2","|","|switch|p1a: Jellicent|Jellicent, M|403/403","|move|p2a: Keldeo|Hydro Pump|p1a: Jellicent","|-immune|p1a: Jellicent|[msg]","|","|turn|3","|","|switch|p2a: Cobalion|Cobalion|386/386","|move|p1a: Jellicent|Will-O-Wisp|p2a: Cobalion","|-status|p2a: Cobalion|brn","|","|-damage|p2a: Cobalion|338/386 brn|[from] brn","|turn|4","|","|move|p2a: Cobalion|Thunder Wave|p1a: Jellicent","|-status|p1a: Jellicent|par","|move|p1a: Jellicent|Dark Pulse|p2a: Cobalion","|-resisted|p2a: Cobalion","|-damage|p2a: Cobalion|287/386 brn","|-boost|p2a: Cobalion|atk|1|[from] ability: Justified","|-damage|p1a: Jellicent|363/403 par|[from] item: Life Orb","|","|-damage|p2a: Cobalion|239/386 brn|[from] brn","|turn|5","|","|move|p2a: Cobalion|Stealth Rock|p1a: Jellicent","|-sidestart|p1: NyanLoki|move: Stealth Rock","|move|p1a: Jellicent|Giga Drain|p2a: Cobalion","|-resisted|p2a: Cobalion","|-damage|p2a: Cobalion|194/386 brn","|-heal|p1a: Jellicent|386/403 par|[from] drain|[of] p2a: Cobalion","|-damage|p1a: Jellicent|346/403 par|[from] item: Life Orb","|","|-damage|p2a: Cobalion|146/386 brn|[from] brn","|turn|6","|","|move|p2a: Cobalion|Taunt|p1a: Jellicent","|-start|p1a: Jellicent|move: Taunt","|move|p1a: Jellicent|Giga Drain|p2a: Cobalion","|-resisted|p2a: Cobalion","|-damage|p2a: Cobalion|103/386 brn","|-heal|p1a: Jellicent|368/403 par|[from] drain|[of] p2a: Cobalion","|-damage|p1a: Jellicent|328/403 par|[from] item: Life Orb","|","|-damage|p2a: Cobalion|55/386 brn|[from] brn","|turn|7","|","|switch|p2a: Pangoro|Pangoro, F|393/393","|move|p1a: Jellicent|Giga Drain|p2a: Pangoro","|-damage|p2a: Pangoro|335/393","|-heal|p1a: Jellicent|357/403 par|[from] drain|[of] p2a: Pangoro","|-damage|p1a: Jellicent|317/403 par|[from] item: Life Orb","|","|turn|8","|","|switch|p1a: Sableye|Sableye, M|12/303","|-damage|p1a: Sableye|0 fnt|[from] Stealth Rock","|faint|p1a: Sableye","|move|p2a: Pangoro|Crunch|p1: Sableye|[notarget]","|-notarget","|","|","|switch|p1a: Banette|Banette, F|331/331","|-damage|p1a: Banette|290/331|[from] Stealth Rock","|-item|p2a: Pangoro|Assault Vest|[from] ability: Frisk|[of] p1a: Banette|[identify]","|turn|9","|","|detailschange|p1a: Banette|Banette-Mega, F","|-mega|p1a: Banette|Banette|Banettite","|move|p1a: Banette|Will-O-Wisp|p2a: Pangoro","|-status|p2a: Pangoro|brn","|move|p2a: Pangoro|Crunch|p1a: Banette","|-supereffective|p1a: Banette","|-damage|p1a: Banette|115/331","|","|-damage|p2a: Pangoro|286/393 brn|[from] brn","|turn|10","|","|move|p1a: Banette|Disable|p2a: Pangoro","|-start|p2a: Pangoro|Disable|Crunch","|cant|p2a: Pangoro|Disable|Crunch","|","|-damage|p2a: Pangoro|237/393 brn|[from] brn","|turn|11","|","|move|p1a: Banette|Foul Play|p2a: Pangoro","|-resisted|p2a: Pangoro","|-damage|p2a: Pangoro|203/393 brn","|move|p2a: Pangoro|Knock Off|p1a: Banette","|-supereffective|p1a: Banette","|-damage|p1a: Banette|0 fnt","|faint|p1a: Banette","|","|-damage|p2a: Pangoro|154/393 brn|[from] brn","|","|switch|p1a: Gengar|Gengar, M|261/261","|-damage|p1a: Gengar|229/261|[from] Stealth Rock","|turn|12","|","|move|p1a: Gengar|Giga Drain|p2a: Pangoro","|-damage|p2a: Pangoro|47/393 brn","|-heal|p1a: Gengar|261/261|[from] drain|[of] p2a: Pangoro","|-damage|p1a: Gengar|235/261|[from] item: Life Orb","|move|p2a: Pangoro|Knock Off|p1a: Gengar","|-crit|p1a: Gengar","|-supereffective|p1a: Gengar","|-damage|p1a: Gengar|0 fnt","|-enditem|p1a: Gengar|Life Orb|[from] move: Knock Off|[of] p2a: Pangoro","|faint|p1a: Gengar","|","|-damage|p2a: Pangoro|0 fnt|[from] brn","|faint|p2a: Pangoro","|","|switch|p2a: Hawlucha|Hawlucha, M|297/297","|switch|p1a: Dusclops|Dusclops, F|283/283","|-damage|p1a: Dusclops|248/283|[from] Stealth Rock","|-ability|p1a: Dusclops|Pressure","|turn|13","|","|move|p2a: Hawlucha|Sky Attack|p1a: Dusclops|[still]","|-prepare|p2a: Hawlucha|Sky Attack|p1a: Dusclops","|-enditem|p2a: Hawlucha|Power Herb","|-anim|p2a: Hawlucha|Sky Attack|p1a: Dusclops","|-damage|p1a: Dusclops|130/283","|cant|p1a: Dusclops|flinch","|","|turn|14","|","|move|p2a: Hawlucha|Acrobatics|p1a: Dusclops","|-damage|p1a: Dusclops|36/283","|move|p1a: Dusclops|Will-O-Wisp|p2a: Hawlucha","|-status|p2a: Hawlucha|brn","|","|-damage|p2a: Hawlucha|260/297 brn|[from] brn","|turn|15","|","|move|p1a: Dusclops|Sucker Punch|p2a: Hawlucha","|-fail|p1a: Dusclops","|move|p2a: Hawlucha|Swords Dance|p2a: Hawlucha","|-boost|p2a: Hawlucha|atk|2","|","|-damage|p2a: Hawlucha|223/297 brn|[from] brn","|turn|16","|","|move|p1a: Dusclops|Sucker Punch|p2a: Hawlucha","|-fail|p1a: Dusclops","|move|p2a: Hawlucha|Swords Dance|p2a: Hawlucha","|-boost|p2a: Hawlucha|atk|2","|","|-damage|p2a: Hawlucha|186/297 brn|[from] brn","|turn|17","|","|move|p2a: Hawlucha|Acrobatics|p1a: Dusclops","|-damage|p1a: Dusclops|0 fnt","|faint|p1a: Dusclops","|","|-damage|p2a: Hawlucha|149/297 brn|[from] brn","|","|switch|p1a: Chandelure|Chandelure, M|323/323","|-damage|p1a: Chandelure|243/323|[from] Stealth Rock","|turn|18","|","|move|p2a: Hawlucha|Acrobatics|p1a: Chandelure","|-damage|p1a: Chandelure|0 fnt","|faint|p1a: Chandelure","|","|-damage|p2a: Hawlucha|112/297 brn|[from] brn","|","|switch|p1a: Jellicent|Jellicent, M|317/403 par","|-damage|p1a: Jellicent|267/403 par|[from] Stealth Rock","|turn|19","|","|move|p2a: Hawlucha|Acrobatics|p1a: Jellicent","|-damage|p1a: Jellicent|0 fnt","|faint|p1a: Jellicent","|","|win|Void~Pixie"],"p1rating":{"entryid":351875,"formatid":"monotype","userid":"nyanloki","username":"NyanLoki","r":1500,"rd":130,"sigma":0,"rpr":1458.2083622435,"rprd":122.09777653549,"rpsigma":0,"rptime":1440320400,"w":0,"l":1,"t":0,"gxe":44.8,"acre":1000,"lacre":1000,"oldacre":1000},"p2rating":{"entryid":"271156","serverid":"eos","formatid":"monotype","userid":"voidpixie","username":"Void~Pixie","w":12,"l":"10","t":"0","gxe":51.7,"r":"1501.0924907773","rd":"68.80652437964","sigma":"0","rptime":"1440320400","rpr":1513.2451006292,"rprd":67.681698081505,"rpsigma":"0","acre":1105.8946785424,"lacre":1105.8946785424,"oldacre":"1085.2234550201"},"endType":"normal"}