{"seed":[51306,23114,62443,45623],"turns":22,"p1":"Inferno Sableye","p2":"Lotus Aranacana","p1team":[{"name":"Not op","species":"sableye","item":"sablenite","ability":"Prankster","moves":["shadowball","recover","calmmind","willowisp"],"nature":"Bold","evs":{"hp":248,"atk":0,"def":252,"spa":0,"spd":8,"spe":0},"ivs":{"hp":31,"atk":0,"def":31,"spa":31,"spd":31,"spe":31}},{"name":"Rawwrrrr","species":"tyranitar","item":"chopleberry","ability":"Sand Stream","moves":["stealthrock","thunderwave","rockslide","earthquake"],"nature":"Impish","evs":{"hp":252,"atk":0,"def":80,"spa":0,"spd":176,"spe":0},"ivs":{"hp":31,"atk":31,"def":31,"spa":31,"spd":31,"spe":31}},{"name":"Bish Plz","species":"bisharp","item":"lumberry","ability":"Defiant","moves":["knockoff","suckerpunch","ironhead","swordsdance"],"nature":"Adamant","evs":{"hp":0,"atk":252,"def":4,"spa":0,"spd":0,"spe":252},"gender":"M","shiny":true,"ivs":{"hp":31,"atk":31,"def":31,"spa":31,"spd":31,"spe":31}},{"name":"Oit of this world","species":"hoopaunbound","item":"choicescarf","ability":"Magician","moves":["gunkshot","hyperspacehole","hyperspacefury","drainpunch"],"nature":"Hasty","evs":{"hp":0,"atk":252,"def":0,"spa":4,"spd":0,"spe":252},"ivs":{"hp":31,"atk":31,"def":31,"spa":31,"spd":31,"spe":31}},{"name":"No pressure","species":"weavile","item":"lifeorb","ability":"Pressure","moves":["iciclecrash","iceshard","knockoff","lowkick"],"nature":"Jolly","evs":{"hp":0,"atk":252,"def":0,"spa":0,"spd":4,"spe":252},"ivs":{"hp":31,"atk":31,"def":31,"spa":31,"spd":31,"spe":31}},{"name":"Buzz off bitch","species":"mandibuzz","item":"rockyhelmet","ability":"Overcoat","moves":["roost","defog","whirlwind","foulplay"],"nature":"Bold","evs":{"hp":176,"atk":0,"def":252,"spa":0,"spd":80,"spe":0},"ivs":{"hp":31,"atk":31,"def":31,"spa":31,"spd":31,"spe":31}}],"p2team":[{"name":"Fuckboy","species":"toxicroak","item":"focussash","ability":"Dry Skin","moves":["gunkshot","drainpunch","suckerpunch","icepunch"],"nature":"Jolly","evs":{"hp":4,"atk":252,"def":0,"spa":0,"spd":0,"spe":252},"gender":"M","ivs":{"hp":31,"atk":31,"def":31,"spa":31,"spd":31,"spe":31}},{"name":"Dankasaurus Rex","species":"venusaur","item":"venusaurite","ability":"Chlorophyll","moves":["sludgebomb","synthesis","gigadrain","hiddenpowerfire"],"nature":"Modest","evs":{"hp":0,"atk":0,"def":0,"spa":252,"spd":4,"spe":252},"gender":"M","ivs":{"hp":31,"atk":30,"def":31,"spa":30,"spd":31,"spe":30}},{"name":"Hunter J","species":"drapion","item":"airballoon","ability":"Sniper","moves":["swordsdance","knockoff","aquatail","poisonjab"],"nature":"Adamant","evs":{"hp":248,"atk":252,"def":0,"spa":0,"spd":8,"spe":0},"gender":"M","shiny":true,"ivs":{"hp":31,"atk":31,"def":31,"spa":31,"spd":31,"spe":31}},{"name":"Timmehh","species":"scolipede","item":"focussash","ability":"Speed Boost","moves":["protect","swordsdance","aquatail","megahorn"],"nature":"Adamant","evs":{"hp":0,"atk":252,"def":0,"spa":0,"spd":4,"spe":252},"gender":"M","ivs":{"hp":31,"atk":31,"def":31,"spa":31,"spd":31,"spe":31}},{"name":"Macbeth","species":"nidoking","item":"choicescarf","ability":"Sheer Force","moves":["icebeam","sludgebomb","earthpower","flamethrower"],"nature":"Timid","evs":{"hp":0,"atk":0,"def":0,"spa":252,"spd":4,"spe":252},"ivs":{"hp":31,"atk":31,"def":30,"spa":31,"spd":30,"spe":31}},{"name":"Casper","species":"gengar","item":"focussash","ability":"Levitate","moves":["energyball","focusblast","sludgebomb","shadowball"],"nature":"Timid","evs":{"hp":0,"atk":0,"def":0,"spa":8,"spd":0,"spe":252},"gender":"M","shiny":true,"ivs":{"hp":31,"atk":31,"def":31,"spa":31,"spd":31,"spe":31}}],"log":["|player|p1|Inferno Sableye|infernosableye.gif","|player|p2|Lotus Aranacana|lotusaranacana.png","|gametype|singles","|gen|6","|tier|Monotype","|rated","|rule|Baton Pass Clause: Limit one Baton Passer, can't pass Spe and other stats simultaneously","|rule|Swagger Clause: Swagger is banned","|rule|Same Type Clause: Pokémon in a team must share a type","|clearpoke","|poke|p1|Sableye, M","|poke|p1|Tyranitar, F","|poke|p1|Bisharp, M, shiny","|poke|p1|Hoopa-Unbound","|poke|p1|Weavile, F","|poke|p1|Mandibuzz, F","|poke|p2|Toxicroak, M","|poke|p2|Venusaur, M","|poke|p2|Drapion, M, shiny","|poke|p2|Scolipede, M","|poke|p2|Nidoking, M","|poke|p2|Gengar, M, shiny","|rule|Sleep Clause Mod: Limit one foe put to sleep","|rule|Species Clause: Limit one of each Pokémon","|rule|OHKO Clause: OHKO moves are banned","|rule|Moody Clause: Moody is banned","|rule|Evasion Moves Clause: Evasion moves are banned","|rule|Endless Battle Clause: Forcing endless battles is banned","|rule|HP Percentage Mod: HP is shown in percentages","|teampreview","|","|start","|switch|p1a: Not op|Sableye, M|303/303","|switch|p2a: Timmehh|Scolipede, M|261/261","|turn|1","|","|switch|p2a: Casper|Gengar, M, shiny|261/261","|detailschange|p1a: Not op|Sableye-Mega, M","|-mega|p1a: Not op|Sableye|Sablenite","|move|p1a: Not op|Shadow Ball|p2a: Casper","|-supereffective|p2a: Casper","|-damage|p2a: Casper|63/261","|","|turn|2","|","|switch|p1a: Oit of this world|Hoopa-Unbound|301/301","|move|p2a: Casper|Shadow Ball|p1a: Oit of this world","|-damage|p1a: Oit of this world|208/301","|","|turn|3","|","|move|p1a: Oit of this world|Hyperspace Fury|p2a: Casper","|-supereffective|p2a: Casper","|-damage|p2a: Casper|0 fnt","|-unboost|p1a: Oit of this world|def|1","|faint|p2a: Casper","|","|","|switch|p2a: Hunter J|Drapion, M, shiny|343/343","|-item|p2a: Hunter J|Air Balloon","|turn|4","|","|switch|p1a: Buzz off bitch|Mandibuzz, F|405/405","|move|p2a: Hunter J|Swords Dance|p2a: Hunter J","|-boost|p2a: Hunter J|atk|2","|","|turn|5","|","|move|p2a: Hunter J|Poison Jab|p1a: Buzz off bitch","|-damage|p1a: Buzz off bitch|221/405","|-damage|p2a: Hunter J|286/343|[from] item: Rocky Helmet|[of] p1a: Buzz off bitch","|move|p1a: Buzz off bitch|Foul Play|p2a: Hunter J","|-crit|p2a: Hunter J","|-resisted|p2a: Hunter J","|-damage|p2a: Hunter J|99/343","|-enditem|p2a: Hunter J|Air Balloon","|","|turn|6","|","|move|p2a: Hunter J|Poison Jab|p1a: Buzz off bitch","|-damage|p1a: Buzz off bitch|58/405","|-damage|p2a: Hunter J|42/343|[from] item: Rocky Helmet|[of] p1a: Buzz off bitch","|move|p1a: Buzz off bitch|Roost|p1a: Buzz off bitch","|-heal|p1a: Buzz off bitch|261/405","|","|turn|7","|","|move|p2a: Hunter J|Knock Off|p1a: Buzz off bitch","|-resisted|p1a: Buzz off bitch","|-damage|p1a: Buzz off bitch|156/405","|-damage|p2a: Hunter J|0 fnt|[from] item: Rocky Helmet|[of] p1a: Buzz off bitch","|faint|p2a: Hunter J","|move|p1a: Buzz off bitch|Roost|p1a: Buzz off bitch","|-heal|p1a: Buzz off bitch|359/405","|","|","|switch|p2a: Fuckboy|Toxicroak, M|308/308","|turn|8","|","|move|p2a: Fuckboy|Gunk Shot|p1a: Buzz off bitch|[miss]","|-miss|p2a: Fuckboy|p1a: Buzz off bitch","|move|p1a: Buzz off bitch|Foul Play|p2a: Fuckboy","|-resisted|p2a: Fuckboy","|-damage|p2a: Fuckboy|207/308","|","|turn|9","|","|switch|p1a: Not op|Sableye-Mega, M|303/303","|move|p2a: Fuckboy|Gunk Shot|p1a: Not op","|-resisted|p1a: Not op","|-damage|p1a: Not op|250/303","|","|turn|10","|","|switch|p2a: Dankasaurus Rex|Venusaur, M|301/301","|move|p1a: Not op|Will-O-Wisp|p2a: Dankasaurus Rex","|-status|p2a: Dankasaurus Rex|brn","|","|-damage|p2a: Dankasaurus Rex|264/301 brn|[from] brn","|turn|11","|","|detailschange|p2a: Dankasaurus Rex|Venusaur-Mega, M","|-mega|p2a: Dankasaurus Rex|Venusaur|Venusaurite","|move|p2a: Dankasaurus Rex|Giga Drain|p1a: Not op","|-damage|p1a: Not op|129/303","|-heal|p2a: Dankasaurus Rex|301/301 brn|[from] drain|[of] p1a: Not op","|move|p1a: Not op|Calm Mind|p1a: Not op","|-boost|p1a: Not op|spa|1","|-boost|p1a: Not op|spd|1","|","|-damage|p2a: Dankasaurus Rex|264/301 brn|[from] brn","|turn|12","|","|move|p2a: Dankasaurus Rex|Giga Drain|p1a: Not op","|-damage|p1a: Not op|53/303","|-heal|p2a: Dankasaurus Rex|301/301 brn|[from] drain|[of] p1a: Not op","|move|p1a: Not op|Recover|p1a: Not op","|-heal|p1a: Not op|205/303","|","|-damage|p2a: Dankasaurus Rex|264/301 brn|[from] brn","|turn|13","|","|move|p2a: Dankasaurus Rex|Giga Drain|p1a: Not op","|-crit|p1a: Not op","|-damage|p1a: Not op|7/303","|-heal|p2a: Dankasaurus Rex|301/301 brn|[from] drain|[of] p1a: Not op","|move|p1a: Not op|Recover|p1a: Not op","|-heal|p1a: Not op|159/303","|","|-damage|p2a: Dankasaurus Rex|264/301 brn|[from] brn","|turn|14","|","|move|p2a: Dankasaurus Rex|Giga Drain|p1a: Not op","|-damage|p1a: Not op|78/303","|-heal|p2a: Dankasaurus Rex|301/301 brn|[from] drain|[of] p1a: Not op","|move|p1a: Not op|Recover|p1a: Not op","|-heal|p1a: Not op|230/303","|","|-damage|p2a: Dankasaurus Rex|264/301 brn|[from] brn","|turn|15","|","|move|p2a: Dankasaurus Rex|Giga Drain|p1a: Not op","|-damage|p1a: Not op|146/303","|-heal|p2a: Dankasaurus Rex|301/301 brn|[from] drain|[of] p1a: Not op","|move|p1a: Not op|Recover|p1a: Not op","|-heal|p1a: Not op|298/303","|","|-damage|p2a: Dankasaurus Rex|264/301 brn|[from] brn","|turn|16","|","|move|p2a: Dankasaurus Rex|Giga Drain|p1a: Not op","|-damage|p1a: Not op|219/303","|-heal|p2a: Dankasaurus Rex|301/301 brn|[from] drain|[of] p1a: Not op","|move|p1a: Not op|Calm Mind|p1a: Not op","|-boost|p1a: Not op|spa|1","|-boost|p1a: Not op|spd|1","|","|-damage|p2a: Dankasaurus Rex|264/301 brn|[from] brn","|turn|17","|","|move|p2a: Dankasaurus Rex|Giga Drain|p1a: Not op","|-damage|p1a: Not op|158/303","|-heal|p2a: Dankasaurus Rex|295/301 brn|[from] drain|[of] p1a: Not op","|move|p1a: Not op|Calm Mind|p1a: Not op","|-boost|p1a: Not op|spa|1","|-boost|p1a: Not op|spd|1","|","|-damage|p2a: Dankasaurus Rex|258/301 brn|[from] brn","|turn|18","|","|move|p2a: Dankasaurus Rex|Giga Drain|p1a: Not op","|-damage|p1a: Not op|104/303","|-heal|p2a: Dankasaurus Rex|285/301 brn|[from] drain|[of] p1a: Not op","|move|p1a: Not op|Recover|p1a: Not op","|-heal|p1a: Not op|256/303","|","|-damage|p2a: Dankasaurus Rex|248/301 brn|[from] brn","|turn|19","|","|move|p2a: Dankasaurus Rex|Giga Drain|p1a: Not op","|-damage|p1a: Not op|207/303","|-heal|p2a: Dankasaurus Rex|273/301 brn|[from] drain|[of] p1a: Not op","|move|p1a: Not op|Calm Mind|p1a: Not op","|-boost|p1a: Not op|spa|1","|-boost|p1a: Not op|spd|1","|","|-damage|p2a: Dankasaurus Rex|236/301 brn|[from] brn","|turn|20","|","|move|p2a: Dankasaurus Rex|Giga Drain|p1a: Not op","|-damage|p1a: Not op|167/303","|-heal|p2a: Dankasaurus Rex|256/301 brn|[from] drain|[of] p1a: Not op","|move|p1a: Not op|Recover|p1a: Not op","|-heal|p1a: Not op|303/303","|","|-damage|p2a: Dankasaurus Rex|219/301 brn|[from] brn","|turn|21","|","|move|p2a: Dankasaurus Rex|Giga Drain|p1a: Not op","|-damage|p1a: Not op|260/303","|-heal|p2a: Dankasaurus Rex|241/301 brn|[from] drain|[of] p1a: Not op","|move|p1a: Not op|Calm Mind|p1a: Not op","|-boost|p1a: Not op|spa|1","|-boost|p1a: Not op|spd|1","|","|-damage|p2a: Dankasaurus Rex|204/301 brn|[from] brn","|turn|22","|","|win|Inferno Sableye"],"p1rating":{"entryid":"83803","serverid":"eos","formatid":"monotype","userid":"infernosableye","username":"Inferno Sableye","w":32,"l":"11","t":"0","gxe":71.5,"r":"1697.8540377845","rd":"58.818659963158","sigma":"0","rptime":"1440234000","rpr":1675.2881867233,"rprd":54.143270877787,"rpsigma":"0","acre":1259.2557727689,"lacre":1259.2557727689,"oldacre":"1249.6563205311"},"p2rating":{"entryid":"331815","serverid":"eos","formatid":"monotype","userid":"lotusaranacana","username":"Lotus Aranacana","w":"0","l":2,"t":"0","gxe":42.1,"r":"1500","rd":"130","sigma":"0","rptime":"1440234000","rpr":1436.8597323378,"rprd":117.71710301829,"rpsigma":"0","acre":1000,"lacre":1000,"oldacre":"1000"},"endType":"forfeit"}