{"seed":[6279,53666,25400,23211],"turns":21,"p1":"Guard Wanderer","p2":"Lotus Aranacana","p1team":[{"name":"Ferrothorn","species":"Ferrothorn","item":"rockyhelmet","ability":"Iron Barbs","moves":["knockoff","stealthrock","thunderwave","sunnyday"],"nature":"Relaxed","evs":{"hp":248,"atk":8,"def":252,"spa":0,"spd":0,"spe":0},"ivs":{"hp":31,"atk":31,"def":31,"spa":31,"spd":31,"spe":0}},{"name":"Rotom-Mow","species":"Rotom-Mow","item":"choicescarf","ability":"Levitate","moves":["trick","willowisp","discharge","voltswitch"],"nature":"Timid","evs":{"hp":0,"atk":0,"def":0,"spa":252,"spd":4,"spe":252},"ivs":{"hp":31,"atk":31,"def":31,"spa":31,"spd":31,"spe":31}},{"name":"Ludicolo","species":"Ludicolo","item":"bindingband","ability":"Swift Swim","moves":["raindance","scald","leechseed","whirlpool"],"nature":"Modest","evs":{"hp":248,"atk":0,"def":0,"spa":252,"spd":8,"spe":0},"ivs":{"hp":31,"atk":31,"def":31,"spa":31,"spd":31,"spe":31}},{"name":"Sawsbuck","species":"Sawsbuck","item":"silkscarf","ability":"Chlorophyll","moves":["return","seedbomb","retaliate","thunderwave"],"nature":"Adamant","evs":{"hp":0,"atk":252,"def":0,"spa":0,"spd":4,"spe":252},"ivs":{"hp":31,"atk":31,"def":31,"spa":31,"spd":31,"spe":31}},{"name":"Serperior","species":"Serperior","item":"miracleseed","ability":"Contrary","moves":["substitute","dragonpulse","leafstorm","grassyterrain"],"nature":"Timid","evs":{"hp":0,"atk":0,"def":0,"spa":252,"spd":4,"spe":252},"ivs":{"hp":31,"atk":31,"def":31,"spa":31,"spd":31,"spe":31}},{"name":"Cacturne","species":"Cacturne","item":"focussash","ability":"Sand Veil","moves":["suckerpunch","spikyshield","swordsdance","drainpunch"],"nature":"Adamant","evs":{"hp":248,"atk":252,"def":0,"spa":0,"spd":8,"spe":0},"ivs":{"hp":31,"atk":31,"def":31,"spa":31,"spd":31,"spe":31}}],"p2team":[{"name":"Tyranitar","species":"Tyranitar","item":"assaultvest","ability":"Sand Stream","moves":["crunch","rockslide","ironhead","aerialace"],"nature":"Adamant","evs":{"hp":248,"atk":0,"def":0,"spa":0,"spd":8,"spe":0},"ivs":{"hp":31,"atk":31,"def":31,"spa":31,"spd":31,"spe":31}},{"name":"The Hax Lord","species":"sableye","item":"sablenite","ability":"Prankster","moves":["willowisp","calmmind","dazzlinggleam","recover"],"nature":"Calm","evs":{"hp":248,"atk":0,"def":0,"spa":8,"spd":252,"spe":0},"gender":"M","ivs":{"hp":31,"atk":31,"def":31,"spa":31,"spd":31,"spe":31}},{"name":"checkmate","species":"bisharp","item":"focussash","ability":"Defiant","moves":["aerialace","ironhead","suckerpunch","knockoff"],"nature":"Jolly","evs":{"hp":4,"atk":252,"def":0,"spa":0,"spd":0,"spe":252},"gender":"M","shiny":true,"ivs":{"hp":31,"atk":31,"def":31,"spa":31,"spd":31,"spe":31}},{"name":"Hoopa-Unbound","species":"Hoopa-Unbound","item":"choicescarf","ability":"Magician","moves":["hyperspacefury","zenheadbutt","gunkshot","destinybond"],"nature":"Jolly","evs":{"hp":0,"atk":252,"def":0,"spa":0,"spd":4,"spe":252},"ivs":{"hp":31,"atk":31,"def":31,"spa":31,"spd":31,"spe":31}},{"name":"Mandibuzz","species":"Mandibuzz","item":"leftovers","ability":"Overcoat","moves":["roost","foulplay","toxic","defog"],"nature":"Impish","evs":{"hp":240,"atk":0,"def":28,"spa":0,"spd":188,"spe":52},"ivs":{"hp":31,"atk":31,"def":31,"spa":31,"spd":31,"spe":31}},{"name":"Sharpedo","species":"Sharpedo","item":"sharpedonite","ability":"Speed Boost","moves":["protect","crunch","icefang","waterfall"],"nature":"Adamant","evs":{"hp":0,"atk":252,"def":0,"spa":0,"spd":4,"spe":252},"ivs":{"hp":31,"atk":31,"def":31,"spa":31,"spd":31,"spe":31}}],"log":["|player|p1|Guard Wanderer|235","|player|p2|Lotus Aranacana|lotusaranacana.png","|gametype|singles","|gen|6","|tier|Monotype","|rated","|rule|Baton Pass Clause: Limit one Baton Passer, can't pass Spe and other stats simultaneously","|rule|Swagger Clause: Swagger is banned","|rule|Same Type Clause: Pokémon in a team must share a type","|clearpoke","|poke|p1|Ferrothorn, F","|poke|p1|Rotom-Mow","|poke|p1|Ludicolo, F","|poke|p1|Sawsbuck, F","|poke|p1|Serperior, F","|poke|p1|Cacturne, M","|poke|p2|Tyranitar, M","|poke|p2|Sableye, M","|poke|p2|Bisharp, M, shiny","|poke|p2|Hoopa-Unbound","|poke|p2|Mandibuzz, F","|poke|p2|Sharpedo, F","|rule|Sleep Clause Mod: Limit one foe put to sleep","|rule|Species Clause: Limit one of each Pokémon","|rule|OHKO Clause: OHKO moves are banned","|rule|Moody Clause: Moody is banned","|rule|Evasion Moves Clause: Evasion moves are banned","|rule|Endless Battle Clause: Forcing endless battles is banned","|rule|HP Percentage Mod: HP is shown in percentages","|teampreview","|","|start","|switch|p1a: Ferrothorn|Ferrothorn, F|351/351","|switch|p2a: Tyranitar|Tyranitar, M|403/403","|-weather|Sandstorm","|turn|1","|","|move|p2a: Tyranitar|Crunch|p1a: Ferrothorn","|-damage|p1a: Ferrothorn|275/351","|-damage|p2a: Tyranitar|353/403|[from] ability: Iron Barbs|[of] p1a: Ferrothorn","|-damage|p2a: Tyranitar|286/403|[from] item: Rocky Helmet|[of] p1a: Ferrothorn","|move|p1a: Ferrothorn|Thunder Wave|p2a: Tyranitar","|-status|p2a: Tyranitar|par","|","|-weather|Sandstorm|[upkeep]","|turn|2","|","|move|p1a: Ferrothorn|Stealth Rock|p2a: Tyranitar","|-sidestart|p2: Lotus Aranacana|move: Stealth Rock","|cant|p2a: Tyranitar|par","|","|-weather|Sandstorm|[upkeep]","|turn|3","|","|move|p1a: Ferrothorn|Knock Off|p2a: Tyranitar","|-resisted|p2a: Tyranitar","|-damage|p2a: Tyranitar|254/403 par","|-enditem|p2a: Tyranitar|Assault Vest|[from] move: Knock Off|[of] p1a: Ferrothorn","|move|p2a: Tyranitar|Crunch|p1a: Ferrothorn","|-damage|p1a: Ferrothorn|196/351","|-damage|p2a: Tyranitar|204/403 par|[from] ability: Iron Barbs|[of] p1a: Ferrothorn","|-damage|p2a: Tyranitar|137/403 par|[from] item: Rocky Helmet|[of] p1a: Ferrothorn","|","|-weather|Sandstorm|[upkeep]","|turn|4","|","|move|p1a: Ferrothorn|Sunny Day|p1a: Ferrothorn","|-weather|SunnyDay","|move|p2a: Tyranitar|Crunch|p1a: Ferrothorn","|-damage|p1a: Ferrothorn|114/351","|-damage|p2a: Tyranitar|87/403 par|[from] ability: Iron Barbs|[of] p1a: Ferrothorn","|-damage|p2a: Tyranitar|20/403 par|[from] item: Rocky Helmet|[of] p1a: Ferrothorn","|-unboost|p1a: Ferrothorn|def|1","|","|-weather|SunnyDay|[upkeep]","|turn|5","|","|move|p1a: Ferrothorn|Knock Off|p2a: Tyranitar","|-resisted|p2a: Tyranitar","|-damage|p2a: Tyranitar|0 fnt","|faint|p2a: Tyranitar","|","|-weather|SunnyDay|[upkeep]","|","|switch|p2a: Sharpedo|Sharpedo, F|281/281","|-damage|p2a: Sharpedo|246/281|[from] Stealth Rock","|turn|6","|","|detailschange|p2a: Sharpedo|Sharpedo-Mega, F","|-mega|p2a: Sharpedo|Sharpedo|Sharpedonite","|move|p2a: Sharpedo|Protect|p2a: Sharpedo","|-singleturn|p2a: Sharpedo|Protect","|move|p1a: Ferrothorn|Thunder Wave|p2a: Sharpedo","|-activate|p2a: Sharpedo|Protect","|","|-weather|SunnyDay|[upkeep]","|turn|7","|","|move|p2a: Sharpedo|Crunch|p1a: Ferrothorn","|-damage|p1a: Ferrothorn|0 fnt","|-damage|p2a: Sharpedo|211/281|[from] ability: Iron Barbs|[of] p1a: Ferrothorn","|-damage|p2a: Sharpedo|165/281|[from] item: Rocky Helmet|[of] p1a: Ferrothorn","|faint|p1a: Ferrothorn","|","|-weather|SunnyDay|[upkeep]","|","|switch|p1a: Sawsbuck|Sawsbuck, F|301/301","|turn|8","|","|move|p1a: Sawsbuck|Retaliate|p2a: Sharpedo","|-damage|p2a: Sharpedo|0 fnt","|faint|p2a: Sharpedo","|","|-weather|none","|","|switch|p2a: The Hax Lord|Sableye, M|303/303","|-damage|p2a: The Hax Lord|266/303|[from] Stealth Rock","|turn|9","|","|move|p2a: The Hax Lord|Will-O-Wisp|p1a: Sawsbuck","|-status|p1a: Sawsbuck|brn","|move|p1a: Sawsbuck|Thunder Wave|p2a: The Hax Lord","|-status|p2a: The Hax Lord|par","|","|-damage|p1a: Sawsbuck|264/301 brn|[from] brn","|turn|10","|","|switch|p1a: Ludicolo|Ludicolo, F|363/363","|move|p2a: The Hax Lord|Calm Mind|p2a: The Hax Lord","|-boost|p2a: The Hax Lord|spa|1","|-boost|p2a: The Hax Lord|spd|1","|","|turn|11","|","|move|p2a: The Hax Lord|Calm Mind|p2a: The Hax Lord","|-boost|p2a: The Hax Lord|spa|1","|-boost|p2a: The Hax Lord|spd|1","|move|p1a: Ludicolo|Leech Seed|p2a: The Hax Lord","|-start|p2a: The Hax Lord|move: Leech Seed","|","|-damage|p2a: The Hax Lord|229/303 par|[from] Leech Seed|[of] p1a: Ludicolo","|turn|12","|","|move|p1a: Ludicolo|Rain Dance|p1a: Ludicolo","|-weather|RainDance","|move|p2a: The Hax Lord|Dazzling Gleam|p1a: Ludicolo","|-damage|p1a: Ludicolo|273/363","|","|-weather|RainDance|[upkeep]","|-damage|p2a: The Hax Lord|192/303 par|[from] Leech Seed|[of] p1a: Ludicolo","|-heal|p1a: Ludicolo|310/363|[silent]","|turn|13","|","|move|p2a: The Hax Lord|Calm Mind|p2a: The Hax Lord","|-boost|p2a: The Hax Lord|spa|1","|-boost|p2a: The Hax Lord|spd|1","|move|p1a: Ludicolo|Whirlpool|p2a: The Hax Lord","|-damage|p2a: The Hax Lord|161/303 par","|-activate|p2a: The Hax Lord|move: Whirlpool|[of] p1a: Ludicolo","|","|-weather|RainDance|[upkeep]","|-damage|p2a: The Hax Lord|124/303 par|[from] Leech Seed|[of] p1a: Ludicolo","|-heal|p1a: Ludicolo|347/363|[silent]","|-damage|p2a: The Hax Lord|74/303 par|[from] move: Whirlpool|[partiallytrapped]","|turn|14","|","|move|p2a: The Hax Lord|Recover|p2a: The Hax Lord","|-heal|p2a: The Hax Lord|226/303 par","|move|p1a: Ludicolo|Scald|p2a: The Hax Lord","|-damage|p2a: The Hax Lord|159/303 par","|","|-weather|RainDance|[upkeep]","|-damage|p2a: The Hax Lord|122/303 par|[from] Leech Seed|[of] p1a: Ludicolo","|-heal|p1a: Ludicolo|363/363|[silent]","|-damage|p2a: The Hax Lord|72/303 par|[from] move: Whirlpool|[partiallytrapped]","|turn|15","|","|move|p1a: Ludicolo|Scald|p2a: The Hax Lord","|-damage|p2a: The Hax Lord|8/303 par","|move|p2a: The Hax Lord|Dazzling Gleam|p1a: Ludicolo","|-damage|p1a: Ludicolo|246/363","|","|-weather|RainDance|[upkeep]","|-damage|p2a: The Hax Lord|0 fnt|[from] Leech Seed|[of] p1a: Ludicolo","|-heal|p1a: Ludicolo|254/363|[silent]","|faint|p2a: The Hax Lord","|","|switch|p2a: Mandibuzz|Mandibuzz, F|421/421","|-damage|p2a: Mandibuzz|316/421|[from] Stealth Rock","|turn|16","|","|move|p1a: Ludicolo|Scald|p2a: Mandibuzz","|-damage|p2a: Mandibuzz|162/421","|-status|p2a: Mandibuzz|brn","|move|p2a: Mandibuzz|Toxic|p1a: Ludicolo","|-status|p1a: Ludicolo|tox","|","|-weather|none","|-heal|p2a: Mandibuzz|188/421 brn|[from] item: Leftovers","|-damage|p1a: Ludicolo|232/363 tox|[from] psn","|-damage|p2a: Mandibuzz|136/421 brn|[from] brn","|turn|17","|","|move|p2a: Mandibuzz|Roost|p2a: Mandibuzz","|-heal|p2a: Mandibuzz|347/421 brn","|move|p1a: Ludicolo|Leech Seed|p2a: Mandibuzz","|-start|p2a: Mandibuzz|move: Leech Seed","|","|-heal|p2a: Mandibuzz|373/421 brn|[from] item: Leftovers","|-damage|p2a: Mandibuzz|321/421 brn|[from] Leech Seed|[of] p1a: Ludicolo","|-heal|p1a: Ludicolo|284/363 tox|[silent]","|-damage|p2a: Mandibuzz|269/421 brn|[from] brn","|-damage|p1a: Ludicolo|240/363 tox|[from] psn","|turn|18","|","|move|p2a: Mandibuzz|Roost|p2a: Mandibuzz","|-heal|p2a: Mandibuzz|421/421 brn","|move|p1a: Ludicolo|Rain Dance|p1a: Ludicolo","|-weather|RainDance","|","|-weather|RainDance|[upkeep]","|-damage|p2a: Mandibuzz|369/421 brn|[from] Leech Seed|[of] p1a: Ludicolo","|-heal|p1a: Ludicolo|292/363 tox|[silent]","|-damage|p1a: Ludicolo|226/363 tox|[from] psn","|-damage|p2a: Mandibuzz|317/421 brn|[from] brn","|turn|19","|","|switch|p1a: Serperior|Serperior, F|291/291","|move|p2a: Mandibuzz|Foul Play|p1a: Serperior","|-damage|p1a: Serperior|250/291","|","|-weather|RainDance|[upkeep]","|-heal|p2a: Mandibuzz|343/421 brn|[from] item: Leftovers","|-damage|p2a: Mandibuzz|291/421 brn|[from] Leech Seed|[of] p1a: Serperior","|-heal|p1a: Serperior|291/291|[silent]","|-damage|p2a: Mandibuzz|239/421 brn|[from] brn","|turn|20","|","|move|p1a: Serperior|Substitute|p1a: Serperior","|-start|p1a: Serperior|Substitute","|-damage|p1a: Serperior|219/291","|move|p2a: Mandibuzz|Toxic|p1a: Serperior","|-fail|p1a: Serperior","|","|-weather|RainDance|[upkeep]","|-heal|p2a: Mandibuzz|265/421 brn|[from] item: Leftovers","|-damage|p2a: Mandibuzz|213/421 brn|[from] Leech Seed|[of] p1a: Serperior","|-heal|p1a: Serperior|271/291|[silent]","|-damage|p2a: Mandibuzz|161/421 brn|[from] brn","|turn|21","|","|win|Guard Wanderer"],"p1rating":{"entryid":"9966","serverid":"eos","formatid":"monotype","userid":"guardwanderer","username":"Guard Wanderer","w":10,"l":"19","t":"0","gxe":38.7,"r":"1517.3894601343","rd":"81.691557977629","sigma":"0","rptime":"1440320400","rpr":1412.3287185816,"rprd":61.530018276365,"rpsigma":"0","acre":1080.4349903617,"lacre":1080.4349903617,"oldacre":"1053.3021852819"},"p2rating":{"entryid":"331815","serverid":"eos","formatid":"monotype","userid":"lotusaranacana","username":"Lotus Aranacana","w":"0","l":3,"t":"0","gxe":38.8,"r":"1436.8597323378","rd":"117.71710301829","sigma":"0","rptime":"1440320400","rpr":1409.5645454097,"rprd":112.12025439295,"rpsigma":"0","acre":1000,"lacre":1000,"oldacre":"1000"},"endType":"forfeit"}