{"seed":[25744,7274,17972,3488],"turns":58,"p1":"Cryѕtаl Rain","p2":"DOBBY IS DANK","p1team":[{"name":"Gyarados","species":"Gyarados","item":"leftovers","ability":"Intimidate","moves":["rest","sleeptalk","thunderwave","waterfall"],"nature":"Careful","evs":{"hp":252,"atk":4,"def":0,"spa":0,"spd":252,"spe":0},"ivs":{"hp":31,"atk":31,"def":31,"spa":31,"spd":31,"spe":31}},{"name":"Keldeo","species":"Keldeo","item":"leftovers","ability":"Justified","moves":["scald","secretsword","substitute","calmmind"],"nature":"Timid","evs":{"hp":0,"atk":0,"def":0,"spa":252,"spd":4,"spe":252},"ivs":{"hp":31,"atk":31,"def":31,"spa":31,"spd":31,"spe":31}},{"name":"Rotom-Wash","species":"Rotom-Wash","item":"leftovers","ability":"Levitate","moves":["hydropump","willowisp","discharge","voltswitch"],"nature":"Calm","evs":{"hp":252,"atk":0,"def":0,"spa":4,"spd":252,"spe":0},"ivs":{"hp":31,"atk":31,"def":31,"spa":31,"spd":31,"spe":31}},{"name":"Cloyster","species":"Cloyster","item":"focussash","ability":"Skill Link","moves":["shellsmash","iciclespear","iceshard","rockblast"],"nature":"Jolly","evs":{"hp":0,"atk":252,"def":0,"spa":0,"spd":4,"spe":252},"ivs":{"hp":31,"atk":31,"def":31,"spa":31,"spd":31,"spe":31}},{"name":"Sharpedo","species":"Sharpedo","item":"sharpedonite","ability":"Speed Boost","moves":["protect","crunch","icefang","waterfall"],"nature":"Adamant","evs":{"hp":0,"atk":252,"def":0,"spa":0,"spd":4,"spe":252},"ivs":{"hp":31,"atk":31,"def":31,"spa":31,"spd":31,"spe":31}},{"name":"Azumarill","species":"Azumarill","item":"choiceband","ability":"Huge Power","moves":["aquajet","waterfall","playrough","icepunch"],"nature":"Adamant","evs":{"hp":248,"atk":252,"def":0,"spa":0,"spd":8,"spe":0},"ivs":{"hp":31,"atk":31,"def":31,"spa":31,"spd":31,"spe":31}}],"p2team":[{"name":"Gallade","species":"Gallade","item":"galladite","ability":"Steadfast","moves":["drainpunch","icepunch","swordsdance","shadowsneak"],"nature":"Jolly","evs":{"hp":252,"atk":0,"def":0,"spa":0,"spd":4,"spe":252},"ivs":{"hp":31,"atk":31,"def":31,"spa":31,"spd":31,"spe":31}},{"name":"Scrafty","species":"Scrafty","item":"leftovers","ability":"Shed Skin","moves":["drainpunch","rest","bulkup","crunch"],"nature":"Sassy","evs":{"hp":252,"atk":0,"def":0,"spa":0,"spd":244,"spe":0},"ivs":{"hp":31,"atk":31,"def":31,"spa":31,"spd":31,"spe":31}},{"name":"Heracross","species":"Heracross","item":"choicescarf","ability":"Moxie","moves":["closecombat","knockoff","megahorn","rockslide"],"nature":"Jolly","evs":{"hp":4,"atk":252,"def":0,"spa":0,"spd":0,"spe":252},"ivs":{"hp":31,"atk":31,"def":31,"spa":31,"spd":31,"spe":31}},{"name":"Cobalion","species":"Cobalion","item":"leftovers","ability":"Justified","moves":["ironhead","thunderwave","reflect","stealthrock"],"nature":"Careful","evs":{"hp":148,"atk":0,"def":108,"spa":0,"spd":0,"spe":252},"ivs":{"hp":31,"atk":31,"def":31,"spa":31,"spd":31,"spe":31}},{"name":"Keldeo","species":"Keldeo","item":"leftovers","ability":"Justified","moves":["scald","secretsword","icywind","calmmind"],"nature":"Modest","evs":{"hp":44,"atk":0,"def":0,"spa":212,"spd":0,"spe":252},"ivs":{"hp":31,"atk":31,"def":31,"spa":31,"spd":31,"spe":31}},{"name":"Hitmonlee","species":"Hitmonlee","item":"normalgem","ability":"Unburden","moves":["fakeout","machpunch","blazekick","jumpkick"],"nature":"Adamant","evs":{"hp":252,"atk":184,"def":0,"spa":0,"spd":0,"spe":72},"ivs":{"hp":31,"atk":31,"def":31,"spa":31,"spd":31,"spe":31}}],"log":["|player|p1|Cryѕtаl Rain|crystalraichu.png","|player|p2|DOBBY IS DANK|2","|gametype|singles","|gen|6","|tier|Monotype","|rated","|rule|Baton Pass Clause: Limit one Baton Passer, can't pass Spe and other stats simultaneously","|rule|Swagger Clause: Swagger is banned","|rule|Same Type Clause: Pokémon in a team must share a type","|clearpoke","|poke|p1|Gyarados, F","|poke|p1|Keldeo","|poke|p1|Rotom-Wash","|poke|p1|Cloyster, F","|poke|p1|Sharpedo, F","|poke|p1|Azumarill, M","|poke|p2|Gallade, M","|poke|p2|Scrafty, M","|poke|p2|Heracross, F","|poke|p2|Cobalion","|poke|p2|Keldeo","|poke|p2|Hitmonlee, M","|rule|Sleep Clause Mod: Limit one foe put to sleep","|rule|Species Clause: Limit one of each Pokémon","|rule|OHKO Clause: OHKO moves are banned","|rule|Moody Clause: Moody is banned","|rule|Evasion Moves Clause: Evasion moves are banned","|rule|Endless Battle Clause: Forcing endless battles is banned","|rule|HP Percentage Mod: HP is shown in percentages","|teampreview","|","|start","|switch|p1a: Rotom-Wash|Rotom-Wash|304/304","|switch|p2a: Cobalion|Cobalion|360/360","|turn|1","|","|move|p2a: Cobalion|Stealth Rock|p1a: Rotom-Wash","|-sidestart|p1: Cryѕtаl Rain|move: Stealth Rock","|move|p1a: Rotom-Wash|Discharge|p2a: Cobalion","|-damage|p2a: Cobalion|243/360","|","|-heal|p2a: Cobalion|265/360|[from] item: Leftovers","|turn|2","|","|switch|p2a: Scrafty|Scrafty, M|334/334","|move|p1a: Rotom-Wash|Discharge|p2a: Scrafty","|-damage|p2a: Scrafty|264/334","|-status|p2a: Scrafty|par","|","|-activate|p2a: Scrafty|ability: Shed Skin","|-curestatus|p2a: Scrafty|par","|-heal|p2a: Scrafty|284/334|[from] item: Leftovers","|turn|3","|","|move|p1a: Rotom-Wash|Hydro Pump|p2a: Scrafty","|-damage|p2a: Scrafty|190/334","|move|p2a: Scrafty|Bulk Up|p2a: Scrafty","|-boost|p2a: Scrafty|atk|1","|-boost|p2a: Scrafty|def|1","|","|-heal|p2a: Scrafty|210/334|[from] item: Leftovers","|turn|4","|","|switch|p1a: Keldeo|Keldeo|323/323","|-damage|p1a: Keldeo|303/323|[from] Stealth Rock","|move|p2a: Scrafty|Drain Punch|p1a: Keldeo","|-damage|p1a: Keldeo|162/323","|-heal|p2a: Scrafty|281/334|[from] drain|[of] p1a: Keldeo","|","|-heal|p1a: Keldeo|182/323|[from] item: Leftovers","|-heal|p2a: Scrafty|301/334|[from] item: Leftovers","|turn|5","|","|move|p1a: Keldeo|Secret Sword|p2a: Scrafty","|-supereffective|p2a: Scrafty","|-damage|p2a: Scrafty|127/334","|move|p2a: Scrafty|Drain Punch|p1a: Keldeo","|-damage|p1a: Keldeo|47/323","|-heal|p2a: Scrafty|195/334|[from] drain|[of] p1a: Keldeo","|","|-heal|p1a: Keldeo|67/323|[from] item: Leftovers","|-heal|p2a: Scrafty|215/334|[from] item: Leftovers","|turn|6","|","|move|p1a: Keldeo|Secret Sword|p2a: Scrafty","|-supereffective|p2a: Scrafty","|-damage|p2a: Scrafty|45/334","|move|p2a: Scrafty|Drain Punch|p1a: Keldeo","|-damage|p1a: Keldeo|0 fnt","|-heal|p2a: Scrafty|79/334|[from] drain|[of] p1a: Keldeo","|faint|p1a: Keldeo","|","|-heal|p2a: Scrafty|99/334|[from] item: Leftovers","|","|switch|p1a: Azumarill|Azumarill, M|403/403","|-damage|p1a: Azumarill|353/403|[from] Stealth Rock","|turn|7","|","|switch|p2a: Cobalion|Cobalion|265/360","|move|p1a: Azumarill|Play Rough|p2a: Cobalion","|-damage|p2a: Cobalion|60/360","|","|-heal|p2a: Cobalion|82/360|[from] item: Leftovers","|turn|8","|","|switch|p1a: Rotom-Wash|Rotom-Wash|304/304","|-damage|p1a: Rotom-Wash|266/304|[from] Stealth Rock","|move|p2a: Cobalion|Reflect|p2a: Cobalion","|-sidestart|p2: DOBBY IS DANK|Reflect","|","|-heal|p2a: Cobalion|104/360|[from] item: Leftovers","|-heal|p1a: Rotom-Wash|285/304|[from] item: Leftovers","|turn|9","|","|switch|p2a: Hitmonlee|Hitmonlee, M|304/304","|move|p1a: Rotom-Wash|Hydro Pump|p2a: Hitmonlee|[miss]","|-miss|p1a: Rotom-Wash|p2a: Hitmonlee","|","|-heal|p1a: Rotom-Wash|304/304|[from] item: Leftovers","|turn|10","|","|move|p2a: Hitmonlee|Jump Kick|p1a: Rotom-Wash","|-damage|p1a: Rotom-Wash|138/304","|move|p1a: Rotom-Wash|Will-O-Wisp|p2a: Hitmonlee","|-status|p2a: Hitmonlee|brn","|","|-heal|p1a: Rotom-Wash|157/304|[from] item: Leftovers","|-damage|p2a: Hitmonlee|266/304 brn|[from] brn","|turn|11","|","|switch|p1a: Azumarill|Azumarill, M|353/403","|-damage|p1a: Azumarill|303/403|[from] Stealth Rock","|move|p2a: Hitmonlee|Jump Kick|p1a: Azumarill","|-resisted|p1a: Azumarill","|-damage|p1a: Azumarill|249/403","|","|-damage|p2a: Hitmonlee|228/304 brn|[from] brn","|turn|12","|","|move|p2a: Hitmonlee|Fake Out|p1a: Azumarill","|-fail|p2a: Hitmonlee","|-hint|Fake Out only works on your first turn out.","|move|p1a: Azumarill|Play Rough|p2a: Hitmonlee","|-supereffective|p2a: Hitmonlee","|-damage|p2a: Hitmonlee|0 fnt","|faint|p2a: Hitmonlee","|","|-sideend|p2: DOBBY IS DANK|Reflect","|","|switch|p2a: Cobalion|Cobalion|104/360","|turn|13","|","|move|p2a: Cobalion|Reflect|p2a: Cobalion","|-sidestart|p2: DOBBY IS DANK|Reflect","|move|p1a: Azumarill|Play Rough|p2a: Cobalion|[miss]","|-miss|p1a: Azumarill|p2a: Cobalion","|","|-heal|p2a: Cobalion|126/360|[from] item: Leftovers","|turn|14","|","|move|p2a: Cobalion|Iron Head|p1a: Azumarill","|-damage|p1a: Azumarill|141/403","|cant|p1a: Azumarill|flinch","|","|-heal|p2a: Cobalion|148/360|[from] item: Leftovers","|turn|15","|","|switch|p1a: Gyarados|Gyarados, F|394/394","|-damage|p1a: Gyarados|296/394|[from] Stealth Rock","|-ability|p1a: Gyarados|Intimidate","|-unboost|p2a: Cobalion|atk|1","|move|p2a: Cobalion|Iron Head|p1a: Gyarados","|-resisted|p1a: Gyarados","|-damage|p1a: Gyarados|260/394","|","|-heal|p2a: Cobalion|170/360|[from] item: Leftovers","|-heal|p1a: Gyarados|284/394|[from] item: Leftovers","|turn|16","|","|move|p2a: Cobalion|Thunder Wave|p1a: Gyarados","|-status|p1a: Gyarados|par","|move|p1a: Gyarados|Thunder Wave|p2a: Cobalion","|-status|p2a: Cobalion|par","|","|-heal|p2a: Cobalion|192/360 par|[from] item: Leftovers","|-heal|p1a: Gyarados|308/394 par|[from] item: Leftovers","|turn|17","|","|switch|p2a: Scrafty|Scrafty, M|99/334","|move|p1a: Gyarados|Rest|p1a: Gyarados","|-status|p1a: Gyarados|slp","|-heal|p1a: Gyarados|394/394 slp|[silent]","|-status|p1a: Gyarados|slp|[from] move: Rest","|","|-heal|p2a: Scrafty|119/334|[from] item: Leftovers","|-sideend|p2: DOBBY IS DANK|Reflect","|turn|18","|","|cant|p1a: Gyarados|slp","|move|p1a: Gyarados|Sleep Talk|p1a: Gyarados","|move|p1a: Gyarados|Waterfall|p2a: Scrafty|[from]Sleep Talk","|-damage|p2a: Scrafty|16/334","|move|p2a: Scrafty|Drain Punch|p1a: Gyarados","|-resisted|p1a: Gyarados","|-damage|p1a: Gyarados|345/394 slp","|-heal|p2a: Scrafty|41/334|[from] drain|[of] p1a: Gyarados","|","|-heal|p1a: Gyarados|369/394 slp|[from] item: Leftovers","|-heal|p2a: Scrafty|61/334|[from] item: Leftovers","|turn|19","|","|cant|p1a: Gyarados|slp","|move|p1a: Gyarados|Sleep Talk|p1a: Gyarados","|move|p1a: Gyarados|Thunder Wave|p2a: Scrafty|[from]Sleep Talk","|-status|p2a: Scrafty|par","|move|p2a: Scrafty|Rest|p2a: Scrafty","|-status|p2a: Scrafty|slp","|-heal|p2a: Scrafty|334/334 slp|[silent]","|-status|p2a: Scrafty|slp|[from] move: Rest","|","|-heal|p1a: Gyarados|393/394 slp|[from] item: Leftovers","|-activate|p2a: Scrafty|ability: Shed Skin","|-curestatus|p2a: Scrafty|slp","|turn|20","|","|-curestatus|p1a: Gyarados|slp","|move|p1a: Gyarados|Thunder Wave|p2a: Scrafty","|-status|p2a: Scrafty|par","|move|p2a: Scrafty|Bulk Up|p2a: Scrafty","|-boost|p2a: Scrafty|atk|1","|-boost|p2a: Scrafty|def|1","|","|-heal|p1a: Gyarados|394/394|[from] item: Leftovers","|turn|21","|","|switch|p1a: Azumarill|Azumarill, M|141/403","|-damage|p1a: Azumarill|91/403|[from] Stealth Rock","|move|p2a: Scrafty|Bulk Up|p2a: Scrafty","|-boost|p2a: Scrafty|atk|1","|-boost|p2a: Scrafty|def|1","|","|turn|22","|","|move|p1a: Azumarill|Play Rough|p2a: Scrafty","|-supereffective|p2a: Scrafty","|-damage|p2a: Scrafty|0 fnt","|faint|p2a: Scrafty","|","|","|switch|p2a: Heracross|Heracross, F|302/302","|turn|23","|","|switch|p1a: Gyarados|Gyarados, F|394/394","|-damage|p1a: Gyarados|296/394|[from] Stealth Rock","|-ability|p1a: Gyarados|Intimidate","|-unboost|p2a: Heracross|atk|1","|move|p2a: Heracross|Megahorn|p1a: Gyarados","|-resisted|p1a: Gyarados","|-damage|p1a: Gyarados|215/394","|","|-heal|p1a: Gyarados|239/394|[from] item: Leftovers","|turn|24","|","|switch|p2a: Cobalion|Cobalion|192/360 par","|move|p1a: Gyarados|Thunder Wave|p2a: Cobalion","|-fail|p2a: Cobalion|par","|","|-heal|p1a: Gyarados|263/394|[from] item: Leftovers","|-heal|p2a: Cobalion|214/360 par|[from] item: Leftovers","|turn|25","|","|move|p1a: Gyarados|Waterfall|p2a: Cobalion","|-damage|p2a: Cobalion|132/360 par","|move|p2a: Cobalion|Reflect|p2a: Cobalion","|-sidestart|p2: DOBBY IS DANK|Reflect","|","|-heal|p1a: Gyarados|287/394|[from] item: Leftovers","|-heal|p2a: Cobalion|154/360 par|[from] item: Leftovers","|turn|26","|","|switch|p1a: Rotom-Wash|Rotom-Wash|157/304","|-damage|p1a: Rotom-Wash|119/304|[from] Stealth Rock","|move|p2a: Cobalion|Thunder Wave|p1a: Rotom-Wash","|-immune|p1a: Rotom-Wash|[msg]","|","|-heal|p1a: Rotom-Wash|138/304|[from] item: Leftovers","|-heal|p2a: Cobalion|176/360 par|[from] item: Leftovers","|turn|27","|","|switch|p2a: Gallade|Gallade, M|340/340","|move|p1a: Rotom-Wash|Hydro Pump|p2a: Gallade|[miss]","|-miss|p1a: Rotom-Wash|p2a: Gallade","|","|-heal|p1a: Rotom-Wash|157/304|[from] item: Leftovers","|turn|28","|","|detailschange|p2a: Gallade|Gallade-Mega, M","|-mega|p2a: Gallade|Gallade|Galladite","|move|p2a: Gallade|Swords Dance|p2a: Gallade","|-boost|p2a: Gallade|atk|2","|move|p1a: Rotom-Wash|Will-O-Wisp|p2a: Gallade","|-status|p2a: Gallade|brn","|","|-heal|p1a: Rotom-Wash|176/304|[from] item: Leftovers","|-damage|p2a: Gallade|298/340 brn|[from] brn","|turn|29","|","|move|p2a: Gallade|Swords Dance|p2a: Gallade","|-boost|p2a: Gallade|atk|2","|move|p1a: Rotom-Wash|Hydro Pump|p2a: Gallade","|-damage|p2a: Gallade|181/340 brn","|","|-heal|p1a: Rotom-Wash|195/304|[from] item: Leftovers","|-damage|p2a: Gallade|139/340 brn|[from] brn","|-sideend|p2: DOBBY IS DANK|Reflect","|turn|30","|","|move|p2a: Gallade|Drain Punch|p1a: Rotom-Wash","|-damage|p1a: Rotom-Wash|0 fnt","|-heal|p2a: Gallade|237/340 brn|[from] drain|[of] p1a: Rotom-Wash","|faint|p1a: Rotom-Wash","|","|-damage|p2a: Gallade|195/340 brn|[from] brn","|","|switch|p1a: Azumarill|Azumarill, M|91/403","|-damage|p1a: Azumarill|41/403|[from] Stealth Rock","|turn|31","|","|move|p2a: Gallade|Shadow Sneak|p1a: Azumarill","|-damage|p1a: Azumarill|0 fnt","|faint|p1a: Azumarill","|","|-damage|p2a: Gallade|153/340 brn|[from] brn","|","|switch|p1a: Sharpedo|Sharpedo, F|281/281","|-damage|p1a: Sharpedo|246/281|[from] Stealth Rock","|turn|32","|","|detailschange|p1a: Sharpedo|Sharpedo-Mega, F","|-mega|p1a: Sharpedo|Sharpedo|Sharpedonite","|move|p1a: Sharpedo|Protect|p1a: Sharpedo","|-singleturn|p1a: Sharpedo|Protect","|move|p2a: Gallade|Drain Punch|p1a: Sharpedo","|-activate|p1a: Sharpedo|Protect","|","|-damage|p2a: Gallade|111/340 brn|[from] brn","|turn|33","|","|move|p2a: Gallade|Drain Punch|p1a: Sharpedo","|-supereffective|p1a: Sharpedo","|-damage|p1a: Sharpedo|0 fnt","|-heal|p2a: Gallade|234/340 brn|[from] drain|[of] p1a: Sharpedo","|faint|p1a: Sharpedo","|","|-damage|p2a: Gallade|192/340 brn|[from] brn","|","|switch|p1a: Gyarados|Gyarados, F|287/394","|-damage|p1a: Gyarados|189/394|[from] Stealth Rock","|-ability|p1a: Gyarados|Intimidate","|-unboost|p2a: Gallade|atk|1","|turn|34","|","|move|p2a: Gallade|Drain Punch|p1a: Gyarados","|-resisted|p1a: Gyarados","|-damage|p1a: Gyarados|81/394","|-heal|p2a: Gallade|246/340 brn|[from] drain|[of] p1a: Gyarados","|move|p1a: Gyarados|Waterfall|p2a: Gallade","|-damage|p2a: Gallade|131/340 brn","|","|-heal|p1a: Gyarados|105/394|[from] item: Leftovers","|-damage|p2a: Gallade|89/340 brn|[from] brn","|turn|35","|","|move|p2a: Gallade|Drain Punch|p1a: Gyarados","|-resisted|p1a: Gyarados","|-damage|p1a: Gyarados|6/394","|-heal|p2a: Gallade|139/340 brn|[from] drain|[of] p1a: Gyarados","|move|p1a: Gyarados|Rest|p1a: Gyarados","|-status|p1a: Gyarados|slp","|-heal|p1a: Gyarados|394/394 slp|[silent]","|-status|p1a: Gyarados|slp|[from] move: Rest","|","|-damage|p2a: Gallade|97/340 brn|[from] brn","|turn|36","|","|move|p2a: Gallade|Swords Dance|p2a: Gallade","|-boost|p2a: Gallade|atk|2","|cant|p1a: Gyarados|slp","|move|p1a: Gyarados|Sleep Talk|p1a: Gyarados","|move|p1a: Gyarados|Thunder Wave|p2a: Gallade|[from]Sleep Talk","|-fail|p2a: Gallade","|","|-damage|p2a: Gallade|55/340 brn|[from] brn","|turn|37","|","|move|p2a: Gallade|Drain Punch|p1a: Gyarados","|-resisted|p1a: Gyarados","|-damage|p1a: Gyarados|262/394 slp","|-heal|p2a: Gallade|121/340 brn|[from] drain|[of] p1a: Gyarados","|cant|p1a: Gyarados|slp","|move|p1a: Gyarados|Sleep Talk|p1a: Gyarados","|move|p1a: Gyarados|Waterfall|p2a: Gallade|[from]Sleep Talk","|-crit|p2a: Gallade","|-damage|p2a: Gallade|0 fnt","|faint|p2a: Gallade","|","|-heal|p1a: Gyarados|286/394 slp|[from] item: Leftovers","|","|switch|p2a: Cobalion|Cobalion|176/360 par","|turn|38","|","|-curestatus|p1a: Gyarados|slp","|move|p1a: Gyarados|Waterfall|p2a: Cobalion","|-damage|p2a: Cobalion|94/360 par","|move|p2a: Cobalion|Reflect|p2a: Cobalion","|-sidestart|p2: DOBBY IS DANK|Reflect","|","|-heal|p1a: Gyarados|310/394|[from] item: Leftovers","|-heal|p2a: Cobalion|116/360 par|[from] item: Leftovers","|turn|39","|","|move|p1a: Gyarados|Waterfall|p2a: Cobalion","|-damage|p2a: Cobalion|77/360 par","|cant|p2a: Cobalion|flinch","|","|-heal|p1a: Gyarados|334/394|[from] item: Leftovers","|-heal|p2a: Cobalion|99/360 par|[from] item: Leftovers","|turn|40","|","|move|p1a: Gyarados|Waterfall|p2a: Cobalion","|-damage|p2a: Cobalion|54/360 par","|cant|p2a: Cobalion|par","|","|-heal|p1a: Gyarados|358/394|[from] item: Leftovers","|-heal|p2a: Cobalion|76/360 par|[from] item: Leftovers","|turn|41","|","|move|p1a: Gyarados|Waterfall|p2a: Cobalion","|-damage|p2a: Cobalion|35/360 par","|cant|p2a: Cobalion|flinch","|","|-heal|p1a: Gyarados|382/394|[from] item: Leftovers","|-heal|p2a: Cobalion|57/360 par|[from] item: Leftovers","|turn|42","|","|move|p1a: Gyarados|Waterfall|p2a: Cobalion","|-damage|p2a: Cobalion|15/360 par","|cant|p2a: Cobalion|flinch","|","|-heal|p1a: Gyarados|394/394|[from] item: Leftovers","|-heal|p2a: Cobalion|37/360 par|[from] item: Leftovers","|-sideend|p2: DOBBY IS DANK|Reflect","|turn|43","|","|move|p1a: Gyarados|Waterfall|p2a: Cobalion","|-damage|p2a: Cobalion|0 fnt","|faint|p2a: Cobalion","|","|","|switch|p2a: Keldeo|Keldeo|334/334","|turn|44","|","|move|p2a: Keldeo|Calm Mind|p2a: Keldeo","|-boost|p2a: Keldeo|spa|1","|-boost|p2a: Keldeo|spd|1","|move|p1a: Gyarados|Thunder Wave|p2a: Keldeo","|-status|p2a: Keldeo|par","|","|turn|45","|","|move|p1a: Gyarados|Waterfall|p2a: Keldeo","|-crit|p2a: Keldeo","|-resisted|p2a: Keldeo","|-damage|p2a: Keldeo|235/334 par","|move|p2a: Keldeo|Calm Mind|p2a: Keldeo","|-boost|p2a: Keldeo|spa|1","|-boost|p2a: Keldeo|spd|1","|","|-heal|p2a: Keldeo|255/334 par|[from] item: Leftovers","|turn|46","|","|move|p1a: Gyarados|Waterfall|p2a: Keldeo","|-resisted|p2a: Keldeo","|-damage|p2a: Keldeo|195/334 par","|move|p2a: Keldeo|Scald|p1a: Gyarados","|-resisted|p1a: Gyarados","|-damage|p1a: Gyarados|293/394","|","|-heal|p1a: Gyarados|317/394|[from] item: Leftovers","|-heal|p2a: Keldeo|215/334 par|[from] item: Leftovers","|turn|47","|","|move|p1a: Gyarados|Waterfall|p2a: Keldeo","|-resisted|p2a: Keldeo","|-damage|p2a: Keldeo|147/334 par","|cant|p2a: Keldeo|par","|","|-heal|p1a: Gyarados|341/394|[from] item: Leftovers","|-heal|p2a: Keldeo|167/334 par|[from] item: Leftovers","|turn|48","|","|move|p1a: Gyarados|Waterfall|p2a: Keldeo","|-resisted|p2a: Keldeo","|-damage|p2a: Keldeo|110/334 par","|move|p2a: Keldeo|Icy Wind|p1a: Gyarados","|-damage|p1a: Gyarados|240/394","|-unboost|p1a: Gyarados|spe|1","|","|-heal|p1a: Gyarados|264/394|[from] item: Leftovers","|-heal|p2a: Keldeo|130/334 par|[from] item: Leftovers","|turn|49","|","|move|p1a: Gyarados|Waterfall|p2a: Keldeo","|-resisted|p2a: Keldeo","|-damage|p2a: Keldeo|62/334 par","|move|p2a: Keldeo|Icy Wind|p1a: Gyarados","|-damage|p1a: Gyarados|164/394","|-unboost|p1a: Gyarados|spe|1","|","|-heal|p1a: Gyarados|188/394|[from] item: Leftovers","|-heal|p2a: Keldeo|82/334 par|[from] item: Leftovers","|turn|50","|","|move|p1a: Gyarados|Rest|p1a: Gyarados","|-status|p1a: Gyarados|slp","|-heal|p1a: Gyarados|394/394 slp|[silent]","|-status|p1a: Gyarados|slp|[from] move: Rest","|move|p2a: Keldeo|Icy Wind|p1a: Gyarados","|-damage|p1a: Gyarados|294/394 slp","|-unboost|p1a: Gyarados|spe|1","|","|-heal|p1a: Gyarados|318/394 slp|[from] item: Leftovers","|-heal|p2a: Keldeo|102/334 par|[from] item: Leftovers","|turn|51","|","|cant|p1a: Gyarados|slp","|move|p1a: Gyarados|Sleep Talk|p1a: Gyarados","|move|p1a: Gyarados|Waterfall|p2a: Keldeo|[from]Sleep Talk","|-resisted|p2a: Keldeo","|-damage|p2a: Keldeo|44/334 par","|move|p2a: Keldeo|Calm Mind|p2a: Keldeo","|-boost|p2a: Keldeo|spa|1","|-boost|p2a: Keldeo|spd|1","|","|-heal|p1a: Gyarados|342/394 slp|[from] item: Leftovers","|-heal|p2a: Keldeo|64/334 par|[from] item: Leftovers","|turn|52","|","|move|p2a: Keldeo|Icy Wind|p1a: Gyarados","|-damage|p1a: Gyarados|220/394 slp","|-unboost|p1a: Gyarados|spe|1","|cant|p1a: Gyarados|slp","|move|p1a: Gyarados|Sleep Talk|p1a: Gyarados","|move|p1a: Gyarados|Thunder Wave|p2a: Keldeo|[from]Sleep Talk","|-fail|p2a: Keldeo|par","|","|-heal|p2a: Keldeo|84/334 par|[from] item: Leftovers","|-heal|p1a: Gyarados|244/394 slp|[from] item: Leftovers","|turn|53","|","|move|p2a: Keldeo|Icy Wind|p1a: Gyarados","|-damage|p1a: Gyarados|123/394 slp","|-unboost|p1a: Gyarados|spe|1","|-curestatus|p1a: Gyarados|slp","|move|p1a: Gyarados|Waterfall|p2a: Keldeo","|-resisted|p2a: Keldeo","|-damage|p2a: Keldeo|27/334 par","|","|-heal|p2a: Keldeo|47/334 par|[from] item: Leftovers","|-heal|p1a: Gyarados|147/394|[from] item: Leftovers","|turn|54","|","|switch|p1a: Cloyster|Cloyster, F|241/241","|-damage|p1a: Cloyster|181/241|[from] Stealth Rock","|move|p2a: Keldeo|Icy Wind|p1a: Cloyster","|-resisted|p1a: Cloyster","|-damage|p1a: Cloyster|106/241","|-unboost|p1a: Cloyster|spe|1","|","|-heal|p2a: Keldeo|67/334 par|[from] item: Leftovers","|turn|55","|","|move|p1a: Cloyster|Icicle Spear|p2a: Keldeo","|-resisted|p2a: Keldeo","|-damage|p2a: Keldeo|47/334 par","|-resisted|p2a: Keldeo","|-damage|p2a: Keldeo|26/334 par","|-resisted|p2a: Keldeo","|-damage|p2a: Keldeo|7/334 par","|-resisted|p2a: Keldeo","|-damage|p2a: Keldeo|0 fnt","|-hitcount|p2a: Keldeo|4","|faint|p2a: Keldeo","|","|","|switch|p2a: Heracross|Heracross, F|302/302","|turn|56","|","|move|p2a: Heracross|Rock Slide|p1a: Cloyster","|-miss|p2a: Heracross|p1a: Cloyster","|move|p1a: Cloyster|Rock Blast|p2a: Heracross|[miss]","|-miss|p1a: Cloyster|p2a: Heracross","|","|turn|57","|","|move|p2a: Heracross|Rock Slide|p1a: Cloyster","|-supereffective|p1a: Cloyster","|-damage|p1a: Cloyster|0 fnt","|faint|p1a: Cloyster","|-boost|p2a: Heracross|atk|1|[from] ability: Moxie","|","|","|switch|p1a: Gyarados|Gyarados, F|147/394","|-damage|p1a: Gyarados|49/394|[from] Stealth Rock","|-ability|p1a: Gyarados|Intimidate","|-unboost|p2a: Heracross|atk|1","|turn|58","|","|move|p2a: Heracross|Rock Slide|p1a: Gyarados","|-supereffective|p1a: Gyarados","|-damage|p1a: Gyarados|0 fnt","|faint|p1a: Gyarados","|-boost|p2a: Heracross|atk|1|[from] ability: Moxie","|","|win|DOBBY IS DANK"],"p1rating":{"entryid":"372740","serverid":"eos","formatid":"monotype","userid":"crytlrain","username":"Cryѕtаl Rain","w":"2","l":2,"t":"0","gxe":48.1,"r":"1500","rd":"130","sigma":"0","rptime":"1440320400","rpr":1485.3191446077,"rprd":105.78791602808,"rpsigma":"0","acre":1047.9402410711,"lacre":1047.9402410711,"oldacre":"1067.9508383599"},"p2rating":{"entryid":"81776","serverid":"eos","formatid":"monotype","userid":"dobbyisdank","username":"DOBBY IS DANK","w":8,"l":"16","t":"0","gxe":34.8,"r":"1435.0179633435","rd":"88.822113487697","sigma":"0","rptime":"1440320400","rpr":1380.0321871958,"rprd":66.481170814992,"rpsigma":"0","acre":1100.1560125134,"lacre":1100.1560125134,"oldacre":"1071.0829163945"},"endType":"normal"}