{"seed":[23909,29742,57720,55004],"turns":25,"p1":"Shining Yin","p2":"Guard Wanderer","p1team":[{"name":"Chansey","species":"Chansey","item":"eviolite","ability":"Natural Cure","moves":["thunderwave","softboiled","seismictoss","stealthrock"],"nature":"Bold","evs":{"hp":0,"atk":0,"def":252,"spa":0,"spd":252,"spe":4},"ivs":{"hp":31,"atk":0,"def":31,"spa":31,"spd":31,"spe":31}},{"name":"Porygon2","species":"Porygon2","item":"eviolite","ability":"Download","moves":["icebeam","discharge","recover","toxic"],"nature":"Calm","evs":{"hp":248,"atk":0,"def":204,"spa":0,"spd":56,"spe":0},"ivs":{"hp":31,"atk":0,"def":31,"spa":31,"spd":31,"spe":31}},{"name":"Pidgeot","species":"Pidgeot","item":"pidgeotite","ability":"Keen Eye","moves":["hurricane","heatwave","defog","roost"],"nature":"Timid","evs":{"hp":0,"atk":0,"def":0,"spa":252,"spd":4,"spe":252},"ivs":{"hp":31,"atk":0,"def":31,"spa":31,"spd":31,"spe":31}},{"name":"Staraptor","species":"Staraptor","item":"choicescarf","ability":"Reckless","moves":["bravebird","uturn","doubleedge","closecombat"],"nature":"Jolly","evs":{"hp":0,"atk":252,"def":0,"spa":0,"spd":4,"spe":252},"ivs":{"hp":31,"atk":31,"def":31,"spa":31,"spd":31,"spe":31}},{"name":"Diggersby","species":"Diggersby","item":"choiceband","ability":"Huge Power","moves":["return","earthquake","knockoff","quickattack"],"nature":"Jolly","evs":{"hp":0,"atk":252,"def":0,"spa":0,"spd":4,"spe":252},"ivs":{"hp":31,"atk":31,"def":31,"spa":31,"spd":31,"spe":31}},{"name":"Heliolisk","species":"Heliolisk","item":"lifeorb","ability":"Dry Skin","moves":["grassknot","thunderbolt","surf","voltswitch"],"nature":"Timid","evs":{"hp":0,"atk":0,"def":0,"spa":252,"spd":4,"spe":252},"ivs":{"hp":31,"atk":0,"def":31,"spa":31,"spd":31,"spe":31}}],"p2team":[{"name":"Tangrowth","species":"Tangrowth","item":"bigroot","ability":"Regenerator","moves":["gigadrain","leechseed","grassyterrain","amnesia"],"nature":"Bold","evs":{"hp":248,"atk":0,"def":252,"spa":8,"spd":0,"spe":0},"shiny":true,"ivs":{"hp":31,"atk":31,"def":31,"spa":31,"spd":31,"spe":31}},{"name":"Ferrothorn","species":"Ferrothorn","item":"rockyhelmet","ability":"Iron Barbs","moves":["curse","stealthrock","spikes","gyroball"],"nature":"Relaxed","evs":{"hp":248,"atk":8,"def":252,"spa":0,"spd":0,"spe":0},"ivs":{"hp":31,"atk":31,"def":31,"spa":31,"spd":31,"spe":0}},{"name":"Rotom-Mow","species":"Rotom-Mow","item":"ironball","ability":"Levitate","moves":["trick","chargebeam","leafstorm","voltswitch"],"nature":"Modest","evs":{"hp":248,"atk":0,"def":0,"spa":252,"spd":8,"spe":0},"ivs":{"hp":31,"atk":31,"def":31,"spa":31,"spd":31,"spe":31}},{"name":"Ludicolo","species":"Ludicolo","item":"bindingband","ability":"Rain Dish","moves":["raindance","scald","leechseed","whirlpool"],"nature":"Modest","evs":{"hp":248,"atk":0,"def":0,"spa":252,"spd":8,"spe":0},"ivs":{"hp":31,"atk":31,"def":31,"spa":31,"spd":31,"spe":31}},{"name":"Gogoat","species":"Gogoat","item":"bigroot","ability":"Sap Sipper","moves":["hornleech","wildcharge","milkdrink","bulkup"],"nature":"Careful","evs":{"hp":248,"atk":8,"def":0,"spa":0,"spd":252,"spe":0},"ivs":{"hp":31,"atk":31,"def":31,"spa":31,"spd":31,"spe":31}},{"name":"Sawsbuck","species":"Sawsbuck","item":"silkscarf","ability":"Chlorophyll","moves":["return","seedbomb","retaliate","thunderwave"],"nature":"Adamant","evs":{"hp":0,"atk":252,"def":0,"spa":0,"spd":4,"spe":252},"ivs":{"hp":31,"atk":31,"def":31,"spa":31,"spd":31,"spe":31}}],"log":["|player|p1|Shining Yin|277","|player|p2|Guard Wanderer|235","|gametype|singles","|gen|6","|tier|Monotype","|rated","|rule|Baton Pass Clause: Limit one Baton Passer, can't pass Spe and other stats simultaneously","|rule|Swagger Clause: Swagger is banned","|rule|Same Type Clause: Pokémon in a team must share a type","|clearpoke","|poke|p1|Chansey, F","|poke|p1|Porygon2","|poke|p1|Pidgeot, F","|poke|p1|Staraptor, M","|poke|p1|Diggersby, F","|poke|p1|Heliolisk, M","|poke|p2|Tangrowth, F, shiny","|poke|p2|Ferrothorn, F","|poke|p2|Rotom-Mow","|poke|p2|Ludicolo, M","|poke|p2|Gogoat, F","|poke|p2|Sawsbuck, F","|rule|Sleep Clause Mod: Limit one foe put to sleep","|rule|Species Clause: Limit one of each Pokémon","|rule|OHKO Clause: OHKO moves are banned","|rule|Moody Clause: Moody is banned","|rule|Evasion Moves Clause: Evasion moves are banned","|rule|Endless Battle Clause: Forcing endless battles is banned","|rule|HP Percentage Mod: HP is shown in percentages","|teampreview","|","|start","|switch|p1a: Staraptor|Staraptor, M|311/311","|switch|p2a: Ferrothorn|Ferrothorn, F|351/351","|turn|1","|","|move|p1a: Staraptor|Close Combat|p2a: Ferrothorn","|-supereffective|p2a: Ferrothorn","|-damage|p2a: Ferrothorn|175/351","|-damage|p1a: Staraptor|273/311|[from] ability: Iron Barbs|[of] p2a: Ferrothorn","|-damage|p1a: Staraptor|222/311|[from] item: Rocky Helmet|[of] p2a: Ferrothorn","|-unboost|p1a: Staraptor|def|1","|-unboost|p1a: Staraptor|spd|1","|move|p2a: Ferrothorn|Stealth Rock|p1a: Staraptor","|-sidestart|p1: Shining Yin|move: Stealth Rock","|","|turn|2","|","|switch|p2a: Rotom-Mow|Rotom-Mow|303/303","|move|p1a: Staraptor|Close Combat|p2a: Rotom-Mow","|-damage|p2a: Rotom-Mow|181/303","|-unboost|p1a: Staraptor|def|1","|-unboost|p1a: Staraptor|spd|1","|","|turn|3","|","|switch|p1a: Porygon2|Porygon2|373/373","|-damage|p1a: Porygon2|327/373|[from] Stealth Rock","|-boost|p1a: Porygon2|atk|1|[from] ability: Download","|switch|p2a: Ferrothorn|Ferrothorn, F|175/351","|","|turn|4","|","|switch|p1a: Diggersby|Diggersby, F|311/311","|-damage|p1a: Diggersby|292/311|[from] Stealth Rock","|move|p2a: Ferrothorn|Spikes|p1a: Diggersby","|-sidestart|p1: Shining Yin|Spikes","|","|turn|5","|","|move|p1a: Diggersby|Earthquake|p2a: Ferrothorn","|-damage|p2a: Ferrothorn|0 fnt","|faint|p2a: Ferrothorn","|","|","|switch|p2a: Tangrowth|Tangrowth, F, shiny|403/403","|turn|6","|","|switch|p1a: Porygon2|Porygon2|327/373","|-damage|p1a: Porygon2|281/373|[from] Spikes","|-damage|p1a: Porygon2|235/373|[from] Stealth Rock","|-boost|p1a: Porygon2|spa|1|[from] ability: Download","|move|p2a: Tangrowth|Grassy Terrain|p2a: Tangrowth","|-fieldstart|move: Grassy Terrain","|","|-heal|p1a: Porygon2|258/373|[from] Grassy Terrain","|turn|7","|","|move|p1a: Porygon2|Toxic|p2a: Tangrowth","|-status|p2a: Tangrowth|tox","|move|p2a: Tangrowth|Leech Seed|p1a: Porygon2","|-start|p1a: Porygon2|move: Leech Seed","|","|-heal|p1a: Porygon2|281/373|[from] Grassy Terrain","|-damage|p1a: Porygon2|235/373|[from] Leech Seed|[of] p2a: Tangrowth","|-damage|p2a: Tangrowth|378/403 tox|[from] psn","|turn|8","|","|move|p1a: Porygon2|Recover|p1a: Porygon2","|-heal|p1a: Porygon2|373/373","|move|p2a: Tangrowth|Amnesia|p2a: Tangrowth","|-boost|p2a: Tangrowth|spd|2","|","|-heal|p2a: Tangrowth|403/403 tox|[from] Grassy Terrain","|-damage|p1a: Porygon2|327/373|[from] Leech Seed|[of] p2a: Tangrowth","|-damage|p2a: Tangrowth|353/403 tox|[from] psn","|turn|9","|","|switch|p1a: Pidgeot|Pidgeot, F|307/307","|-damage|p1a: Pidgeot|231/307|[from] Stealth Rock","|move|p2a: Tangrowth|Giga Drain|p1a: Pidgeot","|-resisted|p1a: Pidgeot","|-damage|p1a: Pidgeot|138/307","|-heal|p2a: Tangrowth|403/403 tox|[from] drain|[of] p1a: Pidgeot","|","|-damage|p2a: Tangrowth|328/403 tox|[from] psn","|turn|10","|","|detailschange|p1a: Pidgeot|Pidgeot-Mega, F","|-mega|p1a: Pidgeot|Pidgeot|Pidgeotite","|move|p1a: Pidgeot|Defog|p2a: Tangrowth","|-unboost|p2a: Tangrowth|evasion|1","|-sideend|p1: Shining Yin|Spikes|[from] move: Defog|[of] p1a: Pidgeot","|-sideend|p1: Shining Yin|Stealth Rock|[from] move: Defog|[of] p1a: Pidgeot","|move|p2a: Tangrowth|Giga Drain|p1a: Pidgeot","|-resisted|p1a: Pidgeot","|-damage|p1a: Pidgeot|55/307","|-heal|p2a: Tangrowth|383/403 tox|[from] drain|[of] p1a: Pidgeot","|","|-fieldend|move: Grassy Terrain","|-damage|p2a: Tangrowth|283/403 tox|[from] psn","|turn|11","|","|switch|p1a: Chansey|Chansey, F|641/641","|switch|p2a: Rotom-Mow|Rotom-Mow|181/303","|","|turn|12","|","|move|p1a: Chansey|Stealth Rock|p2a: Rotom-Mow","|-sidestart|p2: Guard Wanderer|move: Stealth Rock","|move|p2a: Rotom-Mow|Charge Beam|p1a: Chansey","|-damage|p1a: Chansey|598/641","|-boost|p2a: Rotom-Mow|spa|1","|","|turn|13","|","|move|p1a: Chansey|Seismic Toss|p2a: Rotom-Mow","|-damage|p2a: Rotom-Mow|81/303","|move|p2a: Rotom-Mow|Trick|p1a: Chansey","|-activate|p2a: Rotom-Mow|move: Trick|[of] p1a: Chansey","|-item|p1a: Chansey|Iron Ball|[from] move: Trick","|-item|p2a: Rotom-Mow|Eviolite|[from] move: Trick","|","|turn|14","|","|switch|p2a: Tangrowth|Tangrowth, F, shiny|403/403 tox","|-damage|p2a: Tangrowth|353/403 tox|[from] Stealth Rock","|move|p1a: Chansey|Seismic Toss|p2a: Tangrowth","|-damage|p2a: Tangrowth|253/403 tox","|","|-damage|p2a: Tangrowth|228/403 tox|[from] psn","|turn|15","|","|move|p2a: Tangrowth|Grassy Terrain|p2a: Tangrowth","|-fieldstart|move: Grassy Terrain","|move|p1a: Chansey|Seismic Toss|p2a: Tangrowth","|-damage|p2a: Tangrowth|128/403 tox","|","|-heal|p1a: Chansey|638/641|[from] Grassy Terrain","|-heal|p2a: Tangrowth|153/403 tox|[from] Grassy Terrain","|-damage|p2a: Tangrowth|103/403 tox|[from] psn","|turn|16","|","|switch|p2a: Gogoat|Gogoat, F|449/449","|-damage|p2a: Gogoat|393/449|[from] Stealth Rock","|move|p1a: Chansey|Seismic Toss|p2a: Gogoat","|-damage|p2a: Gogoat|293/449","|","|-heal|p1a: Chansey|641/641|[from] Grassy Terrain","|-heal|p2a: Gogoat|321/449|[from] Grassy Terrain","|turn|17","|","|move|p2a: Gogoat|Bulk Up|p2a: Gogoat","|-boost|p2a: Gogoat|atk|1","|-boost|p2a: Gogoat|def|1","|move|p1a: Chansey|Thunder Wave|p2a: Gogoat","|-status|p2a: Gogoat|par","|","|-heal|p2a: Gogoat|349/449 par|[from] Grassy Terrain","|turn|18","|","|switch|p1a: Heliolisk|Heliolisk, M|265/265","|cant|p2a: Gogoat|par","|","|-heal|p2a: Gogoat|377/449 par|[from] Grassy Terrain","|turn|19","|","|move|p1a: Heliolisk|Thunderbolt|p2a: Gogoat","|-resisted|p2a: Gogoat","|-damage|p2a: Gogoat|303/449 par","|-damage|p1a: Heliolisk|239/265|[from] item: Life Orb","|move|p2a: Gogoat|Horn Leech|p1a: Heliolisk","|-damage|p1a: Heliolisk|0 fnt","|-heal|p2a: Gogoat|449/449 par|[from] drain|[of] p1a: Heliolisk","|faint|p1a: Heliolisk","|","|-fieldend|move: Grassy Terrain","|","|switch|p1a: Pidgeot|Pidgeot-Mega, F|55/307","|turn|20","|","|move|p1a: Pidgeot|Hurricane|p2a: Gogoat","|-supereffective|p2a: Gogoat","|-damage|p2a: Gogoat|95/449 par","|cant|p2a: Gogoat|par","|","|turn|21","|","|move|p1a: Pidgeot|Hurricane|p2a: Gogoat","|-supereffective|p2a: Gogoat","|-damage|p2a: Gogoat|0 fnt","|faint|p2a: Gogoat","|","|","|switch|p2a: Ludicolo|Ludicolo, M|363/363","|-damage|p2a: Ludicolo|318/363|[from] Stealth Rock","|turn|22","|","|move|p1a: Pidgeot|Hurricane|p2a: Ludicolo","|-supereffective|p2a: Ludicolo","|-damage|p2a: Ludicolo|0 fnt","|faint|p2a: Ludicolo","|","|","|switch|p2a: Sawsbuck|Sawsbuck, F|301/301","|-damage|p2a: Sawsbuck|264/301|[from] Stealth Rock","|turn|23","|","|move|p1a: Pidgeot|Hurricane|p2a: Sawsbuck","|-supereffective|p2a: Sawsbuck","|-damage|p2a: Sawsbuck|0 fnt","|faint|p2a: Sawsbuck","|","|","|switch|p2a: Rotom-Mow|Rotom-Mow|81/303","|-damage|p2a: Rotom-Mow|44/303|[from] Stealth Rock","|turn|24","|","|move|p1a: Pidgeot|Heat Wave|p2a: Rotom-Mow","|-supereffective|p2a: Rotom-Mow","|-damage|p2a: Rotom-Mow|0 fnt","|faint|p2a: Rotom-Mow","|","|","|switch|p2a: Tangrowth|Tangrowth, F, shiny|237/403 tox","|-damage|p2a: Tangrowth|187/403 tox|[from] Stealth Rock","|turn|25","|","|move|p1a: Pidgeot|Hurricane|p2a: Tangrowth","|-supereffective|p2a: Tangrowth","|-damage|p2a: Tangrowth|0 fnt","|faint|p2a: Tangrowth","|","|win|Shining Yin"],"p1rating":{"entryid":"71235","serverid":"eos","formatid":"monotype","userid":"shiningyin","username":"Shining Yin","w":55,"l":"27","t":"0","gxe":64.5,"r":"1592.048577857","rd":"44.744883176766","sigma":"0","rptime":"1440320400","rpr":1613.3746768049,"rprd":40.987097285147,"rpsigma":"0","acre":1209.9243128631,"lacre":1209.9243128631,"oldacre":"1193.5650659609"},"p2rating":{"entryid":"9966","serverid":"eos","formatid":"monotype","userid":"guardwanderer","username":"Guard Wanderer","w":"8","l":10,"t":"0","gxe":47.6,"r":"1517.3894601343","rd":"81.691557977629","sigma":"0","rptime":"1440320400","rpr":1481.6667566065,"rprd":73.317988074998,"rpsigma":"0","acre":1055.0740207843,"lacre":1055.0740207843,"oldacre":"1068.3241049596"},"endType":"normal"}