{"seed":[3552,27812,43522,5900],"turns":21,"p1":"Void Who","p2":"SL~Kingdra","p1team":[{"name":"Scizor","species":"Scizor","item":"choiceband","ability":"Technician","moves":["bulletpunch","knockoff","bugbite","superpower"],"nature":"Adamant","evs":{"hp":248,"atk":252,"def":0,"spa":0,"spd":8,"spe":0},"ivs":{"hp":31,"atk":31,"def":31,"spa":31,"spd":31,"spe":31}},{"name":"Pinsir","species":"Pinsir","item":"pinsirite","ability":"Moxie","moves":["earthquake","frustration","quickattack","swordsdance"],"nature":"Jolly","evs":{"hp":0,"atk":252,"def":0,"spa":0,"spd":4,"spe":252},"happiness":0,"ivs":{"hp":31,"atk":31,"def":31,"spa":31,"spd":31,"spe":31}},{"name":"Forretress","species":"Forretress","item":"leftovers","ability":"Sturdy","moves":["gyroball","stealthrock","rapidspin","painsplit"],"nature":"Relaxed","evs":{"hp":252,"atk":4,"def":252,"spa":0,"spd":0,"spe":0},"ivs":{"hp":31,"atk":31,"def":31,"spa":31,"spd":31,"spe":0}},{"name":"Scolipede","species":"Scolipede","item":"focussash","ability":"Speed Boost","moves":["protect","rockslide","megahorn","poisonjab"],"nature":"Adamant","evs":{"hp":0,"atk":252,"def":0,"spa":0,"spd":4,"spe":252},"ivs":{"hp":31,"atk":31,"def":31,"spa":31,"spd":31,"spe":31}},{"name":"Galvantula","species":"Galvantula","item":"focussash","ability":"Compound Eyes","moves":["thunder","hiddenpowerice","bugbuzz","stickyweb"],"nature":"Timid","evs":{"hp":0,"atk":0,"def":0,"spa":252,"spd":4,"spe":252},"ivs":{"hp":31,"atk":30,"def":30,"spa":31,"spd":31,"spe":31}},{"name":"Yanmega","species":"Yanmega","item":"lifeorb","ability":"Tinted Lens","moves":["ancientpower","bugbuzz","gigadrain","airslash"],"nature":"Timid","evs":{"hp":0,"atk":0,"def":0,"spa":252,"spd":4,"spe":252},"ivs":{"hp":31,"atk":31,"def":31,"spa":31,"spd":31,"spe":31}}],"p2team":[{"name":"Smegle","species":"smeargle","item":"focussash","ability":"Own Tempo","moves":["spore","stickyweb","stealthrock","magiccoat"],"nature":"Timid","evs":{"hp":252,"atk":0,"def":4,"spa":0,"spd":0,"spe":252},"ivs":{"hp":31,"atk":31,"def":31,"spa":31,"spd":31,"spe":31}},{"name":"Slack King","species":"slaking","item":"choicescarf","ability":"Truant","moves":["retaliate","earthquake","firepunch","return"],"nature":"Adamant","evs":{"hp":4,"atk":252,"def":0,"spa":0,"spd":0,"spe":252},"ivs":{"hp":31,"atk":31,"def":31,"spa":31,"spd":31,"spe":31}},{"name":"Mel-B","species":"meloetta","item":"leftovers","ability":"Serene Grace","moves":["psychic","shadowball","hypervoice","calmmind"],"nature":"Calm","evs":{"hp":252,"atk":0,"def":0,"spa":4,"spd":252,"spe":0},"ivs":{"hp":31,"atk":31,"def":30,"spa":30,"spd":30,"spe":31}},{"name":"Demolition","species":"diggersby","item":"lifeorb","ability":"Huge Power","moves":["earthquake","quickattack","return","firepunch"],"nature":"Adamant","evs":{"hp":4,"atk":252,"def":0,"spa":0,"spd":0,"spe":252},"ivs":{"hp":31,"atk":31,"def":31,"spa":31,"spd":31,"spe":31}},{"name":"Cute Blob","species":"ditto","item":"choicescarf","ability":"Imposter","moves":["transform"],"nature":"Timid","evs":{"hp":252,"atk":0,"def":4,"spa":0,"spd":0,"spe":252},"ivs":{"hp":31,"atk":31,"def":31,"spa":31,"spd":31,"spe":31}},{"name":"Corey","species":"porygonz","item":"focussash","ability":"Adaptability","moves":["triattack","icebeam","hiddenpowerfire","nastyplot"],"nature":"Timid","evs":{"hp":4,"atk":0,"def":0,"spa":252,"spd":0,"spe":252},"ivs":{"hp":31,"atk":30,"def":31,"spa":30,"spd":31,"spe":30}}],"log":["|player|p1|Void Who|voidwho.gif","|player|p2|SL~Kingdra|99","|gametype|singles","|gen|6","|tier|Monotype","|rated","|rule|Baton Pass Clause: Limit one Baton Passer, can't pass Spe and other stats simultaneously","|rule|Swagger Clause: Swagger is banned","|rule|Same Type Clause: Pokémon in a team must share a type","|clearpoke","|poke|p1|Scizor, M","|poke|p1|Pinsir, M","|poke|p1|Forretress, F","|poke|p1|Scolipede, M","|poke|p1|Galvantula, F","|poke|p1|Yanmega, M","|poke|p2|Smeargle, F","|poke|p2|Slaking, F","|poke|p2|Meloetta","|poke|p2|Diggersby, F","|poke|p2|Ditto","|poke|p2|Porygon-Z","|rule|Sleep Clause Mod: Limit one foe put to sleep","|rule|Species Clause: Limit one of each Pokémon","|rule|OHKO Clause: OHKO moves are banned","|rule|Moody Clause: Moody is banned","|rule|Evasion Moves Clause: Evasion moves are banned","|rule|Endless Battle Clause: Forcing endless battles is banned","|rule|HP Percentage Mod: HP is shown in percentages","|teampreview","|","|start","|switch|p1a: Galvantula|Galvantula, F|281/281","|switch|p2a: Smegle|Smeargle, F|314/314","|turn|1","|","|move|p2a: Smegle|Magic Coat|p2a: Smegle","|-singleturn|p2a: Smegle|move: Magic Coat","|move|p1a: Galvantula|Sticky Web|p2a: Smegle","|move|p2a: Smegle|Sticky Web|p1a: Galvantula|[from]Magic Coat","|-sidestart|p1: Void Who|move: Sticky Web","|","|turn|2","|","|move|p1a: Galvantula|Sticky Web|p2a: Smegle","|-sidestart|p2: SL~Kingdra|move: Sticky Web","|move|p2a: Smegle|Spore|p1a: Galvantula","|-status|p1a: Galvantula|slp","|","|turn|3","|","|switch|p1a: Forretress|Forretress, F|354/354","|-activate|p1a: Forretress|move: Sticky Web","|-unboost|p1a: Forretress|spe|1","|move|p2a: Smegle|Stealth Rock|p1a: Forretress","|-sidestart|p1: Void Who|move: Stealth Rock","|","|turn|4","|","|switch|p2a: Slack King|Slaking, F|442/442","|-activate|p2a: Slack King|move: Sticky Web","|-unboost|p2a: Slack King|spe|1","|move|p1a: Forretress|Rapid Spin|p2a: Slack King","|-damage|p2a: Slack King|428/442","|-sideend|p1: Void Who|Stealth Rock|[from] move: Rapid Spin|[of] p1a: Forretress","|-sideend|p1: Void Who|Sticky Web|[from] move: Rapid Spin|[of] p1a: Forretress","|","|turn|5","|","|move|p2a: Slack King|Fire Punch|p1a: Forretress","|-supereffective|p1a: Forretress","|-damage|p1a: Forretress|82/354","|-status|p1a: Forretress|brn","|move|p1a: Forretress|Stealth Rock|p2a: Slack King","|-sidestart|p2: SL~Kingdra|move: Stealth Rock","|","|-heal|p1a: Forretress|104/354 brn|[from] item: Leftovers","|-damage|p1a: Forretress|60/354 brn|[from] brn","|turn|6","|","|cant|p2a: Slack King|ability: Truant|Fire Punch","|move|p1a: Forretress|Pain Split|p2a: Slack King","|-sethp|p2a: Slack King|244/442|p1a: Forretress|244/354 brn|[from] move: Pain Split","|","|-heal|p1a: Forretress|266/354 brn|[from] item: Leftovers","|-damage|p1a: Forretress|222/354 brn|[from] brn","|turn|7","|","|move|p2a: Slack King|Fire Punch|p1a: Forretress","|-supereffective|p1a: Forretress","|-damage|p1a: Forretress|0 fnt","|faint|p1a: Forretress","|","|","|switch|p1a: Scolipede|Scolipede, M|261/261","|turn|8","|","|move|p1a: Scolipede|Poison Jab|p2a: Slack King","|-damage|p2a: Slack King|117/442","|cant|p2a: Slack King|ability: Truant|Fire Punch","|","|-boost|p1a: Scolipede|spe|1|[from] ability: Speed Boost","|turn|9","|","|move|p1a: Scolipede|Protect|p1a: Scolipede","|-singleturn|p1a: Scolipede|Protect","|move|p2a: Slack King|Fire Punch|p1a: Scolipede","|-activate|p1a: Scolipede|Protect","|","|-boost|p1a: Scolipede|spe|1|[from] ability: Speed Boost","|turn|10","|","|move|p1a: Scolipede|Poison Jab|p2a: Slack King","|-damage|p2a: Slack King|0 fnt","|faint|p2a: Slack King","|","|-boost|p1a: Scolipede|spe|1|[from] ability: Speed Boost","|","|switch|p2a: Cute Blob|Ditto|300/300","|-activate|p2a: Cute Blob|move: Sticky Web","|-unboost|p2a: Cute Blob|spe|1","|-damage|p2a: Cute Blob|263/300|[from] Stealth Rock","|-transform|p2a: Cute Blob|p1a: Scolipede","|turn|11","|","|move|p1a: Scolipede|Protect|p1a: Scolipede","|-singleturn|p1a: Scolipede|Protect","|move|p2a: Cute Blob|Rock Slide|p1a: Scolipede","|-activate|p1a: Scolipede|Protect","|","|-boost|p2a: Cute Blob|spe|1|[from] ability: Speed Boost","|-boost|p1a: Scolipede|spe|1|[from] ability: Speed Boost","|turn|12","|","|move|p2a: Cute Blob|Rock Slide|p1a: Scolipede","|-supereffective|p1a: Scolipede","|-damage|p1a: Scolipede|67/261","|move|p1a: Scolipede|Rock Slide|p2a: Cute Blob","|-supereffective|p2a: Cute Blob","|-damage|p2a: Cute Blob|75/300","|","|-boost|p2a: Cute Blob|spe|1|[from] ability: Speed Boost","|-boost|p1a: Scolipede|spe|1|[from] ability: Speed Boost","|turn|13","|","|move|p1a: Scolipede|Protect|p1a: Scolipede","|-singleturn|p1a: Scolipede|Protect","|move|p2a: Cute Blob|Rock Slide|p1a: Scolipede","|-activate|p1a: Scolipede|Protect","|","|-boost|p2a: Cute Blob|spe|1|[from] ability: Speed Boost","|-boost|p1a: Scolipede|spe|1|[from] ability: Speed Boost","|turn|14","|","|move|p1a: Scolipede|Protect|p1a: Scolipede","|-fail|p1a: Scolipede","|move|p2a: Cute Blob|Rock Slide|p1a: Scolipede","|-supereffective|p1a: Scolipede","|-damage|p1a: Scolipede|0 fnt","|faint|p1a: Scolipede","|","|","|switch|p1a: Pinsir|Pinsir, M|271/271","|turn|15","|","|detailschange|p1a: Pinsir|Pinsir-Mega, M","|-mega|p1a: Pinsir|Pinsir|Pinsirite","|move|p1a: Pinsir|Quick Attack|p2a: Cute Blob","|-supereffective|p2a: Cute Blob","|-damage|p2a: Cute Blob|0 fnt","|faint|p2a: Cute Blob","|","|","|switch|p2a: Smegle|Smeargle, F|314/314","|-activate|p2a: Smegle|move: Sticky Web","|-unboost|p2a: Smegle|spe|1","|-damage|p2a: Smegle|275/314|[from] Stealth Rock","|turn|16","|","|move|p1a: Pinsir|Swords Dance|p1a: Pinsir","|-boost|p1a: Pinsir|atk|2","|move|p2a: Smegle|Sticky Web|p1a: Pinsir","|-sidestart|p1: Void Who|move: Sticky Web","|","|turn|17","|","|move|p1a: Pinsir|Swords Dance|p1a: Pinsir","|-boost|p1a: Pinsir|atk|2","|move|p2a: Smegle|Stealth Rock|p1a: Pinsir","|-sidestart|p1: Void Who|move: Stealth Rock","|","|turn|18","|","|move|p1a: Pinsir|Swords Dance|p1a: Pinsir","|-boost|p1a: Pinsir|atk|2","|move|p2a: Smegle|Spore|p1a: Pinsir","|-message|Sleep Clause Mod activated.","|-immune|p1a: Pinsir|[msg]","|","|turn|19","|","|move|p2a: Smegle|Magic Coat|p2a: Smegle","|-singleturn|p2a: Smegle|move: Magic Coat","|move|p1a: Pinsir|Frustration|p2a: Smegle","|-damage|p2a: Smegle|0 fnt","|faint|p2a: Smegle","|","|","|switch|p2a: Demolition|Diggersby, F|312/312","|-damage|p2a: Demolition|293/312|[from] Stealth Rock","|-activate|p2a: Demolition|move: Sticky Web","|-unboost|p2a: Demolition|spe|1","|turn|20","|","|move|p1a: Pinsir|Quick Attack|p2a: Demolition","|-damage|p2a: Demolition|0 fnt","|faint|p2a: Demolition","|","|","|switch|p2a: Mel-B|Meloetta|404/404","|-activate|p2a: Mel-B|move: Sticky Web","|-unboost|p2a: Mel-B|spe|1","|-damage|p2a: Mel-B|354/404|[from] Stealth Rock","|turn|21","|","|win|Void Who"],"p1rating":{"entryid":"114352","serverid":"eos","formatid":"monotype","userid":"voidwho","username":"Void Who","w":14,"l":"8","t":"0","gxe":59,"r":"1497.3189220233","rd":"92.310157241326","sigma":"0","rptime":"1440320400","rpr":1569.7605582976,"rprd":67.640350025359,"rpsigma":"0","acre":1179.3450631781,"lacre":1179.3450631781,"oldacre":"1150.6215460162"},"p2rating":{"entryid":"101024","serverid":"eos","formatid":"monotype","userid":"slkingdra","username":"SL~Kingdra","w":"15","l":8,"t":"0","gxe":60.1,"r":"1594.4848765261","rd":"68.245299105016","sigma":"0","rptime":"1440320400","rpr":1578.7684816303,"rprd":67.143390252167,"rpsigma":"0","acre":1174.0331409594,"lacre":1174.0331409594,"oldacre":"1202.7566581213"},"endType":"forfeit"}