{"seed":[23577,56377,23110,56301],"turns":32,"p1":"Cryѕtаl Rain","p2":"Void~Pixie","p1team":[{"name":"Beedrill","species":"Beedrill","item":"beedrillite","ability":"Swarm","moves":["uturn","poisonjab","pursuit","protect"],"nature":"Jolly","evs":{"hp":0,"atk":252,"def":0,"spa":0,"spd":4,"spe":252},"ivs":{"hp":31,"atk":31,"def":31,"spa":31,"spd":31,"spe":31}},{"name":"Drapion","species":"Drapion","item":"lifeorb","ability":"Sniper","moves":["crosspoison","knockoff","icefang","earthquake"],"nature":"Jolly","evs":{"hp":0,"atk":252,"def":0,"spa":0,"spd":4,"spe":252},"ivs":{"hp":31,"atk":31,"def":31,"spa":31,"spd":31,"spe":31}},{"name":"Nidoqueen","species":"Nidoqueen","item":"focussash","ability":"Poison Point","moves":["stealthrock","roar","toxicspikes","icebeam"],"nature":"Bold","evs":{"hp":248,"atk":0,"def":252,"spa":8,"spd":0,"spe":0},"ivs":{"hp":31,"atk":31,"def":31,"spa":31,"spd":31,"spe":31}},{"name":"Gengar","species":"Gengar","item":"blacksludge","ability":"Levitate","moves":["protect","disable","taunt","destinybond"],"nature":"Timid","evs":{"hp":252,"atk":0,"def":0,"spa":0,"spd":4,"spe":252},"shiny":true,"ivs":{"hp":31,"atk":31,"def":31,"spa":31,"spd":31,"spe":31}},{"name":"Amoonguss","species":"Amoonguss","item":"blacksludge","ability":"Regenerator","moves":["spore","clearsmog","gigadrain","sludgebomb"],"nature":"Modest","evs":{"hp":252,"atk":0,"def":0,"spa":252,"spd":4,"spe":0},"ivs":{"hp":31,"atk":31,"def":31,"spa":31,"spd":31,"spe":31}},{"name":"Weezing","species":"Weezing","item":"blacksludge","ability":"Levitate","moves":["willowisp","painsplit","sludgewave","fireblast"],"nature":"Calm","evs":{"hp":252,"atk":0,"def":0,"spa":4,"spd":252,"spe":0},"ivs":{"hp":31,"atk":31,"def":31,"spa":31,"spd":31,"spe":31}}],"p2team":[{"name":"Cobalion","species":"Cobalion","item":"focussash","ability":"Justified","moves":["thunderwave","taunt","ironhead","stealthrock"],"nature":"Jolly","evs":{"hp":252,"atk":4,"def":0,"spa":0,"spd":0,"spe":252},"ivs":{"hp":31,"atk":31,"def":31,"spa":31,"spd":31,"spe":31}},{"name":"Terrakion","species":"Terrakion","item":"choicescarf","ability":"Justified","moves":["closecombat","earthquake","ironhead","rockslide"],"nature":"Jolly","evs":{"hp":0,"atk":252,"def":0,"spa":0,"spd":4,"spe":252},"ivs":{"hp":31,"atk":31,"def":31,"spa":31,"spd":31,"spe":31}},{"name":"Keldeo","species":"Keldeo","item":"choicespecs","ability":"Justified","moves":["scald","icywind","secretsword","hydropump"],"nature":"Timid","evs":{"hp":0,"atk":0,"def":0,"spa":252,"spd":4,"spe":252},"ivs":{"hp":31,"atk":30,"def":30,"spa":31,"spd":31,"spe":31}},{"name":"Hawlucha","species":"Hawlucha","item":"powerherb","ability":"Unburden","moves":["skyattack","acrobatics","highjumpkick","swordsdance"],"nature":"Adamant","evs":{"hp":0,"atk":252,"def":0,"spa":0,"spd":4,"spe":252},"ivs":{"hp":31,"atk":31,"def":31,"spa":31,"spd":31,"spe":31}},{"name":"Pangoro","species":"Pangoro","item":"assaultvest","ability":"Scrappy","moves":["circlethrow","crunch","knockoff","ironhead"],"nature":"Adamant","evs":{"hp":248,"atk":252,"def":0,"spa":0,"spd":8,"spe":0},"ivs":{"hp":31,"atk":31,"def":31,"spa":31,"spd":31,"spe":31}},{"name":"Medicham","species":"Medicham","item":"medichamite","ability":"Pure Power","moves":["bulletpunch","fakeout","psychocut","highjumpkick"],"nature":"Jolly","evs":{"hp":0,"atk":252,"def":0,"spa":0,"spd":4,"spe":252},"ivs":{"hp":31,"atk":31,"def":31,"spa":31,"spd":31,"spe":31}}],"log":["|player|p1|Cryѕtаl Rain|crystalraichu.png","|player|p2|Void~Pixie|138","|gametype|singles","|gen|6","|tier|Monotype","|rated","|rule|Baton Pass Clause: Limit one Baton Passer, can't pass Spe and other stats simultaneously","|rule|Swagger Clause: Swagger is banned","|rule|Same Type Clause: Pokémon in a team must share a type","|clearpoke","|poke|p1|Beedrill, M","|poke|p1|Drapion, F","|poke|p1|Nidoqueen, F","|poke|p1|Gengar, M, shiny","|poke|p1|Amoonguss, M","|poke|p1|Weezing, M","|poke|p2|Cobalion","|poke|p2|Terrakion","|poke|p2|Keldeo","|poke|p2|Hawlucha, F","|poke|p2|Pangoro, F","|poke|p2|Medicham, F","|rule|Sleep Clause Mod: Limit one foe put to sleep","|rule|Species Clause: Limit one of each Pokémon","|rule|OHKO Clause: OHKO moves are banned","|rule|Moody Clause: Moody is banned","|rule|Evasion Moves Clause: Evasion moves are banned","|rule|Endless Battle Clause: Forcing endless battles is banned","|rule|HP Percentage Mod: HP is shown in percentages","|teampreview","|","|start","|switch|p1a: Gengar|Gengar, M, shiny|324/324","|switch|p2a: Pangoro|Pangoro, F|393/393","|turn|1","|","|move|p1a: Gengar|Protect|p1a: Gengar","|-singleturn|p1a: Gengar|Protect","|move|p2a: Pangoro|Crunch|p1a: Gengar","|-activate|p1a: Gengar|Protect","|","|turn|2","|","|move|p1a: Gengar|Disable|p2a: Pangoro","|-start|p2a: Pangoro|Disable|Crunch","|move|p2a: Pangoro|Knock Off|p1a: Gengar","|-supereffective|p1a: Gengar","|-damage|p1a: Gengar|0 fnt","|-enditem|p1a: Gengar|Black Sludge|[from] move: Knock Off|[of] p2a: Pangoro","|faint|p1a: Gengar","|","|","|switch|p1a: Nidoqueen|Nidoqueen, F|383/383","|turn|3","|","|switch|p2a: Hawlucha|Hawlucha, F|297/297","|move|p1a: Nidoqueen|Stealth Rock|p2a: Hawlucha","|-sidestart|p2: Void~Pixie|move: Stealth Rock","|","|turn|4","|","|move|p2a: Hawlucha|Swords Dance|p2a: Hawlucha","|-boost|p2a: Hawlucha|atk|2","|move|p1a: Nidoqueen|Ice Beam|p2a: Hawlucha","|-supereffective|p2a: Hawlucha","|-damage|p2a: Hawlucha|147/297","|","|turn|5","|","|move|p2a: Hawlucha|Sky Attack|p1a: Nidoqueen|[still]|[miss]","|-prepare|p2a: Hawlucha|Sky Attack|p1a: Nidoqueen","|-enditem|p2a: Hawlucha|Power Herb","|-anim|p2a: Hawlucha|Sky Attack|p1a: Nidoqueen","|-miss|p2a: Hawlucha|p1a: Nidoqueen","|move|p1a: Nidoqueen|Ice Beam|p2a: Hawlucha","|-supereffective|p2a: Hawlucha","|-damage|p2a: Hawlucha|0 fnt","|faint|p2a: Hawlucha","|","|","|switch|p2a: Keldeo|Keldeo|323/323","|-damage|p2a: Keldeo|303/323|[from] Stealth Rock","|turn|6","|","|switch|p1a: Amoonguss|Amoonguss, M|432/432","|move|p2a: Keldeo|Icy Wind|p1a: Amoonguss","|-supereffective|p1a: Amoonguss","|-damage|p1a: Amoonguss|194/432","|-unboost|p1a: Amoonguss|spe|1","|","|-heal|p1a: Amoonguss|221/432|[from] item: Black Sludge","|turn|7","|","|switch|p2a: Pangoro|Pangoro, F|393/393","|-damage|p2a: Pangoro|369/393|[from] Stealth Rock","|move|p1a: Amoonguss|Spore|p2a: Pangoro","|-status|p2a: Pangoro|slp","|","|-heal|p1a: Amoonguss|248/432|[from] item: Black Sludge","|turn|8","|","|switch|p2a: Cobalion|Cobalion|386/386","|-damage|p2a: Cobalion|374/386|[from] Stealth Rock","|move|p1a: Amoonguss|Giga Drain|p2a: Cobalion","|-resisted|p2a: Cobalion","|-damage|p2a: Cobalion|301/386","|-heal|p1a: Amoonguss|285/432|[from] drain|[of] p2a: Cobalion","|","|-heal|p1a: Amoonguss|312/432|[from] item: Black Sludge","|turn|9","|","|switch|p1a: Nidoqueen|Nidoqueen, F|383/383","|move|p2a: Cobalion|Stealth Rock|p1a: Nidoqueen","|-sidestart|p1: Cryѕtаl Rain|move: Stealth Rock","|","|turn|10","|","|switch|p2a: Keldeo|Keldeo|303/323","|-damage|p2a: Keldeo|283/323|[from] Stealth Rock","|move|p1a: Nidoqueen|Roar|p2a: Keldeo","|drag|p2a: Terrakion|Terrakion|323/323","|-damage|p2a: Terrakion|303/323|[from] Stealth Rock","|","|turn|11","|","|move|p2a: Terrakion|Earthquake|p1a: Nidoqueen","|-supereffective|p1a: Nidoqueen","|-damage|p1a: Nidoqueen|191/383","|move|p1a: Nidoqueen|Toxic Spikes|p2a: Terrakion","|-sidestart|p2: Void~Pixie|move: Toxic Spikes","|","|turn|12","|","|switch|p2a: Cobalion|Cobalion|301/386","|-damage|p2a: Cobalion|289/386|[from] Stealth Rock","|switch|p1a: Weezing|Weezing, M|334/334","|-damage|p1a: Weezing|293/334|[from] Stealth Rock","|","|-heal|p1a: Weezing|313/334|[from] item: Black Sludge","|turn|13","|","|move|p2a: Cobalion|Taunt|p1a: Weezing","|-start|p1a: Weezing|move: Taunt","|cant|p1a: Weezing|move: Taunt|Will-O-Wisp","|","|-heal|p1a: Weezing|333/334|[from] item: Black Sludge","|turn|14","|","|move|p2a: Cobalion|Thunder Wave|p1a: Weezing","|-status|p1a: Weezing|par","|move|p1a: Weezing|Fire Blast|p2a: Cobalion","|-supereffective|p2a: Cobalion","|-damage|p2a: Cobalion|79/386","|","|-heal|p1a: Weezing|334/334 par|[from] item: Black Sludge","|turn|15","|","|move|p2a: Cobalion|Iron Head|p1a: Weezing","|-damage|p1a: Weezing|255/334 par","|cant|p1a: Weezing|flinch","|","|-heal|p1a: Weezing|275/334 par|[from] item: Black Sludge","|-end|p1a: Weezing|move: Taunt","|turn|16","|","|move|p2a: Cobalion|Iron Head|p1a: Weezing","|-damage|p1a: Weezing|206/334 par","|cant|p1a: Weezing|flinch","|","|-heal|p1a: Weezing|226/334 par|[from] item: Black Sludge","|turn|17","|","|move|p2a: Cobalion|Iron Head|p1a: Weezing","|-damage|p1a: Weezing|156/334 par","|move|p1a: Weezing|Fire Blast|p2a: Cobalion","|-crit|p2a: Cobalion","|-supereffective|p2a: Cobalion","|-damage|p2a: Cobalion|0 fnt","|faint|p2a: Cobalion","|","|-heal|p1a: Weezing|176/334 par|[from] item: Black Sludge","|","|switch|p2a: Medicham|Medicham, F|261/261","|-damage|p2a: Medicham|245/261|[from] Stealth Rock","|-status|p2a: Medicham|psn","|turn|18","|","|detailschange|p2a: Medicham|Medicham-Mega, F","|-mega|p2a: Medicham|Medicham|Medichamite","|move|p2a: Medicham|Fake Out|p1a: Weezing","|-damage|p1a: Weezing|109/334 par","|cant|p1a: Weezing|flinch","|","|-heal|p1a: Weezing|129/334 par|[from] item: Black Sludge","|-damage|p2a: Medicham|213/261 psn|[from] psn","|turn|19","|","|move|p2a: Medicham|Psycho Cut|p1a: Weezing","|-crit|p1a: Weezing","|-supereffective|p1a: Weezing","|-damage|p1a: Weezing|0 fnt","|faint|p1a: Weezing","|","|-damage|p2a: Medicham|181/261 psn|[from] psn","|","|switch|p1a: Beedrill|Beedrill, M|271/271","|-damage|p1a: Beedrill|204/271|[from] Stealth Rock","|turn|20","|","|detailschange|p1a: Beedrill|Beedrill-Mega, M","|-mega|p1a: Beedrill|Beedrill|Beedrillite","|move|p1a: Beedrill|Protect|p1a: Beedrill","|-singleturn|p1a: Beedrill|Protect","|move|p2a: Medicham|Psycho Cut|p1a: Beedrill","|-activate|p1a: Beedrill|Protect","|","|-damage|p2a: Medicham|149/261 psn|[from] psn","|turn|21","|","|switch|p2a: Pangoro|Pangoro, F|369/393 slp","|-damage|p2a: Pangoro|345/393 slp|[from] Stealth Rock","|move|p1a: Beedrill|U-turn|p2a: Pangoro","|-damage|p2a: Pangoro|123/393 slp","|","|switch|p1a: Nidoqueen|Nidoqueen, F|191/383","|-damage|p1a: Nidoqueen|168/383|[from] Stealth Rock","|","|turn|22","|","|move|p1a: Nidoqueen|Toxic Spikes|p2a: Pangoro","|-sidestart|p2: Void~Pixie|move: Toxic Spikes","|cant|p2a: Pangoro|slp","|","|turn|23","|","|cant|p2a: Pangoro|slp","|move|p1a: Nidoqueen|Roar|p2a: Pangoro","|drag|p2a: Keldeo|Keldeo|283/323","|-damage|p2a: Keldeo|263/323|[from] Stealth Rock","|-status|p2a: Keldeo|tox","|","|-damage|p2a: Keldeo|243/323 tox|[from] psn","|turn|24","|","|move|p2a: Keldeo|Scald|p1a: Nidoqueen","|-supereffective|p1a: Nidoqueen","|-damage|p1a: Nidoqueen|0 fnt","|faint|p1a: Nidoqueen","|","|-damage|p2a: Keldeo|203/323 tox|[from] psn","|","|switch|p1a: Amoonguss|Amoonguss, M|432/432","|-damage|p1a: Amoonguss|378/432|[from] Stealth Rock","|turn|25","|","|switch|p2a: Pangoro|Pangoro, F|123/393 slp","|-damage|p2a: Pangoro|99/393 slp|[from] Stealth Rock","|move|p1a: Amoonguss|Giga Drain|p2a: Pangoro","|-damage|p2a: Pangoro|8/393 slp","|-heal|p1a: Amoonguss|424/432|[from] drain|[of] p2a: Pangoro","|","|-heal|p1a: Amoonguss|432/432|[from] item: Black Sludge","|turn|26","|","|cant|p2a: Pangoro|slp","|move|p1a: Amoonguss|Giga Drain|p2a: Pangoro","|-damage|p2a: Pangoro|0 fnt","|faint|p2a: Pangoro","|","|","|switch|p2a: Medicham|Medicham-Mega, F|149/261 psn","|-damage|p2a: Medicham|133/261 psn|[from] Stealth Rock","|turn|27","|","|switch|p1a: Drapion|Drapion, F|281/281","|-damage|p1a: Drapion|246/281|[from] Stealth Rock","|move|p2a: Medicham|Psycho Cut|p1a: Drapion","|-immune|p1a: Drapion|[msg]","|","|-damage|p2a: Medicham|101/261 psn|[from] psn","|turn|28","|","|move|p2a: Medicham|High Jump Kick|p1a: Drapion|[miss]","|-miss|p2a: Medicham|p1a: Drapion","|-damage|p2a: Medicham|0 fnt|[from] highjumpkick","|faint|p2a: Medicham","|move|p1a: Drapion|Earthquake|p2: Medicham|[notarget]","|-notarget","|","|","|switch|p2a: Keldeo|Keldeo|203/323 tox","|-damage|p2a: Keldeo|183/323 tox|[from] Stealth Rock","|turn|29","|","|move|p2a: Keldeo|Hydro Pump|p1a: Drapion","|-damage|p1a: Drapion|0 fnt","|faint|p1a: Drapion","|","|-damage|p2a: Keldeo|163/323 tox|[from] psn","|","|switch|p1a: Amoonguss|Amoonguss, M|432/432","|-damage|p1a: Amoonguss|378/432|[from] Stealth Rock","|turn|30","|","|move|p2a: Keldeo|Hydro Pump|p1a: Amoonguss","|-resisted|p1a: Amoonguss","|-damage|p1a: Amoonguss|205/432","|move|p1a: Amoonguss|Giga Drain|p2a: Keldeo","|-supereffective|p2a: Keldeo","|-damage|p2a: Keldeo|0 fnt","|-heal|p1a: Amoonguss|287/432|[from] drain|[of] p2a: Keldeo","|faint|p2a: Keldeo","|","|-heal|p1a: Amoonguss|314/432|[from] item: Black Sludge","|","|switch|p2a: Terrakion|Terrakion|303/323","|-damage|p2a: Terrakion|283/323|[from] Stealth Rock","|-status|p2a: Terrakion|tox","|turn|31","|","|move|p2a: Terrakion|Earthquake|p1a: Amoonguss","|-damage|p1a: Amoonguss|149/432","|move|p1a: Amoonguss|Giga Drain|p2a: Terrakion","|-supereffective|p2a: Terrakion","|-damage|p2a: Terrakion|61/323 tox","|-heal|p1a: Amoonguss|260/432|[from] drain|[of] p2a: Terrakion","|","|-heal|p1a: Amoonguss|287/432|[from] item: Black Sludge","|-damage|p2a: Terrakion|41/323 tox|[from] psn","|turn|32","|","|move|p2a: Terrakion|Earthquake|p1a: Amoonguss","|-damage|p1a: Amoonguss|133/432","|move|p1a: Amoonguss|Giga Drain|p2a: Terrakion","|-crit|p2a: Terrakion","|-supereffective|p2a: Terrakion","|-damage|p2a: Terrakion|0 fnt","|-heal|p1a: Amoonguss|154/432|[from] drain|[of] p2a: Terrakion","|faint|p2a: Terrakion","|","|win|Cryѕtаl Rain"],"p1rating":{"entryid":"372740","serverid":"eos","formatid":"monotype","userid":"crytlrain","username":"Cryѕtаl Rain","w":2,"l":"0","t":"0","gxe":58.2,"r":"1500","rd":"130","sigma":"0","rptime":"1440320400","rpr":1565.6574744263,"rprd":115.86349790014,"rpsigma":"0","acre":1092.3410932124,"lacre":1092.3410932124,"oldacre":"1046.2735431859"},"p2rating":{"entryid":"271156","serverid":"eos","formatid":"monotype","userid":"voidpixie","username":"Void~Pixie","w":"17","l":11,"t":"0","gxe":56,"r":"1501.0924907773","rd":"68.80652437964","sigma":"0","rptime":"1440320400","rpr":1546.2064517295,"rprd":61.735159817277,"rpsigma":"0","acre":1155.9450783988,"lacre":1155.9450783988,"oldacre":"1190.7824856789"},"endType":"normal"}