{"seed":[39162,25609,37136,33524],"turns":32,"p1":"Crystal Umaan","p2":"GTX♅Bzumzum","p1team":[{"name":"Wobs","species":"hydreigon","item":"lifeorb","ability":"Levitate","moves":["dragonpulse","darkpulse","superpower","flashcannon"],"nature":"Hasty","evs":{"hp":0,"atk":4,"def":0,"spa":252,"spd":0,"spe":252},"gender":"F","ivs":{"hp":31,"atk":31,"def":31,"spa":31,"spd":31,"spe":31}},{"name":"Maj","species":"dragonite","item":"lumberry","ability":"Multiscale","moves":["outrage","extremespeed","ironhead","dragondance"],"nature":"Adamant","evs":{"hp":0,"atk":252,"def":0,"spa":0,"spd":4,"spe":252},"gender":"F","ivs":{"hp":31,"atk":31,"def":31,"spa":31,"spd":31,"spe":31}},{"name":"Nom","species":"garchomp","item":"focussash","ability":"Rough Skin","moves":["dragonclaw","earthquake","ironhead","stealthrock"],"nature":"Jolly","evs":{"hp":0,"atk":252,"def":0,"spa":0,"spd":4,"spe":252},"gender":"F","ivs":{"hp":31,"atk":31,"def":31,"spa":31,"spd":31,"spe":31}},{"name":"Danson","species":"goodra","item":"assaultvest","ability":"Gooey","moves":["dragonpulse","flamethrower","thunderbolt","sludgewave"],"nature":"Modest","evs":{"hp":248,"atk":0,"def":0,"spa":252,"spd":8,"spe":0},"gender":"M","ivs":{"hp":31,"atk":31,"def":31,"spa":31,"spd":31,"spe":31}},{"name":"Mickey","species":"noivern","item":"lifeorb","ability":"Infiltrator","moves":["focusblast","dragonpulse","hurricane","flamethrower"],"nature":"Timid","evs":{"hp":0,"atk":0,"def":0,"spa":252,"spd":4,"spe":252},"gender":"M","shiny":true,"ivs":{"hp":31,"atk":31,"def":31,"spa":31,"spd":31,"spe":31}},{"name":"Haxing N00b","species":"haxorus","item":"focussash","ability":"Mold Breaker","moves":["dragondance","dragonclaw","earthquake","poisonjab"],"nature":"Adamant","evs":{"hp":0,"atk":252,"def":0,"spa":0,"spd":36,"spe":220},"shiny":true,"ivs":{"hp":31,"atk":31,"def":31,"spa":31,"spd":31,"spe":31}}],"p2team":[{"name":"Thorns","species":"ferrothorn","item":"leftovers","ability":"Iron Barbs","moves":["stealthrock","gyroball","leechseed","protect"],"nature":"Jolly","evs":{"hp":128,"atk":100,"def":116,"spa":0,"spd":120,"spe":44},"gender":"M","ivs":{"hp":31,"atk":31,"def":31,"spa":31,"spd":31,"spe":0}},{"name":"Brawloom","species":"breloom","item":"focussash","ability":"Technician","moves":["bulletseed","forcepalm","machpunch","spore"],"nature":"Jolly","evs":{"hp":4,"atk":252,"def":0,"spa":0,"spd":0,"spe":252},"gender":"M","shiny":true,"ivs":{"hp":31,"atk":31,"def":31,"spa":31,"spd":31,"spe":31}},{"name":"Celebrity","species":"celebi","item":"leftovers","ability":"Natural Cure","moves":["waterpulse","calmmind","gigadrain","healbell"],"nature":"Calm","evs":{"hp":220,"atk":0,"def":0,"spa":252,"spd":0,"spe":36},"ivs":{"hp":31,"atk":31,"def":31,"spa":31,"spd":31,"spe":31}},{"name":"Ludicool","species":"ludicolo","item":"leftovers","ability":"Rain Dish","moves":["icebeam","scald","gigadrain","raindance"],"nature":"Modest","evs":{"hp":200,"atk":0,"def":0,"spa":184,"spd":4,"spe":120},"gender":"M","shiny":true,"ivs":{"hp":31,"atk":31,"def":31,"spa":31,"spd":31,"spe":31}},{"name":"Great-ily","species":"cradily","item":"leftovers","ability":"Storm Drain","moves":["ancientpower","sludgewave","recover","toxic"],"nature":"Calm","evs":{"hp":232,"atk":24,"def":0,"spa":0,"spd":252,"spe":0},"gender":"M","shiny":true,"ivs":{"hp":31,"atk":31,"def":31,"spa":31,"spd":31,"spe":31}},{"name":"Plantasaurus","species":"venusaur","item":"venusaurite","ability":"Chlorophyll","moves":["gigadrain","hiddenpowerrock","sludgebomb","synthesis"],"nature":"Modest","evs":{"hp":0,"atk":0,"def":68,"spa":188,"spd":0,"spe":252},"gender":"M","ivs":{"hp":31,"atk":31,"def":30,"spa":31,"spd":30,"spe":30},"shiny":true}],"log":["|player|p1|Crystal Umaan|105","|player|p2|GTX♅Bzumzum|225","|gametype|singles","|gen|6","|tier|Monotype","|rated","|rule|Baton Pass Clause: Limit one Baton Passer, can't pass Spe and other stats simultaneously","|rule|Swagger Clause: Swagger is banned","|rule|Same Type Clause: Pokémon in a team must share a type","|clearpoke","|poke|p1|Hydreigon, F","|poke|p1|Dragonite, F","|poke|p1|Garchomp, F","|poke|p1|Goodra, M","|poke|p1|Noivern, M, shiny","|poke|p1|Haxorus, M, shiny","|poke|p2|Ferrothorn, M","|poke|p2|Breloom, M, shiny","|poke|p2|Celebi","|poke|p2|Ludicolo, M, shiny","|poke|p2|Cradily, M, shiny","|poke|p2|Venusaur, M, shiny","|rule|Sleep Clause Mod: Limit one foe put to sleep","|rule|Species Clause: Limit one of each Pokémon","|rule|OHKO Clause: OHKO moves are banned","|rule|Moody Clause: Moody is banned","|rule|Evasion Moves Clause: Evasion moves are banned","|rule|Endless Battle Clause: Forcing endless battles is banned","|rule|HP Percentage Mod: HP is shown in percentages","|teampreview","|","|start","|switch|p1a: Danson|Goodra, M|383/383","|switch|p2a: Ludicool|Ludicolo, M, shiny|351/351","|turn|1","|","|move|p2a: Ludicool|Rain Dance|p2a: Ludicool","|-weather|RainDance","|move|p1a: Danson|Dragon Pulse|p2a: Ludicool","|-crit|p2a: Ludicool","|-damage|p2a: Ludicool|122/351","|","|-weather|RainDance|[upkeep]","|-heal|p2a: Ludicool|143/351|[from] ability: Rain Dish","|-heal|p2a: Ludicool|164/351|[from] item: Leftovers","|turn|2","|","|move|p2a: Ludicool|Ice Beam|p1a: Danson","|-crit|p1a: Danson","|-supereffective|p1a: Danson","|-damage|p1a: Danson|259/383","|move|p1a: Danson|Sludge Wave|p2a: Ludicool","|-supereffective|p2a: Ludicool","|-damage|p2a: Ludicool|0 fnt","|faint|p2a: Ludicool","|","|-weather|RainDance|[upkeep]","|","|switch|p2a: Thorns|Ferrothorn, M|321/321","|turn|3","|","|move|p1a: Danson|Flamethrower|p2a: Thorns","|-supereffective|p2a: Thorns","|-damage|p2a: Thorns|157/321","|move|p2a: Thorns|Stealth Rock|p1a: Danson","|-sidestart|p1: Crystal Umaan|move: Stealth Rock","|","|-weather|RainDance|[upkeep]","|-heal|p2a: Thorns|177/321|[from] item: Leftovers","|turn|4","|","|move|p2a: Thorns|Protect|p2a: Thorns","|-singleturn|p2a: Thorns|Protect","|move|p1a: Danson|Flamethrower|p2a: Thorns","|-activate|p2a: Thorns|Protect","|","|-weather|RainDance|[upkeep]","|-heal|p2a: Thorns|197/321|[from] item: Leftovers","|turn|5","|","|move|p1a: Danson|Flamethrower|p2a: Thorns","|-supereffective|p2a: Thorns","|-damage|p2a: Thorns|25/321","|move|p2a: Thorns|Gyro Ball|p1a: Danson","|-damage|p1a: Danson|115/383","|-unboost|p2a: Thorns|spe|1","|","|-weather|none","|-heal|p2a: Thorns|45/321|[from] item: Leftovers","|turn|6","|","|move|p2a: Thorns|Protect|p2a: Thorns","|-singleturn|p2a: Thorns|Protect","|move|p1a: Danson|Flamethrower|p2a: Thorns","|-activate|p2a: Thorns|Protect","|","|-heal|p2a: Thorns|65/321|[from] item: Leftovers","|turn|7","|","|move|p2a: Thorns|Protect|p2a: Thorns","|-fail|p2a: Thorns","|move|p1a: Danson|Flamethrower|p2a: Thorns","|-supereffective|p2a: Thorns","|-damage|p2a: Thorns|0 fnt","|faint|p2a: Thorns","|","|","|switch|p2a: Great-ily|Cradily, M, shiny|371/371","|turn|8","|","|move|p1a: Danson|Sludge Wave|p2a: Great-ily","|-damage|p2a: Great-ily|294/371","|-status|p2a: Great-ily|psn","|move|p2a: Great-ily|Ancient Power|p1a: Danson","|-damage|p1a: Danson|84/383","|","|-heal|p2a: Great-ily|317/371 psn|[from] item: Leftovers","|-damage|p2a: Great-ily|271/371 psn|[from] psn","|turn|9","|","|move|p1a: Danson|Flamethrower|p2a: Great-ily","|-damage|p2a: Great-ily|204/371 psn","|move|p2a: Great-ily|Sludge Wave|p1a: Danson","|-damage|p1a: Danson|54/383","|","|-heal|p2a: Great-ily|227/371 psn|[from] item: Leftovers","|-damage|p2a: Great-ily|181/371 psn|[from] psn","|turn|10","|","|move|p1a: Danson|Dragon Pulse|p2a: Great-ily","|-damage|p2a: Great-ily|78/371 psn","|move|p2a: Great-ily|Recover|p2a: Great-ily","|-heal|p2a: Great-ily|264/371 psn","|","|-heal|p2a: Great-ily|287/371 psn|[from] item: Leftovers","|-damage|p2a: Great-ily|241/371 psn|[from] psn","|turn|11","|","|switch|p2a: Celebrity|Celebi|396/396","|move|p1a: Danson|Dragon Pulse|p2a: Celebrity","|-damage|p2a: Celebrity|255/396","|","|-heal|p2a: Celebrity|279/396|[from] item: Leftovers","|turn|12","|","|move|p2a: Celebrity|Calm Mind|p2a: Celebrity","|-boost|p2a: Celebrity|spa|1","|-boost|p2a: Celebrity|spd|1","|move|p1a: Danson|Sludge Wave|p2a: Celebrity","|-supereffective|p2a: Celebrity","|-damage|p2a: Celebrity|151/396","|","|-heal|p2a: Celebrity|175/396|[from] item: Leftovers","|turn|13","|","|move|p2a: Celebrity|Heal Bell|p2a: Celebrity","|-cureteam|p2a: Celebrity|[from] move: HealBell","|move|p1a: Danson|Sludge Wave|p2a: Celebrity","|-supereffective|p2a: Celebrity","|-damage|p2a: Celebrity|51/396","|","|-heal|p2a: Celebrity|75/396|[from] item: Leftovers","|turn|14","|","|move|p2a: Celebrity|Water Pulse|p1a: Danson","|-resisted|p1a: Danson","|-damage|p1a: Danson|34/383","|move|p1a: Danson|Sludge Wave|p2a: Celebrity","|-supereffective|p2a: Celebrity","|-damage|p2a: Celebrity|0 fnt","|faint|p2a: Celebrity","|","|","|switch|p2a: Brawloom|Breloom, M, shiny|262/262","|turn|15","|","|move|p2a: Brawloom|Mach Punch|p1a: Danson","|-damage|p1a: Danson|0 fnt","|-unboost|p2a: Brawloom|spe|1","|faint|p1a: Danson","|","|","|switch|p1a: Mickey|Noivern, M, shiny|311/311","|-damage|p1a: Mickey|234/311|[from] Stealth Rock","|turn|16","|","|move|p1a: Mickey|Hurricane|p2a: Brawloom|[miss]","|-miss|p1a: Mickey|p2a: Brawloom","|move|p2a: Brawloom|Spore|p1a: Mickey","|-status|p1a: Mickey|slp","|","|turn|17","|","|switch|p2a: Great-ily|Cradily, M, shiny|241/371","|cant|p1a: Mickey|slp","|","|-heal|p2a: Great-ily|264/371|[from] item: Leftovers","|turn|18","|","|cant|p1a: Mickey|slp","|move|p2a: Great-ily|Ancient Power|p1a: Mickey","|-supereffective|p1a: Mickey","|-damage|p1a: Mickey|102/311 slp","|","|-heal|p2a: Great-ily|287/371|[from] item: Leftovers","|turn|19","|","|-curestatus|p1a: Mickey|slp","|move|p1a: Mickey|Focus Blast|p2a: Great-ily|[miss]","|-miss|p1a: Mickey|p2a: Great-ily","|move|p2a: Great-ily|Ancient Power|p1a: Mickey","|-supereffective|p1a: Mickey","|-damage|p1a: Mickey|0 fnt","|faint|p1a: Mickey","|","|-heal|p2a: Great-ily|310/371|[from] item: Leftovers","|","|switch|p1a: Wobs|Hydreigon, F|325/325","|-damage|p1a: Wobs|285/325|[from] Stealth Rock","|turn|20","|","|move|p1a: Wobs|Flash Cannon|p2a: Great-ily","|-supereffective|p2a: Great-ily","|-damage|p2a: Great-ily|138/371","|-damage|p1a: Wobs|253/325|[from] item: Life Orb","|move|p2a: Great-ily|Ancient Power|p1a: Wobs","|-damage|p1a: Wobs|192/325","|","|-heal|p2a: Great-ily|161/371|[from] item: Leftovers","|turn|21","|","|switch|p2a: Plantasaurus|Venusaur, M, shiny|301/301","|move|p1a: Wobs|Flash Cannon|p2a: Plantasaurus","|-damage|p2a: Plantasaurus|179/301","|-damage|p1a: Wobs|160/325|[from] item: Life Orb","|","|turn|22","|","|detailschange|p2a: Plantasaurus|Venusaur-Mega, M, shiny","|-mega|p2a: Plantasaurus|Venusaur|Venusaurite","|move|p1a: Wobs|Dragon Pulse|p2a: Plantasaurus","|-damage|p2a: Plantasaurus|23/301","|-damage|p1a: Wobs|128/325|[from] item: Life Orb","|move|p2a: Plantasaurus|Sludge Bomb|p1a: Wobs","|-damage|p1a: Wobs|0 fnt","|faint|p1a: Wobs","|","|","|switch|p1a: Maj|Dragonite, F|323/323","|-damage|p1a: Maj|243/323|[from] Stealth Rock","|turn|23","|","|move|p1a: Maj|Extreme Speed|p2a: Plantasaurus","|-damage|p2a: Plantasaurus|0 fnt","|faint|p2a: Plantasaurus","|","|","|switch|p2a: Brawloom|Breloom, M, shiny|262/262","|turn|24","|","|move|p2a: Brawloom|Spore|p1a: Maj","|-status|p1a: Maj|slp","|-enditem|p1a: Maj|Lum Berry|[eat]","|-curestatus|p1a: Maj|slp","|move|p1a: Maj|Dragon Dance|p1a: Maj","|-boost|p1a: Maj|atk|1","|-boost|p1a: Maj|spe|1","|","|turn|25","|","|move|p1a: Maj|Outrage|p2a: Brawloom","|-enditem|p2a: Brawloom|Focus Sash","|-damage|p2a: Brawloom|1/262","|move|p2a: Brawloom|Spore|p1a: Maj","|-status|p1a: Maj|slp","|","|turn|26","|","|cant|p1a: Maj|slp","|move|p2a: Brawloom|Force Palm|p1a: Maj","|-resisted|p1a: Maj","|-damage|p1a: Maj|155/323 slp","|","|turn|27","|","|switch|p2a: Great-ily|Cradily, M, shiny|161/371","|cant|p1a: Maj|slp","|","|-heal|p2a: Great-ily|184/371|[from] item: Leftovers","|turn|28","|","|cant|p1a: Maj|slp","|move|p2a: Great-ily|Recover|p2a: Great-ily","|-heal|p2a: Great-ily|370/371","|","|-heal|p2a: Great-ily|371/371|[from] item: Leftovers","|turn|29","|","|-curestatus|p1a: Maj|slp","|move|p1a: Maj|Dragon Dance|p1a: Maj","|-boost|p1a: Maj|atk|1","|-boost|p1a: Maj|spe|1","|move|p2a: Great-ily|Ancient Power|p1a: Maj","|-supereffective|p1a: Maj","|-damage|p1a: Maj|29/323","|","|turn|30","|","|move|p1a: Maj|Outrage|p2a: Great-ily","|-damage|p2a: Great-ily|0 fnt","|faint|p2a: Great-ily","|","|","|switch|p2a: Brawloom|Breloom, M, shiny|1/262","|turn|31","|","|move|p2a: Brawloom|Mach Punch|p1a: Maj","|-resisted|p1a: Maj","|-damage|p1a: Maj|0 fnt","|faint|p1a: Maj","|","|","|switch|p1a: Nom|Garchomp, F|357/357","|-damage|p1a: Nom|335/357|[from] Stealth Rock","|turn|32","|","|move|p1a: Nom|Dragon Claw|p2a: Brawloom","|-damage|p2a: Brawloom|0 fnt","|faint|p2a: Brawloom","|","|win|Crystal Umaan"],"p1rating":{"entryid":"3483","serverid":"eos","formatid":"monotype","userid":"crystalumaan","username":"Crystal Umaan","w":4,"l":"13","t":"0","gxe":32,"r":"1389.1200776934","rd":"83.991179238901","sigma":"0","rptime":"1440234000","rpr":1354.9990819282,"rprd":75.28526660759,"rpsigma":"0","acre":1045.337417768,"lacre":1045.337417768,"oldacre":"1000"},"p2rating":{"entryid":"1463","serverid":"eos","formatid":"monotype","userid":"gtxbzumzum","username":"GTX♅Bzumzum","w":"9","l":28,"t":"0","gxe":28.3,"r":"1339.7443087109","rd":"62.238830549052","sigma":"0","rptime":"1440234000","rpr":1322.5697717017,"rprd":58.159160031454,"rpsigma":"0","acre":1027.3747593876,"lacre":1027.3747593876,"oldacre":"1046.6383471951"},"endType":"normal"}