{"seed":[44492,42894,3907,35867],"turns":49,"p1":"Imp GrandCetus","p2":"GL♅Reshiram","p1team":[{"name":"LaughAble","species":"dragonite","item":"weaknesspolicy","ability":"Multiscale","moves":["dragondance","earthquake","extremespeed","dragonclaw"],"nature":"Adamant","evs":{"hp":0,"atk":252,"def":0,"spa":0,"spd":4,"spe":252},"ivs":{"hp":31,"atk":31,"def":31,"spa":31,"spd":31,"spe":31}},{"name":"Doritos","species":"zapdos","item":"leftovers","ability":"Pressure","moves":["discharge","roost","defog","heatwave"],"nature":"Calm","evs":{"hp":252,"atk":0,"def":4,"spa":0,"spd":252,"spe":0},"ivs":{"hp":31,"atk":31,"def":31,"spa":31,"spd":31,"spe":31}},{"name":"Fast/Furious","species":"skarmory","item":"leftovers","ability":"Sturdy","moves":["stealthrock","roost","defog","whirlwind"],"nature":"Bold","evs":{"hp":252,"atk":0,"def":232,"spa":0,"spd":0,"spe":24},"ivs":{"hp":31,"atk":31,"def":31,"spa":31,"spd":31,"spe":31}},{"name":"MakesitGround","species":"landorus","item":"lifeorb","ability":"Sand Force","moves":["psychic","earthpower","focusblast","grassknot"],"nature":"Timid","evs":{"hp":0,"atk":0,"def":0,"spa":252,"spd":4,"spe":252},"ivs":{"hp":31,"atk":30,"def":30,"spa":31,"spd":31,"spe":31}},{"name":"Flame Libra","species":"charizard","item":"charizarditey","ability":"Blaze","moves":["solarbeam","flamethrower","airslash","ancientpower"],"nature":"Timid","evs":{"hp":0,"atk":0,"def":0,"spa":252,"spd":4,"spe":252},"ivs":{"hp":31,"atk":31,"def":31,"spa":31,"spd":31,"spe":31}},{"name":"Floyd Maryweather","species":"hawlucha","item":"powerherb","ability":"Unburden","moves":["acrobatics","substitute","skyattack","drainpunch"],"nature":"Jolly","evs":{"hp":0,"atk":252,"def":0,"spa":0,"spd":4,"spe":252},"ivs":{"hp":31,"atk":31,"def":31,"spa":31,"spd":31,"spe":31}}],"p2team":[{"name":"Conductor","species":"heatran","item":"assaultvest","ability":"Flash Fire","moves":["lavaplume","earthpower","dragonpulse","flashcannon"],"nature":"Mild","evs":{"hp":4,"atk":0,"def":0,"spa":252,"spd":252,"spe":0},"ivs":{"hp":31,"atk":31,"def":31,"spa":31,"spd":31,"spe":31}},{"name":"Ninetales","species":"Ninetales","item":"focussash","ability":"Drought","moves":["flamethrower","solarbeam","roar","nastyplot"],"nature":"Timid","evs":{"hp":0,"atk":0,"def":0,"spa":252,"spd":4,"spe":252},"ivs":{"hp":31,"atk":31,"def":31,"spa":31,"spd":31,"spe":31}},{"name":"Torkoal","species":"Torkoal","item":"leftovers","ability":"Shell Armor","moves":["protect","willowisp","clearsmog","rapidspin"],"nature":"Bold","evs":{"hp":252,"atk":0,"def":252,"spa":4,"spd":0,"spe":0},"ivs":{"hp":31,"atk":31,"def":31,"spa":31,"spd":31,"spe":31}},{"name":"Rotom-Heat","species":"Rotom-Heat","item":"lightclay","ability":"Levitate","moves":["voltswitch","painsplit","reflect","lightscreen"],"nature":"Timid","evs":{"hp":236,"atk":0,"def":8,"spa":4,"spd":8,"spe":252},"ivs":{"hp":31,"atk":31,"def":31,"spa":31,"spd":31,"spe":31}},{"name":"Swordsman","species":"infernape","item":"focussash","ability":"Iron Fist","moves":["firepunch","machpunch","thunderpunch","swordsdance"],"nature":"Jolly","evs":{"hp":4,"atk":252,"def":0,"spa":0,"spd":0,"spe":252},"ivs":{"hp":31,"atk":31,"def":31,"spa":31,"spd":31,"spe":31}},{"name":"Charizard","species":"Charizard","item":"charizarditey","ability":"Blaze","moves":["fireblast","solarbeam","airslash","roost"],"nature":"Timid","evs":{"hp":0,"atk":0,"def":0,"spa":252,"spd":4,"spe":252},"ivs":{"hp":31,"atk":31,"def":31,"spa":31,"spd":31,"spe":31}}],"log":["|player|p1|Imp GrandCetus|40","|player|p2|GL♅Reshiram|163","|gametype|singles","|gen|6","|tier|Monotype","|rated","|rule|Baton Pass Clause: Limit one Baton Passer, can't pass Spe and other stats simultaneously","|rule|Swagger Clause: Swagger is banned","|rule|Same Type Clause: Pokémon in a team must share a type","|clearpoke","|poke|p1|Dragonite, F","|poke|p1|Zapdos","|poke|p1|Skarmory, F","|poke|p1|Landorus, M","|poke|p1|Charizard, F","|poke|p1|Hawlucha, F","|poke|p2|Heatran, M","|poke|p2|Ninetales, F","|poke|p2|Torkoal, F","|poke|p2|Rotom-Heat","|poke|p2|Infernape, M","|poke|p2|Charizard, F","|rule|Sleep Clause Mod: Limit one foe put to sleep","|rule|Species Clause: Limit one of each Pokémon","|rule|OHKO Clause: OHKO moves are banned","|rule|Moody Clause: Moody is banned","|rule|Evasion Moves Clause: Evasion moves are banned","|rule|Endless Battle Clause: Forcing endless battles is banned","|rule|HP Percentage Mod: HP is shown in percentages","|teampreview","|","|start","|switch|p1a: Fast/Furious|Skarmory, F|334/334","|switch|p2a: Rotom-Heat|Rotom-Heat|300/300","|turn|1","|","|move|p2a: Rotom-Heat|Volt Switch|p1a: Fast/Furious","|-supereffective|p1a: Fast/Furious","|-damage|p1a: Fast/Furious|122/334","|","|switch|p2a: Torkoal|Torkoal, F|344/344","|move|p1a: Fast/Furious|Stealth Rock|p2a: Torkoal","|-sidestart|p2: GL♅Reshiram|move: Stealth Rock","|","|-heal|p1a: Fast/Furious|142/334|[from] item: Leftovers","|turn|2","|","|move|p1a: Fast/Furious|Stealth Rock|p2a: Torkoal","|-fail|p2a: Torkoal","|move|p2a: Torkoal|Will-O-Wisp|p1a: Fast/Furious","|-status|p1a: Fast/Furious|brn","|","|-heal|p1a: Fast/Furious|162/334 brn|[from] item: Leftovers","|-damage|p1a: Fast/Furious|121/334 brn|[from] brn","|turn|3","|","|move|p1a: Fast/Furious|Stealth Rock|p2a: Torkoal","|-fail|p2a: Torkoal","|move|p2a: Torkoal|Rapid Spin|p1a: Fast/Furious","|-resisted|p1a: Fast/Furious","|-damage|p1a: Fast/Furious|117/334 brn","|-sideend|p2: GL♅Reshiram|Stealth Rock|[from] move: Rapid Spin|[of] p2a: Torkoal","|","|-heal|p1a: Fast/Furious|137/334 brn|[from] item: Leftovers","|-damage|p1a: Fast/Furious|96/334 brn|[from] brn","|turn|4","|","|move|p2a: Torkoal|Protect|p2a: Torkoal","|-singleturn|p2a: Torkoal|Protect","|move|p1a: Fast/Furious|Stealth Rock|p2a: Torkoal","|-sidestart|p2: GL♅Reshiram|move: Stealth Rock","|","|-heal|p1a: Fast/Furious|116/334 brn|[from] item: Leftovers","|-damage|p1a: Fast/Furious|75/334 brn|[from] brn","|turn|5","|","|switch|p1a: Floyd Maryweather|Hawlucha, F|297/297","|move|p2a: Torkoal|Rapid Spin|p1a: Floyd Maryweather","|-damage|p1a: Floyd Maryweather|281/297","|-sideend|p2: GL♅Reshiram|Stealth Rock|[from] move: Rapid Spin|[of] p2a: Torkoal","|","|turn|6","|","|move|p1a: Floyd Maryweather|Substitute|p1a: Floyd Maryweather","|-start|p1a: Floyd Maryweather|Substitute","|-damage|p1a: Floyd Maryweather|207/297","|move|p2a: Torkoal|Will-O-Wisp|p1a: Floyd Maryweather","|-fail|p1a: Floyd Maryweather","|","|turn|7","|","|switch|p2a: Rotom-Heat|Rotom-Heat|300/300","|move|p1a: Floyd Maryweather|Sky Attack|p2a: Rotom-Heat|[still]|[miss]","|-prepare|p1a: Floyd Maryweather|Sky Attack|p2a: Rotom-Heat","|-enditem|p1a: Floyd Maryweather|Power Herb","|-anim|p1a: Floyd Maryweather|Sky Attack|p2a: Rotom-Heat","|-miss|p1a: Floyd Maryweather|p2a: Rotom-Heat","|","|turn|8","|","|move|p1a: Floyd Maryweather|Drain Punch|p2a: Rotom-Heat","|-damage|p2a: Rotom-Heat|203/300","|-heal|p1a: Floyd Maryweather|256/297|[from] drain|[of] p2a: Rotom-Heat","|move|p2a: Rotom-Heat|Reflect|p2a: Rotom-Heat","|-sidestart|p2: GL♅Reshiram|Reflect","|","|turn|9","|","|move|p1a: Floyd Maryweather|Drain Punch|p2a: Rotom-Heat","|-damage|p2a: Rotom-Heat|149/300","|-heal|p1a: Floyd Maryweather|283/297|[from] drain|[of] p2a: Rotom-Heat","|move|p2a: Rotom-Heat|Volt Switch|p1a: Floyd Maryweather","|-supereffective|p1a: Floyd Maryweather","|-end|p1a: Floyd Maryweather|Substitute","|","|switch|p2a: Swordsman|Infernape, M|294/294","|","|turn|10","|","|move|p1a: Floyd Maryweather|Substitute|p1a: Floyd Maryweather","|-start|p1a: Floyd Maryweather|Substitute","|-damage|p1a: Floyd Maryweather|209/297","|move|p2a: Swordsman|Thunder Punch|p1a: Floyd Maryweather","|-supereffective|p1a: Floyd Maryweather","|-end|p1a: Floyd Maryweather|Substitute","|","|turn|11","|","|move|p1a: Floyd Maryweather|Substitute|p1a: Floyd Maryweather","|-start|p1a: Floyd Maryweather|Substitute","|-damage|p1a: Floyd Maryweather|135/297","|move|p2a: Swordsman|Thunder Punch|p1a: Floyd Maryweather","|-supereffective|p1a: Floyd Maryweather","|-end|p1a: Floyd Maryweather|Substitute","|","|turn|12","|","|move|p1a: Floyd Maryweather|Acrobatics|p2a: Swordsman","|-supereffective|p2a: Swordsman","|-damage|p2a: Swordsman|72/294","|move|p2a: Swordsman|Thunder Punch|p1a: Floyd Maryweather","|-supereffective|p1a: Floyd Maryweather","|-damage|p1a: Floyd Maryweather|0 fnt","|faint|p1a: Floyd Maryweather","|","|","|switch|p1a: LaughAble|Dragonite, F|323/323","|turn|13","|","|switch|p2a: Torkoal|Torkoal, F|344/344","|move|p1a: LaughAble|Extreme Speed|p2a: Torkoal","|-damage|p2a: Torkoal|312/344","|","|-heal|p2a: Torkoal|333/344|[from] item: Leftovers","|turn|14","|","|move|p1a: LaughAble|Earthquake|p2a: Torkoal","|-supereffective|p2a: Torkoal","|-damage|p2a: Torkoal|261/344","|move|p2a: Torkoal|Will-O-Wisp|p1a: LaughAble","|-status|p1a: LaughAble|brn","|","|-heal|p2a: Torkoal|282/344|[from] item: Leftovers","|-damage|p1a: LaughAble|283/323 brn|[from] brn","|turn|15","|","|switch|p1a: Flame Libra|Charizard, F|297/297","|move|p2a: Torkoal|Clear Smog|p1a: Flame Libra","|-damage|p1a: Flame Libra|257/297","|-clearboost|p1a: Flame Libra","|","|-heal|p2a: Torkoal|303/344|[from] item: Leftovers","|-sideend|p2: GL♅Reshiram|Reflect","|turn|16","|","|switch|p2a: Swordsman|Infernape, M|72/294","|detailschange|p1a: Flame Libra|Charizard-Mega-Y, F","|-mega|p1a: Flame Libra|Charizard|Charizardite Y","|-weather|SunnyDay","|move|p1a: Flame Libra|Ancient Power|p2a: Swordsman","|-crit|p2a: Swordsman","|-damage|p2a: Swordsman|0 fnt","|faint|p2a: Swordsman","|","|-weather|SunnyDay|[upkeep]","|","|switch|p2a: Conductor|Heatran, M|324/324","|turn|17","|","|switch|p1a: MakesitGround|Landorus, M|319/319","|move|p2a: Conductor|Dragon Pulse|p1a: MakesitGround","|-damage|p1a: MakesitGround|177/319","|","|-weather|SunnyDay|[upkeep]","|turn|18","|","|switch|p2a: Rotom-Heat|Rotom-Heat|149/300","|move|p1a: MakesitGround|Focus Blast|p2a: Rotom-Heat|[miss]","|-miss|p1a: MakesitGround|p2a: Rotom-Heat","|","|-weather|SunnyDay|[upkeep]","|turn|19","|","|switch|p1a: Fast/Furious|Skarmory, F|75/334 brn","|move|p2a: Rotom-Heat|Light Screen|p2a: Rotom-Heat","|-sidestart|p2: GL♅Reshiram|move: Light Screen","|","|-weather|SunnyDay|[upkeep]","|-heal|p1a: Fast/Furious|95/334 brn|[from] item: Leftovers","|-damage|p1a: Fast/Furious|54/334 brn|[from] brn","|turn|20","|","|move|p2a: Rotom-Heat|Volt Switch|p1a: Fast/Furious","|-supereffective|p1a: Fast/Furious","|-damage|p1a: Fast/Furious|0 fnt","|faint|p1a: Fast/Furious","|","|switch|p2a: Charizard|Charizard, F|297/297","|","|-weather|none","|","|switch|p1a: Flame Libra|Charizard-Mega-Y, F|257/297","|-weather|SunnyDay","|turn|21","|","|switch|p2a: Conductor|Heatran, M|324/324","|move|p1a: Flame Libra|Ancient Power|p2a: Conductor","|-damage|p2a: Conductor|303/324","|","|-weather|SunnyDay|[upkeep]","|turn|22","|","|switch|p1a: LaughAble|Dragonite, F|283/323 brn","|move|p2a: Conductor|Dragon Pulse|p1a: LaughAble","|-supereffective|p1a: LaughAble","|-damage|p1a: LaughAble|63/323 brn","|-enditem|p1a: LaughAble|Weakness Policy","|-boost|p1a: LaughAble|atk|2|[from] item: Weakness Policy","|-boost|p1a: LaughAble|spa|2|[from] item: Weakness Policy","|","|-weather|SunnyDay|[upkeep]","|-damage|p1a: LaughAble|23/323 brn|[from] brn","|turn|23","|","|switch|p2a: Rotom-Heat|Rotom-Heat|149/300","|move|p1a: LaughAble|Earthquake|p2a: Rotom-Heat","|-immune|p2a: Rotom-Heat|[msg]","|","|-weather|SunnyDay|[upkeep]","|-damage|p1a: LaughAble|0 fnt|[from] brn","|faint|p1a: LaughAble","|","|switch|p1a: MakesitGround|Landorus, M|177/319","|turn|24","|","|move|p1a: MakesitGround|Focus Blast|p2a: Rotom-Heat","|-damage|p2a: Rotom-Heat|72/300","|-unboost|p2a: Rotom-Heat|spd|1","|-damage|p1a: MakesitGround|146/319|[from] item: Life Orb","|move|p2a: Rotom-Heat|Reflect|p2a: Rotom-Heat","|-sidestart|p2: GL♅Reshiram|Reflect","|","|-weather|SunnyDay|[upkeep]","|turn|25","|","|switch|p2a: Conductor|Heatran, M|303/324","|move|p1a: MakesitGround|Psychic|p2a: Conductor","|-resisted|p2a: Conductor","|-damage|p2a: Conductor|285/324","|-damage|p1a: MakesitGround|115/319|[from] item: Life Orb","|","|-weather|none","|turn|26","|","|move|p1a: MakesitGround|Earth Power|p2a: Conductor","|-supereffective|p2a: Conductor","|-damage|p2a: Conductor|98/324","|-damage|p1a: MakesitGround|84/319|[from] item: Life Orb","|move|p2a: Conductor|Lava Plume|p1a: MakesitGround","|-damage|p1a: MakesitGround|0 fnt","|faint|p1a: MakesitGround","|","|-sideend|p2: GL♅Reshiram|move: Light Screen","|","|switch|p1a: Doritos|Zapdos|384/384","|-ability|p1a: Doritos|Pressure","|turn|27","|","|move|p1a: Doritos|Discharge|p2a: Conductor","|-damage|p2a: Conductor|43/324","|move|p2a: Conductor|Lava Plume|p1a: Doritos","|-damage|p1a: Doritos|255/384","|","|-heal|p1a: Doritos|279/384|[from] item: Leftovers","|turn|28","|","|move|p1a: Doritos|Discharge|p2a: Conductor","|-damage|p2a: Conductor|0 fnt","|faint|p2a: Conductor","|","|-heal|p1a: Doritos|303/384|[from] item: Leftovers","|","|switch|p2a: Rotom-Heat|Rotom-Heat|72/300","|turn|29","|","|move|p2a: Rotom-Heat|Light Screen|p2a: Rotom-Heat","|-sidestart|p2: GL♅Reshiram|move: Light Screen","|move|p1a: Doritos|Discharge|p2a: Rotom-Heat","|-resisted|p2a: Rotom-Heat","|-damage|p2a: Rotom-Heat|45/300","|","|-heal|p1a: Doritos|327/384|[from] item: Leftovers","|turn|30","|","|move|p2a: Rotom-Heat|Pain Split|p1a: Doritos","|-sethp|p1a: Doritos|186/384|p2a: Rotom-Heat|186/300|[from] move: Pain Split","|move|p1a: Doritos|Discharge|p2a: Rotom-Heat","|-resisted|p2a: Rotom-Heat","|-damage|p2a: Rotom-Heat|161/300","|","|-heal|p1a: Doritos|210/384|[from] item: Leftovers","|turn|31","|","|move|p2a: Rotom-Heat|Volt Switch|p1a: Doritos","|-damage|p1a: Doritos|137/384","|","|switch|p2a: Torkoal|Torkoal, F|303/344","|move|p1a: Doritos|Roost|p1a: Doritos","|-heal|p1a: Doritos|329/384","|","|-heal|p1a: Doritos|353/384|[from] item: Leftovers","|-heal|p2a: Torkoal|324/344|[from] item: Leftovers","|-sideend|p2: GL♅Reshiram|Reflect","|turn|32","|","|move|p1a: Doritos|Discharge|p2a: Torkoal","|-damage|p2a: Torkoal|251/344","|-status|p2a: Torkoal|par","|move|p2a: Torkoal|Will-O-Wisp|p1a: Doritos","|-status|p1a: Doritos|brn","|","|-heal|p1a: Doritos|377/384 brn|[from] item: Leftovers","|-heal|p2a: Torkoal|272/344 par|[from] item: Leftovers","|-damage|p1a: Doritos|329/384 brn|[from] brn","|turn|33","|","|switch|p1a: Flame Libra|Charizard-Mega-Y, F|257/297","|-weather|SunnyDay","|move|p2a: Torkoal|Protect|p2a: Torkoal","|-fail|p2a: Torkoal","|","|-weather|SunnyDay|[upkeep]","|-heal|p2a: Torkoal|293/344 par|[from] item: Leftovers","|turn|34","|","|move|p1a: Flame Libra|Ancient Power|p2a: Torkoal","|-supereffective|p2a: Torkoal","|-damage|p2a: Torkoal|189/344 par","|move|p2a: Torkoal|Clear Smog|p1a: Flame Libra","|-damage|p1a: Flame Libra|229/297","|-clearboost|p1a: Flame Libra","|","|-weather|SunnyDay|[upkeep]","|-heal|p2a: Torkoal|210/344 par|[from] item: Leftovers","|turn|35","|","|move|p1a: Flame Libra|Ancient Power|p2a: Torkoal","|-supereffective|p2a: Torkoal","|-damage|p2a: Torkoal|93/344 par","|move|p2a: Torkoal|Clear Smog|p1a: Flame Libra","|-damage|p1a: Flame Libra|200/297","|-clearboost|p1a: Flame Libra","|","|-weather|SunnyDay|[upkeep]","|-heal|p2a: Torkoal|114/344 par|[from] item: Leftovers","|turn|36","|","|move|p1a: Flame Libra|Ancient Power|p2a: Torkoal","|-supereffective|p2a: Torkoal","|-damage|p2a: Torkoal|3/344 par","|cant|p2a: Torkoal|par","|","|-weather|SunnyDay|[upkeep]","|-heal|p2a: Torkoal|24/344 par|[from] item: Leftovers","|-sideend|p2: GL♅Reshiram|move: Light Screen","|turn|37","|","|move|p1a: Flame Libra|Flamethrower|p2a: Torkoal","|-resisted|p2a: Torkoal","|-damage|p2a: Torkoal|0 fnt","|faint|p2a: Torkoal","|","|-weather|none","|","|switch|p2a: Rotom-Heat|Rotom-Heat|161/300","|turn|38","|","|move|p1a: Flame Libra|Ancient Power|p2a: Rotom-Heat","|-supereffective|p2a: Rotom-Heat","|-damage|p2a: Rotom-Heat|5/300","|move|p2a: Rotom-Heat|Light Screen|p2a: Rotom-Heat","|-sidestart|p2: GL♅Reshiram|move: Light Screen","|","|turn|39","|","|move|p1a: Flame Libra|Flamethrower|p2a: Rotom-Heat","|-resisted|p2a: Rotom-Heat","|-damage|p2a: Rotom-Heat|0 fnt","|faint|p2a: Rotom-Heat","|","|","|switch|p2a: Charizard|Charizard, F|297/297","|turn|40","|","|detailschange|p2a: Charizard|Charizard-Mega-Y, F","|-mega|p2a: Charizard|Charizard|Charizardite Y","|-weather|SunnyDay","|move|p2a: Charizard|Air Slash|p1a: Flame Libra","|-damage|p1a: Flame Libra|58/297","|cant|p1a: Flame Libra|flinch","|","|-weather|SunnyDay|[upkeep]","|turn|41","|","|move|p2a: Charizard|Air Slash|p1a: Flame Libra","|-damage|p1a: Flame Libra|0 fnt","|faint|p1a: Flame Libra","|","|-weather|SunnyDay|[upkeep]","|","|switch|p1a: Doritos|Zapdos|329/384 brn","|-ability|p1a: Doritos|Pressure","|turn|42","|","|move|p2a: Charizard|Fire Blast|p1a: Doritos","|-damage|p1a: Doritos|88/384 brn","|move|p1a: Doritos|Discharge|p2a: Charizard","|-supereffective|p2a: Charizard","|-damage|p2a: Charizard|195/297","|-status|p2a: Charizard|par","|","|-weather|SunnyDay|[upkeep]","|-heal|p1a: Doritos|112/384 brn|[from] item: Leftovers","|-damage|p1a: Doritos|64/384 brn|[from] brn","|turn|43","|","|move|p1a: Doritos|Roost|p1a: Doritos","|-heal|p1a: Doritos|256/384 brn","|cant|p2a: Charizard|par","|","|-weather|SunnyDay|[upkeep]","|-heal|p1a: Doritos|280/384 brn|[from] item: Leftovers","|-damage|p1a: Doritos|232/384 brn|[from] brn","|turn|44","|","|move|p1a: Doritos|Roost|p1a: Doritos","|-heal|p1a: Doritos|384/384 brn","|move|p2a: Charizard|Fire Blast|p1a: Doritos","|-damage|p1a: Doritos|137/384 brn","|","|-weather|none","|-heal|p1a: Doritos|161/384 brn|[from] item: Leftovers","|-damage|p1a: Doritos|113/384 brn|[from] brn","|turn|45","|","|move|p1a: Doritos|Roost|p1a: Doritos","|-heal|p1a: Doritos|305/384 brn","|cant|p2a: Charizard|par","|","|-heal|p1a: Doritos|329/384 brn|[from] item: Leftovers","|-damage|p1a: Doritos|281/384 brn|[from] brn","|-sideend|p2: GL♅Reshiram|move: Light Screen","|turn|46","|","|switch|p2a: Ninetales|Ninetales, F|287/287","|-weather|SunnyDay","|move|p1a: Doritos|Discharge|p2a: Ninetales","|-damage|p2a: Ninetales|164/287","|-status|p2a: Ninetales|par","|","|-weather|SunnyDay|[upkeep]","|-heal|p1a: Doritos|305/384 brn|[from] item: Leftovers","|-damage|p1a: Doritos|257/384 brn|[from] brn","|turn|47","|","|move|p1a: Doritos|Discharge|p2a: Ninetales","|-damage|p2a: Ninetales|52/287 par","|move|p2a: Ninetales|Flamethrower|p1a: Doritos","|-damage|p1a: Doritos|115/384 brn","|","|-weather|SunnyDay|[upkeep]","|-heal|p1a: Doritos|139/384 brn|[from] item: Leftovers","|-damage|p1a: Doritos|91/384 brn|[from] brn","|turn|48","|","|move|p1a: Doritos|Discharge|p2a: Ninetales","|-damage|p2a: Ninetales|0 fnt","|faint|p2a: Ninetales","|","|-weather|SunnyDay|[upkeep]","|-heal|p1a: Doritos|115/384 brn|[from] item: Leftovers","|-damage|p1a: Doritos|67/384 brn|[from] brn","|","|switch|p2a: Charizard|Charizard-Mega-Y, F|195/297 par","|turn|49","|","|move|p1a: Doritos|Discharge|p2a: Charizard","|-supereffective|p2a: Charizard","|-damage|p2a: Charizard|0 fnt","|faint|p2a: Charizard","|","|win|Imp GrandCetus"],"p1rating":{"entryid":359246,"formatid":"monotype","userid":"impgrandcetus","username":"Imp GrandCetus","r":1500,"rd":130,"sigma":0,"rpr":1541.5350240864,"rprd":122.47926795705,"rpsigma":0,"rptime":1440320400,"w":1,"l":0,"t":0,"gxe":55.2,"acre":1049.0929944892,"lacre":1049.0929944892,"oldacre":1000},"p2rating":{"entryid":"319032","serverid":"eos","formatid":"monotype","userid":"glreshiram","username":"GL♅Reshiram","w":"5","l":6,"t":"0","gxe":45.1,"r":"1504.2504998354","rd":"102.54067115159","sigma":"0","rptime":"1440320400","rpr":1462.1417078885,"rprd":85.163986727153,"rpsigma":"0","acre":1053.3130055891,"lacre":1053.3130055891,"oldacre":"1080.3850374665"},"endType":"normal"}