{"seed":[12083,10380,15925,20579],"turns":23,"p1":"Knight Applejack","p2":"GTX♅Bzumzum","p1team":[{"name":"Landorus-Therian","species":"Landorus-Therian","item":"choicescarf","ability":"Intimidate","moves":["earthquake","knockoff","stoneedge","uturn"],"nature":"Jolly","evs":{"hp":0,"atk":252,"def":0,"spa":0,"spd":4,"spe":252},"ivs":{"hp":31,"atk":31,"def":31,"spa":31,"spd":31,"spe":31}},{"name":"Aerodactyl","species":"Aerodactyl","item":"focussash","ability":"Rock Head","moves":["stealthrock","tailwind","taunt","stoneedge"],"nature":"Jolly","evs":{"hp":0,"atk":252,"def":0,"spa":0,"spd":0,"spe":252},"ivs":{"hp":31,"atk":31,"def":31,"spa":31,"spd":31,"spe":31}},{"name":"Pidgeot","species":"Pidgeot","item":"pidgeotite","ability":"Keen Eye","moves":["hurricane","roost","substitute","heatwave"],"nature":"Timid","evs":{"hp":0,"atk":0,"def":0,"spa":252,"spd":4,"spe":252},"ivs":{"hp":31,"atk":30,"def":30,"spa":31,"spd":31,"spe":31}},{"name":"Salamence","species":"Salamence","item":"assaultvest","ability":"Intimidate","moves":["dracometeor","dragonclaw","flamethrower","earthquake"],"nature":"Hasty","evs":{"hp":0,"atk":252,"def":0,"spa":4,"spd":0,"spe":252},"ivs":{"hp":31,"atk":31,"def":31,"spa":31,"spd":31,"spe":31}},{"name":"Thundurus-Therian","species":"Thundurus-Therian","item":"lifeorb","ability":"Volt Absorb","moves":["bulkup","wildcharge","knockoff","superpower"],"nature":"Jolly","evs":{"hp":0,"atk":252,"def":0,"spa":0,"spd":4,"spe":252},"ivs":{"hp":31,"atk":31,"def":31,"spa":31,"spd":31,"spe":31}},{"name":"Moltres","species":"Moltres","item":"choicescarf","ability":"Pressure","moves":["hiddenpowergrass","fireblast","hurricane","willowisp"],"nature":"Modest","evs":{"hp":4,"atk":0,"def":0,"spa":252,"spd":0,"spe":252},"ivs":{"hp":31,"atk":30,"def":31,"spa":30,"spd":31,"spe":31}}],"p2team":[{"name":"Thorns","species":"ferrothorn","item":"leftovers","ability":"Iron Barbs","moves":["stealthrock","gyroball","leechseed","protect"],"nature":"Jolly","evs":{"hp":128,"atk":100,"def":116,"spa":0,"spd":120,"spe":44},"gender":"M","ivs":{"hp":31,"atk":31,"def":31,"spa":31,"spd":31,"spe":0}},{"name":"Brawloom","species":"breloom","item":"focussash","ability":"Technician","moves":["bulletseed","forcepalm","machpunch","spore"],"nature":"Jolly","evs":{"hp":4,"atk":252,"def":0,"spa":0,"spd":0,"spe":252},"gender":"M","shiny":true,"ivs":{"hp":31,"atk":31,"def":31,"spa":31,"spd":31,"spe":31}},{"name":"Celebrity","species":"celebi","item":"leftovers","ability":"Natural Cure","moves":["waterpulse","calmmind","gigadrain","healbell"],"nature":"Calm","evs":{"hp":220,"atk":0,"def":0,"spa":252,"spd":0,"spe":36},"ivs":{"hp":31,"atk":31,"def":31,"spa":31,"spd":31,"spe":31}},{"name":"Ludicool","species":"ludicolo","item":"leftovers","ability":"Rain Dish","moves":["icebeam","scald","gigadrain","raindance"],"nature":"Modest","evs":{"hp":200,"atk":0,"def":0,"spa":184,"spd":4,"spe":120},"gender":"M","shiny":true,"ivs":{"hp":31,"atk":31,"def":31,"spa":31,"spd":31,"spe":31}},{"name":"Great-ily","species":"cradily","item":"leftovers","ability":"Storm Drain","moves":["ancientpower","sludgewave","recover","toxic"],"nature":"Calm","evs":{"hp":232,"atk":24,"def":0,"spa":0,"spd":252,"spe":0},"gender":"M","shiny":true,"ivs":{"hp":31,"atk":31,"def":31,"spa":31,"spd":31,"spe":31}},{"name":"Plantasaurus","species":"venusaur","item":"venusaurite","ability":"Chlorophyll","moves":["gigadrain","hiddenpowerrock","sludgebomb","synthesis"],"nature":"Modest","evs":{"hp":0,"atk":0,"def":68,"spa":188,"spd":0,"spe":252},"gender":"M","ivs":{"hp":31,"atk":31,"def":30,"spa":31,"spd":30,"spe":30},"shiny":true}],"log":["|player|p1|Knight Applejack|27","|player|p2|GTX♅Bzumzum|225","|gametype|singles","|gen|6","|tier|Monotype","|rated","|rule|Baton Pass Clause: Limit one Baton Passer, can't pass Spe and other stats simultaneously","|rule|Swagger Clause: Swagger is banned","|rule|Same Type Clause: Pokémon in a team must share a type","|clearpoke","|poke|p1|Landorus-Therian, M","|poke|p1|Aerodactyl, F","|poke|p1|Pidgeot, M","|poke|p1|Salamence, F","|poke|p1|Thundurus-Therian, M","|poke|p1|Moltres","|poke|p2|Ferrothorn, M","|poke|p2|Breloom, M, shiny","|poke|p2|Celebi","|poke|p2|Ludicolo, M, shiny","|poke|p2|Cradily, M, shiny","|poke|p2|Venusaur, M, shiny","|rule|Sleep Clause Mod: Limit one foe put to sleep","|rule|Species Clause: Limit one of each Pokémon","|rule|OHKO Clause: OHKO moves are banned","|rule|Moody Clause: Moody is banned","|rule|Evasion Moves Clause: Evasion moves are banned","|rule|Endless Battle Clause: Forcing endless battles is banned","|rule|HP Percentage Mod: HP is shown in percentages","|teampreview","|","|start","|switch|p1a: Pidgeot|Pidgeot, M|307/307","|switch|p2a: Great-ily|Cradily, M, shiny|371/371","|turn|1","|","|detailschange|p1a: Pidgeot|Pidgeot-Mega, M","|-mega|p1a: Pidgeot|Pidgeot|Pidgeotite","|move|p1a: Pidgeot|Substitute|p1a: Pidgeot","|-start|p1a: Pidgeot|Substitute","|-damage|p1a: Pidgeot|231/307","|move|p2a: Great-ily|Ancient Power|p1a: Pidgeot","|-supereffective|p1a: Pidgeot","|-end|p1a: Pidgeot|Substitute","|","|turn|2","|","|move|p1a: Pidgeot|Hurricane|p2a: Great-ily","|-damage|p2a: Great-ily|223/371","|-start|p2a: Great-ily|confusion","|-activate|p2a: Great-ily|confusion","|move|p2a: Great-ily|Ancient Power|p1a: Pidgeot","|-supereffective|p1a: Pidgeot","|-damage|p1a: Pidgeot|99/307","|","|-heal|p2a: Great-ily|246/371|[from] item: Leftovers","|turn|3","|","|move|p1a: Pidgeot|Roost|p1a: Pidgeot","|-heal|p1a: Pidgeot|253/307","|-end|p2a: Great-ily|confusion","|move|p2a: Great-ily|Ancient Power|p1a: Pidgeot","|-damage|p1a: Pidgeot|183/307","|","|-heal|p2a: Great-ily|269/371|[from] item: Leftovers","|turn|4","|","|move|p1a: Pidgeot|Hurricane|p2a: Great-ily","|-crit|p2a: Great-ily","|-damage|p2a: Great-ily|77/371","|move|p2a: Great-ily|Ancient Power|p1a: Pidgeot","|-supereffective|p1a: Pidgeot","|-damage|p1a: Pidgeot|37/307","|","|-heal|p2a: Great-ily|100/371|[from] item: Leftovers","|turn|5","|","|switch|p2a: Thorns|Ferrothorn, M|321/321","|move|p1a: Pidgeot|Roost|p1a: Pidgeot","|-heal|p1a: Pidgeot|191/307","|","|turn|6","|","|move|p1a: Pidgeot|Substitute|p1a: Pidgeot","|-start|p1a: Pidgeot|Substitute","|-damage|p1a: Pidgeot|115/307","|move|p2a: Thorns|Gyro Ball|p1a: Pidgeot","|-end|p1a: Pidgeot|Substitute","|","|turn|7","|","|move|p1a: Pidgeot|Heat Wave|p2a: Thorns","|-supereffective|p2a: Thorns","|-damage|p2a: Thorns|0 fnt","|faint|p2a: Thorns","|","|","|switch|p2a: Brawloom|Breloom, M, shiny|262/262","|turn|8","|","|move|p2a: Brawloom|Mach Punch|p1a: Pidgeot","|-damage|p1a: Pidgeot|0 fnt","|faint|p1a: Pidgeot","|","|","|switch|p1a: Aerodactyl|Aerodactyl, F|301/301","|turn|9","|","|switch|p2a: Great-ily|Cradily, M, shiny|100/371","|move|p1a: Aerodactyl|Stone Edge|p2a: Great-ily","|-damage|p2a: Great-ily|0 fnt","|faint|p2a: Great-ily","|","|","|switch|p2a: Ludicool|Ludicolo, M, shiny|351/351","|turn|10","|","|move|p1a: Aerodactyl|Stealth Rock|p2a: Ludicool","|-sidestart|p2: GTX♅Bzumzum|move: Stealth Rock","|move|p2a: Ludicool|Rain Dance|p2a: Ludicool","|-weather|RainDance","|","|-weather|RainDance|[upkeep]","|turn|11","|","|move|p1a: Aerodactyl|Stone Edge|p2a: Ludicool","|-damage|p2a: Ludicool|155/351","|move|p2a: Ludicool|Ice Beam|p1a: Aerodactyl","|-supereffective|p1a: Aerodactyl","|-damage|p1a: Aerodactyl|93/301","|","|-weather|RainDance|[upkeep]","|-heal|p2a: Ludicool|176/351|[from] ability: Rain Dish","|-heal|p2a: Ludicool|197/351|[from] item: Leftovers","|turn|12","|","|move|p1a: Aerodactyl|Stone Edge|p2a: Ludicool","|-damage|p2a: Ludicool|0 fnt","|faint|p2a: Ludicool","|","|-weather|RainDance|[upkeep]","|","|switch|p2a: Celebrity|Celebi|396/396","|-damage|p2a: Celebrity|347/396|[from] Stealth Rock","|turn|13","|","|move|p1a: Aerodactyl|Stone Edge|p2a: Celebrity|[miss]","|-miss|p1a: Aerodactyl|p2a: Celebrity","|move|p2a: Celebrity|Calm Mind|p2a: Celebrity","|-boost|p2a: Celebrity|spa|1","|-boost|p2a: Celebrity|spd|1","|","|-weather|RainDance|[upkeep]","|-heal|p2a: Celebrity|371/396|[from] item: Leftovers","|turn|14","|","|move|p1a: Aerodactyl|Taunt|p2a: Celebrity","|-start|p2a: Celebrity|move: Taunt","|move|p2a: Celebrity|Water Pulse|p1a: Aerodactyl","|-supereffective|p1a: Aerodactyl","|-damage|p1a: Aerodactyl|0 fnt","|faint|p1a: Aerodactyl","|","|-weather|none","|-heal|p2a: Celebrity|395/396|[from] item: Leftovers","|","|switch|p1a: Moltres|Moltres|322/322","|-ability|p1a: Moltres|Pressure","|turn|15","|","|move|p1a: Moltres|Hurricane|p2a: Celebrity|[miss]","|-miss|p1a: Moltres|p2a: Celebrity","|move|p2a: Celebrity|Water Pulse|p1a: Moltres","|-supereffective|p1a: Moltres","|-damage|p1a: Moltres|108/322","|","|-heal|p2a: Celebrity|396/396|[from] item: Leftovers","|turn|16","|","|move|p1a: Moltres|Hurricane|p2a: Celebrity","|-supereffective|p2a: Celebrity","|-damage|p2a: Celebrity|132/396","|move|p2a: Celebrity|Water Pulse|p1a: Moltres","|-supereffective|p1a: Moltres","|-damage|p1a: Moltres|0 fnt","|faint|p1a: Moltres","|","|-heal|p2a: Celebrity|156/396|[from] item: Leftovers","|-end|p2a: Celebrity|move: Taunt","|","|switch|p1a: Thundurus-Therian|Thundurus-Therian, M|299/299","|turn|17","|","|move|p1a: Thundurus-Therian|Knock Off|p2a: Celebrity","|-supereffective|p2a: Celebrity","|-damage|p2a: Celebrity|0 fnt","|-enditem|p2a: Celebrity|Leftovers|[from] move: Knock Off|[of] p1a: Thundurus-Therian","|-damage|p1a: Thundurus-Therian|270/299|[from] item: Life Orb","|faint|p2a: Celebrity","|","|","|switch|p2a: Brawloom|Breloom, M, shiny|262/262","|-damage|p2a: Brawloom|246/262|[from] Stealth Rock","|turn|18","|","|move|p1a: Thundurus-Therian|Superpower|p2a: Brawloom","|-damage|p2a: Brawloom|51/262","|-unboost|p1a: Thundurus-Therian|atk|1","|-unboost|p1a: Thundurus-Therian|def|1","|-damage|p1a: Thundurus-Therian|241/299|[from] item: Life Orb","|move|p2a: Brawloom|Force Palm|p1a: Thundurus-Therian","|-resisted|p1a: Thundurus-Therian","|-damage|p1a: Thundurus-Therian|81/299","|","|turn|19","|","|move|p2a: Brawloom|Mach Punch|p1a: Thundurus-Therian","|-resisted|p1a: Thundurus-Therian","|-damage|p1a: Thundurus-Therian|0 fnt","|faint|p1a: Thundurus-Therian","|","|","|switch|p1a: Salamence|Salamence, F|331/331","|-ability|p1a: Salamence|Intimidate","|-unboost|p2a: Brawloom|atk|1","|turn|20","|","|move|p1a: Salamence|Flamethrower|p2a: Brawloom","|-supereffective|p2a: Brawloom","|-damage|p2a: Brawloom|0 fnt","|faint|p2a: Brawloom","|","|","|switch|p2a: Plantasaurus|Venusaur, M, shiny|301/301","|-damage|p2a: Plantasaurus|264/301|[from] Stealth Rock","|turn|21","|","|detailschange|p2a: Plantasaurus|Venusaur-Mega, M, shiny","|-mega|p2a: Plantasaurus|Venusaur|Venusaurite","|move|p1a: Salamence|Dragon Claw|p2a: Plantasaurus","|-damage|p2a: Plantasaurus|150/301","|move|p2a: Plantasaurus|Sludge Bomb|p1a: Salamence","|-damage|p1a: Salamence|196/331","|-status|p1a: Salamence|psn","|","|-damage|p1a: Salamence|155/331 psn|[from] psn","|turn|22","|","|move|p1a: Salamence|Dragon Claw|p2a: Plantasaurus","|-damage|p2a: Plantasaurus|23/301","|move|p2a: Plantasaurus|Hidden Power|p1a: Salamence","|-supereffective|p1a: Salamence","|-damage|p1a: Salamence|43/331 psn","|","|-damage|p1a: Salamence|2/331 psn|[from] psn","|turn|23","|","|move|p1a: Salamence|Dragon Claw|p2a: Plantasaurus","|-damage|p2a: Plantasaurus|0 fnt","|faint|p2a: Plantasaurus","|","|win|Knight Applejack"],"p1rating":{"entryid":"323490","serverid":"eos","formatid":"monotype","userid":"knightapplejack","username":"Knight Applejack","w":9,"l":"7","t":"0","gxe":51.4,"r":"1500","rd":"130","sigma":"0","rptime":"1440234000","rpr":1511.1342541893,"rprd":75.977533488303,"rpsigma":"0","acre":1184.837969772,"lacre":1184.837969772,"oldacre":"1165.681204288"},"p2rating":{"entryid":"1463","serverid":"eos","formatid":"monotype","userid":"gtxbzumzum","username":"GTX♅Bzumzum","w":"12","l":32,"t":"0","gxe":30.1,"r":"1339.7443087109","rd":"62.238830549052","sigma":"0","rptime":"1440234000","rpr":1340.026987092,"rprd":54.495959817093,"rpsigma":"0","acre":1065.7495295757,"lacre":1065.7495295757,"oldacre":"1082.9461109398"},"endType":"normal"}