{"seed":[28360,37386,15021,24389],"turns":30,"p1":"DJ Ch4ppo","p2":"Alpha vodoom","p1team":[{"name":"Jirachi","species":"Jirachi","item":"choicespecs","ability":"Serene Grace","moves":["doomdesire","psychic","energyball","thunder"],"nature":"Timid","evs":{"hp":0,"atk":0,"def":0,"spa":252,"spd":4,"spe":252},"ivs":{"hp":31,"atk":31,"def":31,"spa":31,"spd":31,"spe":31}},{"name":"Magnezone","species":"Magnezone","item":"choicespecs","ability":"Sturdy","moves":["thunderbolt","voltswitch","flashcannon","hiddenpowergrass"],"nature":"Modest","evs":{"hp":4,"atk":0,"def":0,"spa":252,"spd":0,"spe":252},"ivs":{"hp":31,"atk":30,"def":31,"spa":30,"spd":31,"spe":31},"shiny":true},{"name":"Excadrill","species":"Excadrill","item":"choicescarf","ability":"Mold Breaker","moves":["earthquake","rockslide","ironhead","rapidspin"],"nature":"Jolly","evs":{"hp":0,"atk":252,"def":0,"spa":0,"spd":4,"spe":252},"ivs":{"hp":31,"atk":31,"def":31,"spa":31,"spd":31,"spe":31}},{"name":"Ferrothorn","species":"Ferrothorn","item":"rockyhelmet","ability":"Iron Barbs","moves":["leechseed","stealthrock","powerwhip","thunderwave"],"nature":"Impish","evs":{"hp":248,"atk":8,"def":252,"spa":0,"spd":0,"spe":0},"ivs":{"hp":31,"atk":31,"def":31,"spa":31,"spd":31,"spe":31}},{"name":"Heatran","species":"Heatran","item":"airballoon","ability":"Flash Fire","moves":["lavaplume","earthpower","flashcannon","ancientpower"],"nature":"Timid","evs":{"hp":4,"atk":0,"def":0,"spa":252,"spd":0,"spe":252},"ivs":{"hp":31,"atk":31,"def":31,"spa":31,"spd":31,"spe":31}},{"name":"Empoleon","species":"Empoleon","item":"petayaberry","ability":"Torrent","moves":["agility","scald","icebeam","substitute"],"nature":"Calm","evs":{"hp":104,"atk":0,"def":0,"spa":252,"spd":0,"spe":152},"ivs":{"hp":31,"atk":31,"def":31,"spa":31,"spd":31,"spe":31}}],"p2team":[{"name":"TNT","species":"tyranitar","item":"assaultvest","ability":"Sand Stream","moves":["earthquake","darkpulse","ancientpower","flamethrower"],"nature":"Quiet","evs":{"hp":248,"atk":8,"def":0,"spa":252,"spd":0,"spe":0},"ivs":{"hp":31,"atk":31,"def":31,"spa":31,"spd":31,"spe":31}},{"name":"Bull","species":"terrakion","item":"choicescarf","ability":"Justified","moves":["closecombat","earthquake","stoneedge","quickattack"],"nature":"Jolly","evs":{"hp":0,"atk":252,"def":0,"spa":0,"spd":4,"spe":252},"ivs":{"hp":31,"atk":31,"def":31,"spa":31,"spd":31,"spe":31}},{"name":"Steel Rex","species":"aggron","item":"aggronite","ability":"Sturdy","moves":["heavyslam","firepunch","rest","earthquake"],"nature":"Impish","evs":{"hp":248,"atk":0,"def":252,"spa":0,"spd":8,"spe":0},"ivs":{"hp":31,"atk":31,"def":31,"spa":31,"spd":31,"spe":31}},{"name":"The real deal","species":"lileep","item":"eviolite","ability":"Storm Drain","moves":["recover","toxic","infestation","gigadrain"],"nature":"Calm","evs":{"hp":252,"atk":0,"def":0,"spa":4,"spd":252,"spe":0},"ivs":{"hp":31,"atk":31,"def":31,"spa":31,"spd":31,"spe":31}},{"name":"Diancie","species":"Diancie","item":"diancite","ability":"Clear Body","moves":["protect","earthpower","diamondstorm","moonblast"],"nature":"Hasty","evs":{"hp":0,"atk":4,"def":0,"spa":252,"spd":0,"spe":252},"ivs":{"hp":31,"atk":31,"def":31,"spa":31,"spd":31,"spe":31}},{"name":"Aurorus","species":"Aurorus","item":"choicescarf","ability":"Refrigerate","moves":["freezedry","hypervoice","earthpower","ancientpower"],"nature":"Timid","evs":{"hp":0,"atk":0,"def":0,"spa":252,"spd":4,"spe":252},"ivs":{"hp":31,"atk":31,"def":31,"spa":31,"spd":31,"spe":31}}],"log":["|player|p1|DJ Ch4ppo|242","|player|p2|Alpha vodoom|vodoom.png","|gametype|singles","|gen|6","|tier|Monotype","|rated","|rule|Baton Pass Clause: Limit one Baton Passer, can't pass Spe and other stats simultaneously","|rule|Swagger Clause: Swagger is banned","|rule|Same Type Clause: Pokémon in a team must share a type","|clearpoke","|poke|p1|Jirachi","|poke|p1|Magnezone, shiny","|poke|p1|Excadrill, M","|poke|p1|Ferrothorn, F","|poke|p1|Heatran, F","|poke|p1|Empoleon, M","|poke|p2|Tyranitar, F","|poke|p2|Terrakion","|poke|p2|Aggron, F","|poke|p2|Lileep, M","|poke|p2|Diancie","|poke|p2|Aurorus, M","|rule|Sleep Clause Mod: Limit one foe put to sleep","|rule|Species Clause: Limit one of each Pokémon","|rule|OHKO Clause: OHKO moves are banned","|rule|Moody Clause: Moody is banned","|rule|Evasion Moves Clause: Evasion moves are banned","|rule|Endless Battle Clause: Forcing endless battles is banned","|rule|HP Percentage Mod: HP is shown in percentages","|teampreview","|","|start","|switch|p1a: Jirachi|Jirachi|341/341","|switch|p2a: Steel Rex|Aggron, F|343/343","|turn|1","|","|detailschange|p2a: Steel Rex|Aggron-Mega, F","|-mega|p2a: Steel Rex|Aggron|Aggronite","|move|p1a: Jirachi|Doom Desire|p2a: Steel Rex","|-start|p1a: Jirachi|Doom Desire","|move|p2a: Steel Rex|Earthquake|p1a: Jirachi","|-supereffective|p1a: Jirachi","|-damage|p1a: Jirachi|123/341","|","|turn|2","|","|switch|p1a: Ferrothorn|Ferrothorn, F|351/351","|move|p2a: Steel Rex|Earthquake|p1a: Ferrothorn","|-damage|p1a: Ferrothorn|291/351","|","|turn|3","|","|switch|p2a: TNT|Tyranitar, F|403/403","|-weather|Sandstorm","|move|p1a: Ferrothorn|Leech Seed|p2a: TNT","|-start|p2a: TNT|move: Leech Seed","|","|-weather|Sandstorm|[upkeep]","|-end|p2a: TNT|move: Doom Desire","|-supereffective|p2a: TNT","|-damage|p2a: TNT|203/403","|-damage|p2a: TNT|153/403|[from] Leech Seed|[of] p1a: Ferrothorn","|-heal|p1a: Ferrothorn|341/351|[silent]","|turn|4","|","|switch|p1a: Heatran|Heatran, F|324/324","|-item|p1a: Heatran|Air Balloon","|move|p2a: TNT|Flamethrower|p1a: Heatran","|-start|p1a: Heatran|ability: Flash Fire","|","|-weather|Sandstorm|[upkeep]","|-damage|p2a: TNT|103/403|[from] Leech Seed|[of] p1a: Heatran","|turn|5","|","|switch|p2a: The real deal|Lileep, M|336/336","|move|p1a: Heatran|Flash Cannon|p2a: The real deal","|-supereffective|p2a: The real deal","|-damage|p2a: The real deal|238/336","|","|-weather|Sandstorm|[upkeep]","|turn|6","|","|move|p1a: Heatran|Lava Plume|p2a: The real deal","|-damage|p2a: The real deal|159/336","|-status|p2a: The real deal|brn","|move|p2a: The real deal|Infestation|p1a: Heatran","|-resisted|p1a: Heatran","|-damage|p1a: Heatran|322/324","|-enditem|p1a: Heatran|Air Balloon","|-activate|p1a: Heatran|move: Infestation|[of] p2a: The real deal","|","|-weather|Sandstorm|[upkeep]","|-damage|p2a: The real deal|117/336 brn|[from] brn","|-damage|p1a: Heatran|282/324|[from] move: Infestation|[partiallytrapped]","|turn|7","|","|move|p1a: Heatran|Flash Cannon|p2a: The real deal","|-supereffective|p2a: The real deal","|-damage|p2a: The real deal|19/336 brn","|move|p2a: The real deal|Recover|p2a: The real deal","|-heal|p2a: The real deal|187/336 brn","|","|-weather|none","|-damage|p2a: The real deal|145/336 brn|[from] brn","|-damage|p1a: Heatran|242/324|[from] move: Infestation|[partiallytrapped]","|turn|8","|","|move|p1a: Heatran|Flash Cannon|p2a: The real deal","|-supereffective|p2a: The real deal","|-damage|p2a: The real deal|5/336 brn","|-unboost|p2a: The real deal|spd|1","|move|p2a: The real deal|Recover|p2a: The real deal","|-heal|p2a: The real deal|173/336 brn","|","|-damage|p2a: The real deal|131/336 brn|[from] brn","|-damage|p1a: Heatran|202/324|[from] move: Infestation|[partiallytrapped]","|turn|9","|","|move|p1a: Heatran|Flash Cannon|p2a: The real deal","|-supereffective|p2a: The real deal","|-damage|p2a: The real deal|0 fnt","|faint|p2a: The real deal","|","|","|switch|p2a: Bull|Terrakion|323/323","|turn|10","|","|move|p2a: Bull|Close Combat|p1a: Heatran","|-supereffective|p1a: Heatran","|-damage|p1a: Heatran|0 fnt","|-unboost|p2a: Bull|def|1","|-unboost|p2a: Bull|spd|1","|faint|p1a: Heatran","|","|","|switch|p1a: Excadrill|Excadrill, M|361/361","|-ability|p1a: Excadrill|Mold Breaker","|turn|11","|","|switch|p2a: Steel Rex|Aggron-Mega, F|343/343","|move|p1a: Excadrill|Earthquake|p2a: Steel Rex","|-supereffective|p2a: Steel Rex","|-damage|p2a: Steel Rex|199/343","|","|turn|12","|","|switch|p1a: Ferrothorn|Ferrothorn, F|341/351","|move|p2a: Steel Rex|Fire Punch|p1a: Ferrothorn","|-supereffective|p1a: Ferrothorn","|-damage|p1a: Ferrothorn|157/351","|-damage|p2a: Steel Rex|157/343|[from] ability: Iron Barbs|[of] p1a: Ferrothorn","|-damage|p2a: Steel Rex|100/343|[from] item: Rocky Helmet|[of] p1a: Ferrothorn","|","|turn|13","|","|switch|p1a: Empoleon|Empoleon, M|335/335","|move|p2a: Steel Rex|Rest|p2a: Steel Rex","|-status|p2a: Steel Rex|slp","|-heal|p2a: Steel Rex|343/343 slp|[silent]","|-status|p2a: Steel Rex|slp|[from] move: Rest","|","|turn|14","|","|switch|p2a: Diancie|Diancie|241/241","|move|p1a: Empoleon|Agility|p1a: Empoleon","|-boost|p1a: Empoleon|spe|2","|","|turn|15","|","|move|p1a: Empoleon|Substitute|p1a: Empoleon","|-start|p1a: Empoleon|Substitute","|-damage|p1a: Empoleon|252/335","|move|p2a: Diancie|Earth Power|p1a: Empoleon","|-supereffective|p1a: Empoleon","|-end|p1a: Empoleon|Substitute","|","|turn|16","|","|move|p1a: Empoleon|Substitute|p1a: Empoleon","|-start|p1a: Empoleon|Substitute","|-damage|p1a: Empoleon|169/335","|move|p2a: Diancie|Earth Power|p1a: Empoleon","|-supereffective|p1a: Empoleon","|-end|p1a: Empoleon|Substitute","|","|turn|17","|","|move|p1a: Empoleon|Substitute|p1a: Empoleon","|-start|p1a: Empoleon|Substitute","|-damage|p1a: Empoleon|86/335","|move|p2a: Diancie|Earth Power|p1a: Empoleon","|-supereffective|p1a: Empoleon","|-end|p1a: Empoleon|Substitute","|","|turn|18","|","|move|p1a: Empoleon|Substitute|p1a: Empoleon","|-start|p1a: Empoleon|Substitute","|-damage|p1a: Empoleon|3/335","|-enditem|p1a: Empoleon|Petaya Berry|[eat]","|-boost|p1a: Empoleon|spa|1|[from] item: Petaya Berry","|move|p2a: Diancie|Earth Power|p1a: Empoleon","|-supereffective|p1a: Empoleon","|-end|p1a: Empoleon|Substitute","|","|turn|19","|","|move|p1a: Empoleon|Scald|p2a: Diancie","|-supereffective|p2a: Diancie","|-damage|p2a: Diancie|0 fnt","|faint|p2a: Diancie","|","|","|switch|p2a: Bull|Terrakion|323/323","|turn|20","|","|switch|p1a: Ferrothorn|Ferrothorn, F|157/351","|move|p2a: Bull|Close Combat|p1a: Ferrothorn","|-supereffective|p1a: Ferrothorn","|-damage|p1a: Ferrothorn|0 fnt","|-damage|p2a: Bull|283/323|[from] ability: Iron Barbs|[of] p1a: Ferrothorn","|-damage|p2a: Bull|230/323|[from] item: Rocky Helmet|[of] p1a: Ferrothorn","|-unboost|p2a: Bull|def|1","|-unboost|p2a: Bull|spd|1","|faint|p1a: Ferrothorn","|","|","|switch|p1a: Magnezone|Magnezone, shiny|282/282","|turn|21","|","|switch|p2a: TNT|Tyranitar, F|103/403","|-weather|Sandstorm","|move|p1a: Magnezone|Volt Switch|p2a: TNT","|-damage|p2a: TNT|9/403","|","|switch|p1a: Empoleon|Empoleon, M|3/335","|","|-weather|Sandstorm|[upkeep]","|turn|22","|","|move|p1a: Empoleon|Scald|p2a: TNT","|-supereffective|p2a: TNT","|-damage|p2a: TNT|0 fnt","|faint|p2a: TNT","|","|-weather|Sandstorm|[upkeep]","|","|switch|p2a: Bull|Terrakion|230/323","|turn|23","|","|move|p2a: Bull|Close Combat|p1a: Empoleon","|-supereffective|p1a: Empoleon","|-damage|p1a: Empoleon|0 fnt","|-unboost|p2a: Bull|def|1","|-unboost|p2a: Bull|spd|1","|faint|p1a: Empoleon","|","|-weather|Sandstorm|[upkeep]","|","|switch|p1a: Magnezone|Magnezone, shiny|282/282","|turn|24","|","|switch|p2a: Aurorus|Aurorus, M|387/387","|move|p1a: Magnezone|Volt Switch|p2a: Aurorus","|-damage|p2a: Aurorus|249/387","|","|switch|p1a: Jirachi|Jirachi|123/341","|","|-weather|Sandstorm|[upkeep]","|turn|25","|","|move|p2a: Aurorus|Earth Power|p1a: Jirachi","|-supereffective|p1a: Jirachi","|-damage|p1a: Jirachi|0 fnt","|faint|p1a: Jirachi","|","|-weather|none","|","|switch|p1a: Excadrill|Excadrill, M|361/361","|-ability|p1a: Excadrill|Mold Breaker","|turn|26","|","|move|p1a: Excadrill|Earthquake|p2a: Aurorus","|-supereffective|p2a: Aurorus","|-damage|p2a: Aurorus|0 fnt","|faint|p2a: Aurorus","|","|","|switch|p2a: Bull|Terrakion|230/323","|turn|27","|","|move|p2a: Bull|Close Combat|p1a: Excadrill","|-supereffective|p1a: Excadrill","|-damage|p1a: Excadrill|0 fnt","|-unboost|p2a: Bull|def|1","|-unboost|p2a: Bull|spd|1","|faint|p1a: Excadrill","|","|","|switch|p1a: Magnezone|Magnezone, shiny|282/282","|turn|28","|","|switch|p2a: Steel Rex|Aggron-Mega, F|343/343 slp","|move|p1a: Magnezone|Thunderbolt|p2a: Steel Rex","|-damage|p2a: Steel Rex|46/343 slp","|","|turn|29","|","|move|p1a: Magnezone|Thunderbolt|p2a: Steel Rex","|-damage|p2a: Steel Rex|0 fnt","|faint|p2a: Steel Rex","|","|","|switch|p2a: Bull|Terrakion|230/323","|turn|30","|","|move|p2a: Bull|Earthquake|p1a: Magnezone","|-crit|p1a: Magnezone","|-supereffective|p1a: Magnezone","|-ability|p1a: Magnezone|Sturdy","|-damage|p1a: Magnezone|1/282","|move|p1a: Magnezone|Thunderbolt|p2a: Bull","|-damage|p2a: Bull|0 fnt","|faint|p2a: Bull","|","|win|DJ Ch4ppo"],"p1rating":{"entryid":"333232","serverid":"eos","formatid":"monotype","userid":"djch4ppo","username":"DJ Ch4ppo","w":1,"l":"1","t":"0","gxe":52.3,"r":"1500","rd":"130","sigma":"0","rptime":"1440234000","rpr":1518.0744853277,"rprd":117.54143059029,"rpsigma":"0","acre":1047.3099698725,"lacre":1047.3099698725,"oldacre":"1000"},"p2rating":{"entryid":"214259","serverid":"eos","formatid":"monotype","userid":"alphavodoom","username":"Alpha α Vodoom","w":"12","l":15,"t":"0","gxe":47.8,"r":"1474.0257703446","rd":"87.564573761156","sigma":"0","rptime":"1440234000","rpr":1483.5234683792,"rprd":62.922577660468,"rpsigma":"0","acre":1040.9949219591,"lacre":1040.9949219591,"oldacre":"1064.2149402615"},"endType":"normal"}