{"seed":[20570,42663,36014,48741],"turns":24,"p1":"Crystal Umaan","p2":"Doctor Glumanda","p1team":[{"name":"Kira","species":"charizard","item":"charizarditey","ability":"Blaze","moves":["airslash","dragonpulse","solarbeam","fireblast"],"nature":"Timid","evs":{"hp":0,"atk":0,"def":0,"spa":252,"spd":4,"spe":252},"gender":"M","ivs":{"hp":31,"atk":31,"def":31,"spa":31,"spd":31,"spe":31}},{"name":"Atin","species":"staraptor","item":"sitrusberry","ability":"Reckless","moves":["bravebird","doubleedge","closecombat","roost"],"nature":"Jolly","evs":{"hp":0,"atk":252,"def":0,"spa":0,"spd":4,"spe":252},"gender":"M","ivs":{"hp":31,"atk":31,"def":31,"spa":31,"spd":31,"spe":31}},{"name":"Yams","species":"togekiss","item":"assaultvest","ability":"Serene Grace","moves":["airslash","heatwave","aurasphere","dazzlinggleam"],"nature":"Modest","evs":{"hp":248,"atk":0,"def":0,"spa":252,"spd":8,"spe":0},"gender":"F","ivs":{"hp":31,"atk":31,"def":31,"spa":31,"spd":31,"spe":31}},{"name":"Raspberry","species":"gliscor","item":"toxicorb","ability":"Poison Heal","moves":["fling","protect","earthquake","knockoff"],"nature":"Adamant","evs":{"hp":184,"atk":252,"def":0,"spa":0,"spd":0,"spe":72},"gender":"F","shiny":true,"ivs":{"hp":31,"atk":31,"def":31,"spa":31,"spd":31,"spe":31}},{"name":"Steely Dan","species":"skarmory","item":"rockyhelmet","ability":"Sturdy","moves":["spikes","defog","stealthrock","roost"],"nature":"Bold","evs":{"hp":248,"atk":0,"def":236,"spa":0,"spd":0,"spe":24},"gender":"M","ivs":{"hp":31,"atk":31,"def":31,"spa":31,"spd":31,"spe":31}},{"name":"Maj","species":"dragonite","item":"snowball","ability":"Multiscale","moves":["dragonclaw","dragondance","ironhead","extremespeed"],"nature":"Adamant","evs":{"hp":0,"atk":252,"def":0,"spa":0,"spd":4,"spe":252},"gender":"F","ivs":{"hp":31,"atk":31,"def":31,"spa":31,"spd":31,"spe":31}}],"p2team":[{"name":"Supa Hero","species":"gallade","item":"galladite","ability":"Steadfast","moves":["shadowsneak","drainpunch","icepunch","earthquake"],"nature":"Jolly","evs":{"hp":0,"atk":252,"def":0,"spa":0,"spd":4,"spe":252},"ivs":{"hp":31,"atk":31,"def":31,"spa":31,"spd":31,"spe":31}},{"name":"Handy man","species":"hoopaunbound","item":"choicescarf","ability":"Magician","moves":["thunderbolt","hyperspacehole","darkpulse","focusblast"],"nature":"Timid","evs":{"hp":0,"atk":0,"def":0,"spa":252,"spd":4,"spe":252},"ivs":{"hp":31,"atk":31,"def":31,"spa":31,"spd":31,"spe":31}},{"name":"Mewderator","species":"mew","item":"leftovers","ability":"Synchronize","moves":["roost","willowisp","knockoff","defog"],"nature":"Impish","evs":{"hp":248,"atk":0,"def":252,"spa":0,"spd":8,"spe":0},"ivs":{"hp":31,"atk":31,"def":31,"spa":31,"spd":31,"spe":31}},{"name":"Astral","species":"jirachi","item":"choicescarf","ability":"Serene Grace","moves":["uturn","trick","healingwish","ironhead"],"nature":"Jolly","evs":{"hp":0,"atk":252,"def":0,"spa":0,"spd":4,"spe":252},"ivs":{"hp":31,"atk":31,"def":31,"spa":31,"spd":31,"spe":31}},{"name":"Sheep","species":"slowbro","item":"rockyhelmet","ability":"Regenerator","moves":["slackoff","flamethrower","scald","thunderwave"],"nature":"Bold","evs":{"hp":252,"atk":0,"def":252,"spa":4,"spd":0,"spe":0},"ivs":{"hp":31,"atk":0,"def":31,"spa":31,"spd":31,"spe":31}},{"name":"Melee","species":"meloetta","item":"assaultvest","ability":"Serene Grace","moves":["energyball","psyshock","dazzlinggleam","shadowball"],"nature":"Modest","evs":{"hp":248,"atk":0,"def":0,"spa":212,"spd":48,"spe":0},"ivs":{"hp":31,"atk":0,"def":31,"spa":31,"spd":31,"spe":31}}],"log":["|player|p1|Crystal Umaan|105","|player|p2|Doctor Glumanda|doctorglumanda.gif","|gametype|singles","|gen|6","|tier|Monotype","|rated","|rule|Baton Pass Clause: Limit one Baton Passer, can't pass Spe and other stats simultaneously","|rule|Swagger Clause: Swagger is banned","|rule|Same Type Clause: Pokémon in a team must share a type","|clearpoke","|poke|p1|Charizard, M","|poke|p1|Staraptor, M","|poke|p1|Togekiss, F","|poke|p1|Gliscor, F, shiny","|poke|p1|Skarmory, M","|poke|p1|Dragonite, F","|poke|p2|Gallade, M","|poke|p2|Hoopa-Unbound","|poke|p2|Mew","|poke|p2|Jirachi","|poke|p2|Slowbro, M","|poke|p2|Meloetta","|rule|Sleep Clause Mod: Limit one foe put to sleep","|rule|Species Clause: Limit one of each Pokémon","|rule|OHKO Clause: OHKO moves are banned","|rule|Moody Clause: Moody is banned","|rule|Evasion Moves Clause: Evasion moves are banned","|rule|Endless Battle Clause: Forcing endless battles is banned","|rule|HP Percentage Mod: HP is shown in percentages","|teampreview","|","|start","|switch|p1a: Steely Dan|Skarmory, M|333/333","|switch|p2a: Mewderator|Mew|403/403","|turn|1","|","|move|p2a: Mewderator|Will-O-Wisp|p1a: Steely Dan|[miss]","|-miss|p2a: Mewderator|p1a: Steely Dan","|move|p1a: Steely Dan|Stealth Rock|p2a: Mewderator","|-sidestart|p2: Doctor Glumanda|move: Stealth Rock","|","|turn|2","|","|move|p2a: Mewderator|Knock Off|p1a: Steely Dan","|-damage|p1a: Steely Dan|287/333","|-damage|p2a: Mewderator|336/403|[from] item: Rocky Helmet|[of] p1a: Steely Dan","|-enditem|p1a: Steely Dan|Rocky Helmet|[from] move: Knock Off|[of] p2a: Mewderator","|move|p1a: Steely Dan|Spikes|p2a: Mewderator","|-sidestart|p2: Doctor Glumanda|Spikes","|","|-heal|p2a: Mewderator|361/403|[from] item: Leftovers","|turn|3","|","|move|p2a: Mewderator|Will-O-Wisp|p1a: Steely Dan|[miss]","|-miss|p2a: Mewderator|p1a: Steely Dan","|move|p1a: Steely Dan|Spikes|p2a: Mewderator","|-sidestart|p2: Doctor Glumanda|Spikes","|","|-heal|p2a: Mewderator|386/403|[from] item: Leftovers","|turn|4","|","|move|p2a: Mewderator|Will-O-Wisp|p1a: Steely Dan","|-status|p1a: Steely Dan|brn","|move|p1a: Steely Dan|Spikes|p2a: Mewderator","|-sidestart|p2: Doctor Glumanda|Spikes","|","|-heal|p2a: Mewderator|403/403|[from] item: Leftovers","|-damage|p1a: Steely Dan|246/333 brn|[from] brn","|turn|5","|","|move|p2a: Mewderator|Defog|p1a: Steely Dan","|-unboost|p1a: Steely Dan|evasion|1","|-sideend|p2: Doctor Glumanda|Spikes|[from] move: Defog|[of] p2a: Mewderator","|-sideend|p2: Doctor Glumanda|Stealth Rock|[from] move: Defog|[of] p2a: Mewderator","|move|p1a: Steely Dan|Roost|p1a: Steely Dan","|-heal|p1a: Steely Dan|333/333 brn","|","|-damage|p1a: Steely Dan|292/333 brn|[from] brn","|turn|6","|","|switch|p2a: Sheep|Slowbro, M|394/394","|switch|p1a: Raspberry|Gliscor, F, shiny|337/337","|","|-status|p1a: Raspberry|tox|[from] item: Toxic Orb","|turn|7","|","|move|p1a: Raspberry|Knock Off|p2a: Sheep","|-supereffective|p2a: Sheep","|-damage|p2a: Sheep|264/394","|-damage|p1a: Raspberry|281/337 tox|[from] item: Rocky Helmet|[of] p2a: Sheep","|-enditem|p2a: Sheep|Rocky Helmet|[from] move: Knock Off|[of] p1a: Raspberry","|move|p2a: Sheep|Scald|p1a: Raspberry","|-supereffective|p1a: Raspberry","|-damage|p1a: Raspberry|47/337 tox","|","|-heal|p1a: Raspberry|89/337 tox|[from] ability: Poison Heal","|turn|8","|","|move|p1a: Raspberry|Fling|p2a: Sheep","|-enditem|p1a: Raspberry|Toxic Orb|[from] move: Fling","|-crit|p2a: Sheep","|-supereffective|p2a: Sheep","|-damage|p2a: Sheep|200/394","|-status|p2a: Sheep|tox","|move|p2a: Sheep|Scald|p1a: Raspberry","|-supereffective|p1a: Raspberry","|-damage|p1a: Raspberry|0 fnt","|faint|p1a: Raspberry","|","|-damage|p2a: Sheep|176/394 tox|[from] psn","|","|switch|p1a: Kira|Charizard, M|297/297","|turn|9","|","|switch|p2a: Melee|Meloetta|403/403","|detailschange|p1a: Kira|Charizard-Mega-Y, M","|-mega|p1a: Kira|Charizard|Charizardite Y","|-weather|SunnyDay","|move|p1a: Kira|Solar Beam|p2a: Melee|[still]","|-prepare|p1a: Kira|Solar Beam|p2a: Melee","|-anim|p1a: Kira|Solar Beam|p2a: Melee","|-damage|p2a: Melee|317/403","|","|-weather|SunnyDay|[upkeep]","|turn|10","|","|move|p1a: Kira|Fire Blast|p2a: Melee","|-crit|p2a: Melee","|-damage|p2a: Melee|32/403","|move|p2a: Melee|Psyshock|p1a: Kira","|-damage|p1a: Kira|104/297","|","|-weather|SunnyDay|[upkeep]","|turn|11","|","|switch|p2a: Handy man|Hoopa-Unbound|301/301","|move|p1a: Kira|Dragon Pulse|p2a: Handy man","|-damage|p2a: Handy man|199/301","|","|-weather|SunnyDay|[upkeep]","|turn|12","|","|move|p2a: Handy man|Thunderbolt|p1a: Kira","|-supereffective|p1a: Kira","|-damage|p1a: Kira|0 fnt","|faint|p1a: Kira","|","|-weather|SunnyDay|[upkeep]","|","|switch|p1a: Atin|Staraptor, M|311/311","|turn|13","|","|move|p2a: Handy man|Thunderbolt|p1a: Atin","|-supereffective|p1a: Atin","|-damage|p1a: Atin|0 fnt","|faint|p1a: Atin","|","|-weather|none","|","|switch|p1a: Steely Dan|Skarmory, M|292/333 brn","|turn|14","|","|move|p2a: Handy man|Thunderbolt|p1a: Steely Dan","|-supereffective|p1a: Steely Dan","|-damage|p1a: Steely Dan|0 fnt","|faint|p1a: Steely Dan","|","|","|switch|p1a: Maj|Dragonite, F|323/323","|turn|15","|","|move|p2a: Handy man|Thunderbolt|p1a: Maj","|-damage|p1a: Maj|257/323","|move|p1a: Maj|Dragon Dance|p1a: Maj","|-boost|p1a: Maj|atk|1","|-boost|p1a: Maj|spe|1","|","|turn|16","|","|move|p2a: Handy man|Thunderbolt|p1a: Maj","|-damage|p1a: Maj|115/323","|move|p1a: Maj|Dragon Dance|p1a: Maj","|-boost|p1a: Maj|atk|1","|-boost|p1a: Maj|spe|1","|","|turn|17","|","|move|p1a: Maj|Dragon Claw|p2a: Handy man","|-damage|p2a: Handy man|0 fnt","|faint|p2a: Handy man","|","|","|switch|p2a: Mewderator|Mew|403/403","|turn|18","|","|move|p1a: Maj|Dragon Claw|p2a: Mewderator","|-damage|p2a: Mewderator|153/403","|move|p2a: Mewderator|Will-O-Wisp|p1a: Maj","|-status|p1a: Maj|brn","|","|-heal|p2a: Mewderator|178/403|[from] item: Leftovers","|-damage|p1a: Maj|75/323 brn|[from] brn","|turn|19","|","|move|p1a: Maj|Dragon Claw|p2a: Mewderator","|-damage|p2a: Mewderator|73/403","|move|p2a: Mewderator|Roost|p2a: Mewderator","|-heal|p2a: Mewderator|275/403","|","|-heal|p2a: Mewderator|300/403|[from] item: Leftovers","|-damage|p1a: Maj|35/323 brn|[from] brn","|turn|20","|","|move|p1a: Maj|Dragon Claw|p2a: Mewderator","|-damage|p2a: Mewderator|183/403","|move|p2a: Mewderator|Roost|p2a: Mewderator","|-heal|p2a: Mewderator|385/403","|","|-heal|p2a: Mewderator|403/403|[from] item: Leftovers","|-damage|p1a: Maj|0 fnt|[from] brn","|faint|p1a: Maj","|","|switch|p1a: Yams|Togekiss, F|373/373","|turn|21","|","|move|p2a: Mewderator|Will-O-Wisp|p1a: Yams","|-status|p1a: Yams|brn","|move|p1a: Yams|Dazzling Gleam|p2a: Mewderator","|-damage|p2a: Mewderator|249/403","|","|-heal|p2a: Mewderator|274/403|[from] item: Leftovers","|-damage|p1a: Yams|327/373 brn|[from] brn","|turn|22","|","|move|p2a: Mewderator|Knock Off|p1a: Yams","|-resisted|p1a: Yams","|-damage|p1a: Yams|285/373 brn","|-enditem|p1a: Yams|Assault Vest|[from] move: Knock Off|[of] p2a: Mewderator","|move|p1a: Yams|Dazzling Gleam|p2a: Mewderator","|-crit|p2a: Mewderator","|-damage|p2a: Mewderator|70/403","|","|-heal|p2a: Mewderator|95/403|[from] item: Leftovers","|-damage|p1a: Yams|239/373 brn|[from] brn","|turn|23","|","|switch|p2a: Astral|Jirachi|341/341","|move|p1a: Yams|Dazzling Gleam|p2a: Astral","|-resisted|p2a: Astral","|-damage|p2a: Astral|266/341","|","|-damage|p1a: Yams|193/373 brn|[from] brn","|turn|24","|","|move|p2a: Astral|Iron Head|p1a: Yams","|-supereffective|p1a: Yams","|-damage|p1a: Yams|0 fnt","|faint|p1a: Yams","|","|win|Doctor Glumanda"],"p1rating":{"entryid":"3483","serverid":"eos","formatid":"monotype","userid":"crystalumaan","username":"Crystal Umaan","w":"8","l":22,"t":"0","gxe":31.8,"r":"1351.249462571","rd":"67.453665137066","sigma":"0","rptime":"1440320400","rpr":1354.1729278751,"rprd":62.273479268952,"rpsigma":"0","acre":1064.7994999001,"lacre":1064.7994999001,"oldacre":"1095.6977716882"},"p2rating":{"entryid":"363533","serverid":"eos","formatid":"monotype","userid":"doctorglumanda","username":"Doctor Glumanda","w":1,"l":"1","t":"0","gxe":48.3,"r":"1500","rd":"130","sigma":"0","rptime":"1440320400","rpr":1486.8347028884,"rprd":117.09643495678,"rpsigma":"0","acre":1050.7471908687,"lacre":1050.7471908687,"oldacre":"1000"},"endType":"normal"}