{"seed":[6559,64835,37511,15556],"turns":21,"p1":"Knight Applejack","p2":"Apex Salamence","p1team":[{"name":"Landorus-Therian","species":"Landorus-Therian","item":"choicescarf","ability":"Intimidate","moves":["earthquake","knockoff","stoneedge","uturn"],"nature":"Jolly","evs":{"hp":0,"atk":252,"def":0,"spa":0,"spd":4,"spe":252},"ivs":{"hp":31,"atk":31,"def":31,"spa":31,"spd":31,"spe":31}},{"name":"Aerodactyl","species":"Aerodactyl","item":"focussash","ability":"Rock Head","moves":["stealthrock","tailwind","taunt","stoneedge"],"nature":"Jolly","evs":{"hp":0,"atk":252,"def":0,"spa":0,"spd":0,"spe":252},"ivs":{"hp":31,"atk":31,"def":31,"spa":31,"spd":31,"spe":31}},{"name":"Pidgeot","species":"Pidgeot","item":"pidgeotite","ability":"Keen Eye","moves":["hurricane","roost","substitute","heatwave"],"nature":"Timid","evs":{"hp":0,"atk":0,"def":0,"spa":252,"spd":4,"spe":252},"ivs":{"hp":31,"atk":30,"def":30,"spa":31,"spd":31,"spe":31}},{"name":"Salamence","species":"Salamence","item":"assaultvest","ability":"Intimidate","moves":["dracometeor","dragonclaw","flamethrower","earthquake"],"nature":"Hasty","evs":{"hp":0,"atk":252,"def":0,"spa":4,"spd":0,"spe":252},"ivs":{"hp":31,"atk":31,"def":31,"spa":31,"spd":31,"spe":31}},{"name":"Thundurus-Therian","species":"Thundurus-Therian","item":"lifeorb","ability":"Volt Absorb","moves":["bulkup","wildcharge","knockoff","superpower"],"nature":"Jolly","evs":{"hp":0,"atk":252,"def":0,"spa":0,"spd":4,"spe":252},"ivs":{"hp":31,"atk":31,"def":31,"spa":31,"spd":31,"spe":31}},{"name":"Moltres","species":"Moltres","item":"lifeorb","ability":"Pressure","moves":["defog","fireblast","hurricane","roost"],"nature":"Serious","evs":{"hp":4,"atk":0,"def":0,"spa":252,"spd":0,"spe":252},"ivs":{"hp":31,"atk":31,"def":31,"spa":31,"spd":31,"spe":31}}],"p2team":[{"name":"Thundurus","species":"Thundurus","item":"lifeorb","ability":"Prankster","moves":["taunt","thunderwave","thunderbolt","flashcannon"],"nature":"Timid","evs":{"hp":0,"atk":0,"def":0,"spa":252,"spd":4,"spe":252},"shiny":true,"ivs":{"hp":31,"atk":31,"def":31,"spa":31,"spd":31,"spe":31}},{"name":"Landorus","species":"Landorus","item":"lifeorb","ability":"Sheer Force","moves":["earthpower","sludgewave","psychic","stealthrock"],"nature":"Timid","evs":{"hp":0,"atk":0,"def":0,"spa":252,"spd":4,"spe":252},"ivs":{"hp":31,"atk":31,"def":31,"spa":31,"spd":31,"spe":31}},{"name":"Dragonite","species":"Dragonite","item":"weaknesspolicy","ability":"Multiscale","moves":["dragonclaw","dragondance","extremespeed","firepunch"],"nature":"Adamant","evs":{"hp":0,"atk":252,"def":0,"spa":0,"spd":4,"spe":252},"gender":"M","shiny":true,"ivs":{"hp":31,"atk":31,"def":31,"spa":31,"spd":31,"spe":31}},{"name":"Staraptor","species":"Staraptor","item":"choicescarf","ability":"Reckless","moves":["bravebird","closecombat","doubleedge","uturn"],"nature":"Jolly","evs":{"hp":0,"atk":252,"def":0,"spa":0,"spd":4,"spe":252},"ivs":{"hp":31,"atk":31,"def":31,"spa":31,"spd":31,"spe":31}},{"name":"Mandibuzz","species":"Mandibuzz","item":"leftovers","ability":"Overcoat","moves":["defog","foulplay","toxic","roost"],"nature":"Bold","evs":{"hp":252,"atk":0,"def":252,"spa":0,"spd":4,"spe":0},"shiny":true,"ivs":{"hp":31,"atk":31,"def":31,"spa":31,"spd":31,"spe":31}},{"name":"Pidgeot","species":"Pidgeot","item":"pidgeotite","ability":"Big Pecks","moves":["heatwave","hurricane","protect","hiddenpowerground"],"nature":"Timid","evs":{"hp":0,"atk":0,"def":0,"spa":252,"spd":4,"spe":252},"ivs":{"hp":31,"atk":31,"def":31,"spa":30,"spd":30,"spe":31}}],"log":["|player|p1|Knight Applejack|27","|player|p2|Apex Salamence|1","|gametype|singles","|gen|6","|tier|Monotype","|rated","|rule|Baton Pass Clause: Limit one Baton Passer, can't pass Spe and other stats simultaneously","|rule|Swagger Clause: Swagger is banned","|rule|Same Type Clause: Pokémon in a team must share a type","|clearpoke","|poke|p1|Landorus-Therian, M","|poke|p1|Aerodactyl, F","|poke|p1|Pidgeot, M","|poke|p1|Salamence, F","|poke|p1|Thundurus-Therian, M","|poke|p1|Moltres","|poke|p2|Thundurus, M, shiny","|poke|p2|Landorus, M","|poke|p2|Dragonite, M, shiny","|poke|p2|Staraptor, M","|poke|p2|Mandibuzz, F, shiny","|poke|p2|Pidgeot, M","|rule|Sleep Clause Mod: Limit one foe put to sleep","|rule|Species Clause: Limit one of each Pokémon","|rule|OHKO Clause: OHKO moves are banned","|rule|Moody Clause: Moody is banned","|rule|Evasion Moves Clause: Evasion moves are banned","|rule|Endless Battle Clause: Forcing endless battles is banned","|rule|HP Percentage Mod: HP is shown in percentages","|teampreview","|","|start","|switch|p1a: Aerodactyl|Aerodactyl, F|301/301","|switch|p2a: Thundurus|Thundurus, M, shiny|299/299","|turn|1","|","|move|p2a: Thundurus|Thunder Wave|p1a: Aerodactyl","|-status|p1a: Aerodactyl|par","|move|p1a: Aerodactyl|Stone Edge|p2a: Thundurus|[miss]","|-miss|p1a: Aerodactyl|p2a: Thundurus","|","|turn|2","|","|move|p2a: Thundurus|Thunderbolt|p1a: Aerodactyl","|-supereffective|p1a: Aerodactyl","|-enditem|p1a: Aerodactyl|Focus Sash","|-damage|p1a: Aerodactyl|1/301 par","|-damage|p2a: Thundurus|270/299|[from] item: Life Orb","|cant|p1a: Aerodactyl|par","|","|turn|3","|","|move|p2a: Thundurus|Flash Cannon|p1a: Aerodactyl","|-supereffective|p1a: Aerodactyl","|-damage|p1a: Aerodactyl|0 fnt","|-damage|p2a: Thundurus|241/299|[from] item: Life Orb","|faint|p1a: Aerodactyl","|","|","|switch|p1a: Landorus-Therian|Landorus-Therian, M|319/319","|-ability|p1a: Landorus-Therian|Intimidate","|-unboost|p2a: Thundurus|atk|1","|turn|4","|","|move|p2a: Thundurus|Taunt|p1a: Landorus-Therian","|-start|p1a: Landorus-Therian|move: Taunt","|move|p1a: Landorus-Therian|Stone Edge|p2a: Thundurus","|-supereffective|p2a: Thundurus","|-damage|p2a: Thundurus|0 fnt","|faint|p2a: Thundurus","|","|","|switch|p2a: Landorus|Landorus, M|319/319","|turn|5","|","|switch|p1a: Moltres|Moltres|322/322","|-ability|p1a: Moltres|Pressure","|move|p2a: Landorus|Stealth Rock|p1a: Moltres","|-sidestart|p1: Knight Applejack|move: Stealth Rock","|","|turn|6","|","|move|p2a: Landorus|Sludge Wave|p1a: Moltres","|-damage|p1a: Moltres|104/322","|move|p1a: Moltres|Defog|p2a: Landorus","|-unboost|p2a: Landorus|evasion|1","|-sideend|p1: Knight Applejack|Stealth Rock|[from] move: Defog|[of] p1a: Moltres","|","|turn|7","|","|move|p2a: Landorus|Psychic|p1a: Moltres","|-damage|p1a: Moltres|0 fnt","|faint|p1a: Moltres","|","|","|switch|p1a: Salamence|Salamence, F|331/331","|-ability|p1a: Salamence|Intimidate","|-unboost|p2a: Landorus|atk|1","|turn|8","|","|move|p2a: Landorus|Stealth Rock|p1a: Salamence","|-sidestart|p1: Knight Applejack|move: Stealth Rock","|move|p1a: Salamence|Dragon Claw|p2a: Landorus","|-damage|p2a: Landorus|159/319","|","|turn|9","|","|move|p2a: Landorus|Sludge Wave|p1a: Salamence","|-damage|p1a: Salamence|193/331","|move|p1a: Salamence|Dragon Claw|p2a: Landorus","|-damage|p2a: Landorus|0 fnt","|faint|p2a: Landorus","|","|","|switch|p2a: Dragonite|Dragonite, M, shiny|323/323","|turn|10","|","|move|p1a: Salamence|Flamethrower|p2a: Dragonite","|-resisted|p2a: Dragonite","|-damage|p2a: Dragonite|304/323","|-status|p2a: Dragonite|brn","|move|p2a: Dragonite|Dragon Dance|p2a: Dragonite","|-boost|p2a: Dragonite|atk|1","|-boost|p2a: Dragonite|spe|1","|","|-damage|p2a: Dragonite|264/323 brn|[from] brn","|turn|11","|","|move|p2a: Dragonite|Dragon Claw|p1a: Salamence","|-supereffective|p1a: Salamence","|-damage|p1a: Salamence|0 fnt","|faint|p1a: Salamence","|","|-damage|p2a: Dragonite|224/323 brn|[from] brn","|","|switch|p1a: Landorus-Therian|Landorus-Therian, M|319/319","|-damage|p1a: Landorus-Therian|280/319|[from] Stealth Rock","|-ability|p1a: Landorus-Therian|Intimidate","|-unboost|p2a: Dragonite|atk|1","|turn|12","|","|move|p2a: Dragonite|Extreme Speed|p1a: Landorus-Therian","|-damage|p1a: Landorus-Therian|226/319","|move|p1a: Landorus-Therian|Stone Edge|p2a: Dragonite|[miss]","|-miss|p1a: Landorus-Therian|p2a: Dragonite","|","|-damage|p2a: Dragonite|184/323 brn|[from] brn","|turn|13","|","|move|p1a: Landorus-Therian|Stone Edge|p2a: Dragonite","|-crit|p2a: Dragonite","|-supereffective|p2a: Dragonite","|-damage|p2a: Dragonite|0 fnt","|faint|p2a: Dragonite","|","|","|switch|p2a: Mandibuzz|Mandibuzz, F, shiny|424/424","|turn|14","|","|switch|p1a: Thundurus-Therian|Thundurus-Therian, M|299/299","|-damage|p1a: Thundurus-Therian|225/299|[from] Stealth Rock","|move|p2a: Mandibuzz|Foul Play|p1a: Thundurus-Therian","|-damage|p1a: Thundurus-Therian|35/299","|","|turn|15","|","|move|p1a: Thundurus-Therian|Wild Charge|p2a: Mandibuzz","|-supereffective|p2a: Mandibuzz","|-damage|p2a: Mandibuzz|180/424","|-damage|p1a: Thundurus-Therian|0 fnt|[from] recoil|[of] p2a: Mandibuzz","|faint|p1a: Thundurus-Therian","|move|p2a: Mandibuzz|Toxic|p1: Thundurus-Therian|[notarget]","|-notarget","|","|-heal|p2a: Mandibuzz|206/424|[from] item: Leftovers","|","|switch|p1a: Pidgeot|Pidgeot, M|307/307","|-damage|p1a: Pidgeot|231/307|[from] Stealth Rock","|turn|16","|","|detailschange|p1a: Pidgeot|Pidgeot-Mega, M","|-mega|p1a: Pidgeot|Pidgeot|Pidgeotite","|move|p1a: Pidgeot|Hurricane|p2a: Mandibuzz","|-damage|p2a: Mandibuzz|4/424","|move|p2a: Mandibuzz|Toxic|p1a: Pidgeot","|-status|p1a: Pidgeot|tox","|","|-heal|p2a: Mandibuzz|30/424|[from] item: Leftovers","|-damage|p1a: Pidgeot|212/307 tox|[from] psn","|turn|17","|","|move|p1a: Pidgeot|Hurricane|p2a: Mandibuzz","|-damage|p2a: Mandibuzz|0 fnt","|faint|p2a: Mandibuzz","|","|-damage|p1a: Pidgeot|174/307 tox|[from] psn","|","|switch|p2a: Staraptor|Staraptor, M|311/311","|turn|18","|","|move|p2a: Staraptor|Double-Edge|p1a: Pidgeot","|-damage|p1a: Pidgeot|0 fnt","|-damage|p2a: Staraptor|254/311|[from] recoil|[of] p1a: Pidgeot","|faint|p1a: Pidgeot","|","|","|switch|p1a: Landorus-Therian|Landorus-Therian, M|226/319","|-damage|p1a: Landorus-Therian|187/319|[from] Stealth Rock","|-ability|p1a: Landorus-Therian|Intimidate","|-unboost|p2a: Staraptor|atk|1","|turn|19","|","|move|p2a: Staraptor|Double-Edge|p1a: Landorus-Therian","|-damage|p1a: Landorus-Therian|13/319","|-damage|p2a: Staraptor|197/311|[from] recoil|[of] p1a: Landorus-Therian","|move|p1a: Landorus-Therian|Stone Edge|p2a: Staraptor","|-supereffective|p2a: Staraptor","|-damage|p2a: Staraptor|0 fnt","|faint|p2a: Staraptor","|","|","|switch|p2a: Pidgeot|Pidgeot, M|307/307","|turn|20","|","|move|p2a: Pidgeot|Protect|p2a: Pidgeot","|-singleturn|p2a: Pidgeot|Protect","|move|p1a: Landorus-Therian|Stone Edge|p2a: Pidgeot","|-activate|p2a: Pidgeot|Protect","|","|turn|21","|","|move|p1a: Landorus-Therian|Stone Edge|p2a: Pidgeot","|-supereffective|p2a: Pidgeot","|-damage|p2a: Pidgeot|0 fnt","|faint|p2a: Pidgeot","|","|win|Knight Applejack"],"p1rating":{"entryid":"323490","serverid":"eos","formatid":"monotype","userid":"knightapplejack","username":"Knight Applejack","w":4,"l":"6","t":"0","gxe":43.1,"r":"1500","rd":"130","sigma":"0","rptime":"1440234000","rpr":1445.9425778908,"rprd":87.347221511096,"rpsigma":"0","acre":1105.986168073,"lacre":1105.986168073,"oldacre":"1074.0282815981"},"p2rating":{"entryid":"1755","serverid":"eos","formatid":"monotype","userid":"apexsalamence","username":"Apex Salamence","w":"29","l":24,"t":"0","gxe":55.9,"r":"1564.2187828348","rd":"51.148676714321","sigma":"0","rptime":"1440234000","rpr":1544.7562984822,"rprd":47.758664349757,"rpsigma":"0","acre":1083.3360446612,"lacre":1083.3360446612,"oldacre":"1110.9853338233"},"endType":"normal"}