{"seed":[48127,2377,63508,36394],"turns":41,"p1":"LightOfAKnowing","p2":"Seven Swell","p1team":[{"name":"Exploud","species":"Exploud","item":"wiseglasses","ability":"Scrappy","moves":["boomburst","icebeam","flamethrower","shadowball"],"nature":"Modest","evs":{"hp":248,"atk":0,"def":0,"spa":252,"spd":8,"spe":0},"ivs":{"hp":31,"atk":31,"def":31,"spa":31,"spd":31,"spe":31}},{"name":"Chansey","species":"Chansey","item":"eviolite","ability":"Natural Cure","moves":["healbell","wish","toxic","seismictoss"],"nature":"Bold","evs":{"hp":248,"atk":0,"def":252,"spa":0,"spd":8,"spe":0},"ivs":{"hp":31,"atk":31,"def":31,"spa":31,"spd":31,"spe":31}},{"name":"Braviary","species":"Braviary","item":"choicescarf","ability":"Sheer Force","moves":["bravebird","rockslide","thrash","steelwing"],"nature":"Jolly","evs":{"hp":0,"atk":252,"def":0,"spa":0,"spd":4,"spe":252},"shiny":true,"ivs":{"hp":31,"atk":31,"def":31,"spa":31,"spd":31,"spe":31}},{"name":"Meloetta","species":"Meloetta","item":"assaultvest","ability":"Serene Grace","moves":["shadowball","psychic","energyball","hypervoice"],"nature":"Modest","evs":{"hp":248,"atk":0,"def":0,"spa":252,"spd":8,"spe":0},"ivs":{"hp":31,"atk":31,"def":31,"spa":31,"spd":31,"spe":31}},{"name":"Lopunny","species":"Lopunny","item":"lopunnite","ability":"Cute Charm","moves":["fakeout","drainpunch","frustration","icepunch"],"nature":"Jolly","evs":{"hp":0,"atk":252,"def":0,"spa":0,"spd":4,"spe":252},"happiness":0,"ivs":{"hp":31,"atk":31,"def":31,"spa":31,"spd":31,"spe":31}},{"name":"Bibarel","species":"Bibarel","item":"chestoberry","ability":"Simple","moves":["curse","superfang","waterfall","rest"],"nature":"Careful","evs":{"hp":248,"atk":8,"def":0,"spa":0,"spd":252,"spe":0},"ivs":{"hp":31,"atk":31,"def":31,"spa":31,"spd":31,"spe":31}}],"p2team":[{"name":"Mew","species":"Mew","item":"leftovers","ability":"Synchronize","moves":["roost","toxic","healbell","aurasphere"],"nature":"Calm","evs":{"hp":252,"atk":0,"def":0,"spa":4,"spd":252,"spe":0},"ivs":{"hp":31,"atk":0,"def":31,"spa":31,"spd":31,"spe":31}},{"name":"Slowbro","species":"Slowbro","item":"rockyhelmet","ability":"Regenerator","moves":["scald","yawn","flamethrower","slackoff"],"nature":"Bold","evs":{"hp":252,"atk":0,"def":252,"spa":4,"spd":0,"spe":0},"ivs":{"hp":31,"atk":0,"def":31,"spa":31,"spd":31,"spe":31}},{"name":"Deoxys-Speed","species":"Deoxys-Speed","item":"focussash","ability":"Pressure","moves":["stealthrock","thunderbolt","thunderwave","icebeam"],"nature":"Timid","evs":{"hp":252,"atk":0,"def":0,"spa":44,"spd":0,"spe":212},"ivs":{"hp":31,"atk":0,"def":31,"spa":31,"spd":31,"spe":31}},{"name":"Latias","species":"Latias","item":"leftovers","ability":"Levitate","moves":["dracometeor","psyshock","roost","defog"],"nature":"Timid","evs":{"hp":252,"atk":0,"def":0,"spa":4,"spd":0,"spe":252},"ivs":{"hp":31,"atk":0,"def":31,"spa":31,"spd":31,"spe":31}},{"name":"Hoopa-Unbound","species":"Hoopa-Unbound","item":"focussash","ability":"Magician","moves":["hyperspacefury","drainpunch","firepunch","gunkshot"],"nature":"Adamant","evs":{"hp":0,"atk":252,"def":0,"spa":0,"spd":4,"spe":252},"ivs":{"hp":31,"atk":31,"def":31,"spa":31,"spd":31,"spe":31}},{"name":"Gardevoir","species":"Gardevoir","item":"gardevoirite","ability":"Trace","moves":["hypervoice","psyshock","shadowball","taunt"],"nature":"Timid","evs":{"hp":0,"atk":0,"def":0,"spa":252,"spd":4,"spe":252},"ivs":{"hp":31,"atk":0,"def":31,"spa":31,"spd":31,"spe":31}}],"log":["|player|p1|LightOfAKnowing|lightofaknowing.gif","|player|p2|Seven Swell|sevenswell.png","|gametype|singles","|gen|6","|tier|Monotype","|rated","|rule|Baton Pass Clause: Limit one Baton Passer, can't pass Spe and other stats simultaneously","|rule|Swagger Clause: Swagger is banned","|rule|Same Type Clause: Pokémon in a team must share a type","|clearpoke","|poke|p1|Exploud, F","|poke|p1|Chansey, F","|poke|p1|Braviary, M, shiny","|poke|p1|Meloetta","|poke|p1|Lopunny, M","|poke|p1|Bibarel, F","|poke|p2|Mew","|poke|p2|Slowbro, F","|poke|p2|Deoxys-Speed","|poke|p2|Latias, F","|poke|p2|Hoopa-Unbound","|poke|p2|Gardevoir, F","|rule|Sleep Clause Mod: Limit one foe put to sleep","|rule|Species Clause: Limit one of each Pokémon","|rule|OHKO Clause: OHKO moves are banned","|rule|Moody Clause: Moody is banned","|rule|Evasion Moves Clause: Evasion moves are banned","|rule|Endless Battle Clause: Forcing endless battles is banned","|rule|HP Percentage Mod: HP is shown in percentages","|teampreview","|","|start","|switch|p1a: Braviary|Braviary, M, shiny|341/341","|switch|p2a: Gardevoir|Gardevoir, F|277/277","|-ability|p2a: Gardevoir|Sheer Force|[from] ability: Trace|[of] p1a: Braviary","|turn|1","|","|switch|p2a: Slowbro|Slowbro, F|394/394","|move|p1a: Braviary|Thrash|p2a: Slowbro","|-damage|p2a: Slowbro|243/394","|-damage|p1a: Braviary|285/341|[from] item: Rocky Helmet|[of] p2a: Slowbro","|","|turn|2","|","|move|p1a: Braviary|Thrash|p2a: Slowbro|[from]lockedmove","|-damage|p2a: Slowbro|116/394","|-damage|p1a: Braviary|229/341|[from] item: Rocky Helmet|[of] p2a: Slowbro","|-start|p1a: Braviary|confusion|[fatigue]","|move|p2a: Slowbro|Slack Off|p2a: Slowbro","|-heal|p2a: Slowbro|313/394","|","|turn|3","|","|switch|p1a: Meloetta|Meloetta|403/403","|move|p2a: Slowbro|Scald|p1a: Meloetta","|-damage|p1a: Meloetta|352/403","|","|turn|4","|","|switch|p2a: Mew|Mew|404/404","|move|p1a: Meloetta|Shadow Ball|p2a: Mew","|-supereffective|p2a: Mew","|-damage|p2a: Mew|264/404","|-unboost|p2a: Mew|spd|1","|","|-heal|p2a: Mew|289/404|[from] item: Leftovers","|turn|5","|","|move|p2a: Mew|Toxic|p1a: Meloetta","|-status|p1a: Meloetta|tox","|move|p1a: Meloetta|Shadow Ball|p2a: Mew","|-supereffective|p2a: Mew","|-damage|p2a: Mew|81/404","|","|-heal|p2a: Mew|106/404|[from] item: Leftovers","|-damage|p1a: Meloetta|327/403 tox|[from] psn","|turn|6","|","|move|p2a: Mew|Roost|p2a: Mew","|-heal|p2a: Mew|308/404","|move|p1a: Meloetta|Shadow Ball|p2a: Mew","|-supereffective|p2a: Mew","|-damage|p2a: Mew|78/404","|-unboost|p2a: Mew|spd|1","|","|-heal|p2a: Mew|103/404|[from] item: Leftovers","|-damage|p1a: Meloetta|277/403 tox|[from] psn","|turn|7","|","|switch|p2a: Latias|Latias, F|364/364","|move|p1a: Meloetta|Shadow Ball|p2a: Latias","|-supereffective|p2a: Latias","|-damage|p2a: Latias|208/364","|-unboost|p2a: Latias|spd|1","|","|-heal|p2a: Latias|230/364|[from] item: Leftovers","|-damage|p1a: Meloetta|202/403 tox|[from] psn","|turn|8","|","|switch|p1a: Chansey|Chansey, F|703/703","|move|p2a: Latias|Draco Meteor|p1a: Chansey|[miss]","|-miss|p2a: Latias|p1a: Chansey","|","|-heal|p2a: Latias|252/364|[from] item: Leftovers","|turn|9","|","|switch|p2a: Mew|Mew|103/404","|move|p1a: Chansey|Heal Bell|p1a: Chansey","|-cureteam|p1a: Chansey|[from] move: HealBell","|","|-heal|p2a: Mew|128/404|[from] item: Leftovers","|turn|10","|","|move|p2a: Mew|Roost|p2a: Mew","|-heal|p2a: Mew|330/404","|move|p1a: Chansey|Wish|p1a: Chansey","|","|-heal|p2a: Mew|355/404|[from] item: Leftovers","|turn|11","|","|move|p2a: Mew|Toxic|p1a: Chansey","|-status|p1a: Chansey|tox","|move|p1a: Chansey|Toxic|p2a: Mew","|-status|p2a: Mew|tox","|","|-heal|p2a: Mew|380/404 tox|[from] item: Leftovers","|-damage|p2a: Mew|355/404 tox|[from] psn","|-damage|p1a: Chansey|660/703 tox|[from] psn","|turn|12","|","|move|p2a: Mew|Heal Bell|p2a: Mew","|-cureteam|p2a: Mew|[from] move: HealBell","|move|p1a: Chansey|Heal Bell|p1a: Chansey","|-cureteam|p1a: Chansey|[from] move: HealBell","|","|-heal|p2a: Mew|380/404|[from] item: Leftovers","|turn|13","|","|move|p2a: Mew|Aura Sphere|p1a: Chansey","|-supereffective|p1a: Chansey","|-damage|p1a: Chansey|582/703","|move|p1a: Chansey|Seismic Toss|p2a: Mew","|-damage|p2a: Mew|280/404","|","|-heal|p2a: Mew|305/404|[from] item: Leftovers","|turn|14","|","|switch|p2a: Gardevoir|Gardevoir, F|277/277","|-ability|p2a: Gardevoir|Natural Cure|[from] ability: Trace|[of] p1a: Chansey","|move|p1a: Chansey|Seismic Toss|p2a: Gardevoir","|-damage|p2a: Gardevoir|177/277","|","|turn|15","|","|detailschange|p2a: Gardevoir|Gardevoir-Mega, F","|-mega|p2a: Gardevoir|Gardevoir|Gardevoirite","|move|p2a: Gardevoir|Psyshock|p1a: Chansey","|-damage|p1a: Chansey|356/703","|move|p1a: Chansey|Toxic|p2a: Gardevoir","|-status|p2a: Gardevoir|tox","|","|-damage|p2a: Gardevoir|160/277 tox|[from] psn","|turn|16","|","|move|p2a: Gardevoir|Taunt|p1a: Chansey","|-start|p1a: Chansey|move: Taunt","|cant|p1a: Chansey|move: Taunt|Wish","|","|-damage|p2a: Gardevoir|126/277 tox|[from] psn","|turn|17","|","|move|p2a: Gardevoir|Psyshock|p1a: Chansey","|-damage|p1a: Chansey|115/703","|move|p1a: Chansey|Seismic Toss|p2a: Gardevoir","|-damage|p2a: Gardevoir|26/277 tox","|","|-damage|p2a: Gardevoir|0 fnt|[from] psn","|faint|p2a: Gardevoir","|","|switch|p2a: Hoopa-Unbound|Hoopa-Unbound|301/301","|turn|18","|","|move|p2a: Hoopa-Unbound|Drain Punch|p1a: Chansey","|-supereffective|p1a: Chansey","|-damage|p1a: Chansey|0 fnt","|faint|p1a: Chansey","|","|","|switch|p1a: Lopunny|Lopunny, M|271/271","|turn|19","|","|switch|p2a: Slowbro|Slowbro, F|394/394","|detailschange|p1a: Lopunny|Lopunny-Mega, M","|-mega|p1a: Lopunny|Lopunny|Lopunnite","|move|p1a: Lopunny|Fake Out|p2a: Slowbro","|-damage|p2a: Slowbro|343/394","|-damage|p1a: Lopunny|226/271|[from] item: Rocky Helmet|[of] p2a: Slowbro","|","|turn|20","|","|switch|p1a: Exploud|Exploud, F|411/411","|move|p2a: Slowbro|Scald|p1a: Exploud","|-damage|p1a: Exploud|281/411","|","|turn|21","|","|switch|p2a: Latias|Latias, F|252/364","|move|p1a: Exploud|Boomburst|p2a: Latias","|-damage|p2a: Latias|71/364","|","|-heal|p2a: Latias|93/364|[from] item: Leftovers","|turn|22","|","|switch|p1a: Bibarel|Bibarel, F|361/361","|move|p2a: Latias|Draco Meteor|p1a: Bibarel","|-damage|p1a: Bibarel|204/361","|-unboost|p2a: Latias|spa|2","|","|-heal|p2a: Latias|115/364|[from] item: Leftovers","|turn|23","|","|move|p2a: Latias|Roost|p2a: Latias","|-heal|p2a: Latias|297/364","|move|p1a: Bibarel|Curse|p1a: Bibarel","|-unboost|p1a: Bibarel|spe|2","|-boost|p1a: Bibarel|atk|2","|-boost|p1a: Bibarel|def|2","|","|-heal|p2a: Latias|319/364|[from] item: Leftovers","|turn|24","|","|switch|p2a: Slowbro|Slowbro, F|394/394","|move|p1a: Bibarel|Rest|p1a: Bibarel","|-status|p1a: Bibarel|slp","|-heal|p1a: Bibarel|361/361 slp|[silent]","|-status|p1a: Bibarel|slp|[from] move: Rest","|-enditem|p1a: Bibarel|Chesto Berry|[eat]","|-curestatus|p1a: Bibarel|slp","|","|turn|25","|","|move|p2a: Slowbro|Yawn|p1a: Bibarel","|-start|p1a: Bibarel|move: Yawn|[of] p2a: Slowbro","|move|p1a: Bibarel|Super Fang|p2a: Slowbro","|-damage|p2a: Slowbro|197/394","|-damage|p1a: Bibarel|301/361|[from] item: Rocky Helmet|[of] p2a: Slowbro","|","|turn|26","|","|switch|p1a: Meloetta|Meloetta|202/403","|move|p2a: Slowbro|Slack Off|p2a: Slowbro","|-heal|p2a: Slowbro|394/394","|","|turn|27","|","|switch|p2a: Latias|Latias, F|319/364","|move|p1a: Meloetta|Shadow Ball|p2a: Latias","|-supereffective|p2a: Latias","|-damage|p2a: Latias|157/364","|","|-heal|p2a: Latias|179/364|[from] item: Leftovers","|turn|28","|","|switch|p1a: Lopunny|Lopunny-Mega, M|226/271","|move|p2a: Latias|Psyshock|p1a: Lopunny","|-crit|p1a: Lopunny","|-supereffective|p1a: Lopunny","|-damage|p1a: Lopunny|0 fnt","|faint|p1a: Lopunny","|","|-heal|p2a: Latias|201/364|[from] item: Leftovers","|","|switch|p1a: Exploud|Exploud, F|281/411","|turn|29","|","|move|p2a: Latias|Roost|p2a: Latias","|-heal|p2a: Latias|364/364","|move|p1a: Exploud|Ice Beam|p2a: Latias","|-supereffective|p2a: Latias","|-damage|p2a: Latias|202/364","|","|-heal|p2a: Latias|224/364|[from] item: Leftovers","|turn|30","|","|move|p2a: Latias|Psyshock|p1a: Exploud","|-damage|p1a: Exploud|142/411","|move|p1a: Exploud|Ice Beam|p2a: Latias","|-supereffective|p2a: Latias","|-damage|p2a: Latias|48/364","|-status|p2a: Latias|frz","|","|-heal|p2a: Latias|70/364 frz|[from] item: Leftovers","|turn|31","|","|cant|p2a: Latias|frz","|move|p1a: Exploud|Boomburst|p2a: Latias","|-damage|p2a: Latias|0 fnt","|faint|p2a: Latias","|","|","|switch|p2a: Hoopa-Unbound|Hoopa-Unbound|301/301","|turn|32","|","|move|p2a: Hoopa-Unbound|Drain Punch|p1a: Exploud","|-supereffective|p1a: Exploud","|-damage|p1a: Exploud|0 fnt","|faint|p1a: Exploud","|","|","|switch|p1a: Bibarel|Bibarel, F|301/361","|turn|33","|","|move|p2a: Hoopa-Unbound|Drain Punch|p1a: Bibarel","|-supereffective|p1a: Bibarel","|-damage|p1a: Bibarel|0 fnt","|faint|p1a: Bibarel","|","|","|switch|p1a: Braviary|Braviary, M, shiny|229/341","|turn|34","|","|switch|p2a: Slowbro|Slowbro, F|394/394","|move|p1a: Braviary|Thrash|p2a: Slowbro","|-crit|p2a: Slowbro","|-damage|p2a: Slowbro|168/394","|-damage|p1a: Braviary|173/341|[from] item: Rocky Helmet|[of] p2a: Slowbro","|","|turn|35","|","|move|p1a: Braviary|Thrash|p2a: Slowbro|[from]lockedmove","|-damage|p2a: Slowbro|35/394","|-damage|p1a: Braviary|117/341|[from] item: Rocky Helmet|[of] p2a: Slowbro","|move|p2a: Slowbro|Slack Off|p2a: Slowbro","|-heal|p2a: Slowbro|232/394","|","|turn|36","|","|move|p1a: Braviary|Thrash|p2a: Slowbro|[from]lockedmove","|-damage|p2a: Slowbro|87/394","|-damage|p1a: Braviary|61/341|[from] item: Rocky Helmet|[of] p2a: Slowbro","|-start|p1a: Braviary|confusion|[fatigue]","|move|p2a: Slowbro|Slack Off|p2a: Slowbro","|-heal|p2a: Slowbro|284/394","|","|turn|37","|","|switch|p1a: Meloetta|Meloetta|202/403","|move|p2a: Slowbro|Yawn|p1a: Meloetta","|-start|p1a: Meloetta|move: Yawn|[of] p2a: Slowbro","|","|turn|38","|","|switch|p2a: Deoxys-Speed|Deoxys-Speed|304/304","|-ability|p2a: Deoxys-Speed|Pressure","|move|p1a: Meloetta|Shadow Ball|p2a: Deoxys-Speed","|-supereffective|p2a: Deoxys-Speed","|-damage|p2a: Deoxys-Speed|64/304","|","|-end|p1a: Meloetta|move: Yawn|[silent]","|-status|p1a: Meloetta|slp","|turn|39","|","|move|p2a: Deoxys-Speed|Stealth Rock|p1a: Meloetta","|-sidestart|p1: LightOfAKnowing|move: Stealth Rock","|cant|p1a: Meloetta|slp","|","|turn|40","|","|move|p2a: Deoxys-Speed|Thunderbolt|p1a: Meloetta","|-damage|p1a: Meloetta|166/403 slp","|-curestatus|p1a: Meloetta|slp","|move|p1a: Meloetta|Shadow Ball|p2a: Deoxys-Speed","|-supereffective|p2a: Deoxys-Speed","|-damage|p2a: Deoxys-Speed|0 fnt","|faint|p2a: Deoxys-Speed","|","|","|switch|p2a: Hoopa-Unbound|Hoopa-Unbound|301/301","|turn|41","|","|move|p2a: Hoopa-Unbound|Hyperspace Fury|p1a: Meloetta","|-supereffective|p1a: Meloetta","|-damage|p1a: Meloetta|0 fnt","|-unboost|p2a: Hoopa-Unbound|def|1","|faint|p1a: Meloetta","|","|","|switch|p1a: Braviary|Braviary, M, shiny|61/341","|-damage|p1a: Braviary|0 fnt|[from] Stealth Rock","|faint|p1a: Braviary","|","|win|Seven Swell"],"p1rating":{"entryid":"386","serverid":"eos","formatid":"monotype","userid":"lightofaknowing","username":"LightOfAKnowing","w":"14","l":24,"t":"0","gxe":40.4,"r":"1419.9952408759","rd":"58.070774011908","sigma":"0","rptime":"1440320400","rpr":1425.859112247,"rprd":56.835046734238,"rpsigma":"0","acre":1085.3052341013,"lacre":1085.3052341013,"oldacre":"1098.3856076075"},"p2rating":{"entryid":"86214","serverid":"eos","formatid":"monotype","userid":"sevenswell","username":"Seven Swell","w":38,"l":"13","t":"0","gxe":71.8,"r":"1674.9231258289","rd":"52.257078854739","sigma":"0","rptime":"1440320400","rpr":1677.092730539,"rprd":50.606684309051,"rpsigma":"0","acre":1289.5548451426,"lacre":1289.5548451426,"oldacre":"1276.3465312274"},"endType":"normal"}