{"seed":[46019,15046,24869,8808],"turns":20,"p1":"Shining Yin","p2":"BagelBeagle","p1team":[{"name":"Chansey","species":"Chansey","item":"eviolite","ability":"Natural Cure","moves":["thunderwave","softboiled","seismictoss","stealthrock"],"nature":"Bold","evs":{"hp":0,"atk":0,"def":252,"spa":0,"spd":252,"spe":4},"ivs":{"hp":31,"atk":0,"def":31,"spa":31,"spd":31,"spe":31}},{"name":"Porygon2","species":"Porygon2","item":"eviolite","ability":"Download","moves":["icebeam","discharge","recover","toxic"],"nature":"Calm","evs":{"hp":248,"atk":0,"def":204,"spa":0,"spd":56,"spe":0},"ivs":{"hp":31,"atk":0,"def":31,"spa":31,"spd":31,"spe":31}},{"name":"Pidgeot","species":"Pidgeot","item":"pidgeotite","ability":"Keen Eye","moves":["hurricane","heatwave","defog","roost"],"nature":"Timid","evs":{"hp":0,"atk":0,"def":0,"spa":252,"spd":4,"spe":252},"ivs":{"hp":31,"atk":0,"def":31,"spa":31,"spd":31,"spe":31}},{"name":"Staraptor","species":"Staraptor","item":"choicescarf","ability":"Reckless","moves":["bravebird","uturn","doubleedge","closecombat"],"nature":"Jolly","evs":{"hp":0,"atk":252,"def":0,"spa":0,"spd":4,"spe":252},"ivs":{"hp":31,"atk":31,"def":31,"spa":31,"spd":31,"spe":31}},{"name":"Diggersby","species":"Diggersby","item":"choiceband","ability":"Huge Power","moves":["return","earthquake","knockoff","quickattack"],"nature":"Jolly","evs":{"hp":0,"atk":252,"def":0,"spa":0,"spd":4,"spe":252},"ivs":{"hp":31,"atk":31,"def":31,"spa":31,"spd":31,"spe":31}},{"name":"Heliolisk","species":"Heliolisk","item":"lifeorb","ability":"Dry Skin","moves":["grassknot","thunderbolt","surf","voltswitch"],"nature":"Timid","evs":{"hp":0,"atk":0,"def":0,"spa":252,"spd":4,"spe":252},"ivs":{"hp":31,"atk":0,"def":31,"spa":31,"spd":31,"spe":31}}],"p2team":[{"name":"Obamasnow Care","species":"abomasnow","item":"icyrock","ability":"Snow Warning","moves":["blizzard","iceshard","woodhammer","rockslide"],"nature":"Lonely","evs":{"hp":248,"atk":252,"def":0,"spa":8,"spd":0,"spe":0},"shiny":true,"ivs":{"hp":31,"atk":31,"def":31,"spa":31,"spd":31,"spe":31}},{"name":"Prof. Walrus","species":"walrein","item":"leftovers","ability":"Thick Fat","moves":["blizzard","surf","encore","toxic"],"nature":"Calm","evs":{"hp":252,"atk":0,"def":0,"spa":4,"spd":252,"spe":0},"shiny":true,"ivs":{"hp":31,"atk":31,"def":31,"spa":31,"spd":31,"spe":31}},{"name":"Frail-Ass Pax","species":"weavile","item":"focussash","ability":"Pickpocket","moves":["swordsdance","pursuit","fakeout","iciclecrash"],"nature":"Jolly","evs":{"hp":0,"atk":252,"def":0,"spa":0,"spd":4,"spe":252},"shiny":true,"ivs":{"hp":31,"atk":31,"def":31,"spa":31,"spd":31,"spe":31}},{"name":"Steroids Kids.","species":"kyuremblack","item":"choiceband","ability":"Teravolt","moves":["outrage","ironhead","rockslide","shadowclaw"],"nature":"Adamant","evs":{"hp":248,"atk":252,"def":0,"spa":0,"spd":8,"spe":0},"shiny":true,"ivs":{"hp":31,"atk":31,"def":31,"spa":31,"spd":31,"spe":31}},{"name":"The Dank 9000","species":"mamoswine","item":"choicescarf","ability":"Thick Fat","moves":["earthquake","iciclecrash","stoneedge","superpower"],"nature":"Jolly","evs":{"hp":0,"atk":252,"def":0,"spa":0,"spd":4,"spe":252},"shiny":true,"ivs":{"hp":31,"atk":31,"def":31,"spa":31,"spd":31,"spe":31}},{"name":"Frost Ass","species":"froslass","item":"focussash","ability":"Snow Cloak","moves":["destinybond","spikes","blizzard","shadowball"],"nature":"Timid","evs":{"hp":0,"atk":0,"def":0,"spa":252,"spd":4,"spe":252},"ivs":{"hp":31,"atk":31,"def":31,"spa":31,"spd":31,"spe":31}}],"log":["|player|p1|Shining Yin|277","|player|p2|BagelBeagle|52","|gametype|singles","|gen|6","|tier|Monotype","|rated","|rule|Baton Pass Clause: Limit one Baton Passer, can't pass Spe and other stats simultaneously","|rule|Swagger Clause: Swagger is banned","|rule|Same Type Clause: Pokémon in a team must share a type","|clearpoke","|poke|p1|Chansey, F","|poke|p1|Porygon2","|poke|p1|Pidgeot, F","|poke|p1|Staraptor, F","|poke|p1|Diggersby, M","|poke|p1|Heliolisk, F","|poke|p2|Abomasnow, F, shiny","|poke|p2|Walrein, F, shiny","|poke|p2|Weavile, F, shiny","|poke|p2|Kyurem-Black, shiny","|poke|p2|Mamoswine, F, shiny","|poke|p2|Froslass, F","|rule|Sleep Clause Mod: Limit one foe put to sleep","|rule|Species Clause: Limit one of each Pokémon","|rule|OHKO Clause: OHKO moves are banned","|rule|Moody Clause: Moody is banned","|rule|Evasion Moves Clause: Evasion moves are banned","|rule|Endless Battle Clause: Forcing endless battles is banned","|rule|HP Percentage Mod: HP is shown in percentages","|teampreview","|","|start","|switch|p1a: Staraptor|Staraptor, F|311/311","|switch|p2a: Obamasnow Care|Abomasnow, F, shiny|383/383","|-weather|Hail","|turn|1","|","|switch|p1a: Chansey|Chansey, F|641/641","|move|p2a: Obamasnow Care|Ice Shard|p1a: Chansey","|-damage|p1a: Chansey|556/641","|","|-weather|Hail|[upkeep]","|-damage|p1a: Chansey|516/641|[from] hail","|turn|2","|","|move|p2a: Obamasnow Care|Wood Hammer|p1a: Chansey","|-damage|p1a: Chansey|252/641","|-damage|p2a: Obamasnow Care|296/383|[from] recoil|[of] p1a: Chansey","|move|p1a: Chansey|Stealth Rock|p2a: Obamasnow Care","|-sidestart|p2: BagelBeagle|move: Stealth Rock","|","|-weather|Hail|[upkeep]","|-damage|p1a: Chansey|212/641|[from] hail","|turn|3","|","|switch|p1a: Porygon2|Porygon2|373/373","|-boost|p1a: Porygon2|atk|1|[from] ability: Download","|move|p2a: Obamasnow Care|Wood Hammer|p1a: Porygon2","|-damage|p1a: Porygon2|259/373","|-damage|p2a: Obamasnow Care|258/383|[from] recoil|[of] p1a: Porygon2","|","|-weather|Hail|[upkeep]","|-damage|p1a: Porygon2|236/373|[from] hail","|turn|4","|","|move|p1a: Porygon2|Recover|p1a: Porygon2","|-heal|p1a: Porygon2|373/373","|move|p2a: Obamasnow Care|Blizzard|p1a: Porygon2","|-damage|p1a: Porygon2|306/373","|","|-weather|Hail|[upkeep]","|-damage|p1a: Porygon2|283/373|[from] hail","|turn|5","|","|switch|p2a: The Dank 9000|Mamoswine, F, shiny|361/361","|-damage|p2a: The Dank 9000|316/361|[from] Stealth Rock","|move|p1a: Porygon2|Toxic|p2a: The Dank 9000","|-status|p2a: The Dank 9000|tox","|","|-weather|Hail|[upkeep]","|-damage|p1a: Porygon2|260/373|[from] hail","|-damage|p2a: The Dank 9000|294/361 tox|[from] psn","|turn|6","|","|move|p2a: The Dank 9000|Superpower|p1a: Porygon2","|-crit|p1a: Porygon2","|-supereffective|p1a: Porygon2","|-damage|p1a: Porygon2|4/373","|-unboost|p2a: The Dank 9000|atk|1","|-unboost|p2a: The Dank 9000|def|1","|move|p1a: Porygon2|Recover|p1a: Porygon2","|-heal|p1a: Porygon2|191/373","|","|-weather|Hail|[upkeep]","|-damage|p1a: Porygon2|168/373|[from] hail","|-damage|p2a: The Dank 9000|250/361 tox|[from] psn","|turn|7","|","|switch|p2a: Frail-Ass Pax|Weavile, F, shiny|281/281","|-damage|p2a: Frail-Ass Pax|211/281|[from] Stealth Rock","|switch|p1a: Chansey|Chansey, F|212/641","|","|-weather|Hail|[upkeep]","|-damage|p1a: Chansey|172/641|[from] hail","|turn|8","|","|move|p2a: Frail-Ass Pax|Swords Dance|p2a: Frail-Ass Pax","|-boost|p2a: Frail-Ass Pax|atk|2","|move|p1a: Chansey|Thunder Wave|p2a: Frail-Ass Pax","|-status|p2a: Frail-Ass Pax|par","|","|-weather|none","|turn|9","|","|move|p1a: Chansey|Seismic Toss|p2a: Frail-Ass Pax","|-damage|p2a: Frail-Ass Pax|111/281 par","|move|p2a: Frail-Ass Pax|Icicle Crash|p1a: Chansey","|-crit|p1a: Chansey","|-damage|p1a: Chansey|0 fnt","|faint|p1a: Chansey","|","|","|switch|p1a: Heliolisk|Heliolisk, F|265/265","|turn|10","|","|move|p1a: Heliolisk|Surf|p2a: Frail-Ass Pax","|-damage|p2a: Frail-Ass Pax|0 fnt","|-damage|p1a: Heliolisk|239/265|[from] item: Life Orb","|faint|p2a: Frail-Ass Pax","|","|","|switch|p2a: Obamasnow Care|Abomasnow, F, shiny|258/383","|-damage|p2a: Obamasnow Care|163/383|[from] Stealth Rock","|-weather|Hail","|turn|11","|","|move|p1a: Heliolisk|Volt Switch|p2a: Obamasnow Care","|-resisted|p2a: Obamasnow Care","|-damage|p2a: Obamasnow Care|81/383","|-damage|p1a: Heliolisk|213/265|[from] item: Life Orb","|","|switch|p1a: Porygon2|Porygon2|168/373","|-boost|p1a: Porygon2|atk|1|[from] ability: Download","|move|p2a: Obamasnow Care|Blizzard|p1a: Porygon2","|-damage|p1a: Porygon2|99/373","|-status|p1a: Porygon2|frz","|","|-weather|Hail|[upkeep]","|-damage|p1a: Porygon2|76/373 frz|[from] hail","|turn|12","|","|move|p2a: Obamasnow Care|Wood Hammer|p1a: Porygon2","|-damage|p1a: Porygon2|0 fnt","|-damage|p2a: Obamasnow Care|56/383|[from] recoil|[of] p1a: Porygon2","|faint|p1a: Porygon2","|","|-weather|Hail|[upkeep]","|","|switch|p1a: Diggersby|Diggersby, M|311/311","|turn|13","|","|move|p1a: Diggersby|Quick Attack|p2a: Obamasnow Care","|-crit|p2a: Obamasnow Care","|-damage|p2a: Obamasnow Care|0 fnt","|faint|p2a: Obamasnow Care","|","|-weather|Hail|[upkeep]","|-damage|p1a: Diggersby|292/311|[from] hail","|","|switch|p2a: Frost Ass|Froslass, F|281/281","|-damage|p2a: Frost Ass|211/281|[from] Stealth Rock","|turn|14","|","|switch|p1a: Heliolisk|Heliolisk, F|213/265","|move|p2a: Frost Ass|Destiny Bond|p2a: Frost Ass","|-singlemove|p2a: Frost Ass|Destiny Bond","|","|-weather|Hail|[upkeep]","|-damage|p1a: Heliolisk|197/265|[from] hail","|turn|15","|","|move|p2a: Frost Ass|Destiny Bond|p2a: Frost Ass","|-singlemove|p2a: Frost Ass|Destiny Bond","|move|p1a: Heliolisk|Surf|p2a: Frost Ass","|-damage|p2a: Frost Ass|33/281","|-damage|p1a: Heliolisk|171/265|[from] item: Life Orb","|","|-weather|Hail|[upkeep]","|-damage|p1a: Heliolisk|155/265|[from] hail","|turn|16","|","|move|p2a: Frost Ass|Blizzard|p1a: Heliolisk","|-damage|p1a: Heliolisk|10/265","|-status|p1a: Heliolisk|frz","|cant|p1a: Heliolisk|frz","|","|-weather|Hail|[upkeep]","|-damage|p1a: Heliolisk|0 fnt|[from] hail","|faint|p1a: Heliolisk","|","|switch|p1a: Pidgeot|Pidgeot, F|307/307","|turn|17","|","|detailschange|p1a: Pidgeot|Pidgeot-Mega, F","|-mega|p1a: Pidgeot|Pidgeot|Pidgeotite","|move|p2a: Frost Ass|Destiny Bond|p2a: Frost Ass","|-singlemove|p2a: Frost Ass|Destiny Bond","|move|p1a: Pidgeot|Heat Wave|p2a: Frost Ass","|-supereffective|p2a: Frost Ass","|-damage|p2a: Frost Ass|0 fnt","|faint|p2a: Frost Ass","|-activate|p2a: Frost Ass|Destiny Bond","|faint|p1a: Pidgeot","|","|-weather|Hail|[upkeep]","|","|switch|p1a: Staraptor|Staraptor, F|311/311","|switch|p2a: Prof. Walrus|Walrein, F, shiny|424/424","|-damage|p2a: Prof. Walrus|318/424|[from] Stealth Rock","|turn|18","|","|move|p1a: Staraptor|Close Combat|p2a: Prof. Walrus","|-supereffective|p2a: Prof. Walrus","|-damage|p2a: Prof. Walrus|34/424","|-unboost|p1a: Staraptor|def|1","|-unboost|p1a: Staraptor|spd|1","|move|p2a: Prof. Walrus|Blizzard|p1a: Staraptor","|-supereffective|p1a: Staraptor","|-damage|p1a: Staraptor|0 fnt","|faint|p1a: Staraptor","|","|-weather|none","|-heal|p2a: Prof. Walrus|60/424|[from] item: Leftovers","|","|switch|p1a: Diggersby|Diggersby, M|292/311","|turn|19","|","|move|p1a: Diggersby|Quick Attack|p2a: Prof. Walrus","|-damage|p2a: Prof. Walrus|0 fnt","|faint|p2a: Prof. Walrus","|","|","|switch|p2a: Steroids Kids.|Kyurem-Black, shiny|453/453","|-damage|p2a: Steroids Kids.|340/453|[from] Stealth Rock","|-ability|p2a: Steroids Kids.|Teravolt","|turn|20","|","|move|p1a: Diggersby|Quick Attack|p2a: Steroids Kids.","|-damage|p2a: Steroids Kids.|223/453","|move|p2a: Steroids Kids.|Outrage|p1a: Diggersby","|-crit|p1a: Diggersby","|-damage|p1a: Diggersby|0 fnt","|faint|p1a: Diggersby","|","|win|BagelBeagle"],"p1rating":{"entryid":"71235","serverid":"eos","formatid":"monotype","userid":"shiningyin","username":"Shining Yin","w":"55","l":29,"t":"0","gxe":63.1,"r":"1592.048577857","rd":"44.744883176766","sigma":"0","rptime":"1440320400","rpr":1601.3722672314,"rprd":40.538294339991,"rpsigma":"0","acre":1141.3772153726,"lacre":1141.3772153726,"oldacre":"1172.768401295"},"p2rating":{"entryid":"162238","serverid":"eos","formatid":"monotype","userid":"bagelbeagle","username":"BagelBeagle","w":4,"l":"5","t":"0","gxe":48.2,"r":"1419.6935095309","rd":"103.62589879066","sigma":"0","rptime":"1440320400","rpr":1485.6677849428,"rprd":90.815811760217,"rpsigma":"0","acre":1116.7268834339,"lacre":1116.7268834339,"oldacre":"1081.9327907666"},"endType":"normal"}