{"seed":[11751,42200,27300,4634],"turns":27,"p1":"GTX♅Bzumzum","p2":"GL ♅ JGT","p1team":[{"name":"Thorns","species":"ferrothorn","item":"leftovers","ability":"Iron Barbs","moves":["stealthrock","gyroball","leechseed","protect"],"nature":"Jolly","evs":{"hp":128,"atk":100,"def":116,"spa":0,"spd":120,"spe":44},"gender":"M","ivs":{"hp":31,"atk":31,"def":31,"spa":31,"spd":31,"spe":0}},{"name":"Brawloom","species":"breloom","item":"focussash","ability":"Technician","moves":["bulletseed","forcepalm","machpunch","spore"],"nature":"Jolly","evs":{"hp":4,"atk":252,"def":0,"spa":0,"spd":0,"spe":252},"gender":"M","shiny":true,"ivs":{"hp":31,"atk":31,"def":31,"spa":31,"spd":31,"spe":31}},{"name":"Celebrity","species":"celebi","item":"leftovers","ability":"Natural Cure","moves":["waterpulse","calmmind","gigadrain","healbell"],"nature":"Calm","evs":{"hp":220,"atk":0,"def":0,"spa":252,"spd":0,"spe":36},"ivs":{"hp":31,"atk":31,"def":31,"spa":31,"spd":31,"spe":31}},{"name":"Ludicool","species":"ludicolo","item":"leftovers","ability":"Rain Dish","moves":["icebeam","scald","gigadrain","raindance"],"nature":"Modest","evs":{"hp":200,"atk":0,"def":0,"spa":184,"spd":4,"spe":120},"gender":"M","shiny":true,"ivs":{"hp":31,"atk":31,"def":31,"spa":31,"spd":31,"spe":31}},{"name":"Great-ily","species":"cradily","item":"leftovers","ability":"Storm Drain","moves":["ancientpower","sludgewave","recover","toxic"],"nature":"Calm","evs":{"hp":232,"atk":24,"def":0,"spa":0,"spd":252,"spe":0},"gender":"M","shiny":true,"ivs":{"hp":31,"atk":31,"def":31,"spa":31,"spd":31,"spe":31}},{"name":"Plantasaurus","species":"venusaur","item":"venusaurite","ability":"Chlorophyll","moves":["gigadrain","hiddenpowerrock","sludgebomb","synthesis"],"nature":"Modest","evs":{"hp":0,"atk":0,"def":68,"spa":188,"spd":0,"spe":252},"gender":"M","ivs":{"hp":31,"atk":31,"def":30,"spa":31,"spd":30,"spe":30},"shiny":true}],"p2team":[{"name":"Diggersby","species":"Diggersby","item":"focussash","ability":"Huge Power","moves":["earthquake","knockoff","swordsdance","quickattack"],"nature":"Adamant","evs":{"hp":0,"atk":252,"def":0,"spa":0,"spd":0,"spe":252},"gender":"M","ivs":{"hp":31,"atk":31,"def":31,"spa":31,"spd":31,"spe":31}},{"name":"Lopunny","species":"Lopunny","item":"lopunnite","ability":"Cute Charm","moves":["fakeout","return","highjumpkick","icepunch"],"nature":"Adamant","evs":{"hp":0,"atk":252,"def":0,"spa":0,"spd":0,"spe":252},"gender":"F","ivs":{"hp":31,"atk":31,"def":31,"spa":31,"spd":31,"spe":31}},{"name":"Meloetta","species":"Meloetta","item":"choicescarf","ability":"Serene Grace","moves":["focusblast","psychic","hypervoice","thunderbolt"],"nature":"Modest","evs":{"hp":0,"atk":0,"def":0,"spa":252,"spd":4,"spe":252},"ivs":{"hp":31,"atk":31,"def":31,"spa":31,"spd":31,"spe":31}},{"name":"Slaking","species":"Slaking","item":"choicescarf","ability":"Truant","moves":["retaliate","earthquake","shadowclaw","gunkshot"],"nature":"Adamant","evs":{"hp":0,"atk":252,"def":0,"spa":0,"spd":0,"spe":252},"shiny":true,"ivs":{"hp":31,"atk":31,"def":31,"spa":31,"spd":31,"spe":31}},{"name":"Tauros","species":"Tauros","item":"lifeorb","ability":"Sheer Force","moves":["gigaimpact","earthquake","facade","outrage"],"nature":"Jolly","evs":{"hp":0,"atk":252,"def":0,"spa":0,"spd":0,"spe":252},"ivs":{"hp":31,"atk":31,"def":31,"spa":31,"spd":31,"spe":31}},{"name":"Snorlax","species":"Snorlax","item":"leftovers","ability":"Immunity","moves":["curse","bodyslam","brickbreak","crunch"],"nature":"Adamant","evs":{"hp":80,"atk":176,"def":252,"spa":0,"spd":0,"spe":0},"gender":"M","shiny":true,"ivs":{"hp":31,"atk":31,"def":31,"spa":31,"spd":31,"spe":31}}],"log":["|player|p1|GTX♅Bzumzum|225","|player|p2|GL ♅ JGT|80","|gametype|singles","|gen|6","|tier|Monotype","|rated","|rule|Baton Pass Clause: Limit one Baton Passer, can't pass Spe and other stats simultaneously","|rule|Swagger Clause: Swagger is banned","|rule|Same Type Clause: Pokémon in a team must share a type","|clearpoke","|poke|p1|Ferrothorn, M","|poke|p1|Breloom, M, shiny","|poke|p1|Celebi","|poke|p1|Ludicolo, M, shiny","|poke|p1|Cradily, M, shiny","|poke|p1|Venusaur, M, shiny","|poke|p2|Diggersby, M","|poke|p2|Lopunny, F","|poke|p2|Meloetta","|poke|p2|Slaking, M, shiny","|poke|p2|Tauros, M","|poke|p2|Snorlax, M, shiny","|rule|Sleep Clause Mod: Limit one foe put to sleep","|rule|Species Clause: Limit one of each Pokémon","|rule|OHKO Clause: OHKO moves are banned","|rule|Moody Clause: Moody is banned","|rule|Evasion Moves Clause: Evasion moves are banned","|rule|Endless Battle Clause: Forcing endless battles is banned","|rule|HP Percentage Mod: HP is shown in percentages","|teampreview","|","|start","|switch|p1a: Thorns|Ferrothorn, M|321/321","|switch|p2a: Snorlax|Snorlax, M, shiny|481/481","|turn|1","|","|move|p2a: Snorlax|Curse|p2a: Snorlax","|-unboost|p2a: Snorlax|spe|1","|-boost|p2a: Snorlax|atk|1","|-boost|p2a: Snorlax|def|1","|move|p1a: Thorns|Leech Seed|p2a: Snorlax|[miss]","|-miss|p1a: Thorns|p2a: Snorlax","|","|turn|2","|","|move|p2a: Snorlax|Brick Break|p1a: Thorns","|-supereffective|p1a: Thorns","|-damage|p1a: Thorns|131/321","|-damage|p2a: Snorlax|421/481|[from] ability: Iron Barbs|[of] p1a: Thorns","|move|p1a: Thorns|Stealth Rock|p2a: Snorlax","|-sidestart|p2: GL ♅ JGT|move: Stealth Rock","|","|-heal|p2a: Snorlax|451/481|[from] item: Leftovers","|-heal|p1a: Thorns|151/321|[from] item: Leftovers","|turn|3","|","|move|p1a: Thorns|Protect|p1a: Thorns","|-singleturn|p1a: Thorns|Protect","|move|p2a: Snorlax|Brick Break|p1a: Thorns","|-activate|p1a: Thorns|Protect","|","|-heal|p2a: Snorlax|481/481|[from] item: Leftovers","|-heal|p1a: Thorns|171/321|[from] item: Leftovers","|turn|4","|","|switch|p1a: Celebrity|Celebi|396/396","|move|p2a: Snorlax|Brick Break|p1a: Celebrity","|-resisted|p1a: Celebrity","|-damage|p1a: Celebrity|334/396","|","|-heal|p1a: Celebrity|358/396|[from] item: Leftovers","|turn|5","|","|move|p1a: Celebrity|Calm Mind|p1a: Celebrity","|-boost|p1a: Celebrity|spa|1","|-boost|p1a: Celebrity|spd|1","|move|p2a: Snorlax|Crunch|p1a: Celebrity","|-supereffective|p1a: Celebrity","|-damage|p1a: Celebrity|106/396","|","|-heal|p1a: Celebrity|130/396|[from] item: Leftovers","|turn|6","|","|move|p1a: Celebrity|Giga Drain|p2a: Snorlax","|-damage|p2a: Snorlax|325/481","|-heal|p1a: Celebrity|208/396|[from] drain|[of] p2a: Snorlax","|move|p2a: Snorlax|Crunch|p1a: Celebrity","|-supereffective|p1a: Celebrity","|-damage|p1a: Celebrity|0 fnt","|faint|p1a: Celebrity","|","|-heal|p2a: Snorlax|355/481|[from] item: Leftovers","|","|switch|p1a: Thorns|Ferrothorn, M|171/321","|turn|7","|","|move|p1a: Thorns|Protect|p1a: Thorns","|-singleturn|p1a: Thorns|Protect","|move|p2a: Snorlax|Brick Break|p1a: Thorns","|-activate|p1a: Thorns|Protect","|","|-heal|p2a: Snorlax|385/481|[from] item: Leftovers","|-heal|p1a: Thorns|191/321|[from] item: Leftovers","|turn|8","|","|move|p2a: Snorlax|Brick Break|p1a: Thorns","|-supereffective|p1a: Thorns","|-damage|p1a: Thorns|11/321","|-damage|p2a: Snorlax|325/481|[from] ability: Iron Barbs|[of] p1a: Thorns","|move|p1a: Thorns|Leech Seed|p2a: Snorlax|[miss]","|-miss|p1a: Thorns|p2a: Snorlax","|","|-heal|p2a: Snorlax|355/481|[from] item: Leftovers","|-heal|p1a: Thorns|31/321|[from] item: Leftovers","|turn|9","|","|switch|p1a: Plantasaurus|Venusaur, M, shiny|301/301","|move|p2a: Snorlax|Body Slam|p1a: Plantasaurus","|-damage|p1a: Plantasaurus|78/301","|","|-heal|p2a: Snorlax|385/481|[from] item: Leftovers","|turn|10","|","|detailschange|p1a: Plantasaurus|Venusaur-Mega, M, shiny","|-mega|p1a: Plantasaurus|Venusaur|Venusaurite","|move|p1a: Plantasaurus|Giga Drain|p2a: Snorlax","|-damage|p2a: Snorlax|256/481","|-heal|p1a: Plantasaurus|143/301|[from] drain|[of] p2a: Snorlax","|move|p2a: Snorlax|Body Slam|p1a: Plantasaurus","|-damage|p1a: Plantasaurus|0 fnt","|faint|p1a: Plantasaurus","|","|-heal|p2a: Snorlax|286/481|[from] item: Leftovers","|","|switch|p1a: Great-ily|Cradily, M, shiny|371/371","|turn|11","|","|move|p1a: Great-ily|Sludge Wave|p2a: Snorlax","|-damage|p2a: Snorlax|232/481","|move|p2a: Snorlax|Brick Break|p1a: Great-ily","|-supereffective|p1a: Great-ily","|-damage|p1a: Great-ily|109/371","|","|-heal|p1a: Great-ily|132/371|[from] item: Leftovers","|-heal|p2a: Snorlax|262/481|[from] item: Leftovers","|turn|12","|","|move|p1a: Great-ily|Recover|p1a: Great-ily","|-heal|p1a: Great-ily|318/371","|move|p2a: Snorlax|Brick Break|p1a: Great-ily","|-supereffective|p1a: Great-ily","|-damage|p1a: Great-ily|62/371","|","|-heal|p1a: Great-ily|85/371|[from] item: Leftovers","|-heal|p2a: Snorlax|292/481|[from] item: Leftovers","|turn|13","|","|move|p1a: Great-ily|Recover|p1a: Great-ily","|-heal|p1a: Great-ily|271/371","|move|p2a: Snorlax|Curse|p2a: Snorlax","|-unboost|p2a: Snorlax|spe|1","|-boost|p2a: Snorlax|atk|1","|-boost|p2a: Snorlax|def|1","|","|-heal|p1a: Great-ily|294/371|[from] item: Leftovers","|-heal|p2a: Snorlax|322/481|[from] item: Leftovers","|turn|14","|","|move|p1a: Great-ily|Ancient Power|p2a: Snorlax","|-damage|p2a: Snorlax|267/481","|-boost|p1a: Great-ily|atk|1","|-boost|p1a: Great-ily|def|1","|-boost|p1a: Great-ily|spa|1","|-boost|p1a: Great-ily|spd|1","|-boost|p1a: Great-ily|spe|1","|move|p2a: Snorlax|Brick Break|p1a: Great-ily","|-supereffective|p1a: Great-ily","|-damage|p1a: Great-ily|72/371","|","|-heal|p1a: Great-ily|95/371|[from] item: Leftovers","|-heal|p2a: Snorlax|297/481|[from] item: Leftovers","|turn|15","|","|move|p1a: Great-ily|Recover|p1a: Great-ily","|-heal|p1a: Great-ily|281/371","|move|p2a: Snorlax|Curse|p2a: Snorlax","|-unboost|p2a: Snorlax|spe|1","|-boost|p2a: Snorlax|atk|1","|-boost|p2a: Snorlax|def|1","|","|-heal|p1a: Great-ily|304/371|[from] item: Leftovers","|-heal|p2a: Snorlax|327/481|[from] item: Leftovers","|turn|16","|","|move|p1a: Great-ily|Ancient Power|p2a: Snorlax","|-damage|p2a: Snorlax|242/481","|-boost|p1a: Great-ily|atk|1","|-boost|p1a: Great-ily|def|1","|-boost|p1a: Great-ily|spa|1","|-boost|p1a: Great-ily|spd|1","|-boost|p1a: Great-ily|spe|1","|move|p2a: Snorlax|Curse|p2a: Snorlax","|-unboost|p2a: Snorlax|spe|1","|-boost|p2a: Snorlax|atk|1","|-boost|p2a: Snorlax|def|1","|","|-heal|p1a: Great-ily|327/371|[from] item: Leftovers","|-heal|p2a: Snorlax|272/481|[from] item: Leftovers","|turn|17","|","|move|p1a: Great-ily|Ancient Power|p2a: Snorlax","|-damage|p2a: Snorlax|158/481","|move|p2a: Snorlax|Brick Break|p1a: Great-ily","|-supereffective|p1a: Great-ily","|-damage|p1a: Great-ily|71/371","|","|-heal|p1a: Great-ily|94/371|[from] item: Leftovers","|-heal|p2a: Snorlax|188/481|[from] item: Leftovers","|turn|18","|","|move|p1a: Great-ily|Recover|p1a: Great-ily","|-heal|p1a: Great-ily|280/371","|move|p2a: Snorlax|Brick Break|p1a: Great-ily","|-supereffective|p1a: Great-ily","|-damage|p1a: Great-ily|28/371","|","|-heal|p1a: Great-ily|51/371|[from] item: Leftovers","|-heal|p2a: Snorlax|218/481|[from] item: Leftovers","|turn|19","|","|move|p1a: Great-ily|Ancient Power|p2a: Snorlax","|-damage|p2a: Snorlax|110/481","|move|p2a: Snorlax|Curse|p2a: Snorlax","|-unboost|p2a: Snorlax|spe|1","|-boost|p2a: Snorlax|atk|1","|-boost|p2a: Snorlax|def|1","|","|-heal|p1a: Great-ily|74/371|[from] item: Leftovers","|-heal|p2a: Snorlax|140/481|[from] item: Leftovers","|turn|20","|","|move|p1a: Great-ily|Ancient Power|p2a: Snorlax","|-damage|p2a: Snorlax|35/481","|move|p2a: Snorlax|Brick Break|p1a: Great-ily","|-supereffective|p1a: Great-ily","|-damage|p1a: Great-ily|0 fnt","|faint|p1a: Great-ily","|","|-heal|p2a: Snorlax|65/481|[from] item: Leftovers","|","|switch|p1a: Brawloom|Breloom, M, shiny|262/262","|turn|21","|","|move|p1a: Brawloom|Force Palm|p2a: Snorlax","|-supereffective|p2a: Snorlax","|-damage|p2a: Snorlax|0 fnt","|faint|p2a: Snorlax","|","|","|switch|p2a: Slaking|Slaking, M, shiny|441/441","|-damage|p2a: Slaking|386/441|[from] Stealth Rock","|turn|22","|","|move|p1a: Brawloom|Mach Punch|p2a: Slaking","|-supereffective|p2a: Slaking","|-damage|p2a: Slaking|186/441","|move|p2a: Slaking|Retaliate|p1a: Brawloom","|-enditem|p1a: Brawloom|Focus Sash","|-damage|p1a: Brawloom|1/262","|","|turn|23","|","|cant|p2a: Slaking|ability: Truant|Retaliate","|move|p1a: Brawloom|Bullet Seed|p2a: Slaking","|-damage|p2a: Slaking|122/441","|-damage|p2a: Slaking|55/441","|-damage|p2a: Slaking|0 fnt","|-hitcount|p2a: Slaking|3","|faint|p2a: Slaking","|","|","|switch|p2a: Diggersby|Diggersby, M|311/311","|-damage|p2a: Diggersby|292/311|[from] Stealth Rock","|turn|24","|","|move|p1a: Brawloom|Mach Punch|p2a: Diggersby","|-supereffective|p2a: Diggersby","|-damage|p2a: Diggersby|8/311","|move|p2a: Diggersby|Quick Attack|p1a: Brawloom","|-damage|p1a: Brawloom|0 fnt","|faint|p1a: Brawloom","|","|","|switch|p1a: Ludicool|Ludicolo, M, shiny|351/351","|turn|25","|","|move|p2a: Diggersby|Knock Off|p1a: Ludicool","|-damage|p1a: Ludicool|142/351","|-enditem|p1a: Ludicool|Leftovers|[from] move: Knock Off|[of] p2a: Diggersby","|move|p1a: Ludicool|Rain Dance|p1a: Ludicool","|-weather|RainDance","|","|-weather|RainDance|[upkeep]","|-heal|p1a: Ludicool|163/351|[from] ability: Rain Dish","|turn|26","|","|move|p2a: Diggersby|Quick Attack|p1a: Ludicool","|-crit|p1a: Ludicool","|-damage|p1a: Ludicool|0 fnt","|faint|p1a: Ludicool","|","|-weather|RainDance|[upkeep]","|","|switch|p1a: Thorns|Ferrothorn, M|31/321","|turn|27","|","|move|p2a: Diggersby|Earthquake|p1a: Thorns","|-damage|p1a: Thorns|0 fnt","|faint|p1a: Thorns","|","|win|GL ♅ JGT"],"p1rating":{"entryid":"1463","serverid":"eos","formatid":"monotype","userid":"gtxbzumzum","username":"GTX♅Bzumzum","w":"8","l":27,"t":"0","gxe":27.7,"r":"1339.7443087109","rd":"62.238830549052","sigma":"0","rptime":"1440234000","rpr":1317.0340227174,"rprd":59.536854120379,"rpsigma":"0","acre":1000,"lacre":1000,"oldacre":"1000"},"p2rating":{"entryid":"30716","serverid":"eos","formatid":"monotype","userid":"gljgt","username":"GL ♅ JGT","w":5,"l":"1","t":"0","gxe":61.8,"r":"1542.4384535955","rd":"111.65898603754","sigma":"0","rptime":"1440234000","rpr":1594.0464781959,"rprd":100.25359096706,"rpsigma":"0","acre":1133.3684048305,"lacre":1133.3684048305,"oldacre":"1116.447188973"},"endType":"normal"}