{"seed":[15494,12555,45835,61911],"turns":26,"p1":"Guard Wanderer","p2":"Inferno Sableye","p1team":[{"name":"Tangrowth","species":"Tangrowth","item":"leftovers","ability":"Regenerator","moves":["gigadrain","leechseed","grassyterrain","amnesia"],"nature":"Bold","evs":{"hp":248,"atk":0,"def":252,"spa":8,"spd":0,"spe":0},"shiny":true,"ivs":{"hp":31,"atk":31,"def":31,"spa":31,"spd":31,"spe":31}},{"name":"Ferrothorn","species":"Ferrothorn","item":"rockyhelmet","ability":"Iron Barbs","moves":["curse","stealthrock","spikes","gyroball"],"nature":"Relaxed","evs":{"hp":248,"atk":8,"def":252,"spa":0,"spd":0,"spe":0},"ivs":{"hp":31,"atk":31,"def":31,"spa":31,"spd":31,"spe":0}},{"name":"Rotom-Mow","species":"Rotom-Mow","item":"ironball","ability":"Levitate","moves":["trick","chargebeam","leafstorm","voltswitch"],"nature":"Modest","evs":{"hp":248,"atk":0,"def":0,"spa":252,"spd":8,"spe":0},"ivs":{"hp":31,"atk":31,"def":31,"spa":31,"spd":31,"spe":31}},{"name":"Chesnaught","species":"Chesnaught","item":"bigroot","ability":"Bulletproof","moves":["drainpunch","leechseed","spikyshield","irondefense"],"nature":"Impish","evs":{"hp":248,"atk":8,"def":252,"spa":0,"spd":0,"spe":0},"ivs":{"hp":31,"atk":31,"def":31,"spa":31,"spd":31,"spe":31}},{"name":"Ludicolo","species":"Ludicolo","item":"bindingband","ability":"Rain Dish","moves":["raindance","scald","leechseed","whirlpool"],"nature":"Modest","evs":{"hp":248,"atk":0,"def":0,"spa":252,"spd":8,"spe":0},"ivs":{"hp":31,"atk":31,"def":31,"spa":31,"spd":31,"spe":31}},{"name":"Abomasnow","species":"Abomasnow","item":"assaultvest","ability":"Soundproof","moves":["iceshard","avalanche","rockslide","seedbomb"],"nature":"Adamant","evs":{"hp":248,"atk":252,"def":0,"spa":0,"spd":8,"spe":0},"ivs":{"hp":31,"atk":31,"def":31,"spa":31,"spd":31,"spe":31}}],"p2team":[{"name":"Bug Counter 😂","species":"skarmory","item":"shedshell","ability":"Sturdy","moves":["roost","defog","stealthrock","whirlwind"],"nature":"Bold","evs":{"hp":4,"atk":252,"def":0,"spa":0,"spd":0,"spe":252},"ivs":{"hp":31,"atk":31,"def":31,"spa":31,"spd":31,"spe":31}},{"name":"Charizard","species":"Charizard","item":"charizarditey","ability":"Blaze","moves":["flamethrower","solarbeam","earthquake","airslash"],"nature":"Hasty","evs":{"hp":0,"atk":4,"def":0,"spa":252,"spd":0,"spe":252},"ivs":{"hp":31,"atk":31,"def":31,"spa":31,"spd":31,"spe":31}},{"name":"Threat","species":"thundurus","item":"lifeorb","ability":"Prankster","moves":["thunderbolt","thunderwave","knockoff","superpower"],"nature":"Naive","evs":{"hp":4,"atk":252,"def":0,"spa":0,"spd":0,"spe":252},"ivs":{"hp":31,"atk":31,"def":31,"spa":31,"spd":31,"spe":31}},{"name":"Nimbus","species":"landorus","item":"lifeorb","ability":"Sheer Force","moves":["earthpower","sludgebomb","focusblast","rockpolish"],"nature":"Timid","evs":{"hp":0,"atk":0,"def":0,"spa":252,"spd":4,"spe":252},"ivs":{"hp":31,"atk":31,"def":31,"spa":31,"spd":31,"spe":31}},{"name":"Wtf?","species":"gyarados","item":"choicescarf","ability":"Moxie","moves":["earthquake","waterfall","icefang","bounce"],"nature":"Adamant","evs":{"hp":0,"atk":252,"def":4,"spa":0,"spd":0,"spe":252},"ivs":{"hp":31,"atk":31,"def":31,"spa":31,"spd":31,"spe":31}},{"name":"Drago","species":"dragonite","item":"weaknesspolicy","ability":"Multiscale","moves":["outrage","extremespeed","firepunch","dragondance"],"nature":"Adamant","evs":{"hp":4,"atk":252,"def":0,"spa":0,"spd":0,"spe":252},"ivs":{"hp":31,"atk":31,"def":31,"spa":31,"spd":31,"spe":31}}],"log":["|player|p1|Guard Wanderer|235","|player|p2|Inferno Sableye|infernosableye.gif","|gametype|singles","|gen|6","|tier|Monotype","|rated","|rule|Baton Pass Clause: Limit one Baton Passer, can't pass Spe and other stats simultaneously","|rule|Swagger Clause: Swagger is banned","|rule|Same Type Clause: Pokémon in a team must share a type","|clearpoke","|poke|p1|Tangrowth, M, shiny","|poke|p1|Ferrothorn, F","|poke|p1|Rotom-Mow","|poke|p1|Chesnaught, M","|poke|p1|Ludicolo, F","|poke|p1|Abomasnow, M","|poke|p2|Skarmory, F","|poke|p2|Charizard, F","|poke|p2|Thundurus, M","|poke|p2|Landorus, M","|poke|p2|Gyarados, M","|poke|p2|Dragonite, F","|rule|Sleep Clause Mod: Limit one foe put to sleep","|rule|Species Clause: Limit one of each Pokémon","|rule|OHKO Clause: OHKO moves are banned","|rule|Moody Clause: Moody is banned","|rule|Evasion Moves Clause: Evasion moves are banned","|rule|Endless Battle Clause: Forcing endless battles is banned","|rule|HP Percentage Mod: HP is shown in percentages","|teampreview","|","|start","|switch|p1a: Rotom-Mow|Rotom-Mow|303/303","|switch|p2a: Bug Counter 😂|Skarmory, F|272/272","|turn|1","|","|switch|p2a: Nimbus|Landorus, M|319/319","|move|p1a: Rotom-Mow|Charge Beam|p2a: Nimbus","|-immune|p2a: Nimbus|[msg]","|","|turn|2","|","|move|p2a: Nimbus|Sludge Bomb|p1a: Rotom-Mow","|-supereffective|p1a: Rotom-Mow","|-damage|p1a: Rotom-Mow|0 fnt","|faint|p1a: Rotom-Mow","|","|","|switch|p1a: Ferrothorn|Ferrothorn, F|351/351","|turn|3","|","|switch|p2a: Charizard|Charizard, F|297/297","|move|p1a: Ferrothorn|Curse|p1a: Ferrothorn","|-unboost|p1a: Ferrothorn|spe|1","|-boost|p1a: Ferrothorn|atk|1","|-boost|p1a: Ferrothorn|def|1","|","|turn|4","|","|detailschange|p2a: Charizard|Charizard-Mega-Y, F","|-mega|p2a: Charizard|Charizard|Charizardite Y","|-weather|SunnyDay","|move|p2a: Charizard|Flamethrower|p1a: Ferrothorn","|-supereffective|p1a: Ferrothorn","|-damage|p1a: Ferrothorn|0 fnt","|faint|p1a: Ferrothorn","|","|-weather|SunnyDay|[upkeep]","|","|switch|p1a: Ludicolo|Ludicolo, F|363/363","|turn|5","|","|move|p2a: Charizard|Solar Beam|p1a: Ludicolo|[still]","|-prepare|p2a: Charizard|Solar Beam|p1a: Ludicolo","|-anim|p2a: Charizard|Solar Beam|p1a: Ludicolo","|-damage|p1a: Ludicolo|189/363","|move|p1a: Ludicolo|Rain Dance|p1a: Ludicolo","|-weather|RainDance","|","|-weather|RainDance|[upkeep]","|-heal|p1a: Ludicolo|211/363|[from] ability: Rain Dish","|turn|6","|","|switch|p2a: Threat|Thundurus, M|300/300","|move|p1a: Ludicolo|Whirlpool|p2a: Threat","|-damage|p2a: Threat|201/300","|-activate|p2a: Threat|move: Whirlpool|[of] p1a: Ludicolo","|","|-weather|RainDance|[upkeep]","|-heal|p1a: Ludicolo|233/363|[from] ability: Rain Dish","|-damage|p2a: Threat|151/300|[from] move: Whirlpool|[partiallytrapped]","|turn|7","|","|move|p2a: Threat|Thunder Wave|p1a: Ludicolo","|-status|p1a: Ludicolo|par","|move|p1a: Ludicolo|Leech Seed|p2a: Threat","|-start|p2a: Threat|move: Leech Seed","|","|-weather|RainDance|[upkeep]","|-heal|p1a: Ludicolo|255/363 par|[from] ability: Rain Dish","|-damage|p2a: Threat|114/300|[from] Leech Seed|[of] p1a: Ludicolo","|-heal|p1a: Ludicolo|292/363 par|[silent]","|-damage|p2a: Threat|64/300|[from] move: Whirlpool|[partiallytrapped]","|turn|8","|","|move|p2a: Threat|Knock Off|p1a: Ludicolo","|-damage|p1a: Ludicolo|114/363 par","|-enditem|p1a: Ludicolo|Binding Band|[from] move: Knock Off|[of] p2a: Threat","|-damage|p2a: Threat|34/300|[from] item: Life Orb","|move|p1a: Ludicolo|Scald|p2a: Threat","|-damage|p2a: Threat|0 fnt","|faint|p2a: Threat","|","|-weather|RainDance|[upkeep]","|-heal|p1a: Ludicolo|136/363 par|[from] ability: Rain Dish","|","|switch|p2a: Nimbus|Landorus, M|319/319","|turn|9","|","|switch|p1a: Abomasnow|Abomasnow, M|383/383","|move|p2a: Nimbus|Sludge Bomb|p1a: Abomasnow","|-supereffective|p1a: Abomasnow","|-damage|p1a: Abomasnow|131/383","|","|-weather|none","|turn|10","|","|switch|p2a: Wtf?|Gyarados, M|331/331","|move|p1a: Abomasnow|Ice Shard|p2a: Wtf?","|-damage|p2a: Wtf?|252/331","|","|turn|11","|","|move|p2a: Wtf?|Bounce|p1a: Abomasnow|[still]","|-prepare|p2a: Wtf?|Bounce|p1a: Abomasnow","|move|p1a: Abomasnow|Rock Slide|p2a: Wtf?","|-miss|p1a: Abomasnow|p2a: Wtf?","|","|turn|12","|","|move|p2a: Wtf?|Bounce|p1a: Abomasnow|[from]lockedmove","|-supereffective|p1a: Abomasnow","|-damage|p1a: Abomasnow|0 fnt","|faint|p1a: Abomasnow","|-boost|p2a: Wtf?|atk|1|[from] ability: Moxie","|","|","|switch|p1a: Chesnaught|Chesnaught, M|379/379","|turn|13","|","|move|p2a: Wtf?|Bounce|p1a: Chesnaught|[still]","|-prepare|p2a: Wtf?|Bounce|p1a: Chesnaught","|move|p1a: Chesnaught|Iron Defense|p1a: Chesnaught","|-boost|p1a: Chesnaught|def|2","|","|turn|14","|","|move|p1a: Chesnaught|Spiky Shield|p1a: Chesnaught","|-singleturn|p1a: Chesnaught|move: Protect","|move|p2a: Wtf?|Bounce|p1a: Chesnaught|[from]lockedmove","|-activate|p1a: Chesnaught|Protect","|-damage|p2a: Wtf?|211/331|[from] Spiky Shield|[of] p1a: Chesnaught","|","|turn|15","|","|switch|p2a: Bug Counter 😂|Skarmory, F|272/272","|move|p1a: Chesnaught|Iron Defense|p1a: Chesnaught","|-boost|p1a: Chesnaught|def|2","|","|turn|16","|","|move|p2a: Bug Counter 😂|Stealth Rock|p1a: Chesnaught","|-sidestart|p1: Guard Wanderer|move: Stealth Rock","|move|p1a: Chesnaught|Leech Seed|p2a: Bug Counter 😂","|-start|p2a: Bug Counter 😂|move: Leech Seed","|","|-damage|p2a: Bug Counter 😂|238/272|[from] Leech Seed|[of] p1a: Chesnaught","|turn|17","|","|move|p1a: Chesnaught|Drain Punch|p2a: Bug Counter 😂","|-damage|p2a: Bug Counter 😂|180/272","|move|p2a: Bug Counter 😂|Whirlwind|p1a: Chesnaught","|drag|p1a: Tangrowth|Tangrowth, M, shiny|403/403","|-damage|p1a: Tangrowth|353/403|[from] Stealth Rock","|","|-heal|p1a: Tangrowth|378/403|[from] item: Leftovers","|-damage|p2a: Bug Counter 😂|146/272|[from] Leech Seed|[of] p1a: Tangrowth","|-heal|p1a: Tangrowth|403/403|[silent]","|turn|18","|","|switch|p2a: Drago|Dragonite, F|324/324","|move|p1a: Tangrowth|Amnesia|p1a: Tangrowth","|-boost|p1a: Tangrowth|spd|2","|","|turn|19","|","|move|p2a: Drago|Dragon Dance|p2a: Drago","|-boost|p2a: Drago|atk|1","|-boost|p2a: Drago|spe|1","|move|p1a: Tangrowth|Leech Seed|p2a: Drago","|-start|p2a: Drago|move: Leech Seed","|","|-damage|p2a: Drago|284/324|[from] Leech Seed|[of] p1a: Tangrowth","|turn|20","|","|move|p2a: Drago|Dragon Dance|p2a: Drago","|-boost|p2a: Drago|atk|1","|-boost|p2a: Drago|spe|1","|move|p1a: Tangrowth|Grassy Terrain|p1a: Tangrowth","|-fieldstart|move: Grassy Terrain","|","|-damage|p2a: Drago|244/324|[from] Leech Seed|[of] p1a: Tangrowth","|turn|21","|","|move|p2a: Drago|Fire Punch|p1a: Tangrowth","|-supereffective|p1a: Tangrowth","|-damage|p1a: Tangrowth|173/403","|move|p1a: Tangrowth|Giga Drain|p2a: Drago","|-resisted|p2a: Drago","|-damage|p2a: Drago|209/324","|-heal|p1a: Tangrowth|191/403|[from] drain|[of] p2a: Drago","|","|-heal|p1a: Tangrowth|216/403|[from] item: Leftovers","|-heal|p1a: Tangrowth|241/403|[from] Grassy Terrain","|-damage|p2a: Drago|169/324|[from] Leech Seed|[of] p1a: Tangrowth","|-heal|p1a: Tangrowth|281/403|[silent]","|turn|22","|","|move|p2a: Drago|Fire Punch|p1a: Tangrowth","|-supereffective|p1a: Tangrowth","|-damage|p1a: Tangrowth|49/403","|move|p1a: Tangrowth|Giga Drain|p2a: Drago","|-resisted|p2a: Drago","|-damage|p2a: Drago|135/324","|-heal|p1a: Tangrowth|66/403|[from] drain|[of] p2a: Drago","|","|-heal|p1a: Tangrowth|91/403|[from] item: Leftovers","|-heal|p1a: Tangrowth|116/403|[from] Grassy Terrain","|-damage|p2a: Drago|95/324|[from] Leech Seed|[of] p1a: Tangrowth","|-heal|p1a: Tangrowth|156/403|[silent]","|turn|23","|","|switch|p1a: Ludicolo|Ludicolo, F|136/363 par","|-damage|p1a: Ludicolo|91/363 par|[from] Stealth Rock","|move|p2a: Drago|Fire Punch|p1a: Ludicolo","|-crit|p1a: Ludicolo","|-damage|p1a: Ludicolo|0 fnt","|faint|p1a: Ludicolo","|","|","|switch|p1a: Chesnaught|Chesnaught, M|379/379","|-damage|p1a: Chesnaught|356/379|[from] Stealth Rock","|turn|24","|","|switch|p2a: Charizard|Charizard-Mega-Y, F|297/297","|-weather|SunnyDay","|move|p1a: Chesnaught|Iron Defense|p1a: Chesnaught","|-boost|p1a: Chesnaught|def|2","|","|-weather|SunnyDay|[upkeep]","|-fieldend|move: Grassy Terrain","|turn|25","|","|move|p2a: Charizard|Flamethrower|p1a: Chesnaught","|-supereffective|p1a: Chesnaught","|-damage|p1a: Chesnaught|0 fnt","|faint|p1a: Chesnaught","|","|-weather|SunnyDay|[upkeep]","|","|switch|p1a: Tangrowth|Tangrowth, M, shiny|290/403","|-damage|p1a: Tangrowth|240/403|[from] Stealth Rock","|turn|26","|","|move|p2a: Charizard|Flamethrower|p1a: Tangrowth","|-crit|p1a: Tangrowth","|-supereffective|p1a: Tangrowth","|-damage|p1a: Tangrowth|0 fnt","|faint|p1a: Tangrowth","|","|win|Inferno Sableye"],"p1rating":{"entryid":"9966","serverid":"eos","formatid":"monotype","userid":"guardwanderer","username":"Guard Wanderer","w":"8","l":8,"t":"0","gxe":50.6,"r":"1517.3894601343","rd":"81.691557977629","sigma":"0","rptime":"1440320400","rpr":1504.5188089996,"rprd":76.494730454028,"rpsigma":"0","acre":1087.8601123821,"lacre":1087.8601123821,"oldacre":"1101.4042833886"},"p2rating":{"entryid":"83803","serverid":"eos","formatid":"monotype","userid":"infernosableye","username":"Inferno Sableye","w":34,"l":"11","t":"0","gxe":72.6,"r":"1675.2881867233","rd":"54.143270877787","sigma":"0","rptime":"1440320400","rpr":1685.0537171034,"rprd":53.137209742372,"rpsigma":"0","acre":1286.9542743673,"lacre":1286.9542743673,"oldacre":"1273.4101033608"},"endType":"normal"}