{"seed":[11058,24087,5058,25790],"turns":34,"p1":"Inferno Sableye","p2":"Swl hb - ⓜⓞⓑⓘⓛⓔ","p1team":[{"name":"Bug Counter 😂","species":"skarmory","item":"shedshell","ability":"Sturdy","moves":["roost","defog","stealthrock","whirlwind"],"nature":"Bold","evs":{"hp":4,"atk":252,"def":0,"spa":0,"spd":0,"spe":252},"ivs":{"hp":31,"atk":31,"def":31,"spa":31,"spd":31,"spe":31}},{"name":"Charizard","species":"Charizard","item":"charizarditey","ability":"Blaze","moves":["flamethrower","solarbeam","earthquake","airslash"],"nature":"Hasty","evs":{"hp":0,"atk":4,"def":0,"spa":252,"spd":0,"spe":252},"ivs":{"hp":31,"atk":31,"def":31,"spa":31,"spd":31,"spe":31}},{"name":"Threat","species":"thundurus","item":"lifeorb","ability":"Prankster","moves":["thunderbolt","thunderwave","knockoff","superpower"],"nature":"Naive","evs":{"hp":4,"atk":252,"def":0,"spa":0,"spd":0,"spe":252},"ivs":{"hp":31,"atk":31,"def":31,"spa":31,"spd":31,"spe":31}},{"name":"Nimbus","species":"landorus","item":"lifeorb","ability":"Sheer Force","moves":["earthpower","sludgebomb","focusblast","rockpolish"],"nature":"Timid","evs":{"hp":0,"atk":0,"def":0,"spa":252,"spd":4,"spe":252},"ivs":{"hp":31,"atk":31,"def":31,"spa":31,"spd":31,"spe":31}},{"name":"Wtf?","species":"gyarados","item":"choicescarf","ability":"Moxie","moves":["earthquake","waterfall","icefang","bounce"],"nature":"Adamant","evs":{"hp":0,"atk":252,"def":4,"spa":0,"spd":0,"spe":252},"ivs":{"hp":31,"atk":31,"def":31,"spa":31,"spd":31,"spe":31}},{"name":"Drago","species":"dragonite","item":"weaknesspolicy","ability":"Multiscale","moves":["outrage","extremespeed","firepunch","dragondance"],"nature":"Adamant","evs":{"hp":4,"atk":252,"def":0,"spa":0,"spd":0,"spe":252},"ivs":{"hp":31,"atk":31,"def":31,"spa":31,"spd":31,"spe":31}}],"p2team":[{"name":"Venusaur","species":"Venusaur","item":"venusaurite","ability":"Chlorophyll","moves":["synthesis","gigadrain","amnesia","sludgebomb"],"nature":"Bold","evs":{"hp":248,"atk":0,"def":212,"spa":8,"spd":40,"spe":0},"ivs":{"hp":31,"atk":30,"def":31,"spa":30,"spd":31,"spe":30}},{"name":"Gengar","species":"Gengar","item":"blacksludge","ability":"Levitate","moves":["shadowball","icywind","focusblast","trick"],"nature":"Timid","evs":{"hp":0,"atk":0,"def":0,"spa":252,"spd":4,"spe":252},"ivs":{"hp":31,"atk":31,"def":31,"spa":31,"spd":31,"spe":31}},{"name":"Tentacruel","species":"Tentacruel","item":"blacksludge","ability":"Clear Body","moves":["scald","barrier","rest","sludgebomb"],"nature":"Calm","evs":{"hp":248,"atk":0,"def":0,"spa":0,"spd":252,"spe":0},"ivs":{"hp":31,"atk":30,"def":31,"spa":30,"spd":31,"spe":30}},{"name":"Nidoqueen","species":"Nidoqueen","item":"blacksludge","ability":"Sheer Force","moves":["stealthrock","earthpower","flamethrower","icebeam"],"nature":"Bold","evs":{"hp":248,"atk":0,"def":240,"spa":20,"spd":0,"spe":0},"ivs":{"hp":31,"atk":31,"def":31,"spa":31,"spd":31,"spe":31}},{"name":"Drapion","species":"Drapion","item":"lifeorb","ability":"Battle Armor","moves":["substitute","knockoff","earthquake","poisonjab"],"nature":"Adamant","evs":{"hp":220,"atk":36,"def":0,"spa":0,"spd":216,"spe":24},"ivs":{"hp":31,"atk":31,"def":31,"spa":31,"spd":31,"spe":31}},{"name":"Scolipede","species":"Scolipede","item":"focussash","ability":"Speed Boost","moves":["swordsdance","megahorn","earthquake","rockslide"],"nature":"Jolly","evs":{"hp":0,"atk":252,"def":0,"spa":0,"spd":4,"spe":252},"ivs":{"hp":31,"atk":31,"def":31,"spa":31,"spd":31,"spe":31}}],"log":["|player|p1|Inferno Sableye|infernosableye.gif","|player|p2|Swl hb - ⓜⓞⓑⓘⓛⓔ|swlhb.gif","|gametype|singles","|gen|6","|tier|Monotype","|rated","|rule|Baton Pass Clause: Limit one Baton Passer, can't pass Spe and other stats simultaneously","|rule|Swagger Clause: Swagger is banned","|rule|Same Type Clause: Pokémon in a team must share a type","|clearpoke","|poke|p1|Skarmory, F","|poke|p1|Charizard, F","|poke|p1|Thundurus, M","|poke|p1|Landorus, M","|poke|p1|Gyarados, F","|poke|p1|Dragonite, M","|poke|p2|Venusaur, M","|poke|p2|Gengar, M","|poke|p2|Tentacruel, F","|poke|p2|Nidoqueen, F","|poke|p2|Drapion, F","|poke|p2|Scolipede, F","|rule|Sleep Clause Mod: Limit one foe put to sleep","|rule|Species Clause: Limit one of each Pokémon","|rule|OHKO Clause: OHKO moves are banned","|rule|Moody Clause: Moody is banned","|rule|Evasion Moves Clause: Evasion moves are banned","|rule|Endless Battle Clause: Forcing endless battles is banned","|rule|HP Percentage Mod: HP is shown in percentages","|teampreview","|","|start","|switch|p1a: Wtf?|Gyarados, F|331/331","|switch|p2a: Nidoqueen|Nidoqueen, F|383/383","|turn|1","|","|move|p1a: Wtf?|Waterfall|p2a: Nidoqueen","|-supereffective|p2a: Nidoqueen","|-damage|p2a: Nidoqueen|119/383","|move|p2a: Nidoqueen|Stealth Rock|p1a: Wtf?","|-sidestart|p1: Inferno Sableye|move: Stealth Rock","|","|-heal|p2a: Nidoqueen|142/383|[from] item: Black Sludge","|turn|2","|","|switch|p2a: Venusaur|Venusaur, M|363/363","|move|p1a: Wtf?|Waterfall|p2a: Venusaur","|-resisted|p2a: Venusaur","|-damage|p2a: Venusaur|299/363","|","|turn|3","|","|switch|p1a: Bug Counter 😂|Skarmory, F|272/272","|-damage|p1a: Bug Counter 😂|238/272|[from] Stealth Rock","|detailschange|p2a: Venusaur|Venusaur-Mega, M","|-mega|p2a: Venusaur|Venusaur|Venusaurite","|move|p2a: Venusaur|Amnesia|p2a: Venusaur","|-boost|p2a: Venusaur|spd|2","|","|turn|4","|","|switch|p2a: Nidoqueen|Nidoqueen, F|142/383","|move|p1a: Bug Counter 😂|Defog|p2a: Nidoqueen","|-unboost|p2a: Nidoqueen|evasion|1","|-sideend|p1: Inferno Sableye|Stealth Rock|[from] move: Defog|[of] p1a: Bug Counter 😂","|","|-heal|p2a: Nidoqueen|165/383|[from] item: Black Sludge","|turn|5","|","|switch|p1a: Nimbus|Landorus, M|319/319","|move|p2a: Nidoqueen|Stealth Rock|p1a: Nimbus","|-sidestart|p1: Inferno Sableye|move: Stealth Rock","|","|-heal|p2a: Nidoqueen|188/383|[from] item: Black Sludge","|turn|6","|","|move|p1a: Nimbus|Earth Power|p2a: Nidoqueen","|-supereffective|p2a: Nidoqueen","|-damage|p2a: Nidoqueen|0 fnt","|faint|p2a: Nidoqueen","|","|","|switch|p2a: Gengar|Gengar, M|261/261","|turn|7","|","|switch|p1a: Threat|Thundurus, M|300/300","|-damage|p1a: Threat|225/300|[from] Stealth Rock","|move|p2a: Gengar|Icy Wind|p1a: Threat","|-supereffective|p1a: Threat","|-damage|p1a: Threat|61/300","|-unboost|p1a: Threat|spe|1","|","|turn|8","|","|switch|p2a: Venusaur|Venusaur-Mega, M|299/363","|move|p1a: Threat|Knock Off|p2a: Venusaur","|-damage|p2a: Venusaur|235/363","|-damage|p1a: Threat|31/300|[from] item: Life Orb","|","|turn|9","|","|move|p1a: Threat|Thunder Wave|p2a: Venusaur","|-status|p2a: Venusaur|par","|move|p2a: Venusaur|Sludge Bomb|p1a: Threat","|-damage|p1a: Threat|0 fnt","|faint|p1a: Threat","|","|","|switch|p1a: Bug Counter 😂|Skarmory, F|238/272","|-damage|p1a: Bug Counter 😂|204/272|[from] Stealth Rock","|turn|10","|","|switch|p2a: Gengar|Gengar, M|261/261","|move|p1a: Bug Counter 😂|Defog|p2a: Gengar","|-unboost|p2a: Gengar|evasion|1","|-sideend|p1: Inferno Sableye|Stealth Rock|[from] move: Defog|[of] p1a: Bug Counter 😂","|","|turn|11","|","|switch|p1a: Wtf?|Gyarados, F|331/331","|move|p2a: Gengar|Focus Blast|p1a: Wtf?|[miss]","|-miss|p2a: Gengar|p1a: Wtf?","|","|turn|12","|","|move|p1a: Wtf?|Bounce|p2a: Gengar|[still]","|-prepare|p1a: Wtf?|Bounce|p2a: Gengar","|move|p2a: Gengar|Trick|p1a: Wtf?|[miss]","|-miss|p2a: Gengar|p1a: Wtf?","|","|turn|13","|","|switch|p2a: Tentacruel|Tentacruel, F|363/363","|move|p1a: Wtf?|Bounce|p2a: Tentacruel|[from]lockedmove","|-damage|p2a: Tentacruel|122/363","|-status|p2a: Tentacruel|par","|","|-heal|p2a: Tentacruel|144/363 par|[from] item: Black Sludge","|turn|14","|","|move|p1a: Wtf?|Bounce|p2a: Tentacruel|[still]","|-prepare|p1a: Wtf?|Bounce|p2a: Tentacruel","|move|p2a: Tentacruel|Barrier|p2a: Tentacruel","|-boost|p2a: Tentacruel|def|2","|","|-heal|p2a: Tentacruel|166/363 par|[from] item: Black Sludge","|turn|15","|","|move|p1a: Wtf?|Bounce|p2a: Tentacruel|[from]lockedmove|[miss]","|-miss|p1a: Wtf?|p2a: Tentacruel","|cant|p2a: Tentacruel|par","|","|-heal|p2a: Tentacruel|188/363 par|[from] item: Black Sludge","|turn|16","|","|switch|p1a: Charizard|Charizard, F|297/297","|move|p2a: Tentacruel|Rest|p2a: Tentacruel","|-status|p2a: Tentacruel|slp","|-heal|p2a: Tentacruel|363/363 slp|[silent]","|-status|p2a: Tentacruel|slp|[from] move: Rest","|","|turn|17","|","|detailschange|p1a: Charizard|Charizard-Mega-Y, F","|-mega|p1a: Charizard|Charizard|Charizardite Y","|-weather|SunnyDay","|move|p1a: Charizard|Solar Beam|p2a: Tentacruel|[still]","|-prepare|p1a: Charizard|Solar Beam|p2a: Tentacruel","|-anim|p1a: Charizard|Solar Beam|p2a: Tentacruel","|-damage|p2a: Tentacruel|253/363 slp","|cant|p2a: Tentacruel|slp","|","|-weather|SunnyDay|[upkeep]","|-heal|p2a: Tentacruel|275/363 slp|[from] item: Black Sludge","|turn|18","|","|move|p1a: Charizard|Air Slash|p2a: Tentacruel","|-damage|p2a: Tentacruel|182/363 slp","|cant|p2a: Tentacruel|slp","|","|-weather|SunnyDay|[upkeep]","|-heal|p2a: Tentacruel|204/363 slp|[from] item: Black Sludge","|turn|19","|","|move|p1a: Charizard|Solar Beam|p2a: Tentacruel|[still]","|-prepare|p1a: Charizard|Solar Beam|p2a: Tentacruel","|-anim|p1a: Charizard|Solar Beam|p2a: Tentacruel","|-damage|p2a: Tentacruel|90/363 slp","|-curestatus|p2a: Tentacruel|slp","|move|p2a: Tentacruel|Sludge Bomb|p1a: Charizard","|-damage|p1a: Charizard|221/297","|","|-weather|SunnyDay|[upkeep]","|-heal|p2a: Tentacruel|112/363|[from] item: Black Sludge","|turn|20","|","|move|p1a: Charizard|Air Slash|p2a: Tentacruel","|-damage|p2a: Tentacruel|12/363","|cant|p2a: Tentacruel|flinch","|","|-weather|SunnyDay|[upkeep]","|-heal|p2a: Tentacruel|34/363|[from] item: Black Sludge","|turn|21","|","|move|p1a: Charizard|Solar Beam|p2a: Tentacruel|[still]","|-prepare|p1a: Charizard|Solar Beam|p2a: Tentacruel","|-anim|p1a: Charizard|Solar Beam|p2a: Tentacruel","|-damage|p2a: Tentacruel|0 fnt","|faint|p2a: Tentacruel","|","|-weather|none","|","|switch|p2a: Scolipede|Scolipede, F|261/261","|turn|22","|","|switch|p2a: Gengar|Gengar, M|261/261","|switch|p1a: Bug Counter 😂|Skarmory, F|204/272","|","|turn|23","|","|switch|p1a: Wtf?|Gyarados, F|331/331","|move|p2a: Gengar|Shadow Ball|p1a: Wtf?","|-damage|p1a: Wtf?|198/331","|","|turn|24","|","|move|p1a: Wtf?|Bounce|p2a: Gengar|[still]","|-prepare|p1a: Wtf?|Bounce|p2a: Gengar","|move|p2a: Gengar|Trick|p1a: Wtf?|[miss]","|-miss|p2a: Gengar|p1a: Wtf?","|","|turn|25","|","|move|p1a: Wtf?|Bounce|p2a: Gengar|[from]lockedmove|[miss]","|-miss|p1a: Wtf?|p2a: Gengar","|move|p2a: Gengar|Trick|p1a: Wtf?","|-activate|p2a: Gengar|move: Trick|[of] p1a: Wtf?","|-item|p1a: Wtf?|Black Sludge|[from] move: Trick","|-item|p2a: Gengar|Choice Scarf|[from] move: Trick","|","|-damage|p1a: Wtf?|157/331|[from] item: Black Sludge","|turn|26","|","|move|p2a: Gengar|Shadow Ball|p1a: Wtf?","|-damage|p1a: Wtf?|18/331","|move|p1a: Wtf?|Waterfall|p2a: Gengar","|-damage|p2a: Gengar|45/261","|","|-damage|p1a: Wtf?|0 fnt|[from] item: Black Sludge","|faint|p1a: Wtf?","|","|switch|p1a: Nimbus|Landorus, M|319/319","|turn|27","|","|switch|p2a: Venusaur|Venusaur-Mega, M|235/363 par","|move|p1a: Nimbus|Rock Polish|p1a: Nimbus","|-boost|p1a: Nimbus|spe|2","|","|turn|28","|","|move|p1a: Nimbus|Earth Power|p2a: Venusaur","|-damage|p2a: Venusaur|23/363 par","|move|p2a: Venusaur|Sludge Bomb|p1a: Nimbus","|-resisted|p1a: Nimbus","|-damage|p1a: Nimbus|238/319","|","|turn|29","|","|move|p1a: Nimbus|Earth Power|p2a: Venusaur","|-damage|p2a: Venusaur|0 fnt","|faint|p2a: Venusaur","|","|","|switch|p2a: Gengar|Gengar, M|45/261","|turn|30","|","|move|p1a: Nimbus|Sludge Bomb|p2a: Gengar","|-resisted|p2a: Gengar","|-damage|p2a: Gengar|0 fnt","|faint|p2a: Gengar","|","|","|switch|p2a: Scolipede|Scolipede, F|261/261","|turn|31","|","|move|p1a: Nimbus|Rock Polish|p1a: Nimbus","|-boost|p1a: Nimbus|spe|2","|move|p2a: Scolipede|Rock Slide|p1a: Nimbus","|-damage|p1a: Nimbus|161/319","|","|-boost|p2a: Scolipede|spe|1|[from] ability: Speed Boost","|turn|32","|","|move|p1a: Nimbus|Earth Power|p2a: Scolipede","|-enditem|p2a: Scolipede|Focus Sash","|-damage|p2a: Scolipede|1/261","|move|p2a: Scolipede|Megahorn|p1a: Nimbus","|-resisted|p1a: Nimbus","|-damage|p1a: Nimbus|68/319","|","|-boost|p2a: Scolipede|spe|1|[from] ability: Speed Boost","|turn|33","|","|move|p1a: Nimbus|Earth Power|p2a: Scolipede","|-damage|p2a: Scolipede|0 fnt","|faint|p2a: Scolipede","|","|","|switch|p2a: Drapion|Drapion, F|336/336","|turn|34","|","|move|p1a: Nimbus|Earth Power|p2a: Drapion","|-supereffective|p2a: Drapion","|-damage|p2a: Drapion|0 fnt","|faint|p2a: Drapion","|","|win|Inferno Sableye"],"p1rating":{"entryid":"83803","serverid":"eos","formatid":"monotype","userid":"infernosableye","username":"Inferno Sableye","w":35,"l":"11","t":"0","gxe":72.9,"r":"1675.2881867233","rd":"54.143270877787","sigma":"0","rptime":"1440320400","rpr":1687.8962235271,"rprd":52.785560505149,"rpsigma":"0","acre":1295.9805476795,"lacre":1295.9805476795,"oldacre":"1286.9542743673"},"p2rating":{"entryid":"2316","serverid":"eos","formatid":"monotype","userid":"swlhb","username":"SWL HB","w":"2","l":7,"t":"0","gxe":36.2,"r":"1416.2486260186","rd":"96.099430119335","sigma":"0","rptime":"1440320400","rpr":1390.0773799668,"rprd":91.31948998523,"rpsigma":"0","acre":1019.236766659,"lacre":1019.236766659,"oldacre":"1024.1554797575"},"endType":"normal"}