{"seed":[60006,16362,24325,30135],"turns":28,"p1":"GTX🔫Hiddenshadow","p2":"Alpha vodoom","p1team":[{"name":"Tyranitar","species":"Tyranitar","item":"leftovers","ability":"Sand Stream","moves":["stealthrock","thunderwave","darkpulse","earthpower"],"nature":"Calm","evs":{"hp":252,"atk":0,"def":0,"spa":0,"spd":252,"spe":0},"ivs":{"hp":31,"atk":0,"def":31,"spa":31,"spd":31,"spe":31}},{"name":"Sableye","species":"Sableye","item":"leftovers","ability":"Prankster","moves":["willowisp","recover","snarl","taunt"],"nature":"Calm","evs":{"hp":252,"atk":0,"def":0,"spa":4,"spd":252,"spe":0},"ivs":{"hp":31,"atk":0,"def":31,"spa":31,"spd":31,"spe":31}},{"name":"Mandibuzz","species":"Mandibuzz","item":"rockyhelmet","ability":"Overcoat","moves":["foulplay","toxic","defog","roost"],"nature":"Bold","evs":{"hp":248,"atk":0,"def":252,"spa":0,"spd":8,"spe":0},"ivs":{"hp":31,"atk":31,"def":31,"spa":0,"spd":31,"spe":31}},{"name":"Absol","species":"Absol","item":"absolite","ability":"Pressure","moves":["swordsdance","suckerpunch","playrough","superpower"],"nature":"Jolly","evs":{"hp":0,"atk":252,"def":0,"spa":0,"spd":4,"spe":252},"ivs":{"hp":31,"atk":31,"def":31,"spa":0,"spd":31,"spe":31}},{"name":"Bisharp","species":"Bisharp","item":"leftovers","ability":"Defiant","moves":["swordsdance","substitute","suckerpunch","ironhead"],"nature":"Impish","evs":{"hp":252,"atk":0,"def":252,"spa":0,"spd":4,"spe":0},"ivs":{"hp":31,"atk":31,"def":31,"spa":0,"spd":31,"spe":31}},{"name":"Hydreigon","species":"Hydreigon","item":"choicescarf","ability":"Levitate","moves":["dracometeor","darkpulse","flamethrower","flashcannon"],"nature":"Timid","evs":{"hp":0,"atk":0,"def":0,"spa":252,"spd":4,"spe":252},"ivs":{"hp":31,"atk":0,"def":31,"spa":31,"spd":31,"spe":31}}],"p2team":[{"name":"TNT","species":"tyranitar","item":"assaultvest","ability":"Sand Stream","moves":["earthquake","darkpulse","ancientpower","flamethrower"],"nature":"Quiet","evs":{"hp":248,"atk":8,"def":0,"spa":252,"spd":0,"spe":0},"ivs":{"hp":31,"atk":31,"def":31,"spa":31,"spd":31,"spe":31}},{"name":"Bull","species":"terrakion","item":"choicescarf","ability":"Justified","moves":["closecombat","earthquake","stoneedge","quickattack"],"nature":"Jolly","evs":{"hp":0,"atk":252,"def":0,"spa":0,"spd":4,"spe":252},"ivs":{"hp":31,"atk":31,"def":31,"spa":31,"spd":31,"spe":31}},{"name":"Steel Rex","species":"aggron","item":"aggronite","ability":"Heavy Metal","moves":["heavyslam","firepunch","rest","earthquake"],"nature":"Impish","evs":{"hp":248,"atk":0,"def":252,"spa":0,"spd":8,"spe":0},"ivs":{"hp":31,"atk":31,"def":31,"spa":31,"spd":31,"spe":31}},{"name":"The real deal","species":"lileep","item":"eviolite","ability":"Storm Drain","moves":["recover","toxic","infestation","gigadrain"],"nature":"Calm","evs":{"hp":252,"atk":0,"def":0,"spa":4,"spd":252,"spe":0},"ivs":{"hp":31,"atk":31,"def":31,"spa":31,"spd":31,"spe":31}},{"name":"Diancie","species":"Diancie","item":"diancite","ability":"Clear Body","moves":["protect","earthpower","diamondstorm","moonblast"],"nature":"Hasty","evs":{"hp":0,"atk":4,"def":0,"spa":252,"spd":0,"spe":252},"ivs":{"hp":31,"atk":31,"def":31,"spa":31,"spd":31,"spe":31}},{"name":"Aurorus","species":"Aurorus","item":"choicescarf","ability":"Refrigerate","moves":["freezedry","hypervoice","earthpower","ancientpower"],"nature":"Timid","evs":{"hp":0,"atk":0,"def":0,"spa":252,"spd":4,"spe":252},"ivs":{"hp":31,"atk":31,"def":31,"spa":31,"spd":31,"spe":31}}],"log":["|player|p1|GTX🔫Hiddenshadow|4","|player|p2|Alpha vodoom|vodoom.png","|gametype|singles","|gen|6","|tier|Monotype","|rated","|rule|Baton Pass Clause: Limit one Baton Passer, can't pass Spe and other stats simultaneously","|rule|Swagger Clause: Swagger is banned","|rule|Same Type Clause: Pokémon in a team must share a type","|clearpoke","|poke|p1|Tyranitar, M","|poke|p1|Sableye, F","|poke|p1|Mandibuzz, F","|poke|p1|Absol, F","|poke|p1|Bisharp, F","|poke|p1|Hydreigon, F","|poke|p2|Tyranitar, M","|poke|p2|Terrakion","|poke|p2|Aggron, M","|poke|p2|Lileep, M","|poke|p2|Diancie","|poke|p2|Aurorus, M","|rule|Sleep Clause Mod: Limit one foe put to sleep","|rule|Species Clause: Limit one of each Pokémon","|rule|OHKO Clause: OHKO moves are banned","|rule|Moody Clause: Moody is banned","|rule|Evasion Moves Clause: Evasion moves are banned","|rule|Endless Battle Clause: Forcing endless battles is banned","|rule|HP Percentage Mod: HP is shown in percentages","|teampreview","|","|start","|switch|p1a: Hydreigon|Hydreigon, F|325/325","|switch|p2a: Diancie|Diancie|241/241","|turn|1","|","|detailschange|p2a: Diancie|Diancie-Mega","|-mega|p2a: Diancie|Diancie|Diancite","|move|p2a: Diancie|Protect|p2a: Diancie","|-singleturn|p2a: Diancie|Protect","|move|p1a: Hydreigon|Flash Cannon|p2a: Diancie","|-activate|p2a: Diancie|Protect","|","|turn|2","|","|switch|p2a: The real deal|Lileep, M|336/336","|move|p1a: Hydreigon|Flash Cannon|p2a: The real deal","|-supereffective|p2a: The real deal","|-damage|p2a: The real deal|236/336","|","|turn|3","|","|switch|p1a: Bisharp|Bisharp, F|334/334","|move|p2a: The real deal|Toxic|p1a: Bisharp","|-immune|p1a: Bisharp|[msg]","|","|turn|4","|","|switch|p2a: Steel Rex|Aggron, M|343/343","|move|p1a: Bisharp|Substitute|p1a: Bisharp","|-start|p1a: Bisharp|Substitute","|-damage|p1a: Bisharp|251/334","|","|-heal|p1a: Bisharp|271/334|[from] item: Leftovers","|turn|5","|","|move|p1a: Bisharp|Sucker Punch|p2a: Steel Rex","|-damage|p2a: Steel Rex|286/343","|move|p2a: Steel Rex|Earthquake|p1a: Bisharp","|-crit|p1a: Bisharp","|-supereffective|p1a: Bisharp","|-end|p1a: Bisharp|Substitute","|","|-heal|p1a: Bisharp|291/334|[from] item: Leftovers","|turn|6","|","|switch|p1a: Hydreigon|Hydreigon, F|325/325","|move|p2a: Steel Rex|Heavy Slam|p1a: Hydreigon","|-damage|p1a: Hydreigon|195/325","|","|turn|7","|","|switch|p1a: Mandibuzz|Mandibuzz, F|423/423","|switch|p2a: The real deal|Lileep, M|236/336","|","|turn|8","|","|switch|p1a: Bisharp|Bisharp, F|291/334","|switch|p2a: Diancie|Diancie-Mega|241/241","|","|-heal|p1a: Bisharp|311/334|[from] item: Leftovers","|turn|9","|","|switch|p1a: Tyranitar|Tyranitar, M|404/404","|-weather|Sandstorm","|move|p2a: Diancie|Earth Power|p1a: Tyranitar","|-supereffective|p1a: Tyranitar","|-damage|p1a: Tyranitar|276/404","|","|-weather|Sandstorm|[upkeep]","|-heal|p1a: Tyranitar|301/404|[from] item: Leftovers","|turn|10","|","|switch|p2a: The real deal|Lileep, M|236/336","|move|p1a: Tyranitar|Earth Power|p2a: The real deal","|-damage|p2a: The real deal|209/336","|","|-weather|Sandstorm|[upkeep]","|-heal|p1a: Tyranitar|326/404|[from] item: Leftovers","|turn|11","|","|switch|p1a: Absol|Absol, F|271/271","|-ability|p1a: Absol|Pressure","|switch|p2a: Diancie|Diancie-Mega|241/241","|","|-weather|Sandstorm|[upkeep]","|-damage|p1a: Absol|255/271|[from] sandstorm","|turn|12","|","|switch|p1a: Tyranitar|Tyranitar, M|326/404","|move|p2a: Diancie|Moonblast|p1a: Tyranitar","|-supereffective|p1a: Tyranitar","|-damage|p1a: Tyranitar|152/404","|","|-weather|Sandstorm|[upkeep]","|-heal|p1a: Tyranitar|177/404|[from] item: Leftovers","|turn|13","|","|move|p2a: Diancie|Moonblast|p1a: Tyranitar","|-supereffective|p1a: Tyranitar","|-damage|p1a: Tyranitar|0 fnt","|faint|p1a: Tyranitar","|","|-weather|none","|","|switch|p1a: Hydreigon|Hydreigon, F|195/325","|turn|14","|","|switch|p1a: Absol|Absol, F|255/271","|-ability|p1a: Absol|Pressure","|move|p2a: Diancie|Protect|p2a: Diancie","|-fail|p2a: Diancie","|","|turn|15","|","|switch|p1a: Mandibuzz|Mandibuzz, F|423/423","|move|p2a: Diancie|Moonblast|p1a: Mandibuzz","|-supereffective|p1a: Mandibuzz","|-damage|p1a: Mandibuzz|21/423","|","|turn|16","|","|move|p2a: Diancie|Moonblast|p1a: Mandibuzz","|-supereffective|p1a: Mandibuzz","|-damage|p1a: Mandibuzz|0 fnt","|faint|p1a: Mandibuzz","|","|","|switch|p1a: Hydreigon|Hydreigon, F|195/325","|turn|17","|","|move|p2a: Diancie|Protect|p2a: Diancie","|-singleturn|p2a: Diancie|Protect","|move|p1a: Hydreigon|Flash Cannon|p2a: Diancie","|-activate|p2a: Diancie|Protect","|","|turn|18","|","|switch|p2a: The real deal|Lileep, M|209/336","|move|p1a: Hydreigon|Flash Cannon|p2a: The real deal","|-supereffective|p2a: The real deal","|-damage|p2a: The real deal|109/336","|-unboost|p2a: The real deal|spd|1","|","|turn|19","|","|move|p1a: Hydreigon|Flash Cannon|p2a: The real deal","|-supereffective|p2a: The real deal","|-damage|p2a: The real deal|0 fnt","|faint|p2a: The real deal","|","|","|switch|p2a: Bull|Terrakion|323/323","|turn|20","|","|switch|p2a: Diancie|Diancie-Mega|241/241","|switch|p1a: Sableye|Sableye, F|304/304","|","|turn|21","|","|switch|p1a: Bisharp|Bisharp, F|311/334","|move|p2a: Diancie|Moonblast|p1a: Bisharp","|-damage|p1a: Bisharp|53/334","|","|-heal|p1a: Bisharp|73/334|[from] item: Leftovers","|turn|22","|","|move|p1a: Bisharp|Sucker Punch|p2a: Diancie","|-resisted|p2a: Diancie","|-damage|p2a: Diancie|184/241","|move|p2a: Diancie|Moonblast|p1a: Bisharp","|-damage|p1a: Bisharp|0 fnt","|faint|p1a: Bisharp","|","|","|switch|p1a: Hydreigon|Hydreigon, F|195/325","|turn|23","|","|move|p2a: Diancie|Protect|p2a: Diancie","|-singleturn|p2a: Diancie|Protect","|move|p1a: Hydreigon|Flash Cannon|p2a: Diancie","|-activate|p2a: Diancie|Protect","|","|turn|24","|","|switch|p2a: TNT|Tyranitar, M|403/403","|-weather|Sandstorm","|move|p1a: Hydreigon|Flash Cannon|p2a: TNT","|-crit|p2a: TNT","|-supereffective|p2a: TNT","|-damage|p2a: TNT|287/403","|","|-weather|Sandstorm|[upkeep]","|-damage|p1a: Hydreigon|175/325|[from] sandstorm","|turn|25","|","|switch|p1a: Sableye|Sableye, F|304/304","|move|p2a: TNT|Ancient Power|p1a: Sableye","|-damage|p1a: Sableye|210/304","|-boost|p2a: TNT|atk|1","|-boost|p2a: TNT|def|1","|-boost|p2a: TNT|spa|1","|-boost|p2a: TNT|spd|1","|-boost|p2a: TNT|spe|1","|","|-weather|Sandstorm|[upkeep]","|-damage|p1a: Sableye|191/304|[from] sandstorm","|-heal|p1a: Sableye|210/304|[from] item: Leftovers","|turn|26","|","|move|p1a: Sableye|Will-O-Wisp|p2a: TNT|[miss]","|-miss|p1a: Sableye|p2a: TNT","|move|p2a: TNT|Dark Pulse|p1a: Sableye","|-crit|p1a: Sableye","|-damage|p1a: Sableye|0 fnt","|faint|p1a: Sableye","|","|-weather|Sandstorm|[upkeep]","|","|switch|p1a: Absol|Absol, F|255/271","|-ability|p1a: Absol|Pressure","|turn|27","|","|detailschange|p1a: Absol|Absol-Mega, F","|-mega|p1a: Absol|Absol|Absolite","|move|p1a: Absol|Superpower|p2a: TNT","|-crit|p2a: TNT","|-supereffective|p2a: TNT","|-damage|p2a: TNT|0 fnt","|-unboost|p1a: Absol|atk|1","|-unboost|p1a: Absol|def|1","|faint|p2a: TNT","|","|-weather|Sandstorm|[upkeep]","|-damage|p1a: Absol|239/271|[from] sandstorm","|","|switch|p2a: Bull|Terrakion|323/323","|turn|28","|","|move|p1a: Absol|Sucker Punch|p2a: Bull","|-resisted|p2a: Bull","|-damage|p2a: Bull|260/323","|-boost|p2a: Bull|atk|1|[from] ability: Justified","|move|p2a: Bull|Close Combat|p1a: Absol","|-supereffective|p1a: Absol","|-damage|p1a: Absol|0 fnt","|-unboost|p2a: Bull|def|1","|-unboost|p2a: Bull|spd|1","|faint|p1a: Absol","|","|-weather|none","|","|win|Alpha vodoom"],"p1rating":{"entryid":"176321","serverid":"eos","formatid":"monotype","userid":"gtxhiddenshadow","username":"GTX♆Hiddenshadow","w":"1","l":1,"t":"0","gxe":48.3,"r":"1530.2579698291","rd":"123.34225434864","sigma":"0","rptime":"1440320400","rpr":1486.8565562265,"rprd":116.59367761075,"rpsigma":"0","acre":1024.0458177242,"lacre":1024.0458177242,"oldacre":"1040"},"p2rating":{"entryid":"214259","serverid":"eos","formatid":"monotype","userid":"alphavodoom","username":"Alpha α Vodoom","w":13,"l":"15","t":"0","gxe":49.4,"r":"1483.5234683792","rd":"62.922577660468","sigma":"0","rptime":"1440320400","rpr":1495.1322770871,"rprd":62.059753832865,"rpsigma":"0","acre":1074.7487483613,"lacre":1074.7487483613,"oldacre":"1040.9949219591"},"endType":"forfeit"}