{"seed":[41045,39220,42344,44831],"turns":23,"p1":"The Alttttt","p2":"V Photon","p1team":[{"name":"Skarmory","species":"Skarmory","item":"rockyhelmet","ability":"Sturdy","moves":["roost","stealthrock","bravebird","whirlwind"],"nature":"Impish","evs":{"hp":248,"atk":0,"def":252,"spa":0,"spd":0,"spe":8},"ivs":{"hp":31,"atk":31,"def":31,"spa":31,"spd":31,"spe":31}},{"name":"Heatran","species":"Heatran","item":"airballoon","ability":"Flash Fire","moves":["lavaplume","earthpower","flashcannon","toxic"],"nature":"Calm","evs":{"hp":248,"atk":0,"def":0,"spa":0,"spd":192,"spe":68},"ivs":{"hp":31,"atk":31,"def":31,"spa":31,"spd":31,"spe":31}},{"name":"Ferrothorn","species":"Ferrothorn","item":"rockyhelmet","ability":"Iron Barbs","moves":["leechseed","spikes","protect","powerwhip"],"nature":"Careful","evs":{"hp":248,"atk":0,"def":88,"spa":0,"spd":172,"spe":0},"ivs":{"hp":31,"atk":31,"def":31,"spa":31,"spd":31,"spe":31}},{"name":"Scizor","species":"Scizor","item":"scizorite","ability":"Technician","moves":["swordsdance","bulletpunch","roost","knockoff"],"nature":"Impish","evs":{"hp":248,"atk":44,"def":16,"spa":0,"spd":200,"spe":0},"ivs":{"hp":31,"atk":31,"def":31,"spa":31,"spd":31,"spe":31}},{"name":"Magnezone","species":"Magnezone","item":"choicescarf","ability":"Sturdy","moves":["thunderbolt","voltswitch","flashcannon","hiddenpowerice"],"nature":"Timid","evs":{"hp":0,"atk":0,"def":0,"spa":252,"spd":4,"spe":252},"ivs":{"hp":31,"atk":30,"def":30,"spa":31,"spd":31,"spe":31}},{"name":"Jirachi","species":"Jirachi","item":"choicescarf","ability":"Serene Grace","moves":["ironhead","zenheadbutt","uturn","firepunch"],"nature":"Jolly","evs":{"hp":0,"atk":252,"def":0,"spa":0,"spd":4,"spe":252},"ivs":{"hp":31,"atk":31,"def":31,"spa":31,"spd":31,"spe":31}}],"p2team":[{"name":"Abomasnow","species":"Abomasnow","item":"expertbelt","ability":"Soundproof","moves":["icebeam","woodhammer","earthquake","iceshard"],"nature":"Lonely","evs":{"hp":0,"atk":252,"def":0,"spa":108,"spd":0,"spe":148},"ivs":{"hp":31,"atk":31,"def":31,"spa":31,"spd":31,"spe":31}},{"name":"Ferrothorn","species":"Ferrothorn","item":"rockyhelmet","ability":"Iron Barbs","moves":["curse","gyroball","rest","sleeptalk"],"nature":"Relaxed","evs":{"hp":252,"atk":0,"def":120,"spa":0,"spd":136,"spe":0},"ivs":{"hp":31,"atk":31,"def":31,"spa":31,"spd":31,"spe":0}},{"name":"Torterra","species":"Torterra","item":"lumberry","ability":"Overgrow","moves":["rockpolish","swordsdance","earthquake","stoneedge"],"nature":"Adamant","evs":{"hp":0,"atk":252,"def":0,"spa":0,"spd":4,"spe":252},"ivs":{"hp":31,"atk":31,"def":31,"spa":31,"spd":31,"spe":31}},{"name":"Sceptile","species":"Sceptile","item":"sceptilite","ability":"Overgrow","moves":["drainpunch","protect","dragonpulse","hiddenpowerfire"],"nature":"Hasty","evs":{"hp":0,"atk":4,"def":0,"spa":252,"spd":0,"spe":252},"ivs":{"hp":31,"atk":30,"def":31,"spa":30,"spd":31,"spe":30}},{"name":"Celebi","species":"Celebi","item":"lightclay","ability":"Natural Cure","moves":["lightscreen","stealthrock","reflect","earthpower"],"nature":"Calm","evs":{"hp":248,"atk":0,"def":0,"spa":0,"spd":224,"spe":36},"ivs":{"hp":31,"atk":31,"def":31,"spa":31,"spd":31,"spe":31}},{"name":"Shiftry","species":"Shiftry","item":"lifeorb","ability":"Chlorophyll","moves":["knockoff","suckerpunch","rockslide","defog"],"nature":"Adamant","evs":{"hp":0,"atk":252,"def":0,"spa":0,"spd":4,"spe":252},"ivs":{"hp":31,"atk":31,"def":31,"spa":31,"spd":31,"spe":31}}],"log":["|player|p1|The Alttttt|allianceasurax.png","|player|p2|V Photon|66","|gametype|singles","|gen|6","|tier|Monotype","|rated","|rule|Baton Pass Clause: Limit one Baton Passer, can't pass Spe and other stats simultaneously","|rule|Swagger Clause: Swagger is banned","|rule|Same Type Clause: Pokémon in a team must share a type","|clearpoke","|poke|p1|Skarmory, M","|poke|p1|Heatran, M","|poke|p1|Ferrothorn, F","|poke|p1|Scizor, F","|poke|p1|Magnezone","|poke|p1|Jirachi","|poke|p2|Abomasnow, M","|poke|p2|Ferrothorn, M","|poke|p2|Torterra, M","|poke|p2|Sceptile, M","|poke|p2|Celebi","|poke|p2|Shiftry, F","|rule|Sleep Clause Mod: Limit one foe put to sleep","|rule|Species Clause: Limit one of each Pokémon","|rule|OHKO Clause: OHKO moves are banned","|rule|Moody Clause: Moody is banned","|rule|Evasion Moves Clause: Evasion moves are banned","|rule|Endless Battle Clause: Forcing endless battles is banned","|rule|HP Percentage Mod: HP is shown in percentages","|teampreview","|","|start","|switch|p1a: Heatran|Heatran, M|385/385","|switch|p2a: Torterra|Torterra, M|331/331","|-item|p1a: Heatran|Air Balloon","|turn|1","|","|switch|p2a: Celebi|Celebi|403/403","|switch|p1a: Skarmory|Skarmory, M|333/333","|","|turn|2","|","|move|p2a: Celebi|Stealth Rock|p1a: Skarmory","|-sidestart|p1: The Alttttt|move: Stealth Rock","|move|p1a: Skarmory|Stealth Rock|p2a: Celebi","|-sidestart|p2: V Photon|move: Stealth Rock","|","|turn|3","|","|move|p2a: Celebi|Reflect|p2a: Celebi","|-sidestart|p2: V Photon|Reflect","|move|p1a: Skarmory|Whirlwind|p2a: Celebi","|drag|p2a: Ferrothorn|Ferrothorn, M|352/352","|-damage|p2a: Ferrothorn|330/352|[from] Stealth Rock","|","|turn|4","|","|switch|p1a: Ferrothorn|Ferrothorn, F|351/351","|-damage|p1a: Ferrothorn|330/351|[from] Stealth Rock","|move|p2a: Ferrothorn|Curse|p2a: Ferrothorn","|-unboost|p2a: Ferrothorn|spe|1","|-boost|p2a: Ferrothorn|atk|1","|-boost|p2a: Ferrothorn|def|1","|","|turn|5","|","|move|p1a: Ferrothorn|Spikes|p2a: Ferrothorn","|-sidestart|p2: V Photon|Spikes","|move|p2a: Ferrothorn|Curse|p2a: Ferrothorn","|-unboost|p2a: Ferrothorn|spe|1","|-boost|p2a: Ferrothorn|atk|1","|-boost|p2a: Ferrothorn|def|1","|","|turn|6","|","|move|p1a: Ferrothorn|Spikes|p2a: Ferrothorn","|-sidestart|p2: V Photon|Spikes","|move|p2a: Ferrothorn|Curse|p2a: Ferrothorn","|-unboost|p2a: Ferrothorn|spe|1","|-boost|p2a: Ferrothorn|atk|1","|-boost|p2a: Ferrothorn|def|1","|","|turn|7","|","|move|p1a: Ferrothorn|Spikes|p2a: Ferrothorn","|-sidestart|p2: V Photon|Spikes","|move|p2a: Ferrothorn|Gyro Ball|p1a: Ferrothorn","|-resisted|p1a: Ferrothorn","|-damage|p1a: Ferrothorn|213/351","|-damage|p2a: Ferrothorn|286/352|[from] ability: Iron Barbs|[of] p1a: Ferrothorn","|-damage|p2a: Ferrothorn|228/352|[from] item: Rocky Helmet|[of] p1a: Ferrothorn","|","|turn|8","|","|switch|p1a: Skarmory|Skarmory, M|333/333","|-damage|p1a: Skarmory|292/333|[from] Stealth Rock","|move|p2a: Ferrothorn|Gyro Ball|p1a: Skarmory","|-resisted|p1a: Skarmory","|-damage|p1a: Skarmory|167/333","|-damage|p2a: Ferrothorn|170/352|[from] item: Rocky Helmet|[of] p1a: Skarmory","|","|turn|9","|","|move|p1a: Skarmory|Roost|p1a: Skarmory","|-heal|p1a: Skarmory|333/333","|move|p2a: Ferrothorn|Rest|p2a: Ferrothorn","|-status|p2a: Ferrothorn|slp","|-heal|p2a: Ferrothorn|352/352 slp|[silent]","|-status|p2a: Ferrothorn|slp|[from] move: Rest","|","|turn|10","|","|cant|p2a: Ferrothorn|slp","|move|p2a: Ferrothorn|Sleep Talk|p2a: Ferrothorn","|move|p2a: Ferrothorn|Gyro Ball|p1a: Skarmory|[from]Sleep Talk","|-resisted|p1a: Skarmory","|-damage|p1a: Skarmory|216/333","|-damage|p2a: Ferrothorn|294/352 slp|[from] item: Rocky Helmet|[of] p1a: Skarmory","|move|p1a: Skarmory|Whirlwind|p2a: Ferrothorn","|drag|p2a: Shiftry|Shiftry, F|321/321","|-damage|p2a: Shiftry|241/321|[from] Spikes","|-damage|p2a: Shiftry|201/321|[from] Stealth Rock","|","|-sideend|p2: V Photon|Reflect","|turn|11","|","|move|p2a: Shiftry|Defog|p1a: Skarmory","|-unboost|p1a: Skarmory|evasion|1","|-sideend|p1: The Alttttt|Stealth Rock|[from] move: Defog|[of] p1a: Skarmory","|-sideend|p2: V Photon|Spikes|[from] move: Defog|[of] p2a: Shiftry","|-sideend|p2: V Photon|Stealth Rock|[from] move: Defog|[of] p2a: Shiftry","|move|p1a: Skarmory|Brave Bird|p2a: Shiftry","|-supereffective|p2a: Shiftry","|-damage|p2a: Shiftry|0 fnt","|-damage|p1a: Skarmory|150/333|[from] recoil|[of] p2a: Shiftry","|faint|p2a: Shiftry","|","|","|switch|p2a: Sceptile|Sceptile, M|281/281","|turn|12","|","|detailschange|p2a: Sceptile|Sceptile-Mega, M","|-mega|p2a: Sceptile|Sceptile|Sceptilite","|move|p2a: Sceptile|Hidden Power|p1a: Skarmory","|-supereffective|p1a: Skarmory","|-damage|p1a: Skarmory|0 fnt","|faint|p1a: Skarmory","|","|","|switch|p1a: Magnezone|Magnezone|281/281","|turn|13","|","|switch|p2a: Abomasnow|Abomasnow, M|321/321","|move|p1a: Magnezone|Hidden Power|p2a: Abomasnow","|-damage|p2a: Abomasnow|232/321","|","|turn|14","|","|switch|p1a: Ferrothorn|Ferrothorn, F|213/351","|move|p2a: Abomasnow|Earthquake|p1a: Ferrothorn","|-damage|p1a: Ferrothorn|131/351","|","|turn|15","|","|move|p2a: Abomasnow|Ice Beam|p1a: Ferrothorn","|-damage|p1a: Ferrothorn|55/351","|move|p1a: Ferrothorn|Spikes|p2a: Abomasnow","|-sidestart|p2: V Photon|Spikes","|","|turn|16","|","|move|p2a: Abomasnow|Ice Beam|p1a: Ferrothorn","|-damage|p1a: Ferrothorn|0 fnt","|faint|p1a: Ferrothorn","|","|","|switch|p1a: Jirachi|Jirachi|341/341","|turn|17","|","|switch|p2a: Ferrothorn|Ferrothorn, M|294/352 slp","|-damage|p2a: Ferrothorn|250/352 slp|[from] Spikes","|move|p1a: Jirachi|Fire Punch|p2a: Ferrothorn","|-supereffective|p2a: Ferrothorn","|-damage|p2a: Ferrothorn|58/352 slp","|-damage|p1a: Jirachi|299/341|[from] ability: Iron Barbs|[of] p2a: Ferrothorn","|-damage|p1a: Jirachi|243/341|[from] item: Rocky Helmet|[of] p2a: Ferrothorn","|","|turn|18","|","|move|p1a: Jirachi|Fire Punch|p2a: Ferrothorn","|-supereffective|p2a: Ferrothorn","|-damage|p2a: Ferrothorn|0 fnt","|-damage|p1a: Jirachi|201/341|[from] ability: Iron Barbs|[of] p2a: Ferrothorn","|-damage|p1a: Jirachi|145/341|[from] item: Rocky Helmet|[of] p2a: Ferrothorn","|faint|p2a: Ferrothorn","|","|","|switch|p2a: Celebi|Celebi|403/403","|-damage|p2a: Celebi|353/403|[from] Spikes","|turn|19","|","|switch|p1a: Scizor|Scizor, F|343/343","|move|p2a: Celebi|Stealth Rock|p1a: Scizor","|-sidestart|p1: The Alttttt|move: Stealth Rock","|","|turn|20","|","|detailschange|p1a: Scizor|Scizor-Mega, F","|-mega|p1a: Scizor|Scizor|Scizorite","|move|p2a: Celebi|Reflect|p2a: Celebi","|-sidestart|p2: V Photon|Reflect","|move|p1a: Scizor|Swords Dance|p1a: Scizor","|-boost|p1a: Scizor|atk|2","|","|turn|21","|","|move|p2a: Celebi|Earth Power|p1a: Scizor","|-damage|p1a: Scizor|285/343","|move|p1a: Scizor|Knock Off|p2a: Celebi","|-supereffective|p2a: Celebi","|-damage|p2a: Celebi|134/403","|-enditem|p2a: Celebi|Light Clay|[from] move: Knock Off|[of] p1a: Scizor","|","|turn|22","|","|switch|p2a: Abomasnow|Abomasnow, M|232/321","|-damage|p2a: Abomasnow|192/321|[from] Spikes","|move|p1a: Scizor|Swords Dance|p1a: Scizor","|-boost|p1a: Scizor|atk|2","|","|turn|23","|","|win|The Alttttt"],"p1rating":{"entryid":332255,"formatid":"monotype","userid":"thealttttt","username":"The Alttttt","r":1500,"rd":130,"sigma":0,"rpr":1526.1314341797,"rprd":123.37179707015,"rpsigma":0,"rptime":1440234000,"w":1,"l":0,"t":0,"gxe":53.3,"acre":1046.1993530336,"lacre":1046.1993530336,"oldacre":1000},"p2rating":{"entryid":"24749","serverid":"eos","formatid":"monotype","userid":"vphoton","username":"V Photon - ⓈⓁⒺⒺⓅ","w":"3","l":10,"t":"0","gxe":34.3,"r":"1355.9239025717","rd":"93.282947122814","sigma":"0","rptime":"1440234000","rpr":1374.5876994844,"rprd":82.790827617522,"rpsigma":"0","acre":1033.3298817197,"lacre":1033.3298817197,"oldacre":"1054.2843523164"},"endType":"forfeit"}