{"seed":[48739,57201,13798,29811],"turns":34,"p1":"Twizz","p2":"Crystal Umaan","p1team":[{"name":"Magnezone","species":"Magnezone","item":"leftovers","ability":"Sturdy","moves":["flashcannon","thunderbolt","protect","hiddenpowerice"],"nature":"Modest","evs":{"hp":76,"atk":0,"def":180,"spa":252,"spd":0,"spe":0},"ivs":{"hp":31,"atk":30,"def":30,"spa":31,"spd":31,"spe":31}},{"name":"Zapdos","species":"Zapdos","item":"leftovers","ability":"Pressure","moves":["discharge","heatwave","toxic","roost"],"nature":"Bold","evs":{"hp":4,"atk":0,"def":252,"spa":56,"spd":196,"spe":0},"ivs":{"hp":31,"atk":31,"def":31,"spa":31,"spd":31,"spe":31}},{"name":"Ampharos","species":"Ampharos","item":"ampharosite","ability":"Static","moves":["cottonguard","rest","sleeptalk","dragonpulse"],"nature":"Bold","evs":{"hp":0,"atk":0,"def":252,"spa":136,"spd":120,"spe":0},"ivs":{"hp":31,"atk":31,"def":31,"spa":31,"spd":31,"spe":31}},{"name":"Raikou","species":"Raikou","item":"leftovers","ability":"Pressure","moves":["calmmind","substitute","thunderbolt","extrasensory"],"nature":"Timid","evs":{"hp":0,"atk":0,"def":0,"spa":252,"spd":4,"spe":252},"ivs":{"hp":31,"atk":31,"def":31,"spa":31,"spd":31,"spe":31}},{"name":"Rotom-Wash","species":"Rotom-Wash","item":"choicescarf","ability":"Levitate","moves":["voltswitch","hydropump","willowisp","trick"],"nature":"Timid","evs":{"hp":0,"atk":0,"def":0,"spa":252,"spd":4,"spe":252},"ivs":{"hp":31,"atk":31,"def":31,"spa":31,"spd":31,"spe":31}},{"name":"Condom","species":"eelektross","item":"assaultvest","ability":"Levitate","moves":["gigadrain","thunderbolt","drainpunch","knockoff"],"nature":"Quiet","evs":{"hp":3,"atk":136,"def":0,"spa":108,"spd":252,"spe":0},"ivs":{"hp":31,"atk":31,"def":31,"spa":31,"spd":31,"spe":31}}],"p2team":[{"name":"Wobs","species":"latios","item":"latiosite","ability":"Levitate","moves":["dragonpulse","psyshock","earthquake","defog"],"nature":"Hasty","evs":{"hp":0,"atk":4,"def":0,"spa":252,"spd":0,"spe":252},"ivs":{"hp":31,"atk":31,"def":31,"spa":31,"spd":31,"spe":31}},{"name":"Maj","species":"dragonite","item":"lumberry","ability":"Multiscale","moves":["outrage","extremespeed","ironhead","dragondance"],"nature":"Adamant","evs":{"hp":0,"atk":252,"def":0,"spa":0,"spd":4,"spe":252},"gender":"F","ivs":{"hp":31,"atk":31,"def":31,"spa":31,"spd":31,"spe":31}},{"name":"Nom","species":"garchomp","item":"focussash","ability":"Rough Skin","moves":["dragonclaw","earthquake","ironhead","stealthrock"],"nature":"Jolly","evs":{"hp":0,"atk":252,"def":0,"spa":0,"spd":4,"spe":252},"gender":"F","ivs":{"hp":31,"atk":31,"def":31,"spa":31,"spd":31,"spe":31}},{"name":"Danson","species":"goodra","item":"assaultvest","ability":"Gooey","moves":["dragonpulse","flamethrower","thunderbolt","sludgewave"],"nature":"Modest","evs":{"hp":248,"atk":0,"def":0,"spa":252,"spd":8,"spe":0},"gender":"M","ivs":{"hp":31,"atk":31,"def":31,"spa":31,"spd":31,"spe":31}},{"name":"Mickey","species":"noivern","item":"lifeorb","ability":"Infiltrator","moves":["focusblast","dragonpulse","hurricane","flamethrower"],"nature":"Timid","evs":{"hp":0,"atk":0,"def":0,"spa":252,"spd":4,"spe":252},"gender":"M","shiny":true,"ivs":{"hp":31,"atk":31,"def":31,"spa":31,"spd":31,"spe":31}},{"name":"Haxing N00b","species":"haxorus","item":"focussash","ability":"Mold Breaker","moves":["dragondance","dragonclaw","earthquake","poisonjab"],"nature":"Adamant","evs":{"hp":0,"atk":252,"def":0,"spa":0,"spd":36,"spe":220},"shiny":true,"ivs":{"hp":31,"atk":31,"def":31,"spa":31,"spd":31,"spe":31}}],"log":["|player|p1|Twizz|264","|player|p2|Crystal Umaan|105","|gametype|singles","|gen|6","|tier|Monotype","|rated","|rule|Baton Pass Clause: Limit one Baton Passer, can't pass Spe and other stats simultaneously","|rule|Swagger Clause: Swagger is banned","|rule|Same Type Clause: Pokémon in a team must share a type","|clearpoke","|poke|p1|Magnezone","|poke|p1|Zapdos","|poke|p1|Ampharos, M","|poke|p1|Raikou","|poke|p1|Rotom-Wash","|poke|p1|Eelektross, M","|poke|p2|Latios, M","|poke|p2|Dragonite, F","|poke|p2|Garchomp, F","|poke|p2|Goodra, M","|poke|p2|Noivern, M, shiny","|poke|p2|Haxorus, F, shiny","|rule|Sleep Clause Mod: Limit one foe put to sleep","|rule|Species Clause: Limit one of each Pokémon","|rule|OHKO Clause: OHKO moves are banned","|rule|Moody Clause: Moody is banned","|rule|Evasion Moves Clause: Evasion moves are banned","|rule|Endless Battle Clause: Forcing endless battles is banned","|rule|HP Percentage Mod: HP is shown in percentages","|teampreview","|","|start","|switch|p1a: Rotom-Wash|Rotom-Wash|241/241","|switch|p2a: Nom|Garchomp, F|357/357","|turn|1","|","|move|p1a: Rotom-Wash|Will-O-Wisp|p2a: Nom","|-status|p2a: Nom|brn","|move|p2a: Nom|Stealth Rock|p1a: Rotom-Wash","|-sidestart|p1: Twizz|move: Stealth Rock","|","|-damage|p2a: Nom|313/357 brn|[from] brn","|turn|2","|","|switch|p1a: Zapdos|Zapdos|322/322","|-damage|p1a: Zapdos|242/322|[from] Stealth Rock","|-ability|p1a: Zapdos|Pressure","|move|p2a: Nom|Dragon Claw|p1a: Zapdos","|-damage|p1a: Zapdos|188/322","|","|-heal|p1a: Zapdos|208/322|[from] item: Leftovers","|-damage|p2a: Nom|269/357 brn|[from] brn","|turn|3","|","|move|p2a: Nom|Dragon Claw|p1a: Zapdos","|-damage|p1a: Zapdos|154/322","|move|p1a: Zapdos|Heat Wave|p2a: Nom","|-resisted|p2a: Nom","|-damage|p2a: Nom|216/357 brn","|","|-heal|p1a: Zapdos|174/322|[from] item: Leftovers","|-damage|p2a: Nom|172/357 brn|[from] brn","|turn|4","|","|move|p2a: Nom|Dragon Claw|p1a: Zapdos","|-damage|p1a: Zapdos|118/322","|move|p1a: Zapdos|Roost|p1a: Zapdos","|-heal|p1a: Zapdos|279/322","|","|-heal|p1a: Zapdos|299/322|[from] item: Leftovers","|-damage|p2a: Nom|128/357 brn|[from] brn","|turn|5","|","|switch|p2a: Wobs|Latios, M|301/301","|move|p1a: Zapdos|Heat Wave|p2a: Wobs","|-resisted|p2a: Wobs","|-damage|p2a: Wobs|261/301","|","|-heal|p1a: Zapdos|319/322|[from] item: Leftovers","|turn|6","|","|detailschange|p2a: Wobs|Latios-Mega, M","|-mega|p2a: Wobs|Latios|Latiosite","|move|p2a: Wobs|Dragon Pulse|p1a: Zapdos","|-damage|p1a: Zapdos|175/322","|move|p1a: Zapdos|Toxic|p2a: Wobs","|-status|p2a: Wobs|tox","|","|-heal|p1a: Zapdos|195/322|[from] item: Leftovers","|-damage|p2a: Wobs|243/301 tox|[from] psn","|turn|7","|","|move|p2a: Wobs|Dragon Pulse|p1a: Zapdos","|-damage|p1a: Zapdos|33/322","|move|p1a: Zapdos|Roost|p1a: Zapdos","|-heal|p1a: Zapdos|194/322","|","|-heal|p1a: Zapdos|214/322|[from] item: Leftovers","|-damage|p2a: Wobs|207/301 tox|[from] psn","|turn|8","|","|move|p2a: Wobs|Dragon Pulse|p1a: Zapdos","|-damage|p1a: Zapdos|54/322","|move|p1a: Zapdos|Roost|p1a: Zapdos","|-heal|p1a: Zapdos|215/322","|","|-heal|p1a: Zapdos|235/322|[from] item: Leftovers","|-damage|p2a: Wobs|153/301 tox|[from] psn","|turn|9","|","|move|p2a: Wobs|Dragon Pulse|p1a: Zapdos","|-damage|p1a: Zapdos|76/322","|move|p1a: Zapdos|Roost|p1a: Zapdos","|-heal|p1a: Zapdos|237/322","|","|-heal|p1a: Zapdos|257/322|[from] item: Leftovers","|-damage|p2a: Wobs|81/301 tox|[from] psn","|turn|10","|","|move|p2a: Wobs|Psyshock|p1a: Zapdos","|-damage|p1a: Zapdos|128/322","|move|p1a: Zapdos|Roost|p1a: Zapdos","|-heal|p1a: Zapdos|289/322","|","|-heal|p1a: Zapdos|309/322|[from] item: Leftovers","|-damage|p2a: Wobs|0 fnt|[from] psn","|faint|p2a: Wobs","|","|switch|p2a: Haxing N00b|Haxorus, F, shiny|293/293","|-ability|p2a: Haxing N00b|Mold Breaker","|turn|11","|","|move|p2a: Haxing N00b|Dragon Dance|p2a: Haxing N00b","|-boost|p2a: Haxing N00b|atk|1","|-boost|p2a: Haxing N00b|spe|1","|move|p1a: Zapdos|Toxic|p2a: Haxing N00b","|-status|p2a: Haxing N00b|tox","|","|-heal|p1a: Zapdos|322/322|[from] item: Leftovers","|-damage|p2a: Haxing N00b|275/293 tox|[from] psn","|turn|12","|","|move|p2a: Haxing N00b|Dragon Dance|p2a: Haxing N00b","|-boost|p2a: Haxing N00b|atk|1","|-boost|p2a: Haxing N00b|spe|1","|move|p1a: Zapdos|Heat Wave|p2a: Haxing N00b","|-resisted|p2a: Haxing N00b","|-damage|p2a: Haxing N00b|214/293 tox","|","|-damage|p2a: Haxing N00b|178/293 tox|[from] psn","|turn|13","|","|move|p2a: Haxing N00b|Dragon Dance|p2a: Haxing N00b","|-boost|p2a: Haxing N00b|atk|1","|-boost|p2a: Haxing N00b|spe|1","|move|p1a: Zapdos|Roost|p1a: Zapdos","|-fail|p1a: Zapdos","|","|-damage|p2a: Haxing N00b|124/293 tox|[from] psn","|turn|14","|","|move|p2a: Haxing N00b|Dragon Claw|p1a: Zapdos","|-damage|p1a: Zapdos|0 fnt","|faint|p1a: Zapdos","|","|-damage|p2a: Haxing N00b|52/293 tox|[from] psn","|","|switch|p1a: Magnezone|Magnezone|300/300","|-damage|p1a: Magnezone|282/300|[from] Stealth Rock","|turn|15","|","|move|p1a: Magnezone|Protect|p1a: Magnezone","|-singleturn|p1a: Magnezone|Protect","|move|p2a: Haxing N00b|Earthquake|p1a: Magnezone","|-activate|p1a: Magnezone|Protect","|","|-heal|p1a: Magnezone|300/300|[from] item: Leftovers","|-damage|p2a: Haxing N00b|0 fnt|[from] psn","|faint|p2a: Haxing N00b","|","|switch|p2a: Nom|Garchomp, F|128/357 brn","|turn|16","|","|switch|p1a: Rotom-Wash|Rotom-Wash|241/241","|-damage|p1a: Rotom-Wash|211/241|[from] Stealth Rock","|move|p2a: Nom|Earthquake|p1a: Rotom-Wash","|-immune|p1a: Rotom-Wash|[msg]","|","|-damage|p2a: Nom|84/357 brn|[from] brn","|turn|17","|","|move|p1a: Rotom-Wash|Hydro Pump|p2a: Nom","|-damage|p2a: Nom|0 fnt","|faint|p2a: Nom","|","|","|switch|p2a: Danson|Goodra, M|383/383","|turn|18","|","|switch|p1a: Condom|Eelektross, M|311/311","|-damage|p1a: Condom|273/311|[from] Stealth Rock","|move|p2a: Danson|Dragon Pulse|p1a: Condom","|-crit|p1a: Condom","|-damage|p1a: Condom|140/311","|","|turn|19","|","|move|p2a: Danson|Dragon Pulse|p1a: Condom","|-damage|p1a: Condom|53/311","|move|p1a: Condom|Knock Off|p2a: Danson","|-damage|p2a: Danson|257/383","|-unboost|p1a: Condom|spe|1","|-enditem|p2a: Danson|Assault Vest|[from] move: Knock Off|[of] p1a: Condom","|","|turn|20","|","|move|p2a: Danson|Dragon Pulse|p1a: Condom","|-damage|p1a: Condom|0 fnt","|faint|p1a: Condom","|","|","|switch|p1a: Raikou|Raikou|321/321","|-damage|p1a: Raikou|281/321|[from] Stealth Rock","|-ability|p1a: Raikou|Pressure","|turn|21","|","|move|p1a: Raikou|Calm Mind|p1a: Raikou","|-boost|p1a: Raikou|spa|1","|-boost|p1a: Raikou|spd|1","|move|p2a: Danson|Dragon Pulse|p1a: Raikou","|-damage|p1a: Raikou|188/321","|","|-heal|p1a: Raikou|208/321|[from] item: Leftovers","|turn|22","|","|move|p1a: Raikou|Calm Mind|p1a: Raikou","|-boost|p1a: Raikou|spa|1","|-boost|p1a: Raikou|spd|1","|move|p2a: Danson|Dragon Pulse|p1a: Raikou","|-damage|p1a: Raikou|133/321","|","|-heal|p1a: Raikou|153/321|[from] item: Leftovers","|turn|23","|","|move|p1a: Raikou|Calm Mind|p1a: Raikou","|-boost|p1a: Raikou|spa|1","|-boost|p1a: Raikou|spd|1","|move|p2a: Danson|Dragon Pulse|p1a: Raikou","|-damage|p1a: Raikou|89/321","|","|-heal|p1a: Raikou|109/321|[from] item: Leftovers","|turn|24","|","|move|p1a: Raikou|Substitute|p1a: Raikou","|-start|p1a: Raikou|Substitute","|-damage|p1a: Raikou|29/321","|move|p2a: Danson|Dragon Pulse|p1a: Raikou","|-crit|p1a: Raikou","|-end|p1a: Raikou|Substitute","|","|-heal|p1a: Raikou|49/321|[from] item: Leftovers","|turn|25","|","|move|p1a: Raikou|Extrasensory|p2a: Danson","|-damage|p2a: Danson|107/383","|move|p2a: Danson|Dragon Pulse|p1a: Raikou","|-damage|p1a: Raikou|0 fnt","|faint|p1a: Raikou","|","|","|switch|p1a: Magnezone|Magnezone|300/300","|-damage|p1a: Magnezone|282/300|[from] Stealth Rock","|turn|26","|","|move|p1a: Magnezone|Protect|p1a: Magnezone","|-singleturn|p1a: Magnezone|Protect","|move|p2a: Danson|Flamethrower|p1a: Magnezone","|-activate|p1a: Magnezone|Protect","|","|-heal|p1a: Magnezone|300/300|[from] item: Leftovers","|turn|27","|","|switch|p1a: Rotom-Wash|Rotom-Wash|211/241","|-damage|p1a: Rotom-Wash|181/241|[from] Stealth Rock","|move|p2a: Danson|Flamethrower|p1a: Rotom-Wash","|-resisted|p1a: Rotom-Wash","|-damage|p1a: Rotom-Wash|134/241","|","|turn|28","|","|move|p1a: Rotom-Wash|Trick|p2a: Danson","|-activate|p1a: Rotom-Wash|move: Trick|[of] p2a: Danson","|-item|p2a: Danson|Choice Scarf|[from] move: Trick","|move|p2a: Danson|Dragon Pulse|p1a: Rotom-Wash","|-damage|p1a: Rotom-Wash|7/241","|","|turn|29","|","|move|p1a: Rotom-Wash|Volt Switch|p2a: Danson","|-resisted|p2a: Danson","|-damage|p2a: Danson|67/383","|","|switch|p1a: Magnezone|Magnezone|300/300","|-damage|p1a: Magnezone|282/300|[from] Stealth Rock","|move|p2a: Danson|Dragon Pulse|p1a: Magnezone","|-resisted|p1a: Magnezone","|-damage|p1a: Magnezone|208/300","|","|-heal|p1a: Magnezone|226/300|[from] item: Leftovers","|turn|30","|","|move|p1a: Magnezone|Protect|p1a: Magnezone","|-singleturn|p1a: Magnezone|Protect","|move|p2a: Danson|Dragon Pulse|p1a: Magnezone","|-activate|p1a: Magnezone|Protect","|","|-heal|p1a: Magnezone|244/300|[from] item: Leftovers","|turn|31","|","|-activate|p2a: Danson|move: Struggle","|move|p2a: Danson|Struggle|p1a: Magnezone","|-damage|p1a: Magnezone|215/300","|-damage|p2a: Danson|0 fnt|[from] recoil","|faint|p2a: Danson","|move|p1a: Magnezone|Hidden Power|p2: Danson|[notarget]","|-notarget","|","|-heal|p1a: Magnezone|233/300|[from] item: Leftovers","|","|switch|p2a: Mickey|Noivern, M, shiny|311/311","|turn|32","|","|move|p2a: Mickey|Focus Blast|p1a: Magnezone|[miss]","|-miss|p2a: Mickey|p1a: Magnezone","|move|p1a: Magnezone|Hidden Power|p2a: Mickey","|-supereffective|p2a: Mickey","|-damage|p2a: Mickey|0 fnt","|faint|p2a: Mickey","|","|-heal|p1a: Magnezone|251/300|[from] item: Leftovers","|","|switch|p2a: Maj|Dragonite, F|323/323","|turn|33","|","|move|p2a: Maj|Outrage|p1a: Magnezone","|-resisted|p1a: Magnezone","|-damage|p1a: Magnezone|155/300","|move|p1a: Magnezone|Thunderbolt|p2a: Maj","|-damage|p2a: Maj|240/323","|","|-heal|p1a: Magnezone|173/300|[from] item: Leftovers","|turn|34","|","|move|p2a: Maj|Outrage|p1a: Magnezone|[from]lockedmove","|-resisted|p1a: Magnezone","|-damage|p1a: Magnezone|84/300","|-start|p2a: Maj|confusion|[fatigue]","|-enditem|p2a: Maj|Lum Berry|[eat]","|-end|p2a: Maj|confusion","|move|p1a: Magnezone|Hidden Power|p2a: Maj","|-supereffective|p2a: Maj","|-damage|p2a: Maj|0 fnt","|faint|p2a: Maj","|","|win|Twizz"],"p1rating":{"entryid":"66045","serverid":"eos","formatid":"monotype","userid":"twizz","username":"Twizz","w":10,"l":"5","t":"0","gxe":57.4,"r":"1551.22661504","rd":"84.745850539346","sigma":"0","rptime":"1440320400","rpr":1557.6741919034,"rprd":79.087022594497,"rpsigma":"0","acre":1158.4344224246,"lacre":1158.4344224246,"oldacre":"1138.450171541"},"p2rating":{"entryid":"3483","serverid":"eos","formatid":"monotype","userid":"crystalumaan","username":"Crystal Umaan","w":"7","l":21,"t":"0","gxe":30.8,"r":"1351.249462571","rd":"67.453665137066","sigma":"0","rptime":"1440320400","rpr":1345.5150105441,"rprd":63.851386228051,"rpsigma":"0","acre":1051.6640736408,"lacre":1051.6640736408,"oldacre":"1067.7856461478"},"endType":"normal"}