{"seed":[11633,41513,56628,27114],"turns":31,"p1":"Inferno Sableye","p2":"slimshadyboi","p1team":[{"name":"Not op","species":"sableye","item":"sablenite","ability":"Prankster","moves":["shadowball","recover","calmmind","willowisp"],"nature":"Bold","evs":{"hp":248,"atk":0,"def":252,"spa":0,"spd":8,"spe":0},"ivs":{"hp":31,"atk":0,"def":31,"spa":31,"spd":31,"spe":31}},{"name":"Rawwrrrr","species":"tyranitar","item":"chopleberry","ability":"Sand Stream","moves":["stealthrock","thunderwave","rockslide","earthquake"],"nature":"Impish","evs":{"hp":252,"atk":0,"def":80,"spa":0,"spd":176,"spe":0},"ivs":{"hp":31,"atk":31,"def":31,"spa":31,"spd":31,"spe":31}},{"name":"Bish Plz","species":"bisharp","item":"lumberry","ability":"Defiant","moves":["knockoff","suckerpunch","ironhead","swordsdance"],"nature":"Adamant","evs":{"hp":0,"atk":252,"def":4,"spa":0,"spd":0,"spe":252},"gender":"M","shiny":true,"ivs":{"hp":31,"atk":31,"def":31,"spa":31,"spd":31,"spe":31}},{"name":"Oit of this world","species":"hoopaunbound","item":"choicescarf","ability":"Magician","moves":["gunkshot","hyperspacehole","hyperspacefury","drainpunch"],"nature":"Hasty","evs":{"hp":0,"atk":252,"def":0,"spa":4,"spd":0,"spe":252},"ivs":{"hp":31,"atk":31,"def":31,"spa":31,"spd":31,"spe":31}},{"name":"No pressure","species":"weavile","item":"lifeorb","ability":"Pressure","moves":["iciclecrash","iceshard","knockoff","lowkick"],"nature":"Jolly","evs":{"hp":0,"atk":252,"def":0,"spa":0,"spd":4,"spe":252},"ivs":{"hp":31,"atk":31,"def":31,"spa":31,"spd":31,"spe":31}},{"name":"Buzz off bitch","species":"mandibuzz","item":"rockyhelmet","ability":"Overcoat","moves":["roost","defog","whirlwind","foulplay"],"nature":"Bold","evs":{"hp":176,"atk":0,"def":252,"spa":0,"spd":80,"spe":0},"ivs":{"hp":31,"atk":31,"def":31,"spa":31,"spd":31,"spe":31}}],"p2team":[{"name":"Ditto","species":"Ditto","item":"choicescarf","ability":"Imposter","moves":["transform"],"nature":"Timid","evs":{"hp":252,"atk":0,"def":0,"spa":0,"spd":4,"spe":252},"ivs":{"hp":31,"atk":31,"def":31,"spa":31,"spd":31,"spe":31}},{"name":"Chansey","species":"Chansey","item":"eviolite","ability":"Natural Cure","moves":["toxic","seismictoss","healbell","softboiled"],"nature":"Bold","evs":{"hp":248,"atk":0,"def":252,"spa":0,"spd":8,"spe":0},"ivs":{"hp":31,"atk":31,"def":31,"spa":31,"spd":31,"spe":31}},{"name":"Lopunny","species":"Lopunny","item":"lopunnite","ability":"Limber","moves":["fakeout","firepunch","return","highjumpkick"],"nature":"Jolly","evs":{"hp":0,"atk":252,"def":0,"spa":0,"spd":4,"spe":252},"ivs":{"hp":31,"atk":31,"def":31,"spa":31,"spd":31,"spe":31}},{"name":"Staraptor","species":"Staraptor","item":"leftovers","ability":"Intimidate","moves":["bravebird","closecombat","roost","uturn"],"nature":"Impish","evs":{"hp":120,"atk":132,"def":252,"spa":0,"spd":4,"spe":0},"ivs":{"hp":31,"atk":31,"def":31,"spa":31,"spd":31,"spe":31}},{"name":"Smeargle","species":"Smeargle","item":"focussash","ability":"Own Tempo","moves":["spore","stickyweb","stealthrock","rapidspin"],"nature":"Timid","evs":{"hp":248,"atk":0,"def":0,"spa":0,"spd":8,"spe":252},"ivs":{"hp":31,"atk":31,"def":31,"spa":31,"spd":31,"spe":31}},{"name":"Diggersby","species":"Diggersby","item":"focussash","ability":"Huge Power","moves":["swordsdance","earthquake","quickattack","knockoff"],"nature":"Adamant","evs":{"hp":0,"atk":252,"def":0,"spa":0,"spd":8,"spe":242},"ivs":{"hp":31,"atk":31,"def":31,"spa":31,"spd":31,"spe":31}}],"log":["|player|p1|Inferno Sableye|infernosableye.gif","|player|p2|slimshadyboi|224","|gametype|singles","|gen|6","|tier|Monotype","|rated","|rule|Baton Pass Clause: Limit one Baton Passer, can't pass Spe and other stats simultaneously","|rule|Swagger Clause: Swagger is banned","|rule|Same Type Clause: Pokémon in a team must share a type","|clearpoke","|poke|p1|Sableye, M","|poke|p1|Tyranitar, F","|poke|p1|Bisharp, M, shiny","|poke|p1|Hoopa-Unbound","|poke|p1|Weavile, F","|poke|p1|Mandibuzz, F","|poke|p2|Ditto","|poke|p2|Chansey, F","|poke|p2|Lopunny, F","|poke|p2|Staraptor, M","|poke|p2|Smeargle, F","|poke|p2|Diggersby, F","|rule|Sleep Clause Mod: Limit one foe put to sleep","|rule|Species Clause: Limit one of each Pokémon","|rule|OHKO Clause: OHKO moves are banned","|rule|Moody Clause: Moody is banned","|rule|Evasion Moves Clause: Evasion moves are banned","|rule|Endless Battle Clause: Forcing endless battles is banned","|rule|HP Percentage Mod: HP is shown in percentages","|teampreview","|","|start","|switch|p1a: Not op|Sableye, M|303/303","|switch|p2a: Smeargle|Smeargle, F|313/313","|turn|1","|","|switch|p2a: Chansey|Chansey, F|703/703","|detailschange|p1a: Not op|Sableye-Mega, M","|-mega|p1a: Not op|Sableye|Sablenite","|move|p1a: Not op|Will-O-Wisp|p2a: Chansey|[miss]","|-miss|p1a: Not op|p2a: Chansey","|","|turn|2","|","|switch|p2a: Ditto|Ditto|300/300","|-transform|p2a: Ditto|p1a: Not op","|move|p1a: Not op|Will-O-Wisp|p2a: Ditto","|move|p2a: Ditto|Will-O-Wisp|p1a: Not op|[from]Magic Bounce","|-status|p1a: Not op|brn","|","|-damage|p1a: Not op|266/303 brn|[from] brn","|turn|3","|","|switch|p2a: Chansey|Chansey, F|703/703","|move|p1a: Not op|Will-O-Wisp|p2a: Chansey","|-status|p2a: Chansey|brn","|","|-damage|p2a: Chansey|616/703 brn|[from] brn","|-damage|p1a: Not op|229/303 brn|[from] brn","|turn|4","|","|switch|p2a: Lopunny|Lopunny, F|271/271","|move|p1a: Not op|Recover|p1a: Not op","|-heal|p1a: Not op|303/303 brn","|","|-damage|p1a: Not op|266/303 brn|[from] brn","|turn|5","|","|switch|p1a: Buzz off bitch|Mandibuzz, F|405/405","|detailschange|p2a: Lopunny|Lopunny-Mega, F","|-mega|p2a: Lopunny|Lopunny|Lopunnite","|move|p2a: Lopunny|Fake Out|p1a: Buzz off bitch","|-damage|p1a: Buzz off bitch|353/405","|-damage|p2a: Lopunny|226/271|[from] item: Rocky Helmet|[of] p1a: Buzz off bitch","|","|turn|6","|","|switch|p2a: Staraptor|Staraptor, M|341/341","|-ability|p2a: Staraptor|Intimidate","|-unboost|p1a: Buzz off bitch|atk|1","|move|p1a: Buzz off bitch|Roost|p1a: Buzz off bitch","|-heal|p1a: Buzz off bitch|405/405","|","|turn|7","|","|switch|p1a: Rawwrrrr|Tyranitar, F|404/404","|-weather|Sandstorm","|move|p2a: Staraptor|Brave Bird|p1a: Rawwrrrr","|-resisted|p1a: Rawwrrrr","|-damage|p1a: Rawwrrrr|329/404","|-damage|p2a: Staraptor|316/341|[from] recoil|[of] p1a: Rawwrrrr","|","|-weather|Sandstorm|[upkeep]","|-damage|p2a: Staraptor|295/341|[from] sandstorm","|-heal|p2a: Staraptor|316/341|[from] item: Leftovers","|turn|8","|","|move|p2a: Staraptor|Close Combat|p1a: Rawwrrrr","|-supereffective|p1a: Rawwrrrr","|-enditem|p1a: Rawwrrrr|Chople Berry|[eat]","|-damage|p1a: Rawwrrrr|135/404","|-unboost|p2a: Staraptor|def|1","|-unboost|p2a: Staraptor|spd|1","|move|p1a: Rawwrrrr|Rock Slide|p2a: Staraptor","|-supereffective|p2a: Staraptor","|-damage|p2a: Staraptor|8/341","|","|-weather|Sandstorm|[upkeep]","|-damage|p2a: Staraptor|0 fnt|[from] sandstorm","|faint|p2a: Staraptor","|","|switch|p2a: Diggersby|Diggersby, F|311/311","|turn|9","|","|move|p2a: Diggersby|Swords Dance|p2a: Diggersby","|-boost|p2a: Diggersby|atk|2","|move|p1a: Rawwrrrr|Earthquake|p2a: Diggersby","|-damage|p2a: Diggersby|189/311","|","|-weather|Sandstorm|[upkeep]","|turn|10","|","|move|p2a: Diggersby|Earthquake|p1a: Rawwrrrr","|-supereffective|p1a: Rawwrrrr","|-damage|p1a: Rawwrrrr|0 fnt","|faint|p1a: Rawwrrrr","|","|-weather|Sandstorm|[upkeep]","|","|switch|p1a: No pressure|Weavile, F|281/281","|-ability|p1a: No pressure|Pressure","|turn|11","|","|move|p1a: No pressure|Ice Shard|p2a: Diggersby","|-supereffective|p2a: Diggersby","|-damage|p2a: Diggersby|0 fnt","|-damage|p1a: No pressure|253/281|[from] item: Life Orb","|faint|p2a: Diggersby","|","|-weather|none","|","|switch|p2a: Lopunny|Lopunny-Mega, F|226/271","|turn|12","|","|switch|p1a: Buzz off bitch|Mandibuzz, F|405/405","|move|p2a: Lopunny|High Jump Kick|p1a: Buzz off bitch","|-damage|p1a: Buzz off bitch|224/405","|-damage|p2a: Lopunny|181/271|[from] item: Rocky Helmet|[of] p1a: Buzz off bitch","|","|turn|13","|","|switch|p2a: Chansey|Chansey, F|616/703","|move|p1a: Buzz off bitch|Roost|p1a: Buzz off bitch","|-heal|p1a: Buzz off bitch|405/405","|","|turn|14","|","|switch|p1a: No pressure|Weavile, F|253/281","|-ability|p1a: No pressure|Pressure","|move|p2a: Chansey|Toxic|p1a: No pressure","|-status|p1a: No pressure|tox","|","|-damage|p1a: No pressure|236/281 tox|[from] psn","|turn|15","|","|switch|p2a: Smeargle|Smeargle, F|313/313","|move|p1a: No pressure|Knock Off|p2a: Smeargle","|-enditem|p2a: Smeargle|Focus Sash","|-damage|p2a: Smeargle|1/313","|-damage|p1a: No pressure|208/281 tox|[from] item: Life Orb","|","|-damage|p1a: No pressure|174/281 tox|[from] psn","|turn|16","|","|move|p1a: No pressure|Ice Shard|p2a: Smeargle","|-damage|p2a: Smeargle|0 fnt","|-damage|p1a: No pressure|146/281 tox|[from] item: Life Orb","|faint|p2a: Smeargle","|","|-damage|p1a: No pressure|95/281 tox|[from] psn","|","|switch|p2a: Ditto|Ditto|300/300","|-transform|p2a: Ditto|p1a: No pressure","|-ability|p2a: Ditto|Pressure","|turn|17","|","|switch|p1a: Not op|Sableye-Mega, M|266/303 brn","|move|p2a: Ditto|Icicle Crash|p1a: Not op","|-damage|p1a: Not op|182/303 brn","|","|-damage|p1a: Not op|145/303 brn|[from] brn","|turn|18","|","|switch|p2a: Lopunny|Lopunny-Mega, F|181/271","|move|p1a: Not op|Recover|p1a: Not op","|-heal|p1a: Not op|297/303 brn","|","|-damage|p1a: Not op|260/303 brn|[from] brn","|turn|19","|","|switch|p1a: Buzz off bitch|Mandibuzz, F|405/405","|move|p2a: Lopunny|High Jump Kick|p1a: Buzz off bitch","|-damage|p1a: Buzz off bitch|240/405","|-damage|p2a: Lopunny|136/271|[from] item: Rocky Helmet|[of] p1a: Buzz off bitch","|","|turn|20","|","|move|p2a: Lopunny|High Jump Kick|p1a: Buzz off bitch","|-damage|p1a: Buzz off bitch|69/405","|-damage|p2a: Lopunny|91/271|[from] item: Rocky Helmet|[of] p1a: Buzz off bitch","|move|p1a: Buzz off bitch|Roost|p1a: Buzz off bitch","|-heal|p1a: Buzz off bitch|272/405","|","|turn|21","|","|switch|p2a: Chansey|Chansey, F|616/703","|move|p1a: Buzz off bitch|Roost|p1a: Buzz off bitch","|-heal|p1a: Buzz off bitch|405/405","|","|turn|22","|","|switch|p1a: No pressure|Weavile, F|95/281 tox","|-ability|p1a: No pressure|Pressure","|move|p2a: Chansey|Seismic Toss|p1a: No pressure","|-damage|p1a: No pressure|0 fnt","|faint|p1a: No pressure","|","|","|switch|p1a: Bish Plz|Bisharp, M, shiny|271/271","|turn|23","|","|move|p1a: Bish Plz|Swords Dance|p1a: Bish Plz","|-boost|p1a: Bish Plz|atk|2","|move|p2a: Chansey|Seismic Toss|p1a: Bish Plz","|-damage|p1a: Bish Plz|171/271","|","|turn|24","|","|move|p1a: Bish Plz|Knock Off|p2a: Chansey","|-damage|p2a: Chansey|147/703","|-enditem|p2a: Chansey|Eviolite|[from] move: Knock Off|[of] p1a: Bish Plz","|move|p2a: Chansey|Seismic Toss|p1a: Bish Plz","|-damage|p1a: Bish Plz|71/271","|","|turn|25","|","|move|p1a: Bish Plz|Iron Head|p2a: Chansey","|-damage|p2a: Chansey|0 fnt","|faint|p2a: Chansey","|","|","|switch|p2a: Ditto|Ditto|300/300","|-transform|p2a: Ditto|p1a: Bish Plz","|turn|26","|","|move|p1a: Bish Plz|Sucker Punch|p2a: Ditto","|-resisted|p2a: Ditto","|-damage|p2a: Ditto|140/300","|move|p2a: Ditto|Iron Head|p1a: Bish Plz","|-resisted|p1a: Bish Plz","|-damage|p1a: Bish Plz|0 fnt","|faint|p1a: Bish Plz","|","|","|switch|p1a: Oit of this world|Hoopa-Unbound|301/301","|turn|27","|","|move|p1a: Oit of this world|Drain Punch|p2a: Ditto","|-supereffective|p2a: Ditto","|-damage|p2a: Ditto|0 fnt","|faint|p2a: Ditto","|","|","|switch|p2a: Lopunny|Lopunny-Mega, F|91/271","|turn|28","|","|switch|p1a: Not op|Sableye-Mega, M|260/303 brn","|move|p2a: Lopunny|High Jump Kick|p1a: Not op","|-supereffective|p1a: Not op","|-damage|p1a: Not op|0 fnt","|faint|p1a: Not op","|","|","|switch|p1a: Buzz off bitch|Mandibuzz, F|405/405","|turn|29","|","|move|p2a: Lopunny|High Jump Kick|p1a: Buzz off bitch","|-damage|p1a: Buzz off bitch|246/405","|-damage|p2a: Lopunny|46/271|[from] item: Rocky Helmet|[of] p1a: Buzz off bitch","|move|p1a: Buzz off bitch|Roost|p1a: Buzz off bitch","|-heal|p1a: Buzz off bitch|405/405","|","|turn|30","|","|move|p2a: Lopunny|High Jump Kick|p1a: Buzz off bitch","|-damage|p1a: Buzz off bitch|236/405","|-damage|p2a: Lopunny|1/271|[from] item: Rocky Helmet|[of] p1a: Buzz off bitch","|move|p1a: Buzz off bitch|Roost|p1a: Buzz off bitch","|-heal|p1a: Buzz off bitch|405/405","|","|turn|31","|","|move|p2a: Lopunny|High Jump Kick|p1a: Buzz off bitch","|-crit|p1a: Buzz off bitch","|-damage|p1a: Buzz off bitch|162/405","|-damage|p2a: Lopunny|0 fnt|[from] item: Rocky Helmet|[of] p1a: Buzz off bitch","|faint|p2a: Lopunny","|","|win|Inferno Sableye"],"p1rating":{"entryid":"83803","serverid":"eos","formatid":"monotype","userid":"infernosableye","username":"Inferno Sableye","w":29,"l":"8","t":"0","gxe":73.2,"r":"1697.8540377845","rd":"58.818659963158","sigma":"0","rptime":"1440234000","rpr":1691.5613085775,"rprd":57.549718251598,"rpsigma":"0","acre":1311.8122652703,"lacre":1311.8122652703,"oldacre":"1302.2655597375"},"p2rating":{"entryid":"330306","serverid":"eos","formatid":"monotype","userid":"slimshadyboi","username":"slimshadyboi","w":"3","l":2,"t":"0","gxe":52.8,"r":"1500","rd":"130","sigma":"0","rptime":"1440234000","rpr":1522.2063211191,"rprd":103.52279852821,"rpsigma":"0","acre":1088.8198758574,"lacre":1088.8198758574,"oldacre":"1100.7532577734"},"endType":"normal"}