{"seed":[61442,37594,23941,31575],"turns":19,"p1":"Guard Quilluminati","p2":"Knight Miku","p1team":[{"name":"Aggron","species":"Aggron","item":"aggronite","ability":"Sturdy","moves":["heavyslam","curse","rest","sleeptalk"],"nature":"Impish","evs":{"hp":252,"atk":0,"def":16,"spa":0,"spd":240,"spe":0},"shiny":true,"ivs":{"hp":31,"atk":31,"def":31,"spa":31,"spd":31,"spe":31}},{"name":"Aerodactyl","species":"Aerodactyl","item":"focussash","ability":"Rock Head","moves":["aerialace","honeclaws","stoneedge","firefang"],"nature":"Jolly","evs":{"hp":0,"atk":252,"def":0,"spa":0,"spd":4,"spe":252},"ivs":{"hp":31,"atk":31,"def":31,"spa":31,"spd":31,"spe":31}},{"name":"Cradily","species":"Cradily","item":"rockyhelmet","ability":"Storm Drain","moves":["gigadrain","stockpile","recover","toxic"],"nature":"Calm","evs":{"hp":44,"atk":0,"def":216,"spa":48,"spd":140,"spe":60},"ivs":{"hp":31,"atk":31,"def":31,"spa":31,"spd":31,"spe":31}},{"name":"Tyranitar","species":"Tyranitar","item":"assaultvest","ability":"Sand Stream","moves":["fireblast","crunch","earthquake","stoneedge"],"nature":"Naughty","evs":{"hp":252,"atk":152,"def":0,"spa":104,"spd":0,"spe":0},"ivs":{"hp":31,"atk":31,"def":31,"spa":31,"spd":31,"spe":31}},{"name":"Terrakion","species":"Terrakion","item":"choicescarf","ability":"Justified","moves":["closecombat","earthquake","ironhead","stoneedge"],"nature":"Jolly","evs":{"hp":0,"atk":252,"def":0,"spa":0,"spd":4,"spe":252},"ivs":{"hp":31,"atk":31,"def":31,"spa":31,"spd":31,"spe":31}},{"name":"Omastar","species":"Omastar","item":"focussash","ability":"Shell Armor","moves":["shellsmash","icebeam","surf","earthpower"],"nature":"Modest","evs":{"hp":0,"atk":0,"def":0,"spa":252,"spd":4,"spe":252},"ivs":{"hp":31,"atk":31,"def":31,"spa":31,"spd":31,"spe":31}}],"p2team":[{"name":"Victini","species":"Victini","item":"choicescarf","ability":"Victory Star","moves":["vcreate","boltstrike","uturn","zenheadbutt"],"nature":"Jolly","evs":{"hp":0,"atk":252,"def":0,"spa":0,"spd":4,"spe":252},"ivs":{"hp":31,"atk":31,"def":31,"spa":31,"spd":31,"spe":31}},{"name":"Y U UNBAN!!!!!","species":"gallade","item":"galladite","ability":"Justified","moves":["closecombat","bulkup","shadowsneak","knockoff"],"nature":"Jolly","evs":{"hp":0,"atk":252,"def":0,"spa":0,"spd":4,"spe":252},"ivs":{"hp":31,"atk":31,"def":31,"spa":31,"spd":31,"spe":31}},{"name":"Hoopa-Unbound","species":"Hoopa-Unbound","item":"choicescarf","ability":"Magician","moves":["drainpunch","gunkshot","hyperspacefury","firepunch"],"nature":"Jolly","evs":{"hp":0,"atk":252,"def":0,"spa":0,"spd":4,"spe":252},"ivs":{"hp":31,"atk":31,"def":31,"spa":31,"spd":31,"spe":31}},{"name":"Mew","species":"Mew","item":"leftovers","ability":"Synchronize","moves":["roost","defog","rockslide","willowisp"],"nature":"Careful","evs":{"hp":248,"atk":8,"def":0,"spa":0,"spd":252,"spe":0},"ivs":{"hp":31,"atk":31,"def":31,"spa":31,"spd":31,"spe":31}},{"name":"Slowbro","species":"Slowbro","item":"leftovers","ability":"Regenerator","moves":["scald","grassknot","slackoff","thunderwave"],"nature":"Bold","evs":{"hp":252,"atk":0,"def":252,"spa":4,"spd":0,"spe":0},"ivs":{"hp":31,"atk":31,"def":31,"spa":31,"spd":31,"spe":31}},{"name":"Meloetta","species":"Meloetta","item":"leftovers","ability":"Serene Grace","moves":["dazzlinggleam","calmmind","psyshock","substitute"],"nature":"Calm","evs":{"hp":248,"atk":0,"def":200,"spa":0,"spd":60,"spe":0},"ivs":{"hp":31,"atk":0,"def":31,"spa":31,"spd":31,"spe":31}}],"log":["|player|p1|Guard Quilluminati|80","|player|p2|Knight Miku|23","|gametype|singles","|gen|6","|tier|Monotype","|rated","|rule|Baton Pass Clause: Limit one Baton Passer, can't pass Spe and other stats simultaneously","|rule|Swagger Clause: Swagger is banned","|rule|Same Type Clause: Pokémon in a team must share a type","|clearpoke","|poke|p1|Aggron, F, shiny","|poke|p1|Aerodactyl, F","|poke|p1|Cradily, M","|poke|p1|Tyranitar, M","|poke|p1|Terrakion","|poke|p1|Omastar, M","|poke|p2|Victini","|poke|p2|Gallade, M","|poke|p2|Hoopa-Unbound","|poke|p2|Mew","|poke|p2|Slowbro, F","|poke|p2|Meloetta","|rule|Sleep Clause Mod: Limit one foe put to sleep","|rule|Species Clause: Limit one of each Pokémon","|rule|OHKO Clause: OHKO moves are banned","|rule|Moody Clause: Moody is banned","|rule|Evasion Moves Clause: Evasion moves are banned","|rule|Endless Battle Clause: Forcing endless battles is banned","|rule|HP Percentage Mod: HP is shown in percentages","|teampreview","|","|start","|switch|p1a: Tyranitar|Tyranitar, M|404/404","|switch|p2a: Mew|Mew|403/403","|-weather|Sandstorm","|turn|1","|","|switch|p1a: Aggron|Aggron, F, shiny|344/344","|move|p2a: Mew|Will-O-Wisp|p1a: Aggron","|-status|p1a: Aggron|brn","|","|-weather|Sandstorm|[upkeep]","|-damage|p2a: Mew|378/403|[from] sandstorm","|-heal|p2a: Mew|403/403|[from] item: Leftovers","|-damage|p1a: Aggron|301/344 brn|[from] brn","|turn|2","|","|detailschange|p1a: Aggron|Aggron-Mega, F, shiny","|-mega|p1a: Aggron|Aggron|Aggronite","|move|p2a: Mew|Rock Slide|p1a: Aggron","|-resisted|p1a: Aggron","|-damage|p1a: Aggron|288/344 brn","|cant|p1a: Aggron|flinch","|","|-weather|Sandstorm|[upkeep]","|-damage|p2a: Mew|378/403|[from] sandstorm","|-heal|p2a: Mew|403/403|[from] item: Leftovers","|-damage|p1a: Aggron|245/344 brn|[from] brn","|turn|3","|","|switch|p2a: Meloetta|Meloetta|403/403","|move|p1a: Aggron|Rest|p1a: Aggron","|-status|p1a: Aggron|slp","|-heal|p1a: Aggron|344/344 slp|[silent]","|-status|p1a: Aggron|slp|[from] move: Rest","|","|-weather|Sandstorm|[upkeep]","|-damage|p2a: Meloetta|378/403|[from] sandstorm","|-heal|p2a: Meloetta|403/403|[from] item: Leftovers","|turn|4","|","|move|p2a: Meloetta|Substitute|p2a: Meloetta","|-start|p2a: Meloetta|Substitute","|-damage|p2a: Meloetta|303/403","|cant|p1a: Aggron|slp","|move|p1a: Aggron|Sleep Talk|p1a: Aggron","|move|p1a: Aggron|Curse|p1a: Aggron|[from]Sleep Talk","|-unboost|p1a: Aggron|spe|1","|-boost|p1a: Aggron|atk|1","|-boost|p1a: Aggron|def|1","|","|-weather|Sandstorm|[upkeep]","|-damage|p2a: Meloetta|278/403|[from] sandstorm","|-heal|p2a: Meloetta|303/403|[from] item: Leftovers","|turn|5","|","|move|p2a: Meloetta|Calm Mind|p2a: Meloetta","|-boost|p2a: Meloetta|spa|1","|-boost|p2a: Meloetta|spd|1","|cant|p1a: Aggron|slp","|move|p1a: Aggron|Sleep Talk|p1a: Aggron","|move|p1a: Aggron|Curse|p1a: Aggron|[from]Sleep Talk","|-unboost|p1a: Aggron|spe|1","|-boost|p1a: Aggron|atk|1","|-boost|p1a: Aggron|def|1","|","|-weather|none","|-heal|p2a: Meloetta|328/403|[from] item: Leftovers","|turn|6","|","|move|p2a: Meloetta|Calm Mind|p2a: Meloetta","|-boost|p2a: Meloetta|spa|1","|-boost|p2a: Meloetta|spd|1","|-curestatus|p1a: Aggron|slp","|move|p1a: Aggron|Heavy Slam|p2a: Meloetta","|-end|p2a: Meloetta|Substitute","|","|-heal|p2a: Meloetta|353/403|[from] item: Leftovers","|turn|7","|","|move|p2a: Meloetta|Dazzling Gleam|p1a: Aggron","|-resisted|p1a: Aggron","|-damage|p1a: Aggron|276/344","|move|p1a: Aggron|Heavy Slam|p2a: Meloetta","|-damage|p2a: Meloetta|0 fnt","|faint|p2a: Meloetta","|","|","|switch|p2a: Slowbro|Slowbro, F|394/394","|turn|8","|","|switch|p1a: Cradily|Cradily, M|324/324","|move|p2a: Slowbro|Scald|p1a: Cradily","|-boost|p1a: Cradily|spa|1|[from] ability: Storm Drain","|","|turn|9","|","|switch|p2a: Victini|Victini|341/341","|move|p1a: Cradily|Toxic|p2a: Victini","|-status|p2a: Victini|tox","|","|-damage|p2a: Victini|320/341 tox|[from] psn","|turn|10","|","|switch|p1a: Tyranitar|Tyranitar, M|404/404","|-weather|Sandstorm","|move|p2a: Victini|U-turn|p1a: Tyranitar","|-supereffective|p1a: Tyranitar","|-damage|p1a: Tyranitar|270/404","|","|switch|p2a: Hoopa-Unbound|Hoopa-Unbound|301/301","|","|-weather|Sandstorm|[upkeep]","|-damage|p2a: Hoopa-Unbound|283/301|[from] sandstorm","|turn|11","|","|move|p2a: Hoopa-Unbound|Drain Punch|p1a: Tyranitar","|-supereffective|p1a: Tyranitar","|-damage|p1a: Tyranitar|0 fnt","|-heal|p2a: Hoopa-Unbound|301/301|[from] drain|[of] p1a: Tyranitar","|faint|p1a: Tyranitar","|","|-weather|Sandstorm|[upkeep]","|-damage|p2a: Hoopa-Unbound|283/301|[from] sandstorm","|","|switch|p1a: Aggron|Aggron-Mega, F, shiny|276/344","|turn|12","|","|move|p2a: Hoopa-Unbound|Drain Punch|p1a: Aggron","|-supereffective|p1a: Aggron","|-damage|p1a: Aggron|206/344","|-heal|p2a: Hoopa-Unbound|301/301|[from] drain|[of] p1a: Aggron","|move|p1a: Aggron|Curse|p1a: Aggron","|-unboost|p1a: Aggron|spe|1","|-boost|p1a: Aggron|atk|1","|-boost|p1a: Aggron|def|1","|","|-weather|Sandstorm|[upkeep]","|-damage|p2a: Hoopa-Unbound|283/301|[from] sandstorm","|turn|13","|","|switch|p2a: Mew|Mew|403/403","|move|p1a: Aggron|Rest|p1a: Aggron","|-status|p1a: Aggron|slp","|-heal|p1a: Aggron|344/344 slp|[silent]","|-status|p1a: Aggron|slp|[from] move: Rest","|","|-weather|Sandstorm|[upkeep]","|-damage|p2a: Mew|378/403|[from] sandstorm","|-heal|p2a: Mew|403/403|[from] item: Leftovers","|turn|14","|","|switch|p2a: Y U UNBAN!!!!!|Gallade, M|277/277","|cant|p1a: Aggron|slp","|move|p1a: Aggron|Sleep Talk|p1a: Aggron","|move|p1a: Aggron|Curse|p1a: Aggron|[from]Sleep Talk","|-unboost|p1a: Aggron|spe|1","|-boost|p1a: Aggron|atk|1","|-boost|p1a: Aggron|def|1","|","|-weather|none","|turn|15","|","|detailschange|p2a: Y U UNBAN!!!!!|Gallade-Mega, M","|-mega|p2a: Y U UNBAN!!!!!|Gallade|Galladite","|move|p2a: Y U UNBAN!!!!!|Bulk Up|p2a: Y U UNBAN!!!!!","|-boost|p2a: Y U UNBAN!!!!!|atk|1","|-boost|p2a: Y U UNBAN!!!!!|def|1","|cant|p1a: Aggron|slp","|move|p1a: Aggron|Sleep Talk|p1a: Aggron","|move|p1a: Aggron|Rest|p1a: Aggron|[from]Sleep Talk","|-fail|p1a: Aggron","|","|turn|16","|","|move|p2a: Y U UNBAN!!!!!|Bulk Up|p2a: Y U UNBAN!!!!!","|-boost|p2a: Y U UNBAN!!!!!|atk|1","|-boost|p2a: Y U UNBAN!!!!!|def|1","|-curestatus|p1a: Aggron|slp","|move|p1a: Aggron|Heavy Slam|p2a: Y U UNBAN!!!!!","|-damage|p2a: Y U UNBAN!!!!!|69/277","|","|turn|17","|","|move|p2a: Y U UNBAN!!!!!|Close Combat|p1a: Aggron","|-supereffective|p1a: Aggron","|-damage|p1a: Aggron|191/344","|-unboost|p2a: Y U UNBAN!!!!!|def|1","|-unboost|p2a: Y U UNBAN!!!!!|spd|1","|move|p1a: Aggron|Heavy Slam|p2a: Y U UNBAN!!!!!","|-damage|p2a: Y U UNBAN!!!!!|0 fnt","|faint|p2a: Y U UNBAN!!!!!","|","|","|switch|p2a: Slowbro|Slowbro, F|394/394","|turn|18","|","|move|p2a: Slowbro|Scald|p1a: Aggron","|-damage|p1a: Aggron|97/344","|move|p1a: Aggron|Rest|p1a: Aggron","|-status|p1a: Aggron|slp","|-heal|p1a: Aggron|344/344 slp|[silent]","|-status|p1a: Aggron|slp|[from] move: Rest","|","|turn|19","|","|win|Guard Quilluminati"],"p1rating":{"entryid":"265729","serverid":"eos","formatid":"monotype","userid":"guardquilluminati","username":"Guard Quilluminati","w":7,"l":"7","t":"0","gxe":55,"r":"1529.0168816907","rd":"83.564440143887","sigma":"0","rptime":"1440320400","rpr":1539.0863927628,"rprd":79.685059084031,"rpsigma":"0","acre":1142.8516814238,"lacre":1142.8516814238,"oldacre":"1114.9997933001"},"p2rating":{"entryid":"161090","serverid":"eos","formatid":"monotype","userid":"knightmiku","username":"Knight Miku","w":"10","l":7,"t":"0","gxe":58.7,"r":"1608.8893408657","rd":"87.92912838374","sigma":"0","rptime":"1440320400","rpr":1567.2757242801,"rprd":74.910073386498,"rpsigma":"0","acre":1126.955078549,"lacre":1126.955078549,"oldacre":"1154.8069666727"},"endType":"forfeit"}