{"seed":[52380,58079,2187,2285],"turns":23,"p1":"david unity","p2":"LightOfAKnowing","p1team":[{"name":"Celebi","species":"Celebi","item":"leftovers","ability":"Natural Cure","moves":["recover","gigadrain","stealthrock","healbell"],"nature":"Calm","evs":{"hp":252,"atk":0,"def":0,"spa":0,"spd":220,"spe":36},"ivs":{"hp":31,"atk":31,"def":31,"spa":31,"spd":31,"spe":31}},{"name":"Latios","species":"Latios","item":"choicescarf","ability":"Levitate","moves":["hiddenpowerfire","dracometeor","icebeam","energyball"],"nature":"Timid","evs":{"hp":0,"atk":0,"def":0,"spa":252,"spd":4,"spe":252},"ivs":{"hp":31,"atk":30,"def":31,"spa":30,"spd":31,"spe":30}},{"name":"Victini","species":"Victini","item":"choiceband","ability":"Victory Star","moves":["vcreate","uturn","zenheadbutt","boltstrike"],"nature":"Jolly","evs":{"hp":0,"atk":252,"def":0,"spa":0,"spd":4,"spe":252},"ivs":{"hp":31,"atk":31,"def":31,"spa":31,"spd":31,"spe":31}},{"name":"Gardevoir","species":"Gardevoir","item":"gardevoirite","ability":"Trace","moves":["substitute","focusblast","hypervoice","psyshock"],"nature":"Modest","evs":{"hp":248,"atk":0,"def":0,"spa":252,"spd":8,"spe":0},"ivs":{"hp":31,"atk":31,"def":31,"spa":31,"spd":31,"spe":31}},{"name":"Mew","species":"Mew","item":"rockyhelmet","ability":"Synchronize","moves":["defog","rockslide","roost","willowisp"],"nature":"Impish","evs":{"hp":252,"atk":0,"def":252,"spa":0,"spd":0,"spe":4},"ivs":{"hp":31,"atk":31,"def":31,"spa":31,"spd":31,"spe":31}},{"name":"Back to Back","species":"hoopaunbound","item":"choicescarf","ability":"Magician","moves":["hiddenpowerfire","drainpunch","hyperspacefury","gunkshot"],"nature":"Hasty","evs":{"hp":0,"atk":252,"def":0,"spa":4,"spd":0,"spe":252},"ivs":{"hp":31,"atk":30,"def":31,"spa":30,"spd":31,"spe":30}}],"p2team":[{"name":"Exploud","species":"Exploud","item":"wiseglasses","ability":"Scrappy","moves":["boomburst","icebeam","flamethrower","shadowball"],"nature":"Modest","evs":{"hp":248,"atk":0,"def":0,"spa":252,"spd":8,"spe":0},"ivs":{"hp":31,"atk":31,"def":31,"spa":31,"spd":31,"spe":31}},{"name":"Chansey","species":"Chansey","item":"eviolite","ability":"Natural Cure","moves":["healbell","wish","toxic","seismictoss"],"nature":"Bold","evs":{"hp":248,"atk":0,"def":252,"spa":0,"spd":8,"spe":0},"ivs":{"hp":31,"atk":31,"def":31,"spa":31,"spd":31,"spe":31}},{"name":"Braviary","species":"Braviary","item":"choicescarf","ability":"Sheer Force","moves":["bravebird","rockslide","thrash","steelwing"],"nature":"Jolly","evs":{"hp":0,"atk":252,"def":0,"spa":0,"spd":4,"spe":252},"shiny":true,"ivs":{"hp":31,"atk":31,"def":31,"spa":31,"spd":31,"spe":31}},{"name":"Meloetta","species":"Meloetta","item":"assaultvest","ability":"Serene Grace","moves":["shadowball","psychic","energyball","hypervoice"],"nature":"Modest","evs":{"hp":248,"atk":0,"def":0,"spa":252,"spd":8,"spe":0},"ivs":{"hp":31,"atk":31,"def":31,"spa":31,"spd":31,"spe":31}},{"name":"Lopunny","species":"Lopunny","item":"lopunnite","ability":"Cute Charm","moves":["fakeout","drainpunch","frustration","icepunch"],"nature":"Jolly","evs":{"hp":0,"atk":252,"def":0,"spa":0,"spd":4,"spe":252},"happiness":0,"ivs":{"hp":31,"atk":31,"def":31,"spa":31,"spd":31,"spe":31}},{"name":"Bibarel","species":"Bibarel","item":"chestoberry","ability":"Simple","moves":["curse","superfang","waterfall","rest"],"nature":"Careful","evs":{"hp":248,"atk":8,"def":0,"spa":0,"spd":252,"spe":0},"ivs":{"hp":31,"atk":31,"def":31,"spa":31,"spd":31,"spe":31}}],"log":["|player|p1|david unity|167","|player|p2|LightOfAKnowing|lightofaknowing.gif","|gametype|singles","|gen|6","|tier|Monotype","|rated","|rule|Baton Pass Clause: Limit one Baton Passer, can't pass Spe and other stats simultaneously","|rule|Swagger Clause: Swagger is banned","|rule|Same Type Clause: Pokémon in a team must share a type","|clearpoke","|poke|p1|Celebi","|poke|p1|Latios, M","|poke|p1|Victini","|poke|p1|Gardevoir, M","|poke|p1|Mew","|poke|p1|Hoopa-Unbound","|poke|p2|Exploud, F","|poke|p2|Chansey, F","|poke|p2|Braviary, M, shiny","|poke|p2|Meloetta","|poke|p2|Lopunny, F","|poke|p2|Bibarel, F","|rule|Sleep Clause Mod: Limit one foe put to sleep","|rule|Species Clause: Limit one of each Pokémon","|rule|OHKO Clause: OHKO moves are banned","|rule|Moody Clause: Moody is banned","|rule|Evasion Moves Clause: Evasion moves are banned","|rule|Endless Battle Clause: Forcing endless battles is banned","|rule|HP Percentage Mod: HP is shown in percentages","|teampreview","|","|start","|switch|p1a: Gardevoir|Gardevoir, M|339/339","|switch|p2a: Chansey|Chansey, F|703/703","|-ability|p1a: Gardevoir|Natural Cure|[from] ability: Trace|[of] p2a: Chansey","|turn|1","|","|switch|p1a: Victini|Victini|341/341","|move|p2a: Chansey|Toxic|p1a: Victini","|-status|p1a: Victini|tox","|","|-damage|p1a: Victini|320/341 tox|[from] psn","|turn|2","|","|switch|p2a: Bibarel|Bibarel, F|361/361","|move|p1a: Victini|U-turn|p2a: Bibarel","|-damage|p2a: Bibarel|205/361","|","|switch|p1a: Celebi|Celebi|404/404","|","|turn|3","|","|move|p1a: Celebi|Heal Bell|p1a: Celebi","|-cureteam|p1a: Celebi|[from] move: HealBell","|move|p2a: Bibarel|Super Fang|p1a: Celebi","|-damage|p1a: Celebi|202/404","|","|-heal|p1a: Celebi|227/404|[from] item: Leftovers","|turn|4","|","|move|p1a: Celebi|Stealth Rock|p2a: Bibarel","|-sidestart|p2: LightOfAKnowing|move: Stealth Rock","|move|p2a: Bibarel|Rest|p2a: Bibarel","|-status|p2a: Bibarel|slp","|-heal|p2a: Bibarel|361/361 slp|[silent]","|-status|p2a: Bibarel|slp|[from] move: Rest","|-enditem|p2a: Bibarel|Chesto Berry|[eat]","|-curestatus|p2a: Bibarel|slp","|","|-heal|p1a: Celebi|252/404|[from] item: Leftovers","|turn|5","|","|move|p1a: Celebi|Giga Drain|p2a: Bibarel","|-supereffective|p2a: Bibarel","|-damage|p2a: Bibarel|191/361","|-heal|p1a: Celebi|337/404|[from] drain|[of] p2a: Bibarel","|move|p2a: Bibarel|Curse|p2a: Bibarel","|-unboost|p2a: Bibarel|spe|2","|-boost|p2a: Bibarel|atk|2","|-boost|p2a: Bibarel|def|2","|","|-heal|p1a: Celebi|362/404|[from] item: Leftovers","|turn|6","|","|move|p1a: Celebi|Giga Drain|p2a: Bibarel","|-supereffective|p2a: Bibarel","|-damage|p2a: Bibarel|15/361","|-heal|p1a: Celebi|404/404|[from] drain|[of] p2a: Bibarel","|move|p2a: Bibarel|Super Fang|p1a: Celebi","|-damage|p1a: Celebi|202/404","|","|-heal|p1a: Celebi|227/404|[from] item: Leftovers","|turn|7","|","|move|p1a: Celebi|Giga Drain|p2a: Bibarel","|-supereffective|p2a: Bibarel","|-damage|p2a: Bibarel|0 fnt","|-heal|p1a: Celebi|235/404|[from] drain|[of] p2a: Bibarel","|faint|p2a: Bibarel","|","|-heal|p1a: Celebi|260/404|[from] item: Leftovers","|","|switch|p2a: Lopunny|Lopunny, F|271/271","|-damage|p2a: Lopunny|238/271|[from] Stealth Rock","|turn|8","|","|switch|p1a: Mew|Mew|404/404","|detailschange|p2a: Lopunny|Lopunny-Mega, F","|-mega|p2a: Lopunny|Lopunny|Lopunnite","|move|p2a: Lopunny|Fake Out|p1a: Mew","|-crit|p1a: Mew","|-damage|p1a: Mew|326/404","|-damage|p2a: Lopunny|193/271|[from] item: Rocky Helmet|[of] p1a: Mew","|","|turn|9","|","|switch|p2a: Meloetta|Meloetta|403/403","|-damage|p2a: Meloetta|353/403|[from] Stealth Rock","|move|p1a: Mew|Will-O-Wisp|p2a: Meloetta","|-status|p2a: Meloetta|brn","|","|-damage|p2a: Meloetta|303/403 brn|[from] brn","|turn|10","|","|switch|p1a: Back to Back|Hoopa-Unbound|301/301","|move|p2a: Meloetta|Shadow Ball|p1a: Back to Back","|-damage|p1a: Back to Back|220/301","|-unboost|p1a: Back to Back|spd|1","|","|-damage|p2a: Meloetta|253/403 brn|[from] brn","|turn|11","|","|move|p1a: Back to Back|Hyperspace Fury|p2a: Meloetta","|-supereffective|p2a: Meloetta","|-damage|p2a: Meloetta|0 fnt","|-unboost|p1a: Back to Back|def|1","|faint|p2a: Meloetta","|","|","|switch|p2a: Braviary|Braviary, M, shiny|341/341","|-damage|p2a: Braviary|256/341|[from] Stealth Rock","|turn|12","|","|move|p2a: Braviary|Thrash|p1a: Back to Back","|-crit|p1a: Back to Back","|-damage|p1a: Back to Back|0 fnt","|faint|p1a: Back to Back","|","|","|switch|p1a: Victini|Victini|320/341","|turn|13","|","|move|p2a: Braviary|Thrash|p1a: Victini|[from]lockedmove","|-damage|p1a: Victini|131/341","|move|p1a: Victini|V-create|p2a: Braviary","|-damage|p2a: Braviary|0 fnt","|-unboost|p1a: Victini|spe|1","|-unboost|p1a: Victini|def|1","|-unboost|p1a: Victini|spd|1","|faint|p2a: Braviary","|","|","|switch|p2a: Lopunny|Lopunny-Mega, F|193/271","|-damage|p2a: Lopunny|177/271|[from] Stealth Rock","|turn|14","|","|switch|p1a: Mew|Mew|326/404","|move|p2a: Lopunny|Frustration|p1a: Mew","|-damage|p1a: Mew|188/404","|-damage|p2a: Lopunny|132/271|[from] item: Rocky Helmet|[of] p1a: Mew","|","|turn|15","|","|switch|p2a: Chansey|Chansey, F|703/703","|-damage|p2a: Chansey|616/703|[from] Stealth Rock","|move|p1a: Mew|Roost|p1a: Mew","|-heal|p1a: Mew|390/404","|","|turn|16","|","|switch|p1a: Victini|Victini|131/341","|move|p2a: Chansey|Wish|p2a: Chansey","|","|turn|17","|","|move|p1a: Victini|V-create|p2a: Chansey","|-damage|p2a: Chansey|67/703","|-unboost|p1a: Victini|spe|1","|-unboost|p1a: Victini|def|1","|-unboost|p1a: Victini|spd|1","|move|p2a: Chansey|Seismic Toss|p1a: Victini","|-damage|p1a: Victini|31/341","|","|-heal|p2a: Chansey|418/703|[from] move: Wish|[wisher] Chansey","|turn|18","|","|move|p1a: Victini|V-create|p2a: Chansey","|-damage|p2a: Chansey|0 fnt","|-unboost|p1a: Victini|spe|1","|-unboost|p1a: Victini|def|1","|-unboost|p1a: Victini|spd|1","|faint|p2a: Chansey","|","|","|switch|p2a: Lopunny|Lopunny-Mega, F|132/271","|-damage|p2a: Lopunny|116/271|[from] Stealth Rock","|turn|19","|","|switch|p1a: Mew|Mew|390/404","|move|p2a: Lopunny|Frustration|p1a: Mew","|-damage|p1a: Mew|258/404","|-damage|p2a: Lopunny|71/271|[from] item: Rocky Helmet|[of] p1a: Mew","|","|turn|20","|","|move|p2a: Lopunny|Frustration|p1a: Mew","|-damage|p1a: Mew|114/404","|-damage|p2a: Lopunny|26/271|[from] item: Rocky Helmet|[of] p1a: Mew","|move|p1a: Mew|Will-O-Wisp|p2a: Lopunny|[miss]","|-miss|p1a: Mew|p2a: Lopunny","|","|turn|21","|","|move|p2a: Lopunny|Frustration|p1a: Mew","|-damage|p1a: Mew|0 fnt","|-damage|p2a: Lopunny|0 fnt|[from] item: Rocky Helmet|[of] p1a: Mew","|faint|p2a: Lopunny","|faint|p1a: Mew","|","|","|switch|p1a: Gardevoir|Gardevoir, M|339/339","|switch|p2a: Exploud|Exploud, F|411/411","|-ability|p1a: Gardevoir|Scrappy|[from] ability: Trace|[of] p2a: Exploud","|-damage|p2a: Exploud|360/411|[from] Stealth Rock","|turn|22","|","|detailschange|p1a: Gardevoir|Gardevoir-Mega, M","|-mega|p1a: Gardevoir|Gardevoir|Gardevoirite","|move|p1a: Gardevoir|Hyper Voice|p2a: Exploud","|-damage|p2a: Exploud|12/411","|move|p2a: Exploud|Boomburst|p1a: Gardevoir","|-damage|p1a: Gardevoir|161/339","|","|turn|23","|","|move|p1a: Gardevoir|Hyper Voice|p2a: Exploud","|-damage|p2a: Exploud|0 fnt","|faint|p2a: Exploud","|","|win|david unity"],"p1rating":{"entryid":345857,"formatid":"monotype","userid":"davidunity","username":"david unity","r":1500,"rd":130,"sigma":0,"rpr":1532.9452253685,"rprd":122.36461928713,"rpsigma":0,"rptime":1440320400,"w":1,"l":0,"t":0,"gxe":54.1,"acre":1049.628420946,"lacre":1049.628420946,"oldacre":1000},"p2rating":{"entryid":"386","serverid":"eos","formatid":"monotype","userid":"lightofaknowing","username":"LightOfAKnowing","w":"14","l":25,"t":"0","gxe":39.5,"r":"1419.9952408759","rd":"58.070774011908","sigma":"0","rptime":"1440320400","rpr":1419.0867638868,"rprd":56.223796744022,"rpsigma":"0","acre":1057.022263614,"lacre":1057.022263614,"oldacre":"1085.3052341013"},"endType":"normal"}