{"seed":[26624,35691,40330,7721],"turns":24,"p1":"Inferno Sableye","p2":"Imp❇ Jk","p1team":[{"name":"Bug Counter 😂","species":"skarmory","item":"shedshell","ability":"Sturdy","moves":["roost","defog","stealthrock","whirlwind"],"nature":"Bold","evs":{"hp":4,"atk":252,"def":0,"spa":0,"spd":0,"spe":252},"ivs":{"hp":31,"atk":31,"def":31,"spa":31,"spd":31,"spe":31}},{"name":"Charizard","species":"Charizard","item":"charizarditey","ability":"Blaze","moves":["flamethrower","solarbeam","earthquake","airslash"],"nature":"Hasty","evs":{"hp":0,"atk":4,"def":0,"spa":252,"spd":0,"spe":252},"ivs":{"hp":31,"atk":31,"def":31,"spa":31,"spd":31,"spe":31}},{"name":"Threat","species":"thundurus","item":"lifeorb","ability":"Prankster","moves":["thunderbolt","thunderwave","knockoff","superpower"],"nature":"Naive","evs":{"hp":4,"atk":252,"def":0,"spa":0,"spd":0,"spe":252},"ivs":{"hp":31,"atk":31,"def":31,"spa":31,"spd":31,"spe":31}},{"name":"Nimbus","species":"landorus","item":"lifeorb","ability":"Sheer Force","moves":["earthpower","sludgebomb","focusblast","rockpolish"],"nature":"Timid","evs":{"hp":0,"atk":0,"def":0,"spa":252,"spd":4,"spe":252},"ivs":{"hp":31,"atk":31,"def":31,"spa":31,"spd":31,"spe":31}},{"name":"Wtf?","species":"gyarados","item":"choicescarf","ability":"Moxie","moves":["earthquake","waterfall","icefang","bounce"],"nature":"Adamant","evs":{"hp":0,"atk":252,"def":4,"spa":0,"spd":0,"spe":252},"ivs":{"hp":31,"atk":31,"def":31,"spa":31,"spd":31,"spe":31}},{"name":"Drago","species":"dragonite","item":"weaknesspolicy","ability":"Multiscale","moves":["dragonclaw","extremespeed","firepunch","dragondance"],"nature":"Adamant","evs":{"hp":4,"atk":252,"def":0,"spa":0,"spd":0,"spe":252},"ivs":{"hp":31,"atk":31,"def":31,"spa":31,"spd":31,"spe":31}}],"p2team":[{"name":"Cobalion","species":"Cobalion","item":"leftovers","ability":"Justified","moves":["thunderwave","ironhead","stealthrock","taunt"],"nature":"Impish","evs":{"hp":252,"atk":4,"def":252,"spa":0,"spd":0,"spe":0},"ivs":{"hp":31,"atk":31,"def":31,"spa":31,"spd":31,"spe":31}},{"name":"Scrafty","species":"Scrafty","item":"leftovers","ability":"Shed Skin","moves":["icepunch","crunch","drainpunch","bulkup"],"nature":"Careful","evs":{"hp":252,"atk":4,"def":0,"spa":0,"spd":252,"spe":0},"ivs":{"hp":31,"atk":31,"def":31,"spa":31,"spd":31,"spe":31}},{"name":"Hitmontop","species":"Hitmontop","item":"assaultvest","ability":"Intimidate","moves":["endeavor","seismictoss","suckerpunch","rapidspin"],"nature":"Impish","evs":{"hp":252,"atk":0,"def":64,"spa":0,"spd":192,"spe":0},"ivs":{"hp":31,"atk":31,"def":31,"spa":31,"spd":31,"spe":31}},{"name":"Infernape","species":"Infernape","item":"focussash","ability":"Blaze","moves":["flamethrower","vacuumwave","nastyplot","encore"],"nature":"Timid","evs":{"hp":0,"atk":0,"def":0,"spa":252,"spd":0,"spe":252},"ivs":{"hp":31,"atk":31,"def":31,"spa":31,"spd":31,"spe":31}},{"name":"Heracross","species":"Heracross","item":"heracronite","ability":"Moxie","moves":["bulletseed","pinmissile","rockblast","closecombat"],"nature":"Adamant","evs":{"hp":252,"atk":124,"def":132,"spa":0,"spd":0,"spe":0},"ivs":{"hp":31,"atk":31,"def":31,"spa":31,"spd":31,"spe":31}},{"name":"Terrakion","species":"Terrakion","item":"choicescarf","ability":"Justified","moves":["closecombat","stoneedge","earthquake","ironhead"],"nature":"Adamant","evs":{"hp":4,"atk":252,"def":0,"spa":0,"spd":0,"spe":252},"ivs":{"hp":31,"atk":31,"def":31,"spa":31,"spd":31,"spe":31}}],"log":["|player|p1|Inferno Sableye|infernosableye.gif","|player|p2|Imp❇ Jk|93","|gametype|singles","|gen|6","|tier|Monotype","|rated","|rule|Baton Pass Clause: Limit one Baton Passer, can't pass Spe and other stats simultaneously","|rule|Swagger Clause: Swagger is banned","|rule|Same Type Clause: Pokémon in a team must share a type","|clearpoke","|poke|p1|Skarmory, F","|poke|p1|Charizard, F","|poke|p1|Thundurus, M","|poke|p1|Landorus, M","|poke|p1|Gyarados, M","|poke|p1|Dragonite, F","|poke|p2|Cobalion","|poke|p2|Scrafty, M","|poke|p2|Hitmontop, M","|poke|p2|Infernape, F","|poke|p2|Heracross, F","|poke|p2|Terrakion","|rule|Sleep Clause Mod: Limit one foe put to sleep","|rule|Species Clause: Limit one of each Pokémon","|rule|OHKO Clause: OHKO moves are banned","|rule|Moody Clause: Moody is banned","|rule|Evasion Moves Clause: Evasion moves are banned","|rule|Endless Battle Clause: Forcing endless battles is banned","|rule|HP Percentage Mod: HP is shown in percentages","|teampreview","|","|start","|switch|p1a: Wtf?|Gyarados, M|331/331","|switch|p2a: Scrafty|Scrafty, M|334/334","|turn|1","|","|switch|p2a: Heracross|Heracross, F|364/364","|move|p1a: Wtf?|Bounce|p2a: Heracross|[still]","|-prepare|p1a: Wtf?|Bounce|p2a: Heracross","|","|turn|2","|","|switch|p2a: Cobalion|Cobalion|386/386","|move|p1a: Wtf?|Bounce|p2a: Cobalion|[from]lockedmove|[miss]","|-miss|p1a: Wtf?|p2a: Cobalion","|","|turn|3","|","|switch|p1a: Nimbus|Landorus, M|319/319","|move|p2a: Cobalion|Stealth Rock|p1a: Nimbus","|-sidestart|p1: Inferno Sableye|move: Stealth Rock","|","|turn|4","|","|switch|p2a: Hitmontop|Hitmontop, M|304/304","|-ability|p2a: Hitmontop|Intimidate","|-unboost|p1a: Nimbus|atk|1","|move|p1a: Nimbus|Rock Polish|p1a: Nimbus","|-boost|p1a: Nimbus|spe|2","|","|turn|5","|","|move|p1a: Nimbus|Earth Power|p2a: Hitmontop","|-damage|p2a: Hitmontop|175/304","|move|p2a: Hitmontop|Seismic Toss|p1a: Nimbus","|-damage|p1a: Nimbus|219/319","|","|turn|6","|","|move|p1a: Nimbus|Earth Power|p2a: Hitmontop","|-damage|p2a: Hitmontop|41/304","|move|p2a: Hitmontop|Endeavor|p1a: Nimbus","|-damage|p1a: Nimbus|41/319","|","|turn|7","|","|move|p2a: Hitmontop|Sucker Punch|p1a: Nimbus","|-damage|p1a: Nimbus|0 fnt","|faint|p1a: Nimbus","|","|","|switch|p1a: Threat|Thundurus, M|300/300","|-damage|p1a: Threat|225/300|[from] Stealth Rock","|turn|8","|","|move|p2a: Hitmontop|Sucker Punch|p1a: Threat","|-damage|p1a: Threat|145/300","|move|p1a: Threat|Thunderbolt|p2a: Hitmontop","|-damage|p2a: Hitmontop|0 fnt","|-damage|p1a: Threat|115/300|[from] item: Life Orb","|faint|p2a: Hitmontop","|","|","|switch|p2a: Scrafty|Scrafty, M|334/334","|turn|9","|","|move|p1a: Threat|Superpower|p2a: Scrafty","|-crit|p2a: Scrafty","|-supereffective|p2a: Scrafty","|-damage|p2a: Scrafty|0 fnt","|-unboost|p1a: Threat|atk|1","|-unboost|p1a: Threat|def|1","|-damage|p1a: Threat|85/300|[from] item: Life Orb","|faint|p2a: Scrafty","|","|","|switch|p2a: Heracross|Heracross, F|364/364","|turn|10","|","|detailschange|p2a: Heracross|Heracross-Mega, F","|-mega|p2a: Heracross|Heracross|Heracronite","|move|p1a: Threat|Thunder Wave|p2a: Heracross","|-status|p2a: Heracross|par","|move|p2a: Heracross|Rock Blast|p1a: Threat","|-supereffective|p1a: Threat","|-damage|p1a: Threat|0 fnt","|-hitcount|p1a: Threat|1","|faint|p1a: Threat","|","|","|switch|p1a: Bug Counter 😂|Skarmory, F|272/272","|-damage|p1a: Bug Counter 😂|238/272|[from] Stealth Rock","|turn|11","|","|switch|p2a: Infernape|Infernape, F|293/293","|move|p1a: Bug Counter 😂|Defog|p2a: Infernape","|-unboost|p2a: Infernape|evasion|1","|-sideend|p1: Inferno Sableye|Stealth Rock|[from] move: Defog|[of] p1a: Bug Counter 😂","|","|turn|12","|","|switch|p1a: Wtf?|Gyarados, M|331/331","|move|p2a: Infernape|Encore|p1a: Wtf?","|-fail|p1a: Wtf?","|","|turn|13","|","|switch|p2a: Cobalion|Cobalion|386/386","|move|p1a: Wtf?|Bounce|p2a: Cobalion|[still]","|-prepare|p1a: Wtf?|Bounce|p2a: Cobalion","|","|turn|14","|","|move|p1a: Wtf?|Bounce|p2a: Cobalion|[from]lockedmove","|-damage|p2a: Cobalion|281/386","|move|p2a: Cobalion|Thunder Wave|p1a: Wtf?","|-status|p1a: Wtf?|par","|","|-heal|p2a: Cobalion|305/386|[from] item: Leftovers","|turn|15","|","|switch|p1a: Charizard|Charizard, F|297/297","|move|p2a: Cobalion|Stealth Rock|p1a: Charizard","|-sidestart|p1: Inferno Sableye|move: Stealth Rock","|","|-heal|p2a: Cobalion|329/386|[from] item: Leftovers","|turn|16","|","|detailschange|p1a: Charizard|Charizard-Mega-Y, F","|-mega|p1a: Charizard|Charizard|Charizardite Y","|-weather|SunnyDay","|move|p1a: Charizard|Flamethrower|p2a: Cobalion","|-supereffective|p2a: Cobalion","|-damage|p2a: Cobalion|0 fnt","|faint|p2a: Cobalion","|","|-weather|SunnyDay|[upkeep]","|","|switch|p2a: Terrakion|Terrakion|324/324","|turn|17","|","|switch|p1a: Bug Counter 😂|Skarmory, F|238/272","|-damage|p1a: Bug Counter 😂|204/272|[from] Stealth Rock","|move|p2a: Terrakion|Close Combat|p1a: Bug Counter 😂","|-damage|p1a: Bug Counter 😂|42/272","|-unboost|p2a: Terrakion|def|1","|-unboost|p2a: Terrakion|spd|1","|","|-weather|SunnyDay|[upkeep]","|turn|18","|","|move|p2a: Terrakion|Close Combat|p1a: Bug Counter 😂","|-damage|p1a: Bug Counter 😂|0 fnt","|-unboost|p2a: Terrakion|def|1","|-unboost|p2a: Terrakion|spd|1","|faint|p1a: Bug Counter 😂","|","|-weather|SunnyDay|[upkeep]","|","|switch|p1a: Drago|Dragonite, F|324/324","|-damage|p1a: Drago|243/324|[from] Stealth Rock","|turn|19","|","|switch|p2a: Heracross|Heracross-Mega, F|364/364 par","|move|p1a: Drago|Dragon Dance|p1a: Drago","|-boost|p1a: Drago|atk|1","|-boost|p1a: Drago|spe|1","|","|-weather|SunnyDay|[upkeep]","|turn|20","|","|move|p1a: Drago|Dragon Dance|p1a: Drago","|-boost|p1a: Drago|atk|1","|-boost|p1a: Drago|spe|1","|move|p2a: Heracross|Rock Blast|p1a: Drago","|-supereffective|p1a: Drago","|-damage|p1a: Drago|159/324","|-enditem|p1a: Drago|Weakness Policy","|-boost|p1a: Drago|atk|2|[from] item: Weakness Policy","|-boost|p1a: Drago|spa|2|[from] item: Weakness Policy","|-supereffective|p1a: Drago","|-damage|p1a: Drago|79/324","|-supereffective|p1a: Drago","|-damage|p1a: Drago|0 fnt","|-hitcount|p1a: Drago|3","|faint|p1a: Drago","|","|-weather|none","|","|switch|p1a: Wtf?|Gyarados, M|331/331 par","|-damage|p1a: Wtf?|249/331 par|[from] Stealth Rock","|turn|21","|","|move|p1a: Wtf?|Bounce|p2a: Heracross|[still]","|-prepare|p1a: Wtf?|Bounce|p2a: Heracross","|move|p2a: Heracross|Rock Blast|p1a: Wtf?|[miss]","|-miss|p2a: Heracross|p1a: Wtf?","|","|turn|22","|","|move|p1a: Wtf?|Bounce|p2a: Heracross|[from]lockedmove","|-supereffective|p2a: Heracross","|-damage|p2a: Heracross|0 fnt","|faint|p2a: Heracross","|-boost|p1a: Wtf?|atk|1|[from] ability: Moxie","|","|","|switch|p2a: Terrakion|Terrakion|324/324","|turn|23","|","|move|p2a: Terrakion|Stone Edge|p1a: Wtf?","|-supereffective|p1a: Wtf?","|-damage|p1a: Wtf?|0 fnt","|faint|p1a: Wtf?","|","|","|switch|p1a: Charizard|Charizard-Mega-Y, F|297/297","|-damage|p1a: Charizard|149/297|[from] Stealth Rock","|-weather|SunnyDay","|turn|24","|","|move|p2a: Terrakion|Stone Edge|p1a: Charizard","|-supereffective|p1a: Charizard","|-damage|p1a: Charizard|0 fnt","|faint|p1a: Charizard","|","|win|Imp❇ Jk"],"p1rating":{"entryid":"83803","serverid":"eos","formatid":"monotype","userid":"infernosableye","username":"Inferno Sableye","w":"35","l":12,"t":"0","gxe":71.7,"r":"1675.2881867233","rd":"54.143270877787","sigma":"0","rptime":"1440320400","rpr":1676.7516525671,"rprd":52.340372119157,"rpsigma":"0","acre":1260.101622131,"lacre":1260.101622131,"oldacre":"1295.9805476795"},"p2rating":{"entryid":"86215","serverid":"eos","formatid":"monotype","userid":"impjk","username":"Imp❇ Jk","w":8,"l":"5","t":"0","gxe":56.4,"r":"1502.5816390108","rd":"91.70319712324","sigma":"0","rptime":"1440320400","rpr":1549.8638806563,"rprd":82.114671185505,"rpsigma":"0","acre":1169.8707987739,"lacre":1169.8707987739,"oldacre":"1133.9918732254"},"endType":"normal"}