{"seed":[3540,15733,49200,13138],"turns":29,"p1":"Guard Wanderer","p2":"Yung Draco","p1team":[{"name":"Ferrothorn","species":"Ferrothorn","item":"rockyhelmet","ability":"Iron Barbs","moves":["knockoff","stealthrock","thunderwave","sunnyday"],"nature":"Relaxed","evs":{"hp":248,"atk":8,"def":252,"spa":0,"spd":0,"spe":0},"ivs":{"hp":31,"atk":31,"def":31,"spa":31,"spd":31,"spe":0}},{"name":"Rotom-Mow","species":"Rotom-Mow","item":"choicescarf","ability":"Levitate","moves":["trick","willowisp","discharge","voltswitch"],"nature":"Timid","evs":{"hp":0,"atk":0,"def":0,"spa":252,"spd":4,"spe":252},"ivs":{"hp":31,"atk":31,"def":31,"spa":31,"spd":31,"spe":31}},{"name":"Ludicolo","species":"Ludicolo","item":"bindingband","ability":"Swift Swim","moves":["raindance","scald","leechseed","whirlpool"],"nature":"Modest","evs":{"hp":248,"atk":0,"def":0,"spa":252,"spd":8,"spe":0},"ivs":{"hp":31,"atk":31,"def":31,"spa":31,"spd":31,"spe":31}},{"name":"Sawsbuck","species":"Sawsbuck","item":"silkscarf","ability":"Chlorophyll","moves":["return","attract","retaliate","thunderwave"],"nature":"Adamant","evs":{"hp":0,"atk":252,"def":0,"spa":0,"spd":4,"spe":252},"gender":"F","ivs":{"hp":31,"atk":31,"def":31,"spa":31,"spd":31,"spe":31}},{"name":"Serperior","species":"Serperior","item":"miracleseed","ability":"Contrary","moves":["substitute","dragonpulse","leafstorm","hiddenpowerrock"],"nature":"Timid","evs":{"hp":0,"atk":0,"def":0,"spa":252,"spd":4,"spe":252},"ivs":{"hp":31,"atk":31,"def":30,"spa":31,"spd":30,"spe":30}},{"name":"Cacturne","species":"Cacturne","item":"focussash","ability":"Sand Veil","moves":["suckerpunch","spikyshield","swordsdance","drainpunch"],"nature":"Adamant","evs":{"hp":248,"atk":252,"def":0,"spa":0,"spd":8,"spe":0},"ivs":{"hp":31,"atk":31,"def":31,"spa":31,"spd":31,"spe":31}}],"p2team":[{"name":"Charizard","species":"Charizard","item":"charizarditey","ability":"Blaze","moves":["roost","overheat","solarbeam","airslash"],"nature":"Timid","evs":{"hp":0,"atk":0,"def":0,"spa":252,"spd":4,"spe":252},"ivs":{"hp":31,"atk":31,"def":31,"spa":31,"spd":31,"spe":31}},{"name":"Skarmory","species":"Skarmory","item":"leftovers","ability":"Sturdy","moves":["roost","stealthrock","whirlwind","ironhead"],"nature":"Impish","evs":{"hp":240,"atk":8,"def":236,"spa":0,"spd":0,"spe":24},"ivs":{"hp":31,"atk":31,"def":31,"spa":31,"spd":31,"spe":31}},{"name":"Zapdos","species":"Zapdos","item":"leftovers","ability":"Pressure","moves":["defog","roost","thunderbolt","voltswitch"],"nature":"Calm","evs":{"hp":248,"atk":0,"def":0,"spa":8,"spd":252,"spe":0},"ivs":{"hp":31,"atk":31,"def":31,"spa":31,"spd":31,"spe":31}},{"name":"Mandibuzz","species":"Mandibuzz","item":"leftovers","ability":"Overcoat","moves":["roost","toxic","foulplay","defog"],"nature":"Careful","evs":{"hp":240,"atk":0,"def":16,"spa":0,"spd":252,"spe":0},"ivs":{"hp":31,"atk":31,"def":31,"spa":31,"spd":31,"spe":31}},{"name":"Landorus","species":"Landorus","item":"lifeorb","ability":"Sheer Force","moves":["grassknot","earthpower","calmmind","psychic"],"nature":"Timid","evs":{"hp":0,"atk":0,"def":0,"spa":252,"spd":4,"spe":252},"ivs":{"hp":31,"atk":31,"def":31,"spa":31,"spd":31,"spe":31}},{"name":"Staraptor","species":"Staraptor","item":"choicescarf","ability":"Reckless","moves":["bravebird","closecombat","doubleedge","uturn"],"nature":"Jolly","evs":{"hp":0,"atk":252,"def":0,"spa":0,"spd":4,"spe":252},"ivs":{"hp":31,"atk":31,"def":31,"spa":31,"spd":31,"spe":31}}],"log":["|player|p1|Guard Wanderer|235","|player|p2|Yung Draco|143","|gametype|singles","|gen|6","|tier|Monotype","|rated","|rule|Baton Pass Clause: Limit one Baton Passer, can't pass Spe and other stats simultaneously","|rule|Swagger Clause: Swagger is banned","|rule|Same Type Clause: Pokémon in a team must share a type","|clearpoke","|poke|p1|Ferrothorn, M","|poke|p1|Rotom-Mow","|poke|p1|Ludicolo, M","|poke|p1|Sawsbuck, F","|poke|p1|Serperior, F","|poke|p1|Cacturne, M","|poke|p2|Charizard, F","|poke|p2|Skarmory, F","|poke|p2|Zapdos","|poke|p2|Mandibuzz, F","|poke|p2|Landorus, M","|poke|p2|Staraptor, M","|rule|Sleep Clause Mod: Limit one foe put to sleep","|rule|Species Clause: Limit one of each Pokémon","|rule|OHKO Clause: OHKO moves are banned","|rule|Moody Clause: Moody is banned","|rule|Evasion Moves Clause: Evasion moves are banned","|rule|Endless Battle Clause: Forcing endless battles is banned","|rule|HP Percentage Mod: HP is shown in percentages","|teampreview","|","|start","|switch|p1a: Ludicolo|Ludicolo, M|363/363","|switch|p2a: Charizard|Charizard, F|297/297","|turn|1","|","|detailschange|p2a: Charizard|Charizard-Mega-Y, F","|-mega|p2a: Charizard|Charizard|Charizardite Y","|-weather|SunnyDay","|move|p2a: Charizard|Overheat|p1a: Ludicolo","|-damage|p1a: Ludicolo|0 fnt","|-unboost|p2a: Charizard|spa|2","|faint|p1a: Ludicolo","|","|-weather|SunnyDay|[upkeep]","|","|switch|p1a: Serperior|Serperior, F|291/291","|turn|2","|","|move|p1a: Serperior|Substitute|p1a: Serperior","|-start|p1a: Serperior|Substitute","|-damage|p1a: Serperior|219/291","|move|p2a: Charizard|Overheat|p1a: Serperior","|-supereffective|p1a: Serperior","|-end|p1a: Serperior|Substitute","|-unboost|p2a: Charizard|spa|2","|","|-weather|SunnyDay|[upkeep]","|turn|3","|","|switch|p2a: Staraptor|Staraptor, M|311/311","|move|p1a: Serperior|Substitute|p1a: Serperior","|-start|p1a: Serperior|Substitute","|-damage|p1a: Serperior|147/291","|","|-weather|SunnyDay|[upkeep]","|turn|4","|","|move|p2a: Staraptor|U-turn|p1a: Serperior","|-supereffective|p1a: Serperior","|-end|p1a: Serperior|Substitute","|","|switch|p2a: Charizard|Charizard-Mega-Y, F|297/297","|move|p1a: Serperior|Leaf Storm|p2a: Charizard|[miss]","|-miss|p1a: Serperior|p2a: Charizard","|","|-weather|SunnyDay|[upkeep]","|turn|5","|","|switch|p1a: Rotom-Mow|Rotom-Mow|241/241","|move|p2a: Charizard|Air Slash|p1a: Rotom-Mow","|-damage|p1a: Rotom-Mow|97/241","|","|-weather|none","|turn|6","|","|switch|p2a: Mandibuzz|Mandibuzz, F|421/421","|move|p1a: Rotom-Mow|Volt Switch|p2a: Mandibuzz","|-supereffective|p2a: Mandibuzz","|-damage|p2a: Mandibuzz|265/421","|","|switch|p1a: Ferrothorn|Ferrothorn, M|351/351","|","|-heal|p2a: Mandibuzz|291/421|[from] item: Leftovers","|turn|7","|","|move|p2a: Mandibuzz|Foul Play|p1a: Ferrothorn","|-damage|p1a: Ferrothorn|290/351","|-damage|p2a: Mandibuzz|239/421|[from] ability: Iron Barbs|[of] p1a: Ferrothorn","|-damage|p2a: Mandibuzz|169/421|[from] item: Rocky Helmet|[of] p1a: Ferrothorn","|move|p1a: Ferrothorn|Stealth Rock|p2a: Mandibuzz","|-sidestart|p2: Yung Draco|move: Stealth Rock","|","|-heal|p2a: Mandibuzz|195/421|[from] item: Leftovers","|turn|8","|","|switch|p1a: Serperior|Serperior, F|147/291","|move|p2a: Mandibuzz|Defog|p1a: Serperior","|-boost|p1a: Serperior|evasion|1","|-sideend|p2: Yung Draco|Stealth Rock|[from] move: Defog|[of] p2a: Mandibuzz","|","|-heal|p2a: Mandibuzz|221/421|[from] item: Leftovers","|turn|9","|","|switch|p2a: Staraptor|Staraptor, M|311/311","|move|p1a: Serperior|Leaf Storm|p2a: Staraptor","|-resisted|p2a: Staraptor","|-damage|p2a: Staraptor|179/311","|-boost|p1a: Serperior|spa|2","|","|turn|10","|","|move|p2a: Staraptor|Brave Bird|p1a: Serperior","|-supereffective|p1a: Serperior","|-damage|p1a: Serperior|0 fnt","|-damage|p2a: Staraptor|130/311|[from] recoil|[of] p1a: Serperior","|faint|p1a: Serperior","|","|","|switch|p1a: Rotom-Mow|Rotom-Mow|97/241","|turn|11","|","|move|p2a: Staraptor|Brave Bird|p1a: Rotom-Mow","|-damage|p1a: Rotom-Mow|0 fnt","|-damage|p2a: Staraptor|98/311|[from] recoil|[of] p1a: Rotom-Mow","|faint|p1a: Rotom-Mow","|","|","|switch|p1a: Cacturne|Cacturne, M|343/343","|turn|12","|","|switch|p2a: Charizard|Charizard-Mega-Y, F|297/297","|-weather|SunnyDay","|move|p1a: Cacturne|Swords Dance|p1a: Cacturne","|-boost|p1a: Cacturne|atk|2","|","|-weather|SunnyDay|[upkeep]","|turn|13","|","|switch|p2a: Skarmory|Skarmory, F|331/331","|move|p1a: Cacturne|Swords Dance|p1a: Cacturne","|-boost|p1a: Cacturne|atk|2","|","|-weather|SunnyDay|[upkeep]","|turn|14","|","|move|p1a: Cacturne|Drain Punch|p2a: Skarmory","|-damage|p2a: Skarmory|185/331","|move|p2a: Skarmory|Whirlwind|p1a: Cacturne","|drag|p1a: Sawsbuck|Sawsbuck, F|301/301","|","|-weather|SunnyDay|[upkeep]","|-heal|p2a: Skarmory|205/331|[from] item: Leftovers","|turn|15","|","|move|p1a: Sawsbuck|Thunder Wave|p2a: Skarmory","|-status|p2a: Skarmory|par","|move|p2a: Skarmory|Stealth Rock|p1a: Sawsbuck","|-sidestart|p1: Guard Wanderer|move: Stealth Rock","|","|-weather|SunnyDay|[upkeep]","|-heal|p2a: Skarmory|225/331 par|[from] item: Leftovers","|turn|16","|","|move|p1a: Sawsbuck|Return|p2a: Skarmory","|-resisted|p2a: Skarmory","|-damage|p2a: Skarmory|169/331 par","|move|p2a: Skarmory|Whirlwind|p1a: Sawsbuck","|drag|p1a: Ferrothorn|Ferrothorn, M|290/351","|-damage|p1a: Ferrothorn|269/351|[from] Stealth Rock","|","|-weather|none","|-heal|p2a: Skarmory|189/331 par|[from] item: Leftovers","|turn|17","|","|switch|p2a: Charizard|Charizard-Mega-Y, F|297/297","|-weather|SunnyDay","|move|p1a: Ferrothorn|Stealth Rock|p2a: Charizard","|-sidestart|p2: Yung Draco|move: Stealth Rock","|","|-weather|SunnyDay|[upkeep]","|turn|18","|","|move|p2a: Charizard|Overheat|p1a: Ferrothorn","|-supereffective|p1a: Ferrothorn","|-damage|p1a: Ferrothorn|0 fnt","|-unboost|p2a: Charizard|spa|2","|faint|p1a: Ferrothorn","|","|-weather|SunnyDay|[upkeep]","|","|switch|p1a: Sawsbuck|Sawsbuck, F|301/301","|-damage|p1a: Sawsbuck|264/301|[from] Stealth Rock","|turn|19","|","|switch|p2a: Zapdos|Zapdos|383/383","|-damage|p2a: Zapdos|288/383|[from] Stealth Rock","|-ability|p2a: Zapdos|Pressure","|move|p1a: Sawsbuck|Retaliate|p2a: Zapdos","|-damage|p2a: Zapdos|0 fnt","|faint|p2a: Zapdos","|","|-weather|SunnyDay|[upkeep]","|","|switch|p2a: Skarmory|Skarmory, F|189/331 par","|-damage|p2a: Skarmory|148/331 par|[from] Stealth Rock","|turn|20","|","|move|p1a: Sawsbuck|Return|p2a: Skarmory","|-resisted|p2a: Skarmory","|-damage|p2a: Skarmory|87/331 par","|cant|p2a: Skarmory|par","|","|-weather|SunnyDay|[upkeep]","|-heal|p2a: Skarmory|107/331 par|[from] item: Leftovers","|turn|21","|","|move|p1a: Sawsbuck|Return|p2a: Skarmory","|-resisted|p2a: Skarmory","|-damage|p2a: Skarmory|46/331 par","|move|p2a: Skarmory|Roost|p2a: Skarmory","|-heal|p2a: Skarmory|212/331 par","|","|-weather|none","|-heal|p2a: Skarmory|232/331 par|[from] item: Leftovers","|turn|22","|","|move|p1a: Sawsbuck|Return|p2a: Skarmory","|-crit|p2a: Skarmory","|-resisted|p2a: Skarmory","|-damage|p2a: Skarmory|148/331 par","|cant|p2a: Skarmory|par","|","|-heal|p2a: Skarmory|168/331 par|[from] item: Leftovers","|turn|23","|","|move|p1a: Sawsbuck|Return|p2a: Skarmory","|-resisted|p2a: Skarmory","|-damage|p2a: Skarmory|116/331 par","|move|p2a: Skarmory|Roost|p2a: Skarmory","|-heal|p2a: Skarmory|282/331 par","|","|-heal|p2a: Skarmory|302/331 par|[from] item: Leftovers","|turn|24","|","|switch|p2a: Landorus|Landorus, M|319/319","|-damage|p2a: Landorus|280/319|[from] Stealth Rock","|move|p1a: Sawsbuck|Return|p2a: Landorus","|-damage|p2a: Landorus|64/319","|","|turn|25","|","|move|p2a: Landorus|Earth Power|p1a: Sawsbuck","|-resisted|p1a: Sawsbuck","|-damage|p1a: Sawsbuck|85/301","|move|p1a: Sawsbuck|Attract|p2a: Landorus","|-start|p2a: Landorus|Attract","|","|turn|26","|","|-activate|p2a: Landorus|Attract|[of] p1a: Sawsbuck","|move|p2a: Landorus|Earth Power|p1a: Sawsbuck","|-crit|p1a: Sawsbuck","|-resisted|p1a: Sawsbuck","|-damage|p1a: Sawsbuck|0 fnt","|faint|p1a: Sawsbuck","|-end|p2a: Landorus|Attract|[silent]","|","|","|switch|p1a: Cacturne|Cacturne, M|343/343","|-damage|p1a: Cacturne|301/343|[from] Stealth Rock","|turn|27","|","|move|p2a: Landorus|Earth Power|p1a: Cacturne","|-resisted|p1a: Cacturne","|-damage|p1a: Cacturne|111/343","|move|p1a: Cacturne|Swords Dance|p1a: Cacturne","|-boost|p1a: Cacturne|atk|2","|","|turn|28","|","|move|p1a: Cacturne|Sucker Punch|p2a: Landorus","|-damage|p2a: Landorus|0 fnt","|faint|p2a: Landorus","|","|","|switch|p2a: Mandibuzz|Mandibuzz, F|221/421","|-damage|p2a: Mandibuzz|116/421|[from] Stealth Rock","|turn|29","|","|move|p2a: Mandibuzz|Foul Play|p1a: Cacturne","|-resisted|p1a: Cacturne","|-damage|p1a: Cacturne|0 fnt","|faint|p1a: Cacturne","|","|win|Yung Draco"],"p1rating":{"entryid":"9966","serverid":"eos","formatid":"monotype","userid":"guardwanderer","username":"Guard Wanderer","w":"17","l":23,"t":"0","gxe":45.2,"r":"1517.3894601343","rd":"81.691557977629","sigma":"0","rptime":"1440320400","rpr":1462.9949646413,"rprd":53.902311613548,"rpsigma":"0","acre":1130.8091713965,"lacre":1130.8091713965,"oldacre":"1166.0760065712"},"p2rating":{"entryid":"365975","serverid":"eos","formatid":"monotype","userid":"yungdraco","username":"Yung Draco","w":2,"l":"5","t":"0","gxe":41.6,"r":"1500","rd":"130","sigma":"0","rptime":"1440320400","rpr":1433.8370561844,"rprd":94.731025409456,"rpsigma":"0","acre":1067.8175911073,"lacre":1067.8175911073,"oldacre":"1014.4478303338"},"endType":"normal"}