{"seed":[52160,37418,16569,64986],"turns":36,"p1":"LightOfAKnowing","p2":"Seven Swell","p1team":[{"name":"Gurdurr","species":"Gurdurr","item":"eviolite","ability":"Guts","moves":["bulkup","drainpunch","stoneedge","knockoff"],"nature":"Adamant","evs":{"hp":248,"atk":252,"def":0,"spa":0,"spd":8,"spe":0},"ivs":{"hp":31,"atk":31,"def":31,"spa":31,"spd":31,"spe":31}},{"name":"Hawlucha","species":"Hawlucha","item":"sitrusberry","ability":"Unburden","moves":["substitute","poweruppunch","acrobatics","drainpunch"],"nature":"Adamant","evs":{"hp":4,"atk":252,"def":0,"spa":0,"spd":0,"spe":252},"ivs":{"hp":31,"atk":31,"def":31,"spa":31,"spd":31,"spe":31}},{"name":"Gallade","species":"Gallade","item":"galladite","ability":"Steadfast","moves":["substitute","swordsdance","brickbreak","psychocut"],"nature":"Adamant","evs":{"hp":248,"atk":252,"def":0,"spa":0,"spd":8,"spe":0},"ivs":{"hp":31,"atk":31,"def":31,"spa":31,"spd":31,"spe":31}},{"name":"Machamp","species":"Machamp","item":"choiceband","ability":"No Guard","moves":["knockoff","bulletpunch","stoneedge","dynamicpunch"],"nature":"Adamant","evs":{"hp":248,"atk":252,"def":0,"spa":0,"spd":8,"spe":0},"ivs":{"hp":31,"atk":31,"def":31,"spa":31,"spd":31,"spe":31}},{"name":"Keldeo","species":"Keldeo","item":"leftovers","ability":"Justified","moves":["calmmind","scald","secretsword","icywind"],"nature":"Timid","evs":{"hp":0,"atk":0,"def":0,"spa":252,"spd":4,"spe":252},"ivs":{"hp":31,"atk":31,"def":31,"spa":31,"spd":31,"spe":31}},{"name":"Hitmontop","species":"Hitmontop","item":"choiceband","ability":"Technician","moves":["rapidspin","machpunch","pursuit","bulletpunch"],"nature":"Adamant","evs":{"hp":248,"atk":252,"def":0,"spa":0,"spd":8,"spe":0},"ivs":{"hp":31,"atk":31,"def":31,"spa":31,"spd":31,"spe":31}}],"p2team":[{"name":"Mew","species":"Mew","item":"leftovers","ability":"Synchronize","moves":["roost","toxic","healbell","aurasphere"],"nature":"Calm","evs":{"hp":252,"atk":0,"def":0,"spa":4,"spd":252,"spe":0},"ivs":{"hp":31,"atk":0,"def":31,"spa":31,"spd":31,"spe":31}},{"name":"Slowbro","species":"Slowbro","item":"rockyhelmet","ability":"Regenerator","moves":["scald","yawn","flamethrower","slackoff"],"nature":"Bold","evs":{"hp":252,"atk":0,"def":252,"spa":4,"spd":0,"spe":0},"ivs":{"hp":31,"atk":0,"def":31,"spa":31,"spd":31,"spe":31}},{"name":"Deoxys-Speed","species":"Deoxys-Speed","item":"focussash","ability":"Pressure","moves":["stealthrock","thunderbolt","thunderwave","icebeam"],"nature":"Timid","evs":{"hp":252,"atk":0,"def":0,"spa":44,"spd":0,"spe":212},"ivs":{"hp":31,"atk":0,"def":31,"spa":31,"spd":31,"spe":31}},{"name":"Latias","species":"Latias","item":"leftovers","ability":"Levitate","moves":["dracometeor","psyshock","roost","defog"],"nature":"Timid","evs":{"hp":252,"atk":0,"def":0,"spa":4,"spd":0,"spe":252},"ivs":{"hp":31,"atk":0,"def":31,"spa":31,"spd":31,"spe":31}},{"name":"Hoopa-Unbound","species":"Hoopa-Unbound","item":"focussash","ability":"Magician","moves":["hyperspacefury","drainpunch","firepunch","gunkshot"],"nature":"Adamant","evs":{"hp":0,"atk":252,"def":0,"spa":0,"spd":4,"spe":252},"ivs":{"hp":31,"atk":31,"def":31,"spa":31,"spd":31,"spe":31}},{"name":"Gardevoir","species":"Gardevoir","item":"gardevoirite","ability":"Trace","moves":["hypervoice","psyshock","shadowball","taunt"],"nature":"Timid","evs":{"hp":0,"atk":0,"def":0,"spa":252,"spd":4,"spe":252},"ivs":{"hp":31,"atk":0,"def":31,"spa":31,"spd":31,"spe":31}}],"log":["|player|p1|LightOfAKnowing|lightofaknowing.gif","|player|p2|Seven Swell|sevenswell.png","|gametype|singles","|gen|6","|tier|Monotype","|rated","|rule|Baton Pass Clause: Limit one Baton Passer, can't pass Spe and other stats simultaneously","|rule|Swagger Clause: Swagger is banned","|rule|Same Type Clause: Pokémon in a team must share a type","|clearpoke","|poke|p1|Gurdurr, F","|poke|p1|Hawlucha, F","|poke|p1|Gallade, M","|poke|p1|Machamp, F","|poke|p1|Keldeo","|poke|p1|Hitmontop, M","|poke|p2|Mew","|poke|p2|Slowbro, F","|poke|p2|Deoxys-Speed","|poke|p2|Latias, F","|poke|p2|Hoopa-Unbound","|poke|p2|Gardevoir, M","|rule|Sleep Clause Mod: Limit one foe put to sleep","|rule|Species Clause: Limit one of each Pokémon","|rule|OHKO Clause: OHKO moves are banned","|rule|Moody Clause: Moody is banned","|rule|Evasion Moves Clause: Evasion moves are banned","|rule|Endless Battle Clause: Forcing endless battles is banned","|rule|HP Percentage Mod: HP is shown in percentages","|teampreview","|","|start","|switch|p1a: Machamp|Machamp, F|383/383","|switch|p2a: Gardevoir|Gardevoir, M|277/277","|-ability|p2a: Gardevoir|No Guard|[from] ability: Trace|[of] p1a: Machamp","|turn|1","|","|switch|p2a: Slowbro|Slowbro, F|394/394","|move|p1a: Machamp|Bullet Punch|p2a: Slowbro","|-resisted|p2a: Slowbro","|-damage|p2a: Slowbro|365/394","|-damage|p1a: Machamp|320/383|[from] item: Rocky Helmet|[of] p2a: Slowbro","|","|turn|2","|","|switch|p1a: Gurdurr|Gurdurr, F|373/373","|move|p2a: Slowbro|Scald|p1a: Gurdurr","|-damage|p1a: Gurdurr|259/373","|","|turn|3","|","|move|p1a: Gurdurr|Knock Off|p2a: Slowbro","|-supereffective|p2a: Slowbro","|-damage|p2a: Slowbro|229/394","|-damage|p1a: Gurdurr|197/373|[from] item: Rocky Helmet|[of] p2a: Slowbro","|-enditem|p2a: Slowbro|Rocky Helmet|[from] move: Knock Off|[of] p1a: Gurdurr","|move|p2a: Slowbro|Yawn|p1a: Gurdurr","|-start|p1a: Gurdurr|move: Yawn|[of] p2a: Slowbro","|","|turn|4","|","|switch|p1a: Keldeo|Keldeo|323/323","|move|p2a: Slowbro|Scald|p1a: Keldeo","|-resisted|p1a: Keldeo","|-damage|p1a: Keldeo|275/323","|-status|p1a: Keldeo|brn","|","|-heal|p1a: Keldeo|295/323 brn|[from] item: Leftovers","|-damage|p1a: Keldeo|255/323 brn|[from] brn","|turn|5","|","|switch|p2a: Mew|Mew|404/404","|move|p1a: Keldeo|Calm Mind|p1a: Keldeo","|-boost|p1a: Keldeo|spa|1","|-boost|p1a: Keldeo|spd|1","|","|-heal|p1a: Keldeo|275/323 brn|[from] item: Leftovers","|-damage|p1a: Keldeo|235/323 brn|[from] brn","|turn|6","|","|move|p1a: Keldeo|Icy Wind|p2a: Mew","|-damage|p2a: Mew|332/404","|-unboost|p2a: Mew|spe|1","|move|p2a: Mew|Aura Sphere|p1a: Keldeo","|-damage|p1a: Keldeo|191/323 brn","|","|-heal|p1a: Keldeo|211/323 brn|[from] item: Leftovers","|-heal|p2a: Mew|357/404|[from] item: Leftovers","|-damage|p1a: Keldeo|171/323 brn|[from] brn","|turn|7","|","|move|p1a: Keldeo|Scald|p2a: Mew","|-damage|p2a: Mew|215/404","|move|p2a: Mew|Roost|p2a: Mew","|-heal|p2a: Mew|404/404","|","|-heal|p1a: Keldeo|191/323 brn|[from] item: Leftovers","|-damage|p1a: Keldeo|151/323 brn|[from] brn","|turn|8","|","|move|p1a: Keldeo|Scald|p2a: Mew","|-damage|p2a: Mew|262/404","|move|p2a: Mew|Roost|p2a: Mew","|-heal|p2a: Mew|404/404","|","|-heal|p1a: Keldeo|171/323 brn|[from] item: Leftovers","|-damage|p1a: Keldeo|131/323 brn|[from] brn","|turn|9","|","|move|p1a: Keldeo|Scald|p2a: Mew","|-damage|p2a: Mew|257/404","|-status|p2a: Mew|brn","|move|p2a: Mew|Heal Bell|p2a: Mew","|-cureteam|p2a: Mew|[from] move: HealBell","|","|-heal|p1a: Keldeo|151/323 brn|[from] item: Leftovers","|-heal|p2a: Mew|282/404|[from] item: Leftovers","|-damage|p1a: Keldeo|111/323 brn|[from] brn","|turn|10","|","|move|p1a: Keldeo|Scald|p2a: Mew","|-damage|p2a: Mew|134/404","|move|p2a: Mew|Roost|p2a: Mew","|-heal|p2a: Mew|336/404","|","|-heal|p1a: Keldeo|131/323 brn|[from] item: Leftovers","|-heal|p2a: Mew|361/404|[from] item: Leftovers","|-damage|p1a: Keldeo|91/323 brn|[from] brn","|turn|11","|","|move|p1a: Keldeo|Calm Mind|p1a: Keldeo","|-boost|p1a: Keldeo|spa|1","|-boost|p1a: Keldeo|spd|1","|move|p2a: Mew|Roost|p2a: Mew","|-heal|p2a: Mew|404/404","|","|-heal|p1a: Keldeo|111/323 brn|[from] item: Leftovers","|-damage|p1a: Keldeo|71/323 brn|[from] brn","|turn|12","|","|switch|p2a: Latias|Latias, F|364/364","|move|p1a: Keldeo|Scald|p2a: Latias","|-resisted|p2a: Latias","|-damage|p2a: Latias|250/364","|","|-heal|p2a: Latias|272/364|[from] item: Leftovers","|-heal|p1a: Keldeo|91/323 brn|[from] item: Leftovers","|-damage|p1a: Keldeo|51/323 brn|[from] brn","|turn|13","|","|move|p2a: Latias|Psyshock|p1a: Keldeo","|-supereffective|p1a: Keldeo","|-damage|p1a: Keldeo|0 fnt","|faint|p1a: Keldeo","|","|-heal|p2a: Latias|294/364|[from] item: Leftovers","|","|switch|p1a: Machamp|Machamp, F|320/383","|turn|14","|","|move|p2a: Latias|Psyshock|p1a: Machamp","|-supereffective|p1a: Machamp","|-damage|p1a: Machamp|60/383","|move|p1a: Machamp|Knock Off|p2a: Latias","|-supereffective|p2a: Latias","|-damage|p2a: Latias|0 fnt","|-enditem|p2a: Latias|Leftovers|[from] move: Knock Off|[of] p1a: Machamp","|faint|p2a: Latias","|","|","|switch|p2a: Slowbro|Slowbro, F|360/394","|turn|15","|","|move|p1a: Machamp|Knock Off|p2a: Slowbro","|-supereffective|p2a: Slowbro","|-damage|p2a: Slowbro|176/394","|move|p2a: Slowbro|Slack Off|p2a: Slowbro","|-heal|p2a: Slowbro|373/394","|","|turn|16","|","|move|p1a: Machamp|Knock Off|p2a: Slowbro","|-supereffective|p2a: Slowbro","|-damage|p2a: Slowbro|185/394","|move|p2a: Slowbro|Scald|p1a: Machamp","|-crit|p1a: Machamp","|-damage|p1a: Machamp|0 fnt","|faint|p1a: Machamp","|","|","|switch|p1a: Hawlucha|Hawlucha, F|298/298","|turn|17","|","|move|p1a: Hawlucha|Substitute|p1a: Hawlucha","|-start|p1a: Hawlucha|Substitute","|-damage|p1a: Hawlucha|224/298","|move|p2a: Slowbro|Slack Off|p2a: Slowbro","|-heal|p2a: Slowbro|382/394","|","|turn|18","|","|move|p1a: Hawlucha|Power-Up Punch|p2a: Slowbro","|-resisted|p2a: Slowbro","|-damage|p2a: Slowbro|361/394","|-boost|p1a: Hawlucha|atk|1","|move|p2a: Slowbro|Scald|p1a: Hawlucha","|-end|p1a: Hawlucha|Substitute","|","|turn|19","|","|move|p1a: Hawlucha|Substitute|p1a: Hawlucha","|-start|p1a: Hawlucha|Substitute","|-damage|p1a: Hawlucha|150/298","|move|p2a: Slowbro|Scald|p1a: Hawlucha","|-end|p1a: Hawlucha|Substitute","|","|turn|20","|","|move|p1a: Hawlucha|Substitute|p1a: Hawlucha","|-start|p1a: Hawlucha|Substitute","|-damage|p1a: Hawlucha|76/298","|-enditem|p1a: Hawlucha|Sitrus Berry|[eat]","|-heal|p1a: Hawlucha|150/298|[from] item: Sitrus Berry","|move|p2a: Slowbro|Scald|p1a: Hawlucha","|-end|p1a: Hawlucha|Substitute","|","|turn|21","|","|move|p1a: Hawlucha|Acrobatics|p2a: Slowbro","|-damage|p2a: Slowbro|180/394","|move|p2a: Slowbro|Scald|p1a: Hawlucha","|-damage|p1a: Hawlucha|2/298","|-status|p1a: Hawlucha|brn","|","|-damage|p1a: Hawlucha|0 fnt|[from] brn","|faint|p1a: Hawlucha","|","|switch|p1a: Gurdurr|Gurdurr, F|197/373","|turn|22","|","|move|p1a: Gurdurr|Bulk Up|p1a: Gurdurr","|-boost|p1a: Gurdurr|atk|1","|-boost|p1a: Gurdurr|def|1","|move|p2a: Slowbro|Slack Off|p2a: Slowbro","|-heal|p2a: Slowbro|377/394","|","|turn|23","|","|move|p1a: Gurdurr|Knock Off|p2a: Slowbro","|-supereffective|p2a: Slowbro","|-damage|p2a: Slowbro|227/394","|move|p2a: Slowbro|Yawn|p1a: Gurdurr","|-start|p1a: Gurdurr|move: Yawn|[of] p2a: Slowbro","|","|turn|24","|","|switch|p1a: Gallade|Gallade, M|339/339","|move|p2a: Slowbro|Slack Off|p2a: Slowbro","|-heal|p2a: Slowbro|394/394","|","|turn|25","|","|detailschange|p1a: Gallade|Gallade-Mega, M","|-mega|p1a: Gallade|Gallade|Galladite","|move|p1a: Gallade|Substitute|p1a: Gallade","|-start|p1a: Gallade|Substitute","|-damage|p1a: Gallade|255/339","|move|p2a: Slowbro|Scald|p1a: Gallade","|-activate|p1a: Gallade|Substitute|[damage]","|","|turn|26","|","|move|p1a: Gallade|Swords Dance|p1a: Gallade","|-boost|p1a: Gallade|atk|2","|move|p2a: Slowbro|Scald|p1a: Gallade","|-end|p1a: Gallade|Substitute","|","|turn|27","|","|switch|p2a: Gardevoir|Gardevoir, M|277/277","|-ability|p2a: Gardevoir|Inner Focus|[from] ability: Trace|[of] p1a: Gallade","|move|p1a: Gallade|Psycho Cut|p2a: Gardevoir","|-resisted|p2a: Gardevoir","|-damage|p2a: Gardevoir|64/277","|","|turn|28","|","|detailschange|p2a: Gardevoir|Gardevoir-Mega, M","|-mega|p2a: Gardevoir|Gardevoir|Gardevoirite","|move|p2a: Gardevoir|Hyper Voice|p1a: Gallade","|-supereffective|p1a: Gallade","|-damage|p1a: Gallade|0 fnt","|faint|p1a: Gallade","|","|","|switch|p1a: Hitmontop|Hitmontop, M|303/303","|turn|29","|","|move|p1a: Hitmontop|Pursuit|p2a: Gardevoir|[from]Pursuit","|-crit|p2a: Gardevoir","|-damage|p2a: Gardevoir|0 fnt","|faint|p2a: Gardevoir","|","|","|switch|p2a: Hoopa-Unbound|Hoopa-Unbound|301/301","|turn|30","|","|move|p2a: Hoopa-Unbound|Drain Punch|p1a: Hitmontop","|-damage|p1a: Hitmontop|184/303","|move|p1a: Hitmontop|Pursuit|p2a: Hoopa-Unbound","|-damage|p2a: Hoopa-Unbound|165/301","|","|turn|31","|","|move|p2a: Hoopa-Unbound|Drain Punch|p1a: Hitmontop","|-damage|p1a: Hitmontop|69/303","|-heal|p2a: Hoopa-Unbound|223/301|[from] drain|[of] p1a: Hitmontop","|move|p1a: Hitmontop|Pursuit|p2a: Hoopa-Unbound","|-crit|p2a: Hoopa-Unbound","|-damage|p2a: Hoopa-Unbound|0 fnt","|faint|p2a: Hoopa-Unbound","|","|","|switch|p2a: Slowbro|Slowbro, F|394/394","|turn|32","|","|move|p1a: Hitmontop|Pursuit|p2a: Slowbro","|-supereffective|p2a: Slowbro","|-damage|p2a: Slowbro|260/394","|move|p2a: Slowbro|Scald|p1a: Hitmontop","|-damage|p1a: Hitmontop|0 fnt","|faint|p1a: Hitmontop","|","|","|switch|p1a: Gurdurr|Gurdurr, F|197/373","|turn|33","|","|move|p1a: Gurdurr|Bulk Up|p1a: Gurdurr","|-boost|p1a: Gurdurr|atk|1","|-boost|p1a: Gurdurr|def|1","|move|p2a: Slowbro|Scald|p1a: Gurdurr","|-damage|p1a: Gurdurr|97/373","|","|turn|34","|","|move|p1a: Gurdurr|Knock Off|p2a: Slowbro","|-supereffective|p2a: Slowbro","|-damage|p2a: Slowbro|120/394","|move|p2a: Slowbro|Slack Off|p2a: Slowbro","|-heal|p2a: Slowbro|317/394","|","|turn|35","|","|move|p1a: Gurdurr|Drain Punch|p2a: Slowbro","|-resisted|p2a: Slowbro","|-damage|p2a: Slowbro|248/394","|-heal|p1a: Gurdurr|132/373|[from] drain|[of] p2a: Slowbro","|move|p2a: Slowbro|Yawn|p1a: Gurdurr","|-start|p1a: Gurdurr|move: Yawn|[of] p2a: Slowbro","|","|turn|36","|","|move|p1a: Gurdurr|Knock Off|p2a: Slowbro","|-supereffective|p2a: Slowbro","|-damage|p2a: Slowbro|92/394","|move|p2a: Slowbro|Scald|p1a: Gurdurr","|-damage|p1a: Gurdurr|21/373","|-status|p1a: Gurdurr|brn","|","|-end|p1a: Gurdurr|move: Yawn|[silent]","|-damage|p1a: Gurdurr|0 fnt|[from] brn","|faint|p1a: Gurdurr","|","|win|Seven Swell"],"p1rating":{"entryid":"386","serverid":"eos","formatid":"monotype","userid":"lightofaknowing","username":"LightOfAKnowing","w":"14","l":29,"t":"0","gxe":36.7,"r":"1419.9952408759","rd":"58.070774011908","sigma":"0","rptime":"1440320400","rpr":1396.5823259048,"rprd":54.000243326759,"rpsigma":"0","acre":1011.5270815833,"lacre":1011.5270815833,"oldacre":"1016.2736467012"},"p2rating":{"entryid":"86214","serverid":"eos","formatid":"monotype","userid":"sevenswell","username":"Seven Swell","w":40,"l":"14","t":"0","gxe":71.4,"r":"1674.9231258289","rd":"52.257078854739","sigma":"0","rptime":"1440320400","rpr":1673.487518119,"rprd":49.55506883331,"rpsigma":"0","acre":1276.8452002622,"lacre":1276.8452002622,"oldacre":"1267.3070859944"},"endType":"normal"}