{"seed":[422,57515,36416,58596],"turns":22,"p1":"GTX♅Bzumzum","p2":"Winter Isolation","p1team":[{"name":"Thorns","species":"ferrothorn","item":"leftovers","ability":"Iron Barbs","moves":["stealthrock","gyroball","leechseed","protect"],"nature":"Jolly","evs":{"hp":128,"atk":100,"def":116,"spa":0,"spd":120,"spe":44},"gender":"M","ivs":{"hp":31,"atk":31,"def":31,"spa":31,"spd":31,"spe":0}},{"name":"Brawloom","species":"breloom","item":"focussash","ability":"Technician","moves":["bulletseed","forcepalm","machpunch","spore"],"nature":"Jolly","evs":{"hp":4,"atk":252,"def":0,"spa":0,"spd":0,"spe":252},"gender":"M","shiny":true,"ivs":{"hp":31,"atk":31,"def":31,"spa":31,"spd":31,"spe":31}},{"name":"Celebrity","species":"celebi","item":"leftovers","ability":"Natural Cure","moves":["waterpulse","calmmind","gigadrain","healbell"],"nature":"Calm","evs":{"hp":220,"atk":0,"def":0,"spa":252,"spd":0,"spe":36},"ivs":{"hp":31,"atk":31,"def":31,"spa":31,"spd":31,"spe":31}},{"name":"Ludicool","species":"ludicolo","item":"leftovers","ability":"Rain Dish","moves":["icebeam","scald","gigadrain","raindance"],"nature":"Modest","evs":{"hp":200,"atk":0,"def":0,"spa":184,"spd":4,"spe":120},"gender":"M","shiny":true,"ivs":{"hp":31,"atk":31,"def":31,"spa":31,"spd":31,"spe":31}},{"name":"Great-ily","species":"cradily","item":"leftovers","ability":"Storm Drain","moves":["ancientpower","sludgewave","recover","toxic"],"nature":"Calm","evs":{"hp":232,"atk":24,"def":0,"spa":0,"spd":252,"spe":0},"gender":"M","shiny":true,"ivs":{"hp":31,"atk":31,"def":31,"spa":31,"spd":31,"spe":31}},{"name":"Plantasaurus","species":"venusaur","item":"venusaurite","ability":"Chlorophyll","moves":["gigadrain","hiddenpowerrock","sludgebomb","synthesis"],"nature":"Modest","evs":{"hp":0,"atk":0,"def":68,"spa":188,"spd":0,"spe":252},"gender":"M","ivs":{"hp":31,"atk":31,"def":30,"spa":31,"spd":30,"spe":30},"shiny":true}],"p2team":[{"name":"Aurorus","species":"Aurorus","item":"icyrock","ability":"Snow Warning","moves":["stealthrock","mirrorcoat","thunderwave","freezedry"],"nature":"Calm","evs":{"hp":248,"atk":0,"def":0,"spa":8,"spd":252,"spe":0},"ivs":{"hp":31,"atk":31,"def":31,"spa":31,"spd":31,"spe":31}},{"name":"Abomasnow","species":"Abomasnow","item":"abomasite","ability":"Snow Warning","moves":["blizzard","gigadrain","protect","hiddenpowerfire"],"nature":"Modest","evs":{"hp":248,"atk":0,"def":0,"spa":252,"spd":8,"spe":0},"ivs":{"hp":31,"atk":30,"def":31,"spa":30,"spd":31,"spe":30}},{"name":"Avalugg","species":"Avalugg","item":"leftovers","ability":"Ice Body","moves":["avalanche","recover","rapidspin","roar"],"nature":"Impish","evs":{"hp":252,"atk":0,"def":252,"spa":0,"spd":4,"spe":0},"ivs":{"hp":31,"atk":31,"def":31,"spa":31,"spd":31,"spe":31}},{"name":"Weavile","species":"Weavile","item":"focussash","ability":"Pressure","moves":["swordsdance","iciclecrash","knockoff","lowkick"],"nature":"Jolly","evs":{"hp":0,"atk":252,"def":0,"spa":0,"spd":4,"spe":252},"ivs":{"hp":31,"atk":31,"def":31,"spa":31,"spd":31,"spe":31}},{"name":"Mamoswine","species":"Mamoswine","item":"assaultvest","ability":"Thick Fat","moves":["knockoff","earthquake","iceshard","rockslide"],"nature":"Adamant","evs":{"hp":164,"atk":252,"def":0,"spa":0,"spd":0,"spe":92},"ivs":{"hp":31,"atk":31,"def":31,"spa":31,"spd":31,"spe":31}},{"name":"Rotom-Frost","species":"Rotom-Frost","item":"leftovers","ability":"Levitate","moves":["willowisp","blizzard","discharge","painsplit"],"nature":"Calm","evs":{"hp":252,"atk":0,"def":0,"spa":0,"spd":252,"spe":0},"ivs":{"hp":31,"atk":31,"def":31,"spa":31,"spd":31,"spe":31}}],"log":["|player|p1|GTX♅Bzumzum|225","|player|p2|Winter Isolation|138","|gametype|singles","|gen|6","|tier|Monotype","|rated","|rule|Baton Pass Clause: Limit one Baton Passer, can't pass Spe and other stats simultaneously","|rule|Swagger Clause: Swagger is banned","|rule|Same Type Clause: Pokémon in a team must share a type","|clearpoke","|poke|p1|Ferrothorn, M","|poke|p1|Breloom, M, shiny","|poke|p1|Celebi","|poke|p1|Ludicolo, M, shiny","|poke|p1|Cradily, M, shiny","|poke|p1|Venusaur, M, shiny","|poke|p2|Aurorus, M","|poke|p2|Abomasnow, M","|poke|p2|Avalugg, M","|poke|p2|Weavile, M","|poke|p2|Mamoswine, F","|poke|p2|Rotom-Frost","|rule|Sleep Clause Mod: Limit one foe put to sleep","|rule|Species Clause: Limit one of each Pokémon","|rule|OHKO Clause: OHKO moves are banned","|rule|Moody Clause: Moody is banned","|rule|Evasion Moves Clause: Evasion moves are banned","|rule|Endless Battle Clause: Forcing endless battles is banned","|rule|HP Percentage Mod: HP is shown in percentages","|teampreview","|","|start","|switch|p1a: Ludicool|Ludicolo, M, shiny|351/351","|switch|p2a: Abomasnow|Abomasnow, M|383/383","|-weather|Hail","|turn|1","|","|move|p1a: Ludicool|Rain Dance|p1a: Ludicool","|-weather|RainDance","|move|p2a: Abomasnow|Blizzard|p1a: Ludicool","|-damage|p1a: Ludicool|173/351","|","|-weather|RainDance|[upkeep]","|-heal|p1a: Ludicool|194/351|[from] ability: Rain Dish","|-heal|p1a: Ludicool|215/351|[from] item: Leftovers","|turn|2","|","|detailschange|p2a: Abomasnow|Abomasnow-Mega, M","|-mega|p2a: Abomasnow|Abomasnow|Abomasite","|-weather|Hail","|move|p1a: Ludicool|Scald|p2a: Abomasnow","|-resisted|p2a: Abomasnow","|-damage|p2a: Abomasnow|323/383","|move|p2a: Abomasnow|Blizzard|p1a: Ludicool","|-damage|p1a: Ludicool|7/351","|","|-weather|Hail|[upkeep]","|-damage|p1a: Ludicool|0 fnt|[from] hail","|faint|p1a: Ludicool","|","|switch|p1a: Plantasaurus|Venusaur, M, shiny|301/301","|turn|3","|","|switch|p2a: Aurorus|Aurorus, M|449/449","|detailschange|p1a: Plantasaurus|Venusaur-Mega, M, shiny","|-mega|p1a: Plantasaurus|Venusaur|Venusaurite","|move|p1a: Plantasaurus|Sludge Bomb|p2a: Aurorus","|-resisted|p2a: Aurorus","|-damage|p2a: Aurorus|388/449","|-status|p2a: Aurorus|psn","|","|-weather|Hail|[upkeep]","|-damage|p1a: Plantasaurus|283/301|[from] hail","|-damage|p2a: Aurorus|332/449 psn|[from] psn","|turn|4","|","|switch|p1a: Thorns|Ferrothorn, M|321/321","|move|p2a: Aurorus|Thunder Wave|p1a: Thorns","|-status|p1a: Thorns|par","|","|-weather|Hail|[upkeep]","|-damage|p1a: Thorns|301/321 par|[from] hail","|-heal|p1a: Thorns|321/321 par|[from] item: Leftovers","|-damage|p2a: Aurorus|276/449 psn|[from] psn","|turn|5","|","|move|p2a: Aurorus|Stealth Rock|p1a: Thorns","|-sidestart|p1: GTX♅Bzumzum|move: Stealth Rock","|move|p1a: Thorns|Gyro Ball|p2a: Aurorus","|-supereffective|p2a: Aurorus","|-damage|p2a: Aurorus|0 fnt","|faint|p2a: Aurorus","|","|-weather|Hail|[upkeep]","|-damage|p1a: Thorns|301/321 par|[from] hail","|-heal|p1a: Thorns|321/321 par|[from] item: Leftovers","|","|switch|p2a: Abomasnow|Abomasnow-Mega, M|323/383","|turn|6","|","|move|p2a: Abomasnow|Hidden Power|p1a: Thorns","|-crit|p1a: Thorns","|-supereffective|p1a: Thorns","|-damage|p1a: Thorns|0 fnt","|faint|p1a: Thorns","|","|-weather|none","|","|switch|p1a: Plantasaurus|Venusaur-Mega, M, shiny|283/301","|-damage|p1a: Plantasaurus|246/301|[from] Stealth Rock","|turn|7","|","|switch|p2a: Rotom-Frost|Rotom-Frost|304/304","|move|p1a: Plantasaurus|Giga Drain|p2a: Rotom-Frost","|-damage|p2a: Rotom-Frost|207/304","|-heal|p1a: Plantasaurus|295/301|[from] drain|[of] p2a: Rotom-Frost","|","|-heal|p2a: Rotom-Frost|226/304|[from] item: Leftovers","|turn|8","|","|switch|p1a: Brawloom|Breloom, M, shiny|262/262","|-damage|p1a: Brawloom|246/262|[from] Stealth Rock","|move|p2a: Rotom-Frost|Will-O-Wisp|p1a: Brawloom","|-status|p1a: Brawloom|brn","|","|-heal|p2a: Rotom-Frost|245/304|[from] item: Leftovers","|-damage|p1a: Brawloom|214/262 brn|[from] brn","|turn|9","|","|switch|p2a: Avalugg|Avalugg, M|394/394","|move|p1a: Brawloom|Force Palm|p2a: Avalugg","|-supereffective|p2a: Avalugg","|-damage|p2a: Avalugg|319/394","|-status|p2a: Avalugg|par","|","|-heal|p2a: Avalugg|343/394 par|[from] item: Leftovers","|-damage|p1a: Brawloom|182/262 brn|[from] brn","|turn|10","|","|switch|p1a: Celebrity|Celebi|396/396","|-damage|p1a: Celebrity|347/396|[from] Stealth Rock","|move|p2a: Avalugg|Avalanche|p1a: Celebrity","|-supereffective|p1a: Celebrity","|-damage|p1a: Celebrity|177/396","|","|-heal|p1a: Celebrity|201/396|[from] item: Leftovers","|-heal|p2a: Avalugg|367/394 par|[from] item: Leftovers","|turn|11","|","|move|p1a: Celebrity|Giga Drain|p2a: Avalugg","|-damage|p2a: Avalugg|168/394 par","|-heal|p1a: Celebrity|301/396|[from] drain|[of] p2a: Avalugg","|move|p2a: Avalugg|Avalanche|p1a: Celebrity","|-supereffective|p1a: Celebrity","|-damage|p1a: Celebrity|0 fnt","|faint|p1a: Celebrity","|","|-heal|p2a: Avalugg|192/394 par|[from] item: Leftovers","|","|switch|p1a: Plantasaurus|Venusaur-Mega, M, shiny|295/301","|-damage|p1a: Plantasaurus|258/301|[from] Stealth Rock","|turn|12","|","|move|p1a: Plantasaurus|Sludge Bomb|p2a: Avalugg","|-damage|p2a: Avalugg|0 fnt","|faint|p2a: Avalugg","|","|","|switch|p2a: Rotom-Frost|Rotom-Frost|245/304","|turn|13","|","|switch|p1a: Brawloom|Breloom, M, shiny|182/262 brn","|-damage|p1a: Brawloom|166/262 brn|[from] Stealth Rock","|move|p2a: Rotom-Frost|Will-O-Wisp|p1a: Brawloom","|-fail|p1a: Brawloom|brn","|","|-heal|p2a: Rotom-Frost|264/304|[from] item: Leftovers","|-damage|p1a: Brawloom|134/262 brn|[from] brn","|turn|14","|","|move|p1a: Brawloom|Force Palm|p2a: Rotom-Frost","|-supereffective|p2a: Rotom-Frost","|-damage|p2a: Rotom-Frost|120/304","|move|p2a: Rotom-Frost|Blizzard|p1a: Brawloom","|-supereffective|p1a: Brawloom","|-damage|p1a: Brawloom|0 fnt","|faint|p1a: Brawloom","|","|-heal|p2a: Rotom-Frost|139/304|[from] item: Leftovers","|","|switch|p1a: Great-ily|Cradily, M, shiny|371/371","|-damage|p1a: Great-ily|325/371|[from] Stealth Rock","|turn|15","|","|move|p2a: Rotom-Frost|Will-O-Wisp|p1a: Great-ily","|-status|p1a: Great-ily|brn","|move|p1a: Great-ily|Ancient Power|p2a: Rotom-Frost","|-supereffective|p2a: Rotom-Frost","|-damage|p2a: Rotom-Frost|59/304","|","|-heal|p2a: Rotom-Frost|78/304|[from] item: Leftovers","|-heal|p1a: Great-ily|348/371 brn|[from] item: Leftovers","|-damage|p1a: Great-ily|302/371 brn|[from] brn","|turn|16","|","|move|p2a: Rotom-Frost|Pain Split|p1a: Great-ily","|-sethp|p1a: Great-ily|190/371 brn|p2a: Rotom-Frost|190/304|[from] move: Pain Split","|move|p1a: Great-ily|Ancient Power|p2a: Rotom-Frost","|-supereffective|p2a: Rotom-Frost","|-damage|p2a: Rotom-Frost|110/304","|","|-heal|p2a: Rotom-Frost|129/304|[from] item: Leftovers","|-heal|p1a: Great-ily|213/371 brn|[from] item: Leftovers","|-damage|p1a: Great-ily|167/371 brn|[from] brn","|turn|17","|","|move|p2a: Rotom-Frost|Blizzard|p1a: Great-ily","|-supereffective|p1a: Great-ily","|-damage|p1a: Great-ily|0 fnt","|faint|p1a: Great-ily","|","|-heal|p2a: Rotom-Frost|148/304|[from] item: Leftovers","|","|switch|p1a: Plantasaurus|Venusaur-Mega, M, shiny|258/301","|-damage|p1a: Plantasaurus|221/301|[from] Stealth Rock","|turn|18","|","|move|p1a: Plantasaurus|Giga Drain|p2a: Rotom-Frost","|-damage|p2a: Rotom-Frost|55/304","|-heal|p1a: Plantasaurus|268/301|[from] drain|[of] p2a: Rotom-Frost","|move|p2a: Rotom-Frost|Will-O-Wisp|p1a: Plantasaurus|[miss]","|-miss|p2a: Rotom-Frost|p1a: Plantasaurus","|","|-heal|p2a: Rotom-Frost|74/304|[from] item: Leftovers","|turn|19","|","|move|p1a: Plantasaurus|Sludge Bomb|p2a: Rotom-Frost","|-damage|p2a: Rotom-Frost|0 fnt","|faint|p2a: Rotom-Frost","|","|","|switch|p2a: Abomasnow|Abomasnow-Mega, M|323/383","|-weather|Hail","|turn|20","|","|move|p1a: Plantasaurus|Sludge Bomb|p2a: Abomasnow","|-supereffective|p2a: Abomasnow","|-damage|p2a: Abomasnow|11/383","|move|p2a: Abomasnow|Blizzard|p1a: Plantasaurus","|-supereffective|p1a: Plantasaurus","|-damage|p1a: Plantasaurus|64/301","|","|-weather|Hail|[upkeep]","|-damage|p1a: Plantasaurus|46/301|[from] hail","|turn|21","|","|move|p1a: Plantasaurus|Giga Drain|p2a: Abomasnow","|-resisted|p2a: Abomasnow","|-damage|p2a: Abomasnow|0 fnt","|-heal|p1a: Plantasaurus|52/301|[from] drain|[of] p2a: Abomasnow","|faint|p2a: Abomasnow","|","|-weather|Hail|[upkeep]","|-damage|p1a: Plantasaurus|34/301|[from] hail","|","|switch|p2a: Weavile|Weavile, M|281/281","|-ability|p2a: Weavile|Pressure","|turn|22","|","|move|p2a: Weavile|Knock Off|p1a: Plantasaurus","|-damage|p1a: Plantasaurus|0 fnt","|faint|p1a: Plantasaurus","|","|win|Winter Isolation"],"p1rating":{"entryid":"1463","serverid":"eos","formatid":"monotype","userid":"gtxbzumzum","username":"GTX♅Bzumzum","w":"9","l":29,"t":"0","gxe":27.8,"r":"1339.7443087109","rd":"62.238830549052","sigma":"0","rptime":"1440234000","rpr":1317.6343826956,"rprd":57.584178168743,"rpsigma":"0","acre":1012.1593985624,"lacre":1012.1593985624,"oldacre":"1027.3747593876"},"p2rating":{"entryid":329334,"formatid":"monotype","userid":"winterisolation","username":"Winter Isolation","r":1500,"rd":130,"sigma":0,"rpr":1524.7528391714,"rprd":123.36129300532,"rpsigma":0,"rptime":1440234000,"w":1,"l":0,"t":0,"gxe":53.1,"acre":1043.1451300094,"lacre":1043.1451300094,"oldacre":1000},"endType":"normal"}