{"seed":[62487,63223,22693,40545],"turns":34,"p1":"Guard Wanderer","p2":"Knight Miku","p1team":[{"name":"Ferrothorn","species":"Ferrothorn","item":"rockyhelmet","ability":"Iron Barbs","moves":["knockoff","stealthrock","thunderwave","sunnyday"],"nature":"Relaxed","evs":{"hp":248,"atk":8,"def":252,"spa":0,"spd":0,"spe":0},"ivs":{"hp":31,"atk":31,"def":31,"spa":31,"spd":31,"spe":0}},{"name":"Rotom-Mow","species":"Rotom-Mow","item":"choicescarf","ability":"Levitate","moves":["trick","willowisp","discharge","voltswitch"],"nature":"Timid","evs":{"hp":0,"atk":0,"def":0,"spa":252,"spd":4,"spe":252},"ivs":{"hp":31,"atk":31,"def":31,"spa":31,"spd":31,"spe":31}},{"name":"Ludicolo","species":"Ludicolo","item":"bindingband","ability":"Swift Swim","moves":["raindance","scald","leechseed","whirlpool"],"nature":"Modest","evs":{"hp":248,"atk":0,"def":0,"spa":252,"spd":8,"spe":0},"ivs":{"hp":31,"atk":31,"def":31,"spa":31,"spd":31,"spe":31}},{"name":"Sawsbuck","species":"Sawsbuck","item":"silkscarf","ability":"Chlorophyll","moves":["return","seedbomb","retaliate","thunderwave"],"nature":"Adamant","evs":{"hp":0,"atk":252,"def":0,"spa":0,"spd":4,"spe":252},"ivs":{"hp":31,"atk":31,"def":31,"spa":31,"spd":31,"spe":31}},{"name":"Serperior","species":"Serperior","item":"miracleseed","ability":"Contrary","moves":["substitute","dragonpulse","leafstorm","snatch"],"nature":"Timid","evs":{"hp":0,"atk":0,"def":0,"spa":252,"spd":4,"spe":252},"ivs":{"hp":31,"atk":31,"def":31,"spa":31,"spd":31,"spe":31}},{"name":"Cacturne","species":"Cacturne","item":"focussash","ability":"Sand Veil","moves":["suckerpunch","spikyshield","swordsdance","drainpunch"],"nature":"Adamant","evs":{"hp":248,"atk":252,"def":0,"spa":0,"spd":8,"spe":0},"ivs":{"hp":31,"atk":31,"def":31,"spa":31,"spd":31,"spe":31}}],"p2team":[{"name":"Victini","species":"Victini","item":"choicescarf","ability":"Victory Star","moves":["vcreate","boltstrike","uturn","zenheadbutt"],"nature":"Jolly","evs":{"hp":0,"atk":252,"def":0,"spa":0,"spd":4,"spe":252},"ivs":{"hp":31,"atk":31,"def":31,"spa":31,"spd":31,"spe":31}},{"name":"Y U UNBAN!!!!!","species":"gallade","item":"galladite","ability":"Justified","moves":["closecombat","bulkup","shadowsneak","knockoff"],"nature":"Jolly","evs":{"hp":0,"atk":252,"def":0,"spa":0,"spd":4,"spe":252},"ivs":{"hp":31,"atk":31,"def":31,"spa":31,"spd":31,"spe":31}},{"name":"Hoopa-Unbound","species":"Hoopa-Unbound","item":"choicescarf","ability":"Magician","moves":["drainpunch","gunkshot","hyperspacefury","firepunch"],"nature":"Jolly","evs":{"hp":0,"atk":252,"def":0,"spa":0,"spd":4,"spe":252},"ivs":{"hp":31,"atk":31,"def":31,"spa":31,"spd":31,"spe":31}},{"name":"Mew","species":"Mew","item":"leftovers","ability":"Synchronize","moves":["roost","defog","rockslide","willowisp"],"nature":"Careful","evs":{"hp":248,"atk":8,"def":0,"spa":0,"spd":252,"spe":0},"ivs":{"hp":31,"atk":31,"def":31,"spa":31,"spd":31,"spe":31}},{"name":"Slowbro","species":"Slowbro","item":"leftovers","ability":"Regenerator","moves":["scald","grassknot","slackoff","thunderwave"],"nature":"Bold","evs":{"hp":252,"atk":0,"def":252,"spa":4,"spd":0,"spe":0},"ivs":{"hp":31,"atk":31,"def":31,"spa":31,"spd":31,"spe":31}},{"name":"Meloetta","species":"Meloetta","item":"leftovers","ability":"Serene Grace","moves":["dazzlinggleam","calmmind","psyshock","substitute"],"nature":"Calm","evs":{"hp":248,"atk":0,"def":200,"spa":0,"spd":60,"spe":0},"ivs":{"hp":31,"atk":0,"def":31,"spa":31,"spd":31,"spe":31}}],"log":["|player|p1|Guard Wanderer|235","|player|p2|Knight Miku|23","|gametype|singles","|gen|6","|tier|Monotype","|rated","|rule|Baton Pass Clause: Limit one Baton Passer, can't pass Spe and other stats simultaneously","|rule|Swagger Clause: Swagger is banned","|rule|Same Type Clause: Pokémon in a team must share a type","|clearpoke","|poke|p1|Ferrothorn, M","|poke|p1|Rotom-Mow","|poke|p1|Ludicolo, M","|poke|p1|Sawsbuck, M","|poke|p1|Serperior, M","|poke|p1|Cacturne, M","|poke|p2|Victini","|poke|p2|Gallade, M","|poke|p2|Hoopa-Unbound","|poke|p2|Mew","|poke|p2|Slowbro, M","|poke|p2|Meloetta","|rule|Sleep Clause Mod: Limit one foe put to sleep","|rule|Species Clause: Limit one of each Pokémon","|rule|OHKO Clause: OHKO moves are banned","|rule|Moody Clause: Moody is banned","|rule|Evasion Moves Clause: Evasion moves are banned","|rule|Endless Battle Clause: Forcing endless battles is banned","|rule|HP Percentage Mod: HP is shown in percentages","|teampreview","|","|start","|switch|p1a: Ferrothorn|Ferrothorn, M|351/351","|switch|p2a: Mew|Mew|403/403","|turn|1","|","|move|p2a: Mew|Will-O-Wisp|p1a: Ferrothorn","|-status|p1a: Ferrothorn|brn","|move|p1a: Ferrothorn|Knock Off|p2a: Mew","|-crit|p2a: Mew","|-supereffective|p2a: Mew","|-damage|p2a: Mew|292/403","|-enditem|p2a: Mew|Leftovers|[from] move: Knock Off|[of] p1a: Ferrothorn","|","|-damage|p1a: Ferrothorn|308/351 brn|[from] brn","|turn|2","|","|move|p2a: Mew|Roost|p2a: Mew","|-heal|p2a: Mew|403/403","|move|p1a: Ferrothorn|Sunny Day|p1a: Ferrothorn","|-weather|SunnyDay","|","|-weather|SunnyDay|[upkeep]","|-damage|p1a: Ferrothorn|265/351 brn|[from] brn","|turn|3","|","|switch|p1a: Ludicolo|Ludicolo, M|363/363","|move|p2a: Mew|Rock Slide|p1a: Ludicolo","|-damage|p1a: Ludicolo|290/363","|","|-weather|SunnyDay|[upkeep]","|turn|4","|","|move|p2a: Mew|Will-O-Wisp|p1a: Ludicolo","|-status|p1a: Ludicolo|brn","|move|p1a: Ludicolo|Rain Dance|p1a: Ludicolo","|-weather|RainDance","|","|-weather|RainDance|[upkeep]","|-damage|p1a: Ludicolo|245/363 brn|[from] brn","|turn|5","|","|move|p1a: Ludicolo|Whirlpool|p2a: Mew","|-damage|p2a: Mew|346/403","|-activate|p2a: Mew|move: Whirlpool|[of] p1a: Ludicolo","|move|p2a: Mew|Roost|p2a: Mew","|-heal|p2a: Mew|403/403","|","|-weather|RainDance|[upkeep]","|-damage|p1a: Ludicolo|200/363 brn|[from] brn","|-damage|p2a: Mew|336/403|[from] move: Whirlpool|[partiallytrapped]","|turn|6","|","|move|p1a: Ludicolo|Leech Seed|p2a: Mew","|-start|p2a: Mew|move: Leech Seed","|move|p2a: Mew|Roost|p2a: Mew","|-heal|p2a: Mew|403/403","|","|-weather|RainDance|[upkeep]","|-damage|p2a: Mew|353/403|[from] Leech Seed|[of] p1a: Ludicolo","|-heal|p1a: Ludicolo|250/363 brn|[silent]","|-damage|p1a: Ludicolo|205/363 brn|[from] brn","|-damage|p2a: Mew|286/403|[from] move: Whirlpool|[partiallytrapped]","|turn|7","|","|move|p1a: Ludicolo|Scald|p2a: Mew","|-damage|p2a: Mew|163/403","|move|p2a: Mew|Roost|p2a: Mew","|-heal|p2a: Mew|365/403","|","|-weather|RainDance|[upkeep]","|-damage|p2a: Mew|315/403|[from] Leech Seed|[of] p1a: Ludicolo","|-heal|p1a: Ludicolo|255/363 brn|[silent]","|-damage|p1a: Ludicolo|210/363 brn|[from] brn","|-damage|p2a: Mew|248/403|[from] move: Whirlpool|[partiallytrapped]","|turn|8","|","|move|p1a: Ludicolo|Scald|p2a: Mew","|-crit|p2a: Mew","|-damage|p2a: Mew|50/403","|move|p2a: Mew|Roost|p2a: Mew","|-heal|p2a: Mew|252/403","|","|-weather|none","|-damage|p2a: Mew|202/403|[from] Leech Seed|[of] p1a: Ludicolo","|-heal|p1a: Ludicolo|260/363 brn|[silent]","|-damage|p1a: Ludicolo|215/363 brn|[from] brn","|-damage|p2a: Mew|135/403|[from] move: Whirlpool|[partiallytrapped]","|turn|9","|","|move|p2a: Mew|Roost|p2a: Mew","|-heal|p2a: Mew|337/403","|move|p1a: Ludicolo|Scald|p2a: Mew","|-damage|p2a: Mew|244/403","|","|-damage|p2a: Mew|194/403|[from] Leech Seed|[of] p1a: Ludicolo","|-heal|p1a: Ludicolo|265/363 brn|[silent]","|-damage|p1a: Ludicolo|220/363 brn|[from] brn","|-damage|p2a: Mew|127/403|[from] move: Whirlpool|[partiallytrapped]","|turn|10","|","|move|p2a: Mew|Rock Slide|p1a: Ludicolo","|-damage|p1a: Ludicolo|134/363 brn","|cant|p1a: Ludicolo|flinch","|","|-damage|p2a: Mew|77/403|[from] Leech Seed|[of] p1a: Ludicolo","|-heal|p1a: Ludicolo|184/363 brn|[silent]","|-damage|p1a: Ludicolo|139/363 brn|[from] brn","|-end|p2a: Mew|Whirlpool|[partiallytrapped]","|turn|11","|","|move|p2a: Mew|Rock Slide|p1a: Ludicolo","|-damage|p1a: Ludicolo|52/363 brn","|move|p1a: Ludicolo|Scald|p2a: Mew","|-damage|p2a: Mew|0 fnt","|faint|p2a: Mew","|","|-damage|p1a: Ludicolo|7/363 brn|[from] brn","|","|switch|p2a: Meloetta|Meloetta|403/403","|turn|12","|","|move|p2a: Meloetta|Substitute|p2a: Meloetta","|-start|p2a: Meloetta|Substitute","|-damage|p2a: Meloetta|303/403","|move|p1a: Ludicolo|Leech Seed|p2a: Meloetta|[miss]","|-miss|p1a: Ludicolo|p2a: Meloetta","|","|-heal|p2a: Meloetta|328/403|[from] item: Leftovers","|-damage|p1a: Ludicolo|0 fnt|[from] brn","|faint|p1a: Ludicolo","|","|switch|p1a: Cacturne|Cacturne, M|343/343","|turn|13","|","|move|p2a: Meloetta|Calm Mind|p2a: Meloetta","|-boost|p2a: Meloetta|spa|1","|-boost|p2a: Meloetta|spd|1","|move|p1a: Cacturne|Drain Punch|p2a: Meloetta","|-activate|p2a: Meloetta|Substitute|[damage]","|","|-heal|p2a: Meloetta|353/403|[from] item: Leftovers","|turn|14","|","|move|p2a: Meloetta|Calm Mind|p2a: Meloetta","|-boost|p2a: Meloetta|spa|1","|-boost|p2a: Meloetta|spd|1","|move|p1a: Cacturne|Swords Dance|p1a: Cacturne","|-boost|p1a: Cacturne|atk|2","|","|-heal|p2a: Meloetta|378/403|[from] item: Leftovers","|turn|15","|","|move|p2a: Meloetta|Dazzling Gleam|p1a: Cacturne","|-supereffective|p1a: Cacturne","|-enditem|p1a: Cacturne|Focus Sash","|-damage|p1a: Cacturne|1/343","|move|p1a: Cacturne|Drain Punch|p2a: Meloetta","|-end|p2a: Meloetta|Substitute","|-heal|p1a: Cacturne|8/343|[from] drain|[of] p2a: Meloetta","|","|-heal|p2a: Meloetta|403/403|[from] item: Leftovers","|turn|16","|","|move|p1a: Cacturne|Sucker Punch|p2a: Meloetta","|-fail|p1a: Cacturne","|move|p2a: Meloetta|Substitute|p2a: Meloetta","|-start|p2a: Meloetta|Substitute","|-damage|p2a: Meloetta|303/403","|","|-heal|p2a: Meloetta|328/403|[from] item: Leftovers","|turn|17","|","|move|p2a: Meloetta|Calm Mind|p2a: Meloetta","|-boost|p2a: Meloetta|spa|1","|-boost|p2a: Meloetta|spd|1","|move|p1a: Cacturne|Drain Punch|p2a: Meloetta","|-end|p2a: Meloetta|Substitute","|-heal|p1a: Cacturne|58/343|[from] drain|[of] p2a: Meloetta","|","|-heal|p2a: Meloetta|353/403|[from] item: Leftovers","|turn|18","|","|move|p2a: Meloetta|Substitute|p2a: Meloetta","|-start|p2a: Meloetta|Substitute","|-damage|p2a: Meloetta|253/403","|move|p1a: Cacturne|Drain Punch|p2a: Meloetta","|-end|p2a: Meloetta|Substitute","|-heal|p1a: Cacturne|108/343|[from] drain|[of] p2a: Meloetta","|","|-heal|p2a: Meloetta|278/403|[from] item: Leftovers","|turn|19","|","|move|p1a: Cacturne|Sucker Punch|p2a: Meloetta","|-supereffective|p2a: Meloetta","|-damage|p2a: Meloetta|0 fnt","|faint|p2a: Meloetta","|","|","|switch|p2a: Y U UNBAN!!!!!|Gallade, M|277/277","|turn|20","|","|detailschange|p2a: Y U UNBAN!!!!!|Gallade-Mega, M","|-mega|p2a: Y U UNBAN!!!!!|Gallade|Galladite","|move|p1a: Cacturne|Spiky Shield|p1a: Cacturne","|-singleturn|p1a: Cacturne|move: Protect","|move|p2a: Y U UNBAN!!!!!|Shadow Sneak|p1a: Cacturne","|-activate|p1a: Cacturne|Protect","|-damage|p2a: Y U UNBAN!!!!!|243/277|[from] Spiky Shield|[of] p1a: Cacturne","|","|turn|21","|","|move|p2a: Y U UNBAN!!!!!|Bulk Up|p2a: Y U UNBAN!!!!!","|-boost|p2a: Y U UNBAN!!!!!|atk|1","|-boost|p2a: Y U UNBAN!!!!!|def|1","|move|p1a: Cacturne|Drain Punch|p2a: Y U UNBAN!!!!!","|-resisted|p2a: Y U UNBAN!!!!!","|-damage|p2a: Y U UNBAN!!!!!|182/277","|-heal|p1a: Cacturne|139/343|[from] drain|[of] p2a: Y U UNBAN!!!!!","|","|turn|22","|","|move|p1a: Cacturne|Sucker Punch|p2a: Y U UNBAN!!!!!","|-damage|p2a: Y U UNBAN!!!!!|0 fnt","|faint|p2a: Y U UNBAN!!!!!","|","|","|switch|p2a: Slowbro|Slowbro, M|394/394","|turn|23","|","|move|p1a: Cacturne|Sucker Punch|p2a: Slowbro","|-fail|p1a: Cacturne","|move|p2a: Slowbro|Thunder Wave|p1a: Cacturne","|-status|p1a: Cacturne|par","|","|turn|24","|","|switch|p2a: Hoopa-Unbound|Hoopa-Unbound|301/301","|move|p1a: Cacturne|Sucker Punch|p2a: Hoopa-Unbound","|-fail|p1a: Cacturne","|","|turn|25","|","|move|p2a: Hoopa-Unbound|Fire Punch|p1a: Cacturne","|-supereffective|p1a: Cacturne","|-damage|p1a: Cacturne|0 fnt","|faint|p1a: Cacturne","|","|","|switch|p1a: Rotom-Mow|Rotom-Mow|241/241","|turn|26","|","|move|p1a: Rotom-Mow|Will-O-Wisp|p2a: Hoopa-Unbound","|-status|p2a: Hoopa-Unbound|brn","|move|p2a: Hoopa-Unbound|Fire Punch|p1a: Rotom-Mow","|-supereffective|p1a: Rotom-Mow","|-damage|p1a: Rotom-Mow|141/241","|","|-damage|p2a: Hoopa-Unbound|264/301 brn|[from] brn","|turn|27","|","|switch|p1a: Ferrothorn|Ferrothorn, M|265/351 brn","|move|p2a: Hoopa-Unbound|Fire Punch|p1a: Ferrothorn","|-supereffective|p1a: Ferrothorn","|-damage|p1a: Ferrothorn|143/351 brn","|-damage|p2a: Hoopa-Unbound|227/301 brn|[from] ability: Iron Barbs|[of] p1a: Ferrothorn","|-damage|p2a: Hoopa-Unbound|177/301 brn|[from] item: Rocky Helmet|[of] p1a: Ferrothorn","|","|-damage|p2a: Hoopa-Unbound|140/301 brn|[from] brn","|-damage|p1a: Ferrothorn|100/351 brn|[from] brn","|turn|28","|","|move|p2a: Hoopa-Unbound|Fire Punch|p1a: Ferrothorn","|-supereffective|p1a: Ferrothorn","|-damage|p1a: Ferrothorn|0 fnt","|-damage|p2a: Hoopa-Unbound|103/301 brn|[from] ability: Iron Barbs|[of] p1a: Ferrothorn","|-damage|p2a: Hoopa-Unbound|53/301 brn|[from] item: Rocky Helmet|[of] p1a: Ferrothorn","|faint|p1a: Ferrothorn","|","|-damage|p2a: Hoopa-Unbound|16/301 brn|[from] brn","|","|switch|p1a: Serperior|Serperior, M|291/291","|turn|29","|","|move|p2a: Hoopa-Unbound|Fire Punch|p1a: Serperior","|-supereffective|p1a: Serperior","|-damage|p1a: Serperior|189/291","|move|p1a: Serperior|Leaf Storm|p2a: Hoopa-Unbound","|-damage|p2a: Hoopa-Unbound|0 fnt","|-boost|p1a: Serperior|spa|2","|faint|p2a: Hoopa-Unbound","|","|","|switch|p2a: Victini|Victini|341/341","|turn|30","|","|move|p2a: Victini|V-create|p1a: Serperior","|-supereffective|p1a: Serperior","|-damage|p1a: Serperior|0 fnt","|-unboost|p2a: Victini|spe|1","|-unboost|p2a: Victini|def|1","|-unboost|p2a: Victini|spd|1","|faint|p1a: Serperior","|","|","|switch|p1a: Rotom-Mow|Rotom-Mow|141/241","|turn|31","|","|move|p1a: Rotom-Mow|Volt Switch|p2a: Victini","|-damage|p2a: Victini|181/341","|","|switch|p1a: Sawsbuck|Sawsbuck, M|301/301","|move|p2a: Victini|V-create|p1a: Sawsbuck","|-supereffective|p1a: Sawsbuck","|-damage|p1a: Sawsbuck|0 fnt","|-unboost|p2a: Victini|spe|1","|-unboost|p2a: Victini|def|1","|-unboost|p2a: Victini|spd|1","|faint|p1a: Sawsbuck","|","|","|switch|p1a: Rotom-Mow|Rotom-Mow|141/241","|turn|32","|","|switch|p2a: Slowbro|Slowbro, M|394/394","|move|p1a: Rotom-Mow|Discharge|p2a: Slowbro","|-supereffective|p2a: Slowbro","|-damage|p2a: Slowbro|74/394","|","|-heal|p2a: Slowbro|98/394|[from] item: Leftovers","|turn|33","|","|move|p1a: Rotom-Mow|Discharge|p2a: Slowbro","|-supereffective|p2a: Slowbro","|-damage|p2a: Slowbro|0 fnt","|faint|p2a: Slowbro","|","|","|switch|p2a: Victini|Victini|181/341","|turn|34","|","|move|p2a: Victini|V-create|p1a: Rotom-Mow","|-supereffective|p1a: Rotom-Mow","|-damage|p1a: Rotom-Mow|0 fnt","|-unboost|p2a: Victini|spe|1","|-unboost|p2a: Victini|def|1","|-unboost|p2a: Victini|spd|1","|faint|p1a: Rotom-Mow","|","|win|Knight Miku"],"p1rating":{"entryid":"9966","serverid":"eos","formatid":"monotype","userid":"guardwanderer","username":"Guard Wanderer","w":"8","l":19,"t":"0","gxe":35.8,"r":"1517.3894601343","rd":"81.691557977629","sigma":"0","rptime":"1440320400","rpr":1388.7653294186,"rprd":63.267859962559,"rpsigma":"0","acre":1000,"lacre":1000,"oldacre":"1000"},"p2rating":{"entryid":"161090","serverid":"eos","formatid":"monotype","userid":"knightmiku","username":"Knight Miku","w":8,"l":"5","t":"0","gxe":59.4,"r":"1608.8893408657","rd":"87.92912838374","sigma":"0","rptime":"1440320400","rpr":1573.3103711051,"rprd":81.745116285426,"rpsigma":"0","acre":1135.1240992548,"lacre":1135.1240992548,"oldacre":"1118.3235899778"},"endType":"normal"}