{"seed":[46627,55870,5702,5984],"turns":38,"p1":"Void Who","p2":"Professor♅ Gotenks","p1team":[{"name":"Gallade","species":"Gallade","item":"galladite","ability":"Justified","moves":["shadowsneak","drainpunch","psychocut","thunderwave"],"nature":"Adamant","evs":{"hp":248,"atk":252,"def":0,"spa":0,"spd":8,"spe":0},"ivs":{"hp":31,"atk":31,"def":31,"spa":31,"spd":31,"spe":31}},{"name":"Jirachi","species":"Jirachi","item":"assaultvest","ability":"Serene Grace","moves":["bodyslam","ironhead","drainpunch","zenheadbutt"],"nature":"Adamant","evs":{"hp":224,"atk":252,"def":0,"spa":0,"spd":0,"spe":32},"ivs":{"hp":31,"atk":31,"def":31,"spa":31,"spd":31,"spe":31}},{"name":"Meloetta","species":"Meloetta","item":"choicespecs","ability":"Serene Grace","moves":["hypervoice","focusblast","psychic","shadowball"],"nature":"Modest","evs":{"hp":248,"atk":0,"def":0,"spa":252,"spd":8,"spe":0},"ivs":{"hp":31,"atk":31,"def":31,"spa":31,"spd":31,"spe":31}},{"name":"Mew","species":"Mew","item":"leftovers","ability":"Synchronize","moves":["defog","stealthrock","roost","knockoff"],"nature":"Careful","evs":{"hp":252,"atk":4,"def":0,"spa":0,"spd":252,"spe":0},"ivs":{"hp":31,"atk":31,"def":31,"spa":31,"spd":31,"spe":31}},{"name":"Slowbro","species":"Slowbro","item":"rockyhelmet","ability":"Regenerator","moves":["calmmind","slackoff","scald","flamethrower"],"nature":"Bold","evs":{"hp":248,"atk":0,"def":252,"spa":8,"spd":0,"spe":0},"ivs":{"hp":31,"atk":31,"def":31,"spa":31,"spd":31,"spe":31}},{"name":"Hoopa-Unbound","species":"Hoopa-Unbound","item":"choicescarf","ability":"Magician","moves":["hyperspacehole","hyperspacefury","firepunch","drainpunch"],"nature":"Hasty","evs":{"hp":0,"atk":252,"def":0,"spa":4,"spd":0,"spe":252},"ivs":{"hp":31,"atk":31,"def":31,"spa":31,"spd":31,"spe":31}}],"p2team":[{"name":"Ferrothorn","species":"Ferrothorn","item":"rockyhelmet","ability":"Iron Barbs","moves":["leechseed","gyroball","toxic","powerwhip"],"nature":"Relaxed","evs":{"hp":248,"atk":8,"def":252,"spa":0,"spd":0,"spe":0},"ivs":{"hp":31,"atk":31,"def":31,"spa":31,"spd":31,"spe":0}},{"name":"Klefki","species":"Klefki","item":"lightclay","ability":"Prankster","moves":["lightscreen","reflect","thunderwave","drainingkiss"],"nature":"Bold","evs":{"hp":248,"atk":0,"def":116,"spa":8,"spd":136,"spe":0},"ivs":{"hp":31,"atk":31,"def":31,"spa":31,"spd":31,"spe":31}},{"name":"Excadrill","species":"Excadrill","item":"choicescarf","ability":"Mold Breaker","moves":["earthquake","ironhead","rockslide","rapidspin"],"nature":"Jolly","evs":{"hp":0,"atk":252,"def":0,"spa":0,"spd":4,"spe":252},"ivs":{"hp":31,"atk":31,"def":31,"spa":31,"spd":31,"spe":31}},{"name":"Heatran","species":"Heatran","item":"airballoon","ability":"Flash Fire","moves":["earthpower","lavaplume","hiddenpowerice","ancientpower"],"nature":"Modest","evs":{"hp":248,"atk":0,"def":0,"spa":252,"spd":8,"spe":0},"ivs":{"hp":31,"atk":30,"def":30,"spa":31,"spd":31,"spe":31}},{"name":"Skarmory","species":"Skarmory","item":"rockyhelmet","ability":"Sturdy","moves":["stealthrock","spikes","bravebird","whirlwind"],"nature":"Impish","evs":{"hp":248,"atk":0,"def":236,"spa":0,"spd":0,"spe":24},"ivs":{"hp":31,"atk":31,"def":31,"spa":31,"spd":31,"spe":31}},{"name":"Scizor","species":"Scizor","item":"scizorite","ability":"Light Metal","moves":["roost","swordsdance","bulletpunch","bugbite"],"nature":"Adamant","evs":{"hp":176,"atk":180,"def":0,"spa":0,"spd":8,"spe":144},"shiny":true,"ivs":{"hp":31,"atk":31,"def":31,"spa":31,"spd":31,"spe":31}}],"log":["|player|p1|Void Who|voidwho.gif","|player|p2|Professor♅ Gotenks|professorgotenks.png","|gametype|singles","|gen|6","|tier|Monotype","|rated","|rule|Baton Pass Clause: Limit one Baton Passer, can't pass Spe and other stats simultaneously","|rule|Swagger Clause: Swagger is banned","|rule|Same Type Clause: Pokémon in a team must share a type","|clearpoke","|poke|p1|Gallade, M","|poke|p1|Jirachi","|poke|p1|Meloetta","|poke|p1|Mew","|poke|p1|Slowbro, F","|poke|p1|Hoopa-Unbound","|poke|p2|Ferrothorn, F","|poke|p2|Klefki, F","|poke|p2|Excadrill, F","|poke|p2|Heatran, F","|poke|p2|Skarmory, M","|poke|p2|Scizor, F, shiny","|rule|Sleep Clause Mod: Limit one foe put to sleep","|rule|Species Clause: Limit one of each Pokémon","|rule|OHKO Clause: OHKO moves are banned","|rule|Moody Clause: Moody is banned","|rule|Evasion Moves Clause: Evasion moves are banned","|rule|Endless Battle Clause: Forcing endless battles is banned","|rule|HP Percentage Mod: HP is shown in percentages","|teampreview","|","|start","|switch|p1a: Mew|Mew|404/404","|switch|p2a: Skarmory|Skarmory, M|333/333","|turn|1","|","|move|p1a: Mew|Knock Off|p2a: Skarmory","|-damage|p2a: Skarmory|285/333","|-damage|p1a: Mew|337/404|[from] item: Rocky Helmet|[of] p2a: Skarmory","|-enditem|p2a: Skarmory|Rocky Helmet|[from] move: Knock Off|[of] p1a: Mew","|move|p2a: Skarmory|Brave Bird|p1a: Mew","|-damage|p1a: Mew|223/404","|-damage|p2a: Skarmory|247/333|[from] recoil|[of] p1a: Mew","|","|-heal|p1a: Mew|248/404|[from] item: Leftovers","|turn|2","|","|move|p1a: Mew|Stealth Rock|p2a: Skarmory","|-sidestart|p2: Professor♅ Gotenks|move: Stealth Rock","|move|p2a: Skarmory|Stealth Rock|p1a: Mew","|-sidestart|p1: Void Who|move: Stealth Rock","|","|-heal|p1a: Mew|273/404|[from] item: Leftovers","|turn|3","|","|move|p1a: Mew|Roost|p1a: Mew","|-heal|p1a: Mew|404/404","|move|p2a: Skarmory|Spikes|p1a: Mew","|-sidestart|p1: Void Who|Spikes","|","|turn|4","|","|move|p1a: Mew|Defog|p2a: Skarmory","|-unboost|p2a: Skarmory|evasion|1","|-sideend|p2: Professor♅ Gotenks|Stealth Rock|[from] move: Defog|[of] p2a: Skarmory","|-sideend|p1: Void Who|Spikes|[from] move: Defog|[of] p1a: Mew","|-sideend|p1: Void Who|Stealth Rock|[from] move: Defog|[of] p1a: Mew","|move|p2a: Skarmory|Spikes|p1a: Mew","|-sidestart|p1: Void Who|Spikes","|","|turn|5","|","|switch|p1a: Slowbro|Slowbro, F|393/393","|-damage|p1a: Slowbro|344/393|[from] Spikes","|move|p2a: Skarmory|Stealth Rock|p1a: Slowbro","|-sidestart|p1: Void Who|move: Stealth Rock","|","|turn|6","|","|move|p1a: Slowbro|Calm Mind|p1a: Slowbro","|-boost|p1a: Slowbro|spa|1","|-boost|p1a: Slowbro|spd|1","|move|p2a: Skarmory|Whirlwind|p1a: Slowbro","|drag|p1a: Mew|Mew|404/404","|-damage|p1a: Mew|354/404|[from] Stealth Rock","|-damage|p1a: Mew|304/404|[from] Spikes","|","|-heal|p1a: Mew|329/404|[from] item: Leftovers","|turn|7","|","|move|p1a: Mew|Defog|p2a: Skarmory","|-unboost|p2a: Skarmory|evasion|1","|-sideend|p1: Void Who|Spikes|[from] move: Defog|[of] p1a: Mew","|-sideend|p1: Void Who|Stealth Rock|[from] move: Defog|[of] p1a: Mew","|move|p2a: Skarmory|Spikes|p1a: Mew","|-sidestart|p1: Void Who|Spikes","|","|-heal|p1a: Mew|354/404|[from] item: Leftovers","|turn|8","|","|switch|p1a: Slowbro|Slowbro, F|393/393","|-damage|p1a: Slowbro|344/393|[from] Spikes","|move|p2a: Skarmory|Stealth Rock|p1a: Slowbro","|-sidestart|p1: Void Who|move: Stealth Rock","|","|turn|9","|","|move|p2a: Skarmory|Spikes|p1a: Slowbro","|-sidestart|p1: Void Who|Spikes","|move|p1a: Slowbro|Flamethrower|p2a: Skarmory","|-supereffective|p2a: Skarmory","|-damage|p2a: Skarmory|67/333","|","|turn|10","|","|move|p2a: Skarmory|Spikes|p1a: Slowbro","|-sidestart|p1: Void Who|Spikes","|move|p1a: Slowbro|Scald|p2a: Skarmory","|-damage|p2a: Skarmory|0 fnt","|faint|p2a: Skarmory","|","|","|switch|p2a: Ferrothorn|Ferrothorn, F|351/351","|turn|11","|","|move|p1a: Slowbro|Flamethrower|p2a: Ferrothorn","|-supereffective|p2a: Ferrothorn","|-damage|p2a: Ferrothorn|87/351","|move|p2a: Ferrothorn|Leech Seed|p1a: Slowbro","|-start|p1a: Slowbro|move: Leech Seed","|","|-damage|p1a: Slowbro|295/393|[from] Leech Seed|[of] p2a: Ferrothorn","|-heal|p2a: Ferrothorn|136/351|[silent]","|turn|12","|","|switch|p1a: Mew|Mew|354/404","|-damage|p1a: Mew|304/404|[from] Stealth Rock","|-damage|p1a: Mew|203/404|[from] Spikes","|switch|p2a: Klefki|Klefki, F|317/317","|","|-heal|p1a: Mew|228/404|[from] item: Leftovers","|turn|13","|","|move|p2a: Klefki|Thunder Wave|p1a: Mew","|-status|p1a: Mew|par","|-status|p2a: Klefki|par","|move|p1a: Mew|Defog|p2a: Klefki","|-unboost|p2a: Klefki|evasion|1","|-sideend|p1: Void Who|Spikes|[from] move: Defog|[of] p1a: Mew","|-sideend|p1: Void Who|Stealth Rock|[from] move: Defog|[of] p1a: Mew","|","|-heal|p1a: Mew|253/404 par|[from] item: Leftovers","|turn|14","|","|cant|p2a: Klefki|par","|move|p1a: Mew|Stealth Rock|p2a: Klefki","|-sidestart|p2: Professor♅ Gotenks|move: Stealth Rock","|","|-heal|p1a: Mew|278/404 par|[from] item: Leftovers","|turn|15","|","|move|p2a: Klefki|Light Screen|p2a: Klefki","|-sidestart|p2: Professor♅ Gotenks|move: Light Screen","|cant|p1a: Mew|par","|","|-heal|p1a: Mew|303/404 par|[from] item: Leftovers","|turn|16","|","|move|p2a: Klefki|Reflect|p2a: Klefki","|-sidestart|p2: Professor♅ Gotenks|Reflect","|move|p1a: Mew|Knock Off|p2a: Klefki","|-resisted|p2a: Klefki","|-damage|p2a: Klefki|299/317 par","|-enditem|p2a: Klefki|Light Clay|[from] move: Knock Off|[of] p1a: Mew","|","|-heal|p1a: Mew|328/404 par|[from] item: Leftovers","|turn|17","|","|switch|p2a: Excadrill|Excadrill, F|361/361","|-damage|p2a: Excadrill|350/361|[from] Stealth Rock","|-ability|p2a: Excadrill|Mold Breaker","|move|p1a: Mew|Defog|p2a: Excadrill","|-unboost|p2a: Excadrill|evasion|1","|-sideend|p2: Professor♅ Gotenks|Reflect","|-sideend|p2: Professor♅ Gotenks|move: Light Screen","|-sideend|p2: Professor♅ Gotenks|Stealth Rock|[from] move: Defog|[of] p2a: Excadrill","|","|-heal|p1a: Mew|353/404 par|[from] item: Leftovers","|turn|18","|","|move|p2a: Excadrill|Earthquake|p1a: Mew","|-crit|p1a: Mew","|-damage|p1a: Mew|61/404 par","|move|p1a: Mew|Stealth Rock|p2a: Excadrill","|-sidestart|p2: Professor♅ Gotenks|move: Stealth Rock","|","|-heal|p1a: Mew|86/404 par|[from] item: Leftovers","|turn|19","|","|switch|p1a: Slowbro|Slowbro, F|393/393","|move|p2a: Excadrill|Earthquake|p1a: Slowbro","|-damage|p1a: Slowbro|263/393","|","|turn|20","|","|switch|p2a: Klefki|Klefki, F|299/317 par","|-damage|p2a: Klefki|280/317 par|[from] Stealth Rock","|move|p1a: Slowbro|Calm Mind|p1a: Slowbro","|-boost|p1a: Slowbro|spa|1","|-boost|p1a: Slowbro|spd|1","|","|turn|21","|","|move|p2a: Klefki|Light Screen|p2a: Klefki","|-sidestart|p2: Professor♅ Gotenks|move: Light Screen","|move|p1a: Slowbro|Calm Mind|p1a: Slowbro","|-boost|p1a: Slowbro|spa|1","|-boost|p1a: Slowbro|spd|1","|","|turn|22","|","|cant|p2a: Klefki|par","|move|p1a: Slowbro|Calm Mind|p1a: Slowbro","|-boost|p1a: Slowbro|spa|1","|-boost|p1a: Slowbro|spd|1","|","|turn|23","|","|cant|p2a: Klefki|par","|move|p1a: Slowbro|Flamethrower|p2a: Klefki","|-supereffective|p2a: Klefki","|-damage|p2a: Klefki|94/317 par","|","|turn|24","|","|move|p2a: Klefki|Thunder Wave|p1a: Slowbro","|-status|p1a: Slowbro|par","|move|p1a: Slowbro|Flamethrower|p2a: Klefki","|-supereffective|p2a: Klefki","|-damage|p2a: Klefki|0 fnt","|faint|p2a: Klefki","|","|","|switch|p2a: Ferrothorn|Ferrothorn, F|136/351","|-damage|p2a: Ferrothorn|115/351|[from] Stealth Rock","|turn|25","|","|move|p2a: Ferrothorn|Leech Seed|p1a: Slowbro","|-start|p1a: Slowbro|move: Leech Seed","|move|p1a: Slowbro|Flamethrower|p2a: Ferrothorn","|-supereffective|p2a: Ferrothorn","|-damage|p2a: Ferrothorn|0 fnt","|faint|p2a: Ferrothorn","|","|-sideend|p2: Professor♅ Gotenks|move: Light Screen","|","|switch|p2a: Scizor|Scizor, F, shiny|325/325","|-damage|p2a: Scizor|285/325|[from] Stealth Rock","|turn|26","|","|detailschange|p2a: Scizor|Scizor-Mega, F, shiny","|-mega|p2a: Scizor|Scizor|Scizorite","|move|p2a: Scizor|Bug Bite|p1a: Slowbro","|-supereffective|p1a: Slowbro","|-damage|p1a: Slowbro|27/393 par","|-damage|p2a: Scizor|231/325|[from] item: Rocky Helmet|[of] p1a: Slowbro","|move|p1a: Slowbro|Flamethrower|p2a: Scizor","|-supereffective|p2a: Scizor","|-damage|p2a: Scizor|0 fnt","|faint|p2a: Scizor","|","|","|switch|p2a: Heatran|Heatran, F|385/385","|-damage|p2a: Heatran|337/385|[from] Stealth Rock","|-item|p2a: Heatran|Air Balloon","|turn|27","|","|switch|p1a: Gallade|Gallade, M|339/339","|move|p2a: Heatran|Ancient Power|p1a: Gallade","|-resisted|p1a: Gallade","|-damage|p1a: Gallade|306/339","|","|turn|28","|","|detailschange|p1a: Gallade|Gallade-Mega, M","|-mega|p1a: Gallade|Gallade|Galladite","|move|p1a: Gallade|Drain Punch|p2a: Heatran","|-supereffective|p2a: Heatran","|-damage|p2a: Heatran|17/385","|-heal|p1a: Gallade|339/339|[from] drain|[of] p2a: Heatran","|-enditem|p2a: Heatran|Air Balloon","|move|p2a: Heatran|Lava Plume|p1a: Gallade","|-damage|p1a: Gallade|198/339","|","|turn|29","|","|move|p1a: Gallade|Drain Punch|p2a: Heatran","|-supereffective|p2a: Heatran","|-damage|p2a: Heatran|0 fnt","|-heal|p1a: Gallade|207/339|[from] drain|[of] p2a: Heatran","|faint|p2a: Heatran","|","|","|switch|p2a: Excadrill|Excadrill, F|350/361","|-damage|p2a: Excadrill|339/361|[from] Stealth Rock","|-ability|p2a: Excadrill|Mold Breaker","|turn|30","|","|move|p2a: Excadrill|Earthquake|p1a: Gallade","|-crit|p1a: Gallade","|-damage|p1a: Gallade|0 fnt","|faint|p1a: Gallade","|","|","|switch|p1a: Hoopa-Unbound|Hoopa-Unbound|301/301","|turn|31","|","|move|p2a: Excadrill|Earthquake|p1a: Hoopa-Unbound","|-damage|p1a: Hoopa-Unbound|0 fnt","|faint|p1a: Hoopa-Unbound","|","|","|switch|p1a: Slowbro|Slowbro, F|158/393 par","|turn|32","|","|move|p2a: Excadrill|Earthquake|p1a: Slowbro","|-damage|p1a: Slowbro|25/393 par","|move|p1a: Slowbro|Slack Off|p1a: Slowbro","|-heal|p1a: Slowbro|222/393 par","|","|turn|33","|","|move|p2a: Excadrill|Earthquake|p1a: Slowbro","|-damage|p1a: Slowbro|101/393 par","|move|p1a: Slowbro|Calm Mind|p1a: Slowbro","|-boost|p1a: Slowbro|spa|1","|-boost|p1a: Slowbro|spd|1","|","|turn|34","|","|switch|p1a: Mew|Mew|86/404 par","|move|p2a: Excadrill|Earthquake|p1a: Mew","|-damage|p1a: Mew|0 fnt","|faint|p1a: Mew","|","|","|switch|p1a: Slowbro|Slowbro, F|232/393 par","|turn|35","|","|move|p2a: Excadrill|Earthquake|p1a: Slowbro","|-damage|p1a: Slowbro|106/393 par","|move|p1a: Slowbro|Scald|p2a: Excadrill","|-supereffective|p2a: Excadrill","|-damage|p2a: Excadrill|63/361","|","|turn|36","|","|switch|p1a: Meloetta|Meloetta|403/403","|move|p2a: Excadrill|Earthquake|p1a: Meloetta","|-damage|p1a: Meloetta|192/403","|","|turn|37","|","|move|p2a: Excadrill|Earthquake|p1a: Meloetta","|-damage|p1a: Meloetta|0 fnt","|faint|p1a: Meloetta","|","|","|switch|p1a: Slowbro|Slowbro, F|237/393 par","|turn|38","|","|move|p2a: Excadrill|Earthquake|p1a: Slowbro","|-damage|p1a: Slowbro|117/393 par","|move|p1a: Slowbro|Scald|p2a: Excadrill","|-supereffective|p2a: Excadrill","|-damage|p2a: Excadrill|0 fnt","|faint|p2a: Excadrill","|","|win|Void Who"],"p1rating":{"entryid":"114352","serverid":"eos","formatid":"monotype","userid":"voidwho","username":"Void Who","w":13,"l":"7","t":"0","gxe":59.8,"r":"1497.3189220233","rd":"92.310157241326","sigma":"0","rptime":"1440320400","rpr":1576.4423457166,"rprd":69.928568658231,"rpsigma":"0","acre":1184.7557839864,"lacre":1184.7557839864,"oldacre":"1170.76302381"},"p2rating":{"entryid":"1465","serverid":"eos","formatid":"monotype","userid":"professorgotenks","username":"Professor♅ Gotenks","w":"4","l":8,"t":"0","gxe":38.8,"r":"1427.8700351525","rd":"85.947951723984","sigma":"0","rptime":"1440320400","rpr":1412.1849775893,"rprd":83.704013530601,"rpsigma":"0","acre":1000.4198792551,"lacre":1000.4198792551,"oldacre":"1006.5684475975"},"endType":"normal"}