{"seed":[56303,57928,62106,57713],"turns":20,"p1":"DOBBY IS DANK","p2":"Doctor Jhawk","p1team":[{"name":"Gallade","species":"Gallade","item":"galladite","ability":"Steadfast","moves":["drainpunch","icepunch","swordsdance","shadowsneak"],"nature":"Jolly","evs":{"hp":252,"atk":0,"def":0,"spa":0,"spd":4,"spe":252},"ivs":{"hp":31,"atk":31,"def":31,"spa":31,"spd":31,"spe":31}},{"name":"Scrafty","species":"Scrafty","item":"leftovers","ability":"Shed Skin","moves":["drainpunch","rest","bulkup","crunch"],"nature":"Sassy","evs":{"hp":252,"atk":0,"def":0,"spa":0,"spd":244,"spe":0},"ivs":{"hp":31,"atk":31,"def":31,"spa":31,"spd":31,"spe":31}},{"name":"Heracross","species":"Heracross","item":"choicescarf","ability":"Moxie","moves":["closecombat","knockoff","megahorn","rockslide"],"nature":"Jolly","evs":{"hp":4,"atk":252,"def":0,"spa":0,"spd":0,"spe":252},"ivs":{"hp":31,"atk":31,"def":31,"spa":31,"spd":31,"spe":31}},{"name":"Cobalion","species":"Cobalion","item":"leftovers","ability":"Justified","moves":["ironhead","thunderwave","reflect","stealthrock"],"nature":"Careful","evs":{"hp":148,"atk":0,"def":108,"spa":0,"spd":0,"spe":252},"ivs":{"hp":31,"atk":31,"def":31,"spa":31,"spd":31,"spe":31}},{"name":"Keldeo","species":"Keldeo","item":"leftovers","ability":"Justified","moves":["scald","secretsword","icywind","calmmind"],"nature":"Modest","evs":{"hp":44,"atk":0,"def":0,"spa":212,"spd":0,"spe":252},"ivs":{"hp":31,"atk":31,"def":31,"spa":31,"spd":31,"spe":31}},{"name":"Hitmonlee","species":"Hitmonlee","item":"normalgem","ability":"Unburden","moves":["fakeout","bulletpunch","blazekick","jumpkick"],"nature":"Adamant","evs":{"hp":252,"atk":184,"def":0,"spa":0,"spd":0,"spe":72},"ivs":{"hp":31,"atk":31,"def":31,"spa":31,"spd":31,"spe":31}}],"p2team":[{"name":"Jumpluff","species":"Jumpluff","item":"focussash","ability":"Infiltrator","moves":["sleeppowder","encore","leechseed","bounce"],"nature":"Jolly","evs":{"hp":248,"atk":8,"def":0,"spa":0,"spd":0,"spe":252},"ivs":{"hp":31,"atk":31,"def":31,"spa":31,"spd":31,"spe":31}},{"name":"Ferrothorn","species":"Ferrothorn","item":"rockyhelmet","ability":"Iron Barbs","moves":["gyroball","stealthrock","explosion","leechseed"],"nature":"Careful","evs":{"hp":180,"atk":0,"def":252,"spa":0,"spd":76,"spe":0},"ivs":{"hp":31,"atk":31,"def":31,"spa":31,"spd":31,"spe":0}},{"name":"Sceptile","species":"Sceptile","item":"sceptilite","ability":"Overgrow","moves":["swordsdance","earthquake","leafblade","drainpunch"],"nature":"Jolly","evs":{"hp":0,"atk":252,"def":0,"spa":0,"spd":4,"spe":252},"ivs":{"hp":31,"atk":31,"def":31,"spa":31,"spd":31,"spe":31}},{"name":"Shaymin","species":"Shaymin","item":"lifeorb","ability":"Natural Cure","moves":["rest","seedflare","earthpower","dazzlinggleam"],"nature":"Timid","evs":{"hp":0,"atk":0,"def":0,"spa":252,"spd":4,"spe":252},"ivs":{"hp":31,"atk":31,"def":31,"spa":31,"spd":31,"spe":31}},{"name":"Rotom-Mow","species":"Rotom-Mow","item":"choicescarf","ability":"Levitate","moves":["leafstorm","voltswitch","thunderbolt","foulplay"],"nature":"Timid","evs":{"hp":0,"atk":0,"def":0,"spa":252,"spd":4,"spe":252},"ivs":{"hp":31,"atk":31,"def":31,"spa":31,"spd":31,"spe":31}},{"name":"Trevenant","species":"Trevenant","item":"sitrusberry","ability":"Harvest","moves":["substitute","willowisp","hornleech","shadowclaw"],"nature":"Careful","evs":{"hp":4,"atk":252,"def":0,"spa":0,"spd":252,"spe":0},"ivs":{"hp":31,"atk":31,"def":31,"spa":31,"spd":31,"spe":31}}],"log":["|player|p1|DOBBY IS DANK|2","|player|p2|Doctor Jhawk|266","|gametype|singles","|gen|6","|tier|Monotype","|rated","|rule|Baton Pass Clause: Limit one Baton Passer, can't pass Spe and other stats simultaneously","|rule|Swagger Clause: Swagger is banned","|rule|Same Type Clause: Pokémon in a team must share a type","|clearpoke","|poke|p1|Gallade, M","|poke|p1|Scrafty, M","|poke|p1|Heracross, M","|poke|p1|Cobalion","|poke|p1|Keldeo","|poke|p1|Hitmonlee, M","|poke|p2|Jumpluff, M","|poke|p2|Ferrothorn, M","|poke|p2|Sceptile, F","|poke|p2|Shaymin","|poke|p2|Rotom-Mow","|poke|p2|Trevenant, F","|rule|Sleep Clause Mod: Limit one foe put to sleep","|rule|Species Clause: Limit one of each Pokémon","|rule|OHKO Clause: OHKO moves are banned","|rule|Moody Clause: Moody is banned","|rule|Evasion Moves Clause: Evasion moves are banned","|rule|Endless Battle Clause: Forcing endless battles is banned","|rule|HP Percentage Mod: HP is shown in percentages","|teampreview","|","|start","|switch|p1a: Scrafty|Scrafty, M|334/334","|switch|p2a: Rotom-Mow|Rotom-Mow|241/241","|turn|1","|","|move|p2a: Rotom-Mow|Volt Switch|p1a: Scrafty","|-damage|p1a: Scrafty|267/334","|","|switch|p2a: Sceptile|Sceptile, F|281/281","|move|p1a: Scrafty|Bulk Up|p1a: Scrafty","|-boost|p1a: Scrafty|atk|1","|-boost|p1a: Scrafty|def|1","|","|-heal|p1a: Scrafty|287/334|[from] item: Leftovers","|turn|2","|","|move|p2a: Sceptile|Swords Dance|p2a: Sceptile","|-boost|p2a: Sceptile|atk|2","|move|p1a: Scrafty|Drain Punch|p2a: Sceptile","|-damage|p2a: Sceptile|95/281","|-heal|p1a: Scrafty|334/334|[from] drain|[of] p2a: Sceptile","|","|turn|3","|","|detailschange|p2a: Sceptile|Sceptile-Mega, F","|-mega|p2a: Sceptile|Sceptile|Sceptilite","|move|p2a: Sceptile|Drain Punch|p1a: Scrafty","|-supereffective|p1a: Scrafty","|-damage|p1a: Scrafty|154/334","|-heal|p2a: Sceptile|185/281|[from] drain|[of] p1a: Scrafty","|move|p1a: Scrafty|Drain Punch|p2a: Sceptile","|-damage|p2a: Sceptile|38/281","|-heal|p1a: Scrafty|228/334|[from] drain|[of] p2a: Sceptile","|","|-heal|p1a: Scrafty|248/334|[from] item: Leftovers","|turn|4","|","|move|p2a: Sceptile|Drain Punch|p1a: Scrafty","|-supereffective|p1a: Scrafty","|-damage|p1a: Scrafty|50/334","|-heal|p2a: Sceptile|137/281|[from] drain|[of] p1a: Scrafty","|move|p1a: Scrafty|Drain Punch|p2a: Sceptile","|-damage|p2a: Sceptile|0 fnt","|-heal|p1a: Scrafty|119/334|[from] drain|[of] p2a: Sceptile","|faint|p2a: Sceptile","|","|-heal|p1a: Scrafty|139/334|[from] item: Leftovers","|","|switch|p2a: Shaymin|Shaymin|341/341","|turn|5","|","|move|p2a: Shaymin|Dazzling Gleam|p1a: Scrafty","|-supereffective|p1a: Scrafty","|-damage|p1a: Scrafty|0 fnt","|-damage|p2a: Shaymin|307/341|[from] item: Life Orb","|faint|p1a: Scrafty","|","|","|switch|p1a: Heracross|Heracross, M|302/302","|turn|6","|","|switch|p2a: Ferrothorn|Ferrothorn, M|334/334","|move|p1a: Heracross|Megahorn|p2a: Ferrothorn","|-crit|p2a: Ferrothorn","|-damage|p2a: Ferrothorn|117/334","|-damage|p1a: Heracross|265/302|[from] ability: Iron Barbs|[of] p2a: Ferrothorn","|-damage|p1a: Heracross|215/302|[from] item: Rocky Helmet|[of] p2a: Ferrothorn","|","|turn|7","|","|move|p1a: Heracross|Megahorn|p2a: Ferrothorn","|-damage|p2a: Ferrothorn|0 fnt","|-damage|p1a: Heracross|178/302|[from] ability: Iron Barbs|[of] p2a: Ferrothorn","|-damage|p1a: Heracross|128/302|[from] item: Rocky Helmet|[of] p2a: Ferrothorn","|faint|p2a: Ferrothorn","|-boost|p1a: Heracross|atk|1|[from] ability: Moxie","|","|","|switch|p2a: Rotom-Mow|Rotom-Mow|241/241","|turn|8","|","|move|p2a: Rotom-Mow|Thunderbolt|p1a: Heracross","|-damage|p1a: Heracross|0 fnt","|faint|p1a: Heracross","|","|","|switch|p1a: Hitmonlee|Hitmonlee, M|304/304","|turn|9","|","|switch|p2a: Trevenant|Trevenant, F|312/312","|move|p1a: Hitmonlee|Fake Out|p2a: Trevenant","|-immune|p2a: Trevenant|[msg]","|","|turn|10","|","|move|p1a: Hitmonlee|Blaze Kick|p2a: Trevenant","|-supereffective|p2a: Trevenant","|-damage|p2a: Trevenant|76/312","|-status|p2a: Trevenant|brn","|-enditem|p2a: Trevenant|Sitrus Berry|[eat]","|-heal|p2a: Trevenant|154/312 brn|[from] item: Sitrus Berry","|move|p2a: Trevenant|Horn Leech|p1a: Hitmonlee","|-damage|p1a: Hitmonlee|197/304","|-heal|p2a: Trevenant|208/312 brn|[from] drain|[of] p1a: Hitmonlee","|","|-damage|p2a: Trevenant|169/312 brn|[from] brn","|-item|p2a: Trevenant|Sitrus Berry|[from] ability: Harvest","|turn|11","|","|move|p1a: Hitmonlee|Blaze Kick|p2a: Trevenant","|-crit|p2a: Trevenant","|-supereffective|p2a: Trevenant","|-damage|p2a: Trevenant|0 fnt","|faint|p2a: Trevenant","|","|","|switch|p2a: Jumpluff|Jumpluff, M|353/353","|turn|12","|","|switch|p1a: Cobalion|Cobalion|360/360","|move|p2a: Jumpluff|Sleep Powder|p1a: Cobalion","|-status|p1a: Cobalion|slp","|","|turn|13","|","|switch|p1a: Hitmonlee|Hitmonlee, M|197/304","|move|p2a: Jumpluff|Leech Seed|p1a: Hitmonlee","|-start|p1a: Hitmonlee|move: Leech Seed","|","|-damage|p1a: Hitmonlee|159/304|[from] Leech Seed|[of] p2a: Jumpluff","|turn|14","|","|move|p1a: Hitmonlee|Fake Out|p2a: Jumpluff","|-enditem|p1a: Hitmonlee|Normal Gem|[from] gem|[move] Fake Out","|-damage|p2a: Jumpluff|272/353","|cant|p2a: Jumpluff|flinch","|","|-damage|p1a: Hitmonlee|121/304|[from] Leech Seed|[of] p2a: Jumpluff","|-heal|p2a: Jumpluff|310/353|[silent]","|turn|15","|","|move|p1a: Hitmonlee|Blaze Kick|p2a: Jumpluff","|-supereffective|p2a: Jumpluff","|-damage|p2a: Jumpluff|48/353","|move|p2a: Jumpluff|Encore|p1a: Hitmonlee","|-start|p1a: Hitmonlee|Encore","|","|-damage|p1a: Hitmonlee|83/304|[from] Leech Seed|[of] p2a: Jumpluff","|-heal|p2a: Jumpluff|86/353|[silent]","|turn|16","|","|switch|p2a: Rotom-Mow|Rotom-Mow|241/241","|move|p1a: Hitmonlee|Blaze Kick|p2a: Rotom-Mow","|-supereffective|p2a: Rotom-Mow","|-damage|p2a: Rotom-Mow|39/241","|","|-damage|p1a: Hitmonlee|45/304|[from] Leech Seed|[of] p2a: Rotom-Mow","|-heal|p2a: Rotom-Mow|77/241|[silent]","|turn|17","|","|move|p1a: Hitmonlee|Blaze Kick|p2a: Rotom-Mow","|-crit|p2a: Rotom-Mow","|-supereffective|p2a: Rotom-Mow","|-damage|p2a: Rotom-Mow|0 fnt","|faint|p2a: Rotom-Mow","|","|","|switch|p2a: Shaymin|Shaymin|307/341","|turn|18","|","|move|p1a: Hitmonlee|Blaze Kick|p2a: Shaymin","|-supereffective|p2a: Shaymin","|-damage|p2a: Shaymin|105/341","|move|p2a: Shaymin|Dazzling Gleam|p1a: Hitmonlee","|-supereffective|p1a: Hitmonlee","|-damage|p1a: Hitmonlee|0 fnt","|-damage|p2a: Shaymin|71/341|[from] item: Life Orb","|faint|p1a: Hitmonlee","|","|","|switch|p1a: Gallade|Gallade, M|340/340","|turn|19","|","|detailschange|p1a: Gallade|Gallade-Mega, M","|-mega|p1a: Gallade|Gallade|Galladite","|move|p1a: Gallade|Shadow Sneak|p2a: Shaymin","|-damage|p2a: Shaymin|24/341","|move|p2a: Shaymin|Seed Flare|p1a: Gallade","|-damage|p1a: Gallade|153/340","|-damage|p2a: Shaymin|0 fnt|[from] item: Life Orb","|faint|p2a: Shaymin","|","|","|switch|p2a: Jumpluff|Jumpluff, M|86/353","|turn|20","|","|move|p1a: Gallade|Ice Punch|p2a: Jumpluff","|-supereffective|p2a: Jumpluff","|-damage|p2a: Jumpluff|0 fnt","|faint|p2a: Jumpluff","|","|win|DOBBY IS DANK"],"p1rating":{"entryid":"81776","serverid":"eos","formatid":"monotype","userid":"dobbyisdank","username":"DOBBY IS DANK","w":10,"l":"16","t":"0","gxe":38.4,"r":"1435.0179633435","rd":"88.822113487697","sigma":"0","rptime":"1440320400","rpr":1409.6255698324,"rprd":64.422601269667,"rpsigma":"0","acre":1143.9463145085,"lacre":1143.9463145085,"oldacre":"1127.7453483429"},"p2rating":{"entryid":376997,"formatid":"monotype","userid":"doctorjhawk","username":"Doctor Jhawk","r":1500,"rd":130,"sigma":0,"rpr":1450.9982086215,"rprd":122.53342613888,"rpsigma":0,"rptime":1440320400,"w":0,"l":1,"t":0,"gxe":43.9,"acre":1000,"lacre":1000,"oldacre":1000},"endType":"normal"}