{"seed":[50593,52775,9441,39356],"turns":34,"p1":"Crystal Umaan","p2":"GTX♅Bzumzum","p1team":[{"name":"Wobs","species":"hydreigon","item":"lifeorb","ability":"Levitate","moves":["dragonpulse","darkpulse","superpower","flashcannon"],"nature":"Hasty","evs":{"hp":0,"atk":4,"def":0,"spa":252,"spd":0,"spe":252},"gender":"F","ivs":{"hp":31,"atk":31,"def":31,"spa":31,"spd":31,"spe":31}},{"name":"Maj","species":"dragonite","item":"lumberry","ability":"Multiscale","moves":["outrage","extremespeed","ironhead","dragondance"],"nature":"Adamant","evs":{"hp":0,"atk":252,"def":0,"spa":0,"spd":4,"spe":252},"gender":"F","ivs":{"hp":31,"atk":31,"def":31,"spa":31,"spd":31,"spe":31}},{"name":"Nom","species":"garchomp","item":"focussash","ability":"Rough Skin","moves":["dragonclaw","earthquake","ironhead","stealthrock"],"nature":"Jolly","evs":{"hp":0,"atk":252,"def":0,"spa":0,"spd":4,"spe":252},"gender":"F","ivs":{"hp":31,"atk":31,"def":31,"spa":31,"spd":31,"spe":31}},{"name":"Danson","species":"goodra","item":"assaultvest","ability":"Gooey","moves":["dragonpulse","flamethrower","thunderbolt","sludgewave"],"nature":"Modest","evs":{"hp":248,"atk":0,"def":0,"spa":252,"spd":8,"spe":0},"gender":"M","ivs":{"hp":31,"atk":31,"def":31,"spa":31,"spd":31,"spe":31}},{"name":"Mickey","species":"noivern","item":"lifeorb","ability":"Infiltrator","moves":["focusblast","dragonpulse","hurricane","flamethrower"],"nature":"Timid","evs":{"hp":0,"atk":0,"def":0,"spa":252,"spd":4,"spe":252},"gender":"M","shiny":true,"ivs":{"hp":31,"atk":31,"def":31,"spa":31,"spd":31,"spe":31}},{"name":"Haxing N00b","species":"haxorus","item":"focussash","ability":"Mold Breaker","moves":["dragondance","dragonclaw","earthquake","poisonjab"],"nature":"Adamant","evs":{"hp":0,"atk":252,"def":0,"spa":0,"spd":36,"spe":220},"shiny":true,"ivs":{"hp":31,"atk":31,"def":31,"spa":31,"spd":31,"spe":31}}],"p2team":[{"name":"Thorns","species":"ferrothorn","item":"leftovers","ability":"Iron Barbs","moves":["stealthrock","gyroball","leechseed","protect"],"nature":"Jolly","evs":{"hp":128,"atk":100,"def":116,"spa":0,"spd":120,"spe":44},"gender":"M","ivs":{"hp":31,"atk":31,"def":31,"spa":31,"spd":31,"spe":0}},{"name":"Brawloom","species":"breloom","item":"focussash","ability":"Technician","moves":["bulletseed","forcepalm","machpunch","spore"],"nature":"Jolly","evs":{"hp":4,"atk":252,"def":0,"spa":0,"spd":0,"spe":252},"gender":"M","shiny":true,"ivs":{"hp":31,"atk":31,"def":31,"spa":31,"spd":31,"spe":31}},{"name":"Celebrity","species":"celebi","item":"leftovers","ability":"Natural Cure","moves":["waterpulse","calmmind","gigadrain","healbell"],"nature":"Calm","evs":{"hp":220,"atk":0,"def":0,"spa":252,"spd":0,"spe":36},"ivs":{"hp":31,"atk":31,"def":31,"spa":31,"spd":31,"spe":31}},{"name":"Ludicool","species":"ludicolo","item":"leftovers","ability":"Rain Dish","moves":["icebeam","scald","gigadrain","raindance"],"nature":"Modest","evs":{"hp":200,"atk":0,"def":0,"spa":184,"spd":4,"spe":120},"gender":"M","shiny":true,"ivs":{"hp":31,"atk":31,"def":31,"spa":31,"spd":31,"spe":31}},{"name":"Great-ily","species":"cradily","item":"leftovers","ability":"Storm Drain","moves":["ancientpower","sludgewave","recover","toxic"],"nature":"Calm","evs":{"hp":232,"atk":24,"def":0,"spa":0,"spd":252,"spe":0},"gender":"M","shiny":true,"ivs":{"hp":31,"atk":31,"def":31,"spa":31,"spd":31,"spe":31}},{"name":"Plantasaurus","species":"venusaur","item":"venusaurite","ability":"Chlorophyll","moves":["gigadrain","hiddenpowerrock","sludgebomb","synthesis"],"nature":"Modest","evs":{"hp":0,"atk":0,"def":68,"spa":188,"spd":0,"spe":252},"gender":"M","ivs":{"hp":31,"atk":31,"def":30,"spa":31,"spd":30,"spe":30},"shiny":true}],"log":["|player|p1|Crystal Umaan|105","|player|p2|GTX♅Bzumzum|225","|gametype|singles","|gen|6","|tier|Monotype","|rated","|rule|Baton Pass Clause: Limit one Baton Passer, can't pass Spe and other stats simultaneously","|rule|Swagger Clause: Swagger is banned","|rule|Same Type Clause: Pokémon in a team must share a type","|clearpoke","|poke|p1|Hydreigon, F","|poke|p1|Dragonite, F","|poke|p1|Garchomp, F","|poke|p1|Goodra, M","|poke|p1|Noivern, M, shiny","|poke|p1|Haxorus, M, shiny","|poke|p2|Ferrothorn, M","|poke|p2|Breloom, M, shiny","|poke|p2|Celebi","|poke|p2|Ludicolo, M, shiny","|poke|p2|Cradily, M, shiny","|poke|p2|Venusaur, M, shiny","|rule|Sleep Clause Mod: Limit one foe put to sleep","|rule|Species Clause: Limit one of each Pokémon","|rule|OHKO Clause: OHKO moves are banned","|rule|Moody Clause: Moody is banned","|rule|Evasion Moves Clause: Evasion moves are banned","|rule|Endless Battle Clause: Forcing endless battles is banned","|rule|HP Percentage Mod: HP is shown in percentages","|teampreview","|","|start","|switch|p1a: Haxing N00b|Haxorus, M, shiny|293/293","|switch|p2a: Thorns|Ferrothorn, M|321/321","|-ability|p1a: Haxing N00b|Mold Breaker","|turn|1","|","|switch|p1a: Danson|Goodra, M|383/383","|move|p2a: Thorns|Stealth Rock|p1a: Danson","|-sidestart|p1: Crystal Umaan|move: Stealth Rock","|","|turn|2","|","|move|p1a: Danson|Flamethrower|p2a: Thorns","|-supereffective|p2a: Thorns","|-damage|p2a: Thorns|9/321","|move|p2a: Thorns|Gyro Ball|p1a: Danson","|-damage|p1a: Danson|247/383","|-unboost|p2a: Thorns|spe|1","|","|-heal|p2a: Thorns|29/321|[from] item: Leftovers","|turn|3","|","|move|p2a: Thorns|Protect|p2a: Thorns","|-singleturn|p2a: Thorns|Protect","|move|p1a: Danson|Flamethrower|p2a: Thorns","|-activate|p2a: Thorns|Protect","|","|-heal|p2a: Thorns|49/321|[from] item: Leftovers","|turn|4","|","|switch|p2a: Ludicool|Ludicolo, M, shiny|351/351","|move|p1a: Danson|Flamethrower|p2a: Ludicool","|-damage|p2a: Ludicool|250/351","|","|-heal|p2a: Ludicool|271/351|[from] item: Leftovers","|turn|5","|","|move|p2a: Ludicool|Rain Dance|p2a: Ludicool","|-weather|RainDance","|move|p1a: Danson|Sludge Wave|p2a: Ludicool","|-supereffective|p2a: Ludicool","|-damage|p2a: Ludicool|39/351","|","|-weather|RainDance|[upkeep]","|-heal|p2a: Ludicool|60/351|[from] ability: Rain Dish","|-heal|p2a: Ludicool|81/351|[from] item: Leftovers","|turn|6","|","|move|p2a: Ludicool|Giga Drain|p1a: Danson","|-resisted|p1a: Danson","|-damage|p1a: Danson|221/383","|-heal|p2a: Ludicool|94/351|[from] drain|[of] p1a: Danson","|move|p1a: Danson|Sludge Wave|p2a: Ludicool","|-supereffective|p2a: Ludicool","|-damage|p2a: Ludicool|0 fnt","|faint|p2a: Ludicool","|","|-weather|RainDance|[upkeep]","|","|switch|p2a: Celebrity|Celebi|396/396","|turn|7","|","|switch|p2a: Thorns|Ferrothorn, M|49/321","|move|p1a: Danson|Sludge Wave|p2a: Thorns","|-immune|p2a: Thorns|[msg]","|","|-weather|RainDance|[upkeep]","|-heal|p2a: Thorns|69/321|[from] item: Leftovers","|turn|8","|","|move|p2a: Thorns|Protect|p2a: Thorns","|-singleturn|p2a: Thorns|Protect","|move|p1a: Danson|Flamethrower|p2a: Thorns","|-activate|p2a: Thorns|Protect","|","|-weather|RainDance|[upkeep]","|-heal|p2a: Thorns|89/321|[from] item: Leftovers","|turn|9","|","|switch|p2a: Great-ily|Cradily, M, shiny|371/371","|move|p1a: Danson|Flamethrower|p2a: Great-ily","|-damage|p2a: Great-ily|337/371","|","|-weather|none","|-heal|p2a: Great-ily|360/371|[from] item: Leftovers","|turn|10","|","|move|p1a: Danson|Dragon Pulse|p2a: Great-ily","|-crit|p2a: Great-ily","|-damage|p2a: Great-ily|215/371","|move|p2a: Great-ily|Toxic|p1a: Danson","|-status|p1a: Danson|tox","|","|-heal|p2a: Great-ily|238/371|[from] item: Leftovers","|-damage|p1a: Danson|198/383 tox|[from] psn","|turn|11","|","|move|p1a: Danson|Dragon Pulse|p2a: Great-ily","|-damage|p2a: Great-ily|144/371","|move|p2a: Great-ily|Recover|p2a: Great-ily","|-heal|p2a: Great-ily|330/371","|","|-heal|p2a: Great-ily|353/371|[from] item: Leftovers","|-damage|p1a: Danson|152/383 tox|[from] psn","|turn|12","|","|move|p1a: Danson|Sludge Wave|p2a: Great-ily","|-damage|p2a: Great-ily|279/371","|move|p2a: Great-ily|Ancient Power|p1a: Danson","|-damage|p1a: Danson|124/383 tox","|","|-heal|p2a: Great-ily|302/371|[from] item: Leftovers","|-damage|p1a: Danson|55/383 tox|[from] psn","|turn|13","|","|move|p1a: Danson|Dragon Pulse|p2a: Great-ily","|-damage|p2a: Great-ily|194/371","|move|p2a: Great-ily|Recover|p2a: Great-ily","|-heal|p2a: Great-ily|371/371","|","|-damage|p1a: Danson|0 fnt|[from] psn","|faint|p1a: Danson","|","|switch|p1a: Mickey|Noivern, M, shiny|311/311","|-damage|p1a: Mickey|234/311|[from] Stealth Rock","|turn|14","|","|move|p1a: Mickey|Focus Blast|p2a: Great-ily","|-supereffective|p2a: Great-ily","|-damage|p2a: Great-ily|179/371","|-damage|p1a: Mickey|203/311|[from] item: Life Orb","|move|p2a: Great-ily|Ancient Power|p1a: Mickey","|-supereffective|p1a: Mickey","|-damage|p1a: Mickey|47/311","|","|-heal|p2a: Great-ily|202/371|[from] item: Leftovers","|turn|15","|","|move|p1a: Mickey|Hurricane|p2a: Great-ily","|-damage|p2a: Great-ily|62/371","|-damage|p1a: Mickey|16/311|[from] item: Life Orb","|move|p2a: Great-ily|Recover|p2a: Great-ily","|-heal|p2a: Great-ily|248/371","|","|-heal|p2a: Great-ily|271/371|[from] item: Leftovers","|turn|16","|","|move|p1a: Mickey|Focus Blast|p2a: Great-ily|[miss]","|-miss|p1a: Mickey|p2a: Great-ily","|move|p2a: Great-ily|Ancient Power|p1a: Mickey","|-supereffective|p1a: Mickey","|-damage|p1a: Mickey|0 fnt","|faint|p1a: Mickey","|","|-heal|p2a: Great-ily|294/371|[from] item: Leftovers","|","|switch|p1a: Maj|Dragonite, F|323/323","|-damage|p1a: Maj|243/323|[from] Stealth Rock","|turn|17","|","|move|p1a: Maj|Dragon Dance|p1a: Maj","|-boost|p1a: Maj|atk|1","|-boost|p1a: Maj|spe|1","|move|p2a: Great-ily|Sludge Wave|p1a: Maj","|-damage|p1a: Maj|178/323","|","|-heal|p2a: Great-ily|317/371|[from] item: Leftovers","|turn|18","|","|move|p1a: Maj|Dragon Dance|p1a: Maj","|-boost|p1a: Maj|atk|1","|-boost|p1a: Maj|spe|1","|move|p2a: Great-ily|Ancient Power|p1a: Maj","|-supereffective|p1a: Maj","|-damage|p1a: Maj|50/323","|","|-heal|p2a: Great-ily|340/371|[from] item: Leftovers","|turn|19","|","|move|p1a: Maj|Outrage|p2a: Great-ily","|-damage|p2a: Great-ily|0 fnt","|faint|p2a: Great-ily","|","|","|switch|p2a: Brawloom|Breloom, M, shiny|262/262","|turn|20","|","|move|p2a: Brawloom|Mach Punch|p1a: Maj","|-resisted|p1a: Maj","|-damage|p1a: Maj|0 fnt","|faint|p1a: Maj","|","|","|switch|p1a: Haxing N00b|Haxorus, M, shiny|293/293","|-damage|p1a: Haxing N00b|257/293|[from] Stealth Rock","|-ability|p1a: Haxing N00b|Mold Breaker","|turn|21","|","|switch|p2a: Plantasaurus|Venusaur, M, shiny|301/301","|move|p1a: Haxing N00b|Poison Jab|p2a: Plantasaurus","|-damage|p2a: Plantasaurus|168/301","|","|turn|22","|","|detailschange|p2a: Plantasaurus|Venusaur-Mega, M, shiny","|-mega|p2a: Plantasaurus|Venusaur|Venusaurite","|move|p1a: Haxing N00b|Dragon Claw|p2a: Plantasaurus","|-damage|p2a: Plantasaurus|27/301","|move|p2a: Plantasaurus|Giga Drain|p1a: Haxing N00b","|-resisted|p1a: Haxing N00b","|-damage|p1a: Haxing N00b|167/293","|-heal|p2a: Plantasaurus|72/301|[from] drain|[of] p1a: Haxing N00b","|","|turn|23","|","|switch|p2a: Thorns|Ferrothorn, M|89/321","|move|p1a: Haxing N00b|Dragon Claw|p2a: Thorns","|-resisted|p2a: Thorns","|-damage|p2a: Thorns|23/321","|-damage|p1a: Haxing N00b|131/293|[from] ability: Iron Barbs|[of] p2a: Thorns","|","|-heal|p2a: Thorns|43/321|[from] item: Leftovers","|turn|24","|","|move|p2a: Thorns|Protect|p2a: Thorns","|-singleturn|p2a: Thorns|Protect","|move|p1a: Haxing N00b|Dragon Claw|p2a: Thorns","|-activate|p2a: Thorns|Protect","|","|-heal|p2a: Thorns|63/321|[from] item: Leftovers","|turn|25","|","|move|p2a: Thorns|Protect|p2a: Thorns","|-fail|p2a: Thorns","|move|p1a: Haxing N00b|Dragon Claw|p2a: Thorns","|-resisted|p2a: Thorns","|-damage|p2a: Thorns|4/321","|-damage|p1a: Haxing N00b|95/293|[from] ability: Iron Barbs|[of] p2a: Thorns","|","|-heal|p2a: Thorns|24/321|[from] item: Leftovers","|turn|26","|","|move|p2a: Thorns|Protect|p2a: Thorns","|-singleturn|p2a: Thorns|Protect","|move|p1a: Haxing N00b|Dragon Claw|p2a: Thorns","|-activate|p2a: Thorns|Protect","|","|-heal|p2a: Thorns|44/321|[from] item: Leftovers","|turn|27","|","|move|p2a: Thorns|Protect|p2a: Thorns","|-singleturn|p2a: Thorns|Protect","|move|p1a: Haxing N00b|Dragon Claw|p2a: Thorns","|-activate|p2a: Thorns|Protect","|","|-heal|p2a: Thorns|64/321|[from] item: Leftovers","|turn|28","|","|move|p1a: Haxing N00b|Dragon Claw|p2a: Thorns","|-resisted|p2a: Thorns","|-damage|p2a: Thorns|0 fnt","|-damage|p1a: Haxing N00b|59/293|[from] ability: Iron Barbs|[of] p2a: Thorns","|faint|p2a: Thorns","|","|","|switch|p2a: Brawloom|Breloom, M, shiny|262/262","|turn|29","|","|move|p2a: Brawloom|Mach Punch|p1a: Haxing N00b","|-damage|p1a: Haxing N00b|0 fnt","|faint|p1a: Haxing N00b","|","|","|switch|p1a: Nom|Garchomp, F|357/357","|-damage|p1a: Nom|335/357|[from] Stealth Rock","|turn|30","|","|move|p1a: Nom|Dragon Claw|p2a: Brawloom","|-damage|p2a: Brawloom|97/262","|move|p2a: Brawloom|Bullet Seed|p1a: Nom","|-crit|p1a: Nom","|-damage|p1a: Nom|230/357","|-damage|p1a: Nom|164/357","|-damage|p1a: Nom|92/357","|-damage|p1a: Nom|20/357","|-damage|p1a: Nom|0 fnt","|-hitcount|p1a: Nom|5","|faint|p1a: Nom","|","|","|switch|p1a: Wobs|Hydreigon, F|325/325","|-damage|p1a: Wobs|285/325|[from] Stealth Rock","|turn|31","|","|switch|p2a: Plantasaurus|Venusaur-Mega, M, shiny|72/301","|move|p1a: Wobs|Dragon Pulse|p2a: Plantasaurus","|-damage|p2a: Plantasaurus|0 fnt","|-damage|p1a: Wobs|253/325|[from] item: Life Orb","|faint|p2a: Plantasaurus","|","|","|switch|p2a: Celebrity|Celebi|396/396","|turn|32","|","|move|p1a: Wobs|Dragon Pulse|p2a: Celebrity","|-damage|p2a: Celebrity|213/396","|-damage|p1a: Wobs|221/325|[from] item: Life Orb","|move|p2a: Celebrity|Water Pulse|p1a: Wobs","|-crit|p1a: Wobs","|-resisted|p1a: Wobs","|-damage|p1a: Wobs|173/325","|","|-heal|p2a: Celebrity|237/396|[from] item: Leftovers","|turn|33","|","|move|p1a: Wobs|Dark Pulse|p2a: Celebrity","|-supereffective|p2a: Celebrity","|-damage|p2a: Celebrity|0 fnt","|-damage|p1a: Wobs|141/325|[from] item: Life Orb","|faint|p2a: Celebrity","|","|","|switch|p2a: Brawloom|Breloom, M, shiny|97/262","|turn|34","|","|move|p2a: Brawloom|Mach Punch|p1a: Wobs","|-supereffective|p1a: Wobs","|-damage|p1a: Wobs|0 fnt","|faint|p1a: Wobs","|","|win|GTX♅Bzumzum"],"p1rating":{"entryid":"3483","serverid":"eos","formatid":"monotype","userid":"crystalumaan","username":"Crystal Umaan","w":"4","l":15,"t":"0","gxe":29.3,"r":"1389.1200776934","rd":"83.991179238901","sigma":"0","rptime":"1440234000","rpr":1330.7577487374,"rprd":72.404801026133,"rpsigma":"0","acre":1016.0383008884,"lacre":1016.0383008884,"oldacre":"1031.6027664129"},"p2rating":{"entryid":"1463","serverid":"eos","formatid":"monotype","userid":"gtxbzumzum","username":"GTX♅Bzumzum","w":10,"l":"29","t":"0","gxe":28.9,"r":"1339.7443087109","rd":"62.238830549052","sigma":"0","rptime":"1440234000","rpr":1328.4003927539,"rprd":56.872883216302,"rpsigma":"0","acre":1052.4696911529,"lacre":1052.4696911529,"oldacre":"1012.1593985624"},"endType":"normal"}