{"seed":[59113,13802,37900,31636],"turns":44,"p1":"Reborn Power","p2":"GL♅Reshiram","p1team":[{"name":"lol events","species":"victini","item":"choiceband","ability":"Victory Star","moves":["vcreate","uturn","boltstrike","zenheadbutt"],"nature":"Adamant","evs":{"hp":0,"atk":252,"def":4,"spa":0,"spd":0,"spe":252},"ivs":{"hp":31,"atk":31,"def":31,"spa":31,"spd":31,"spe":31}},{"name":"Chosen","species":"arcanine","item":"lifeorb","ability":"Intimidate","moves":["closecombat","extremespeed","wildcharge","flareblitz"],"nature":"Jolly","evs":{"hp":0,"atk":252,"def":4,"spa":0,"spd":0,"spe":252},"gender":"M","ivs":{"hp":31,"atk":31,"def":31,"spa":31,"spd":31,"spe":31}},{"name":"Kyuubi","species":"ninetales","item":"leftovers","ability":"Drought","moves":["nastyplot","fireblast","energyball","darkpulse"],"nature":"Timid","evs":{"hp":0,"atk":0,"def":0,"spa":252,"spd":4,"spe":252},"gender":"M","ivs":{"hp":31,"atk":31,"def":31,"spa":31,"spd":31,"spe":31}},{"name":"Heart Starter","species":"charizard","item":"charizarditey","ability":"Blaze","moves":["fireblast","solarbeam","focusblast","roost"],"nature":"Timid","evs":{"hp":0,"atk":0,"def":0,"spa":252,"spd":4,"spe":252},"gender":"M","ivs":{"hp":31,"atk":31,"def":31,"spa":31,"spd":31,"spe":31}},{"name":"Sweep Time","species":"volcarona","item":"leftovers","ability":"Flame Body","moves":["quiverdance","fireblast","gigadrain","bugbuzz"],"nature":"Timid","evs":{"hp":4,"atk":0,"def":0,"spa":252,"spd":0,"spe":252},"gender":"M","ivs":{"hp":31,"atk":31,"def":31,"spa":31,"spd":31,"spe":31}},{"name":"Tarzan","species":"infernape","item":"lifeorb","ability":"Iron Fist","moves":["closecombat","machpunch","earthquake","fakeout"],"nature":"Adamant","evs":{"hp":0,"atk":252,"def":0,"spa":0,"spd":4,"spe":252},"ivs":{"hp":31,"atk":31,"def":31,"spa":31,"spd":31,"spe":31}}],"p2team":[{"name":"Conductor","species":"heatran","item":"assaultvest","ability":"Flash Fire","moves":["lavaplume","earthpower","dragonpulse","flashcannon"],"nature":"Mild","evs":{"hp":4,"atk":0,"def":0,"spa":252,"spd":252,"spe":0},"ivs":{"hp":31,"atk":31,"def":31,"spa":31,"spd":31,"spe":31}},{"name":"Ninetales","species":"Ninetales","item":"focussash","ability":"Drought","moves":["flamethrower","solarbeam","roar","nastyplot"],"nature":"Timid","evs":{"hp":0,"atk":0,"def":0,"spa":252,"spd":4,"spe":252},"ivs":{"hp":31,"atk":31,"def":31,"spa":31,"spd":31,"spe":31}},{"name":"Torkoal","species":"Torkoal","item":"leftovers","ability":"Shell Armor","moves":["protect","willowisp","clearsmog","rapidspin"],"nature":"Bold","evs":{"hp":252,"atk":0,"def":252,"spa":4,"spd":0,"spe":0},"ivs":{"hp":31,"atk":31,"def":31,"spa":31,"spd":31,"spe":31}},{"name":"Rotom-Heat","species":"Rotom-Heat","item":"lightclay","ability":"Levitate","moves":["voltswitch","painsplit","reflect","lightscreen"],"nature":"Timid","evs":{"hp":236,"atk":0,"def":8,"spa":4,"spd":8,"spe":252},"ivs":{"hp":31,"atk":31,"def":31,"spa":31,"spd":31,"spe":31}},{"name":"Swordsman","species":"infernape","item":"focussash","ability":"Iron Fist","moves":["firepunch","machpunch","thunderpunch","swordsdance"],"nature":"Jolly","evs":{"hp":4,"atk":252,"def":0,"spa":0,"spd":0,"spe":252},"ivs":{"hp":31,"atk":31,"def":31,"spa":31,"spd":31,"spe":31}},{"name":"Charizard","species":"Charizard","item":"charizarditey","ability":"Blaze","moves":["fireblast","solarbeam","airslash","roost"],"nature":"Timid","evs":{"hp":0,"atk":0,"def":0,"spa":252,"spd":4,"spe":252},"ivs":{"hp":31,"atk":31,"def":31,"spa":31,"spd":31,"spe":31}}],"log":["|player|p1|Reborn Power|102","|player|p2|GL♅Reshiram|163","|gametype|singles","|gen|6","|tier|Monotype","|rated","|rule|Baton Pass Clause: Limit one Baton Passer, can't pass Spe and other stats simultaneously","|rule|Swagger Clause: Swagger is banned","|rule|Same Type Clause: Pokémon in a team must share a type","|clearpoke","|poke|p1|Victini","|poke|p1|Arcanine, M","|poke|p1|Ninetales, M","|poke|p1|Charizard, M","|poke|p1|Volcarona, M","|poke|p1|Infernape, M","|poke|p2|Heatran, F","|poke|p2|Ninetales, F","|poke|p2|Torkoal, M","|poke|p2|Rotom-Heat","|poke|p2|Infernape, M","|poke|p2|Charizard, M","|rule|Sleep Clause Mod: Limit one foe put to sleep","|rule|Species Clause: Limit one of each Pokémon","|rule|OHKO Clause: OHKO moves are banned","|rule|Moody Clause: Moody is banned","|rule|Evasion Moves Clause: Evasion moves are banned","|rule|Endless Battle Clause: Forcing endless battles is banned","|rule|HP Percentage Mod: HP is shown in percentages","|teampreview","|","|start","|switch|p1a: Chosen|Arcanine, M|321/321","|switch|p2a: Rotom-Heat|Rotom-Heat|300/300","|-ability|p1a: Chosen|Intimidate","|-unboost|p2a: Rotom-Heat|atk|1","|turn|1","|","|move|p1a: Chosen|Close Combat|p2a: Rotom-Heat","|-damage|p2a: Rotom-Heat|141/300","|-unboost|p1a: Chosen|def|1","|-unboost|p1a: Chosen|spd|1","|-damage|p1a: Chosen|289/321|[from] item: Life Orb","|move|p2a: Rotom-Heat|Reflect|p2a: Rotom-Heat","|-sidestart|p2: GL♅Reshiram|Reflect","|","|turn|2","|","|switch|p1a: Sweep Time|Volcarona, M|312/312","|move|p2a: Rotom-Heat|Pain Split|p1a: Sweep Time","|-sethp|p1a: Sweep Time|226/312|p2a: Rotom-Heat|226/300|[from] move: Pain Split","|","|-heal|p1a: Sweep Time|245/312|[from] item: Leftovers","|turn|3","|","|move|p1a: Sweep Time|Quiver Dance|p1a: Sweep Time","|-boost|p1a: Sweep Time|spa|1","|-boost|p1a: Sweep Time|spd|1","|-boost|p1a: Sweep Time|spe|1","|move|p2a: Rotom-Heat|Light Screen|p2a: Rotom-Heat","|-sidestart|p2: GL♅Reshiram|move: Light Screen","|","|-heal|p1a: Sweep Time|264/312|[from] item: Leftovers","|turn|4","|","|move|p1a: Sweep Time|Quiver Dance|p1a: Sweep Time","|-boost|p1a: Sweep Time|spa|1","|-boost|p1a: Sweep Time|spd|1","|-boost|p1a: Sweep Time|spe|1","|move|p2a: Rotom-Heat|Volt Switch|p1a: Sweep Time","|-damage|p1a: Sweep Time|224/312","|","|switch|p2a: Conductor|Heatran, F|324/324","|","|-heal|p1a: Sweep Time|243/312|[from] item: Leftovers","|turn|5","|","|move|p1a: Sweep Time|Giga Drain|p2a: Conductor","|-resisted|p2a: Conductor","|-damage|p2a: Conductor|313/324","|-heal|p1a: Sweep Time|249/312|[from] drain|[of] p2a: Conductor","|move|p2a: Conductor|Earth Power|p1a: Sweep Time","|-crit|p1a: Sweep Time","|-damage|p1a: Sweep Time|75/312","|","|-heal|p1a: Sweep Time|94/312|[from] item: Leftovers","|turn|6","|","|move|p1a: Sweep Time|Bug Buzz|p2a: Conductor","|-resisted|p2a: Conductor","|-damage|p2a: Conductor|292/324","|move|p2a: Conductor|Dragon Pulse|p1a: Sweep Time","|-damage|p1a: Sweep Time|39/312","|","|-heal|p1a: Sweep Time|58/312|[from] item: Leftovers","|turn|7","|","|move|p1a: Sweep Time|Bug Buzz|p2a: Conductor","|-crit|p2a: Conductor","|-resisted|p2a: Conductor","|-damage|p2a: Conductor|229/324","|move|p2a: Conductor|Earth Power|p1a: Sweep Time","|-damage|p1a: Sweep Time|1/312","|","|-heal|p1a: Sweep Time|20/312|[from] item: Leftovers","|turn|8","|","|move|p1a: Sweep Time|Bug Buzz|p2a: Conductor","|-resisted|p2a: Conductor","|-damage|p2a: Conductor|207/324","|move|p2a: Conductor|Dragon Pulse|p1a: Sweep Time","|-damage|p1a: Sweep Time|0 fnt","|faint|p1a: Sweep Time","|","|-sideend|p2: GL♅Reshiram|Reflect","|","|switch|p1a: Tarzan|Infernape, M|293/293","|turn|9","|","|switch|p2a: Torkoal|Torkoal, M|344/344","|move|p1a: Tarzan|Close Combat|p2a: Torkoal","|-damage|p2a: Torkoal|191/344","|-unboost|p1a: Tarzan|def|1","|-unboost|p1a: Tarzan|spd|1","|-damage|p1a: Tarzan|264/293|[from] item: Life Orb","|","|-heal|p2a: Torkoal|212/344|[from] item: Leftovers","|turn|10","|","|move|p2a: Torkoal|Protect|p2a: Torkoal","|-singleturn|p2a: Torkoal|Protect","|move|p1a: Tarzan|Close Combat|p2a: Torkoal","|-activate|p2a: Torkoal|Protect","|","|-heal|p2a: Torkoal|233/344|[from] item: Leftovers","|-sideend|p2: GL♅Reshiram|move: Light Screen","|turn|11","|","|move|p1a: Tarzan|Earthquake|p2a: Torkoal","|-supereffective|p2a: Torkoal","|-damage|p2a: Torkoal|51/344","|-damage|p1a: Tarzan|235/293|[from] item: Life Orb","|move|p2a: Torkoal|Rapid Spin|p1a: Tarzan","|-damage|p1a: Tarzan|210/293","|","|-heal|p2a: Torkoal|72/344|[from] item: Leftovers","|turn|12","|","|move|p2a: Torkoal|Protect|p2a: Torkoal","|-singleturn|p2a: Torkoal|Protect","|move|p1a: Tarzan|Close Combat|p2a: Torkoal","|-activate|p2a: Torkoal|Protect","|","|-heal|p2a: Torkoal|93/344|[from] item: Leftovers","|turn|13","|","|switch|p2a: Charizard|Charizard, M|297/297","|move|p1a: Tarzan|Earthquake|p2a: Charizard","|-immune|p2a: Charizard|[msg]","|","|turn|14","|","|switch|p1a: lol events|Victini|341/341","|detailschange|p2a: Charizard|Charizard-Mega-Y, M","|-mega|p2a: Charizard|Charizard|Charizardite Y","|-weather|SunnyDay","|move|p2a: Charizard|Air Slash|p1a: lol events","|-damage|p1a: lol events|181/341","|","|-weather|SunnyDay|[upkeep]","|turn|15","|","|switch|p2a: Rotom-Heat|Rotom-Heat|226/300","|move|p1a: lol events|Bolt Strike|p2a: Rotom-Heat","|-resisted|p2a: Rotom-Heat","|-damage|p2a: Rotom-Heat|131/300","|","|-weather|SunnyDay|[upkeep]","|turn|16","|","|switch|p1a: Heart Starter|Charizard, M|297/297","|move|p2a: Rotom-Heat|Reflect|p2a: Rotom-Heat","|-sidestart|p2: GL♅Reshiram|Reflect","|","|-weather|SunnyDay|[upkeep]","|turn|17","|","|detailschange|p1a: Heart Starter|Charizard-Mega-Y, M","|-mega|p1a: Heart Starter|Charizard|Charizardite Y","|move|p1a: Heart Starter|Focus Blast|p2a: Rotom-Heat|[miss]","|-miss|p1a: Heart Starter|p2a: Rotom-Heat","|move|p2a: Rotom-Heat|Light Screen|p2a: Rotom-Heat","|-sidestart|p2: GL♅Reshiram|move: Light Screen","|","|-weather|SunnyDay|[upkeep]","|turn|18","|","|move|p1a: Heart Starter|Focus Blast|p2a: Rotom-Heat","|-damage|p2a: Rotom-Heat|47/300","|-unboost|p2a: Rotom-Heat|spd|1","|move|p2a: Rotom-Heat|Pain Split|p1a: Heart Starter","|-sethp|p1a: Heart Starter|172/297|p2a: Rotom-Heat|172/300|[from] move: Pain Split","|","|-weather|none","|turn|19","|","|move|p1a: Heart Starter|Roost|p1a: Heart Starter","|-heal|p1a: Heart Starter|297/297","|move|p2a: Rotom-Heat|Volt Switch|p1a: Heart Starter","|-damage|p1a: Heart Starter|222/297","|","|switch|p2a: Conductor|Heatran, F|207/324","|","|turn|20","|","|move|p1a: Heart Starter|Focus Blast|p2a: Conductor|[miss]","|-miss|p1a: Heart Starter|p2a: Conductor","|move|p2a: Conductor|Dragon Pulse|p1a: Heart Starter","|-damage|p1a: Heart Starter|132/297","|","|turn|21","|","|move|p1a: Heart Starter|Roost|p1a: Heart Starter","|-heal|p1a: Heart Starter|281/297","|move|p2a: Conductor|Dragon Pulse|p1a: Heart Starter","|-damage|p1a: Heart Starter|177/297","|","|turn|22","|","|switch|p2a: Swordsman|Infernape, M|294/294","|move|p1a: Heart Starter|Roost|p1a: Heart Starter","|-heal|p1a: Heart Starter|297/297","|","|turn|23","|","|switch|p1a: Tarzan|Infernape, M|210/293","|move|p2a: Swordsman|Swords Dance|p2a: Swordsman","|-boost|p2a: Swordsman|atk|2","|","|-sideend|p2: GL♅Reshiram|Reflect","|turn|24","|","|move|p1a: Tarzan|Fake Out|p2a: Swordsman","|-damage|p2a: Swordsman|223/294","|-damage|p1a: Tarzan|181/293|[from] item: Life Orb","|cant|p2a: Swordsman|flinch","|","|-sideend|p2: GL♅Reshiram|move: Light Screen","|turn|25","|","|switch|p2a: Charizard|Charizard-Mega-Y, M|297/297","|-weather|SunnyDay","|move|p1a: Tarzan|Mach Punch|p2a: Charizard","|-crit|p2a: Charizard","|-resisted|p2a: Charizard","|-damage|p2a: Charizard|209/297","|-damage|p1a: Tarzan|152/293|[from] item: Life Orb","|","|-weather|SunnyDay|[upkeep]","|turn|26","|","|move|p2a: Charizard|Air Slash|p1a: Tarzan","|-supereffective|p1a: Tarzan","|-damage|p1a: Tarzan|0 fnt","|faint|p1a: Tarzan","|","|-weather|SunnyDay|[upkeep]","|","|switch|p1a: Chosen|Arcanine, M|289/321","|-ability|p1a: Chosen|Intimidate","|-unboost|p2a: Charizard|atk|1","|turn|27","|","|move|p2a: Charizard|Air Slash|p1a: Chosen","|-damage|p1a: Chosen|106/321","|cant|p1a: Chosen|flinch","|","|-weather|SunnyDay|[upkeep]","|turn|28","|","|move|p2a: Charizard|Air Slash|p1a: Chosen","|-damage|p1a: Chosen|0 fnt","|faint|p1a: Chosen","|","|-weather|SunnyDay|[upkeep]","|","|switch|p1a: lol events|Victini|181/341","|turn|29","|","|switch|p2a: Rotom-Heat|Rotom-Heat|172/300","|move|p1a: lol events|U-turn|p2a: Rotom-Heat","|-resisted|p2a: Rotom-Heat","|-damage|p2a: Rotom-Heat|118/300","|","|switch|p1a: Kyuubi|Ninetales, M|287/287","|","|-weather|none","|turn|30","|","|move|p1a: Kyuubi|Nasty Plot|p1a: Kyuubi","|-boost|p1a: Kyuubi|spa|2","|move|p2a: Rotom-Heat|Light Screen|p2a: Rotom-Heat","|-sidestart|p2: GL♅Reshiram|move: Light Screen","|","|turn|31","|","|move|p1a: Kyuubi|Nasty Plot|p1a: Kyuubi","|-boost|p1a: Kyuubi|spa|2","|move|p2a: Rotom-Heat|Pain Split|p1a: Kyuubi","|-sethp|p1a: Kyuubi|202/287|p2a: Rotom-Heat|202/300|[from] move: Pain Split","|","|-heal|p1a: Kyuubi|219/287|[from] item: Leftovers","|turn|32","|","|move|p1a: Kyuubi|Nasty Plot|p1a: Kyuubi","|-boost|p1a: Kyuubi|spa|2","|move|p2a: Rotom-Heat|Volt Switch|p1a: Kyuubi","|-damage|p1a: Kyuubi|131/287","|","|switch|p2a: Conductor|Heatran, F|207/324","|","|-heal|p1a: Kyuubi|148/287|[from] item: Leftovers","|turn|33","|","|move|p1a: Kyuubi|Dark Pulse|p2a: Conductor","|-damage|p2a: Conductor|137/324","|move|p2a: Conductor|Earth Power|p1a: Kyuubi","|-supereffective|p1a: Kyuubi","|-damage|p1a: Kyuubi|0 fnt","|faint|p1a: Kyuubi","|","|","|switch|p1a: Heart Starter|Charizard-Mega-Y, M|297/297","|-weather|SunnyDay","|turn|34","|","|move|p1a: Heart Starter|Focus Blast|p2a: Conductor","|-supereffective|p2a: Conductor","|-damage|p2a: Conductor|47/324","|move|p2a: Conductor|Dragon Pulse|p1a: Heart Starter","|-damage|p1a: Heart Starter|197/297","|","|-weather|SunnyDay|[upkeep]","|turn|35","|","|move|p1a: Heart Starter|Solar Beam|p2a: Conductor|[still]","|-prepare|p1a: Heart Starter|Solar Beam|p2a: Conductor","|-anim|p1a: Heart Starter|Solar Beam|p2a: Conductor","|-resisted|p2a: Conductor","|-damage|p2a: Conductor|36/324","|move|p2a: Conductor|Dragon Pulse|p1a: Heart Starter","|-damage|p1a: Heart Starter|104/297","|","|-weather|SunnyDay|[upkeep]","|turn|36","|","|move|p1a: Heart Starter|Roost|p1a: Heart Starter","|-heal|p1a: Heart Starter|253/297","|move|p2a: Conductor|Dragon Pulse|p1a: Heart Starter","|-damage|p1a: Heart Starter|148/297","|","|-weather|SunnyDay|[upkeep]","|turn|37","|","|move|p1a: Heart Starter|Roost|p1a: Heart Starter","|-heal|p1a: Heart Starter|297/297","|move|p2a: Conductor|Dragon Pulse|p1a: Heart Starter","|-damage|p1a: Heart Starter|190/297","|","|-weather|SunnyDay|[upkeep]","|-sideend|p2: GL♅Reshiram|move: Light Screen","|turn|38","|","|move|p1a: Heart Starter|Focus Blast|p2a: Conductor|[miss]","|-miss|p1a: Heart Starter|p2a: Conductor","|move|p2a: Conductor|Dragon Pulse|p1a: Heart Starter","|-damage|p1a: Heart Starter|98/297","|","|-weather|none","|turn|39","|","|move|p1a: Heart Starter|Roost|p1a: Heart Starter","|-heal|p1a: Heart Starter|247/297","|move|p2a: Conductor|Dragon Pulse|p1a: Heart Starter","|-damage|p1a: Heart Starter|155/297","|","|turn|40","|","|move|p1a: Heart Starter|Roost|p1a: Heart Starter","|-heal|p1a: Heart Starter|297/297","|move|p2a: Conductor|Dragon Pulse|p1a: Heart Starter","|-damage|p1a: Heart Starter|198/297","|","|turn|41","|","|move|p1a: Heart Starter|Focus Blast|p2a: Conductor","|-supereffective|p2a: Conductor","|-damage|p2a: Conductor|0 fnt","|faint|p2a: Conductor","|","|","|switch|p2a: Swordsman|Infernape, M|223/294","|turn|42","|","|move|p2a: Swordsman|Swords Dance|p2a: Swordsman","|-boost|p2a: Swordsman|atk|2","|move|p1a: Heart Starter|Focus Blast|p2a: Swordsman","|-damage|p2a: Swordsman|21/294","|","|turn|43","|","|move|p2a: Swordsman|Thunder Punch|p1a: Heart Starter","|-supereffective|p1a: Heart Starter","|-damage|p1a: Heart Starter|0 fnt","|faint|p1a: Heart Starter","|","|","|switch|p1a: lol events|Victini|181/341","|turn|44","|","|move|p2a: Swordsman|Thunder Punch|p1a: lol events","|-damage|p1a: lol events|0 fnt","|faint|p1a: lol events","|","|win|GL♅Reshiram"],"p1rating":{"entryid":353956,"formatid":"monotype","userid":"rebornpower","username":"Reborn Power","r":1500,"rd":130,"sigma":0,"rpr":1459.4202067104,"rprd":122.47926795705,"rpsigma":0,"rptime":1440320400,"w":0,"l":1,"t":0,"gxe":44.9,"acre":1000,"lacre":1000,"oldacre":1000},"p2rating":{"entryid":"319032","serverid":"eos","formatid":"monotype","userid":"glreshiram","username":"GL♅Reshiram","w":4,"l":"4","t":"0","gxe":48.1,"r":"1504.2504998354","rd":"102.54067115159","sigma":"0","rptime":"1440320400","rpr":1485.3329286168,"rprd":92.49149850302,"rpsigma":"0","acre":1058.9705786689,"lacre":1058.9705786689,"oldacre":"1025.4285472754"},"endType":"normal"}