{"seed":[8624,49739,29903,57755],"turns":40,"p1":"Crystal Blade64","p2":"Guard Wanderer","p1team":[{"name":"Reckless","species":"staraptor","item":"leftovers","ability":"Intimidate","moves":["bravebird","roost","featherdance","defog"],"nature":"Impish","evs":{"hp":252,"atk":4,"def":252,"spa":0,"spd":0,"spe":0},"ivs":{"hp":31,"atk":31,"def":31,"spa":31,"spd":31,"spe":31}},{"name":"BetterThanYou","species":"ditto","item":"choicescarf","ability":"Imposter","moves":["transform"],"nature":"Bold","evs":{"hp":248,"atk":0,"def":252,"spa":0,"spd":8,"spe":0},"happiness":0,"ivs":{"hp":31,"atk":31,"def":31,"spa":31,"spd":31,"spe":31}},{"name":"Nurse Joy pls","species":"chansey","item":"eviolite","ability":"Natural Cure","moves":["aromatherapy","softboiled","thunderwave","seismictoss"],"nature":"Bold","evs":{"hp":248,"atk":0,"def":252,"spa":0,"spd":8,"spe":0},"ivs":{"hp":31,"atk":31,"def":31,"spa":31,"spd":31,"spe":31}},{"name":"EnergizerBunny","species":"lopunny","item":"lopunnite","ability":"Cute Charm","moves":["fakeout","highjumpkick","icepunch","frustration"],"nature":"Jolly","evs":{"hp":4,"atk":252,"def":0,"spa":0,"spd":0,"spe":252},"happiness":0,"ivs":{"hp":31,"atk":31,"def":31,"spa":31,"spd":31,"spe":31}},{"name":"DownloadFreeRAM","species":"porygon2","item":"eviolite","ability":"Trace","moves":["toxic","recover","icebeam","discharge"],"nature":"Bold","evs":{"hp":248,"atk":0,"def":252,"spa":8,"spd":0,"spe":0},"ivs":{"hp":31,"atk":31,"def":31,"spa":31,"spd":31,"spe":31}},{"name":"Diggersby tho","species":"diggersby","item":"choiceband","ability":"Huge Power","moves":["earthquake","quickattack","frustration","uturn"],"nature":"Adamant","evs":{"hp":4,"atk":252,"def":0,"spa":0,"spd":0,"spe":252},"happiness":0,"ivs":{"hp":31,"atk":31,"def":31,"spa":31,"spd":31,"spe":31}}],"p2team":[{"name":"Ferrothorn","species":"Ferrothorn","item":"rockyhelmet","ability":"Iron Barbs","moves":["knockoff","stealthrock","thunderwave","sunnyday"],"nature":"Relaxed","evs":{"hp":248,"atk":8,"def":252,"spa":0,"spd":0,"spe":0},"ivs":{"hp":31,"atk":31,"def":31,"spa":31,"spd":31,"spe":0}},{"name":"Rotom-Mow","species":"Rotom-Mow","item":"choicescarf","ability":"Levitate","moves":["trick","willowisp","discharge","voltswitch"],"nature":"Timid","evs":{"hp":0,"atk":0,"def":0,"spa":252,"spd":4,"spe":252},"ivs":{"hp":31,"atk":31,"def":31,"spa":31,"spd":31,"spe":31}},{"name":"Ludicolo","species":"Ludicolo","item":"bindingband","ability":"Swift Swim","moves":["raindance","scald","leechseed","whirlpool"],"nature":"Modest","evs":{"hp":248,"atk":0,"def":0,"spa":252,"spd":8,"spe":0},"ivs":{"hp":31,"atk":31,"def":31,"spa":31,"spd":31,"spe":31}},{"name":"Sawsbuck","species":"Sawsbuck","item":"silkscarf","ability":"Chlorophyll","moves":["return","attract","retaliate","thunderwave"],"nature":"Adamant","evs":{"hp":0,"atk":252,"def":0,"spa":0,"spd":4,"spe":252},"gender":"F","ivs":{"hp":31,"atk":31,"def":31,"spa":31,"spd":31,"spe":31}},{"name":"Serperior","species":"Serperior","item":"miracleseed","ability":"Contrary","moves":["substitute","dragonpulse","leafstorm","grassyterrain"],"nature":"Timid","evs":{"hp":0,"atk":0,"def":0,"spa":252,"spd":4,"spe":252},"ivs":{"hp":31,"atk":31,"def":31,"spa":31,"spd":31,"spe":31}},{"name":"Cacturne","species":"Cacturne","item":"focussash","ability":"Sand Veil","moves":["suckerpunch","spikyshield","swordsdance","drainpunch"],"nature":"Adamant","evs":{"hp":248,"atk":252,"def":0,"spa":0,"spd":8,"spe":0},"ivs":{"hp":31,"atk":31,"def":31,"spa":31,"spd":31,"spe":31}}],"log":["|player|p1|Crystal Blade64|165","|player|p2|Guard Wanderer|235","|gametype|singles","|gen|6","|tier|Monotype","|rated","|rule|Baton Pass Clause: Limit one Baton Passer, can't pass Spe and other stats simultaneously","|rule|Swagger Clause: Swagger is banned","|rule|Same Type Clause: Pokémon in a team must share a type","|clearpoke","|poke|p1|Staraptor, F","|poke|p1|Ditto","|poke|p1|Chansey, F","|poke|p1|Lopunny, M","|poke|p1|Porygon2","|poke|p1|Diggersby, M","|poke|p2|Ferrothorn, M","|poke|p2|Rotom-Mow","|poke|p2|Ludicolo, M","|poke|p2|Sawsbuck, F","|poke|p2|Serperior, M","|poke|p2|Cacturne, F","|rule|Sleep Clause Mod: Limit one foe put to sleep","|rule|Species Clause: Limit one of each Pokémon","|rule|OHKO Clause: OHKO moves are banned","|rule|Moody Clause: Moody is banned","|rule|Evasion Moves Clause: Evasion moves are banned","|rule|Endless Battle Clause: Forcing endless battles is banned","|rule|HP Percentage Mod: HP is shown in percentages","|teampreview","|","|start","|switch|p1a: Diggersby tho|Diggersby, M|312/312","|switch|p2a: Rotom-Mow|Rotom-Mow|241/241","|turn|1","|","|switch|p1a: Nurse Joy pls|Chansey, F|703/703","|move|p2a: Rotom-Mow|Will-O-Wisp|p1a: Nurse Joy pls|[miss]","|-miss|p2a: Rotom-Mow|p1a: Nurse Joy pls","|","|turn|2","|","|switch|p2a: Ferrothorn|Ferrothorn, M|351/351","|move|p1a: Nurse Joy pls|Seismic Toss|p2a: Ferrothorn","|-damage|p2a: Ferrothorn|251/351","|-damage|p1a: Nurse Joy pls|616/703|[from] ability: Iron Barbs|[of] p2a: Ferrothorn","|-damage|p1a: Nurse Joy pls|499/703|[from] item: Rocky Helmet|[of] p2a: Ferrothorn","|","|turn|3","|","|move|p1a: Nurse Joy pls|Thunder Wave|p2a: Ferrothorn","|-status|p2a: Ferrothorn|par","|move|p2a: Ferrothorn|Knock Off|p1a: Nurse Joy pls","|-damage|p1a: Nurse Joy pls|399/703","|-enditem|p1a: Nurse Joy pls|Eviolite|[from] move: Knock Off|[of] p2a: Ferrothorn","|","|turn|4","|","|move|p1a: Nurse Joy pls|Soft-Boiled|p1a: Nurse Joy pls","|-heal|p1a: Nurse Joy pls|703/703","|move|p2a: Ferrothorn|Stealth Rock|p1a: Nurse Joy pls","|-sidestart|p1: Crystal Blade64|move: Stealth Rock","|","|turn|5","|","|switch|p1a: Diggersby tho|Diggersby, M|312/312","|-damage|p1a: Diggersby tho|293/312|[from] Stealth Rock","|switch|p2a: Cacturne|Cacturne, F|343/343","|","|turn|6","|","|move|p1a: Diggersby tho|U-turn|p2a: Cacturne","|-supereffective|p2a: Cacturne","|-enditem|p2a: Cacturne|Focus Sash","|-damage|p2a: Cacturne|1/343","|","|switch|p1a: Reckless|Staraptor, F|374/374","|-damage|p1a: Reckless|281/374|[from] Stealth Rock","|-ability|p1a: Reckless|Intimidate","|-unboost|p2a: Cacturne|atk|1","|move|p2a: Cacturne|Drain Punch|p1a: Reckless","|-damage|p1a: Reckless|228/374","|-heal|p2a: Cacturne|28/343|[from] drain|[of] p1a: Reckless","|","|-heal|p1a: Reckless|251/374|[from] item: Leftovers","|turn|7","|","|move|p2a: Cacturne|Spiky Shield|p2a: Cacturne","|-singleturn|p2a: Cacturne|move: Protect","|move|p1a: Reckless|Defog|p2a: Cacturne","|-activate|p2a: Cacturne|Protect","|","|-heal|p1a: Reckless|274/374|[from] item: Leftovers","|turn|8","|","|move|p1a: Reckless|Brave Bird|p2a: Cacturne","|-supereffective|p2a: Cacturne","|-damage|p2a: Cacturne|0 fnt","|-damage|p1a: Reckless|265/374|[from] recoil|[of] p2a: Cacturne","|faint|p2a: Cacturne","|","|-heal|p1a: Reckless|288/374|[from] item: Leftovers","|","|switch|p2a: Serperior|Serperior, M|291/291","|turn|9","|","|move|p2a: Serperior|Substitute|p2a: Serperior","|-start|p2a: Serperior|Substitute","|-damage|p2a: Serperior|219/291","|move|p1a: Reckless|Defog|p2a: Serperior","|-sideend|p1: Crystal Blade64|Stealth Rock|[from] move: Defog|[of] p1a: Reckless","|","|-heal|p1a: Reckless|311/374|[from] item: Leftovers","|turn|10","|","|move|p2a: Serperior|Leaf Storm|p1a: Reckless","|-resisted|p1a: Reckless","|-damage|p1a: Reckless|158/374","|-boost|p2a: Serperior|spa|2","|move|p1a: Reckless|Brave Bird|p2a: Serperior","|-supereffective|p2a: Serperior","|-end|p2a: Serperior|Substitute","|-damage|p1a: Reckless|134/374|[from] recoil|[of] p2a: Serperior","|","|-heal|p1a: Reckless|157/374|[from] item: Leftovers","|turn|11","|","|move|p2a: Serperior|Leaf Storm|p1a: Reckless","|-resisted|p1a: Reckless","|-damage|p1a: Reckless|0 fnt","|-boost|p2a: Serperior|spa|2","|faint|p1a: Reckless","|","|","|switch|p1a: BetterThanYou|Ditto|299/299","|-transform|p1a: BetterThanYou|p2a: Serperior","|turn|12","|","|move|p1a: BetterThanYou|Dragon Pulse|p2a: Serperior","|-damage|p2a: Serperior|0 fnt","|faint|p2a: Serperior","|","|","|switch|p2a: Ferrothorn|Ferrothorn, M|251/351 par","|turn|13","|","|move|p1a: BetterThanYou|Dragon Pulse|p2a: Ferrothorn","|-resisted|p2a: Ferrothorn","|-damage|p2a: Ferrothorn|155/351 par","|move|p2a: Ferrothorn|Sunny Day|p2a: Ferrothorn","|-weather|SunnyDay","|","|-weather|SunnyDay|[upkeep]","|turn|14","|","|move|p1a: BetterThanYou|Dragon Pulse|p2a: Ferrothorn","|-crit|p2a: Ferrothorn","|-resisted|p2a: Ferrothorn","|-damage|p2a: Ferrothorn|20/351 par","|move|p2a: Ferrothorn|Thunder Wave|p1a: BetterThanYou","|-status|p1a: BetterThanYou|par","|","|-weather|SunnyDay|[upkeep]","|turn|15","|","|switch|p1a: Nurse Joy pls|Chansey, F|703/703","|move|p2a: Ferrothorn|Knock Off|p1a: Nurse Joy pls","|-damage|p1a: Nurse Joy pls|609/703","|","|-weather|SunnyDay|[upkeep]","|turn|16","|","|switch|p2a: Sawsbuck|Sawsbuck, F|301/301","|move|p1a: Nurse Joy pls|Aromatherapy|p1a: Nurse Joy pls","|-cureteam|p1a: Nurse Joy pls|[from] move: Aromatherapy","|","|-weather|SunnyDay|[upkeep]","|turn|17","|","|switch|p1a: DownloadFreeRAM|Porygon2|373/373","|-ability|p1a: DownloadFreeRAM|Chlorophyll|[from] ability: Trace|[of] p2a: Sawsbuck","|move|p2a: Sawsbuck|Return|p1a: DownloadFreeRAM","|-damage|p1a: DownloadFreeRAM|267/373","|","|-weather|none","|turn|18","|","|move|p2a: Sawsbuck|Thunder Wave|p1a: DownloadFreeRAM","|-status|p1a: DownloadFreeRAM|par","|cant|p1a: DownloadFreeRAM|par","|","|turn|19","|","|switch|p2a: Ludicolo|Ludicolo, M|363/363","|move|p1a: DownloadFreeRAM|Ice Beam|p2a: Ludicolo","|-damage|p2a: Ludicolo|291/363","|","|turn|20","|","|move|p2a: Ludicolo|Rain Dance|p2a: Ludicolo","|-weather|RainDance","|cant|p1a: DownloadFreeRAM|par","|","|-weather|RainDance|[upkeep]","|turn|21","|","|switch|p1a: BetterThanYou|Ditto|299/299","|-transform|p1a: BetterThanYou|p2a: Ludicolo","|move|p2a: Ludicolo|Whirlpool|p1a: BetterThanYou|[miss]","|-miss|p2a: Ludicolo|p1a: BetterThanYou","|","|-weather|RainDance|[upkeep]","|turn|22","|","|move|p1a: BetterThanYou|Scald|p2a: Ludicolo","|-resisted|p2a: Ludicolo","|-damage|p2a: Ludicolo|250/363","|move|p2a: Ludicolo|Scald|p1a: BetterThanYou","|-resisted|p1a: BetterThanYou","|-damage|p1a: BetterThanYou|253/299","|-status|p1a: BetterThanYou|brn","|","|-weather|RainDance|[upkeep]","|-damage|p1a: BetterThanYou|216/299 brn|[from] brn","|turn|23","|","|move|p1a: BetterThanYou|Scald|p2a: Ludicolo","|-resisted|p2a: Ludicolo","|-damage|p2a: Ludicolo|207/363","|move|p2a: Ludicolo|Whirlpool|p1a: BetterThanYou|[miss]","|-miss|p2a: Ludicolo|p1a: BetterThanYou","|","|-weather|RainDance|[upkeep]","|-damage|p1a: BetterThanYou|179/299 brn|[from] brn","|turn|24","|","|switch|p1a: Nurse Joy pls|Chansey, F|609/703","|switch|p2a: Rotom-Mow|Rotom-Mow|241/241","|","|-weather|none","|turn|25","|","|move|p2a: Rotom-Mow|Volt Switch|p1a: Nurse Joy pls","|-damage|p1a: Nurse Joy pls|504/703","|","|switch|p2a: Ludicolo|Ludicolo, M|207/363","|move|p1a: Nurse Joy pls|Seismic Toss|p2a: Ludicolo","|-damage|p2a: Ludicolo|107/363","|","|turn|26","|","|switch|p2a: Ferrothorn|Ferrothorn, M|20/351 par","|move|p1a: Nurse Joy pls|Thunder Wave|p2a: Ferrothorn","|-fail|p2a: Ferrothorn|par","|","|turn|27","|","|move|p1a: Nurse Joy pls|Seismic Toss|p2a: Ferrothorn","|-damage|p2a: Ferrothorn|0 fnt","|-damage|p1a: Nurse Joy pls|417/703|[from] ability: Iron Barbs|[of] p2a: Ferrothorn","|-damage|p1a: Nurse Joy pls|300/703|[from] item: Rocky Helmet|[of] p2a: Ferrothorn","|faint|p2a: Ferrothorn","|","|","|switch|p2a: Sawsbuck|Sawsbuck, F|301/301","|turn|28","|","|switch|p1a: DownloadFreeRAM|Porygon2|267/373 par","|-ability|p1a: DownloadFreeRAM|Chlorophyll|[from] ability: Trace|[of] p2a: Sawsbuck","|move|p2a: Sawsbuck|Retaliate|p1a: DownloadFreeRAM","|-damage|p1a: DownloadFreeRAM|138/373 par","|","|turn|29","|","|move|p2a: Sawsbuck|Return|p1a: DownloadFreeRAM","|-damage|p1a: DownloadFreeRAM|29/373 par","|cant|p1a: DownloadFreeRAM|par","|","|turn|30","|","|move|p2a: Sawsbuck|Return|p1a: DownloadFreeRAM","|-damage|p1a: DownloadFreeRAM|0 fnt","|faint|p1a: DownloadFreeRAM","|","|","|switch|p1a: EnergizerBunny|Lopunny, M|272/272","|turn|31","|","|detailschange|p1a: EnergizerBunny|Lopunny-Mega, M","|-mega|p1a: EnergizerBunny|Lopunny|Lopunnite","|move|p1a: EnergizerBunny|Fake Out|p2a: Sawsbuck","|-damage|p2a: Sawsbuck|205/301","|cant|p2a: Sawsbuck|flinch","|","|turn|32","|","|move|p1a: EnergizerBunny|High Jump Kick|p2a: Sawsbuck","|-supereffective|p2a: Sawsbuck","|-damage|p2a: Sawsbuck|0 fnt","|faint|p2a: Sawsbuck","|","|","|switch|p2a: Rotom-Mow|Rotom-Mow|241/241","|turn|33","|","|move|p2a: Rotom-Mow|Will-O-Wisp|p1a: EnergizerBunny","|-status|p1a: EnergizerBunny|brn","|move|p1a: EnergizerBunny|Ice Punch|p2a: Rotom-Mow","|-supereffective|p2a: Rotom-Mow","|-damage|p2a: Rotom-Mow|149/241","|","|-damage|p1a: EnergizerBunny|238/272 brn|[from] brn","|turn|34","|","|switch|p2a: Ludicolo|Ludicolo, M|107/363","|switch|p1a: Nurse Joy pls|Chansey, F|300/703","|","|turn|35","|","|move|p2a: Ludicolo|Leech Seed|p1a: Nurse Joy pls","|-start|p1a: Nurse Joy pls|move: Leech Seed","|move|p1a: Nurse Joy pls|Aromatherapy|p1a: Nurse Joy pls","|-cureteam|p1a: Nurse Joy pls|[from] move: Aromatherapy","|","|-damage|p1a: Nurse Joy pls|213/703|[from] Leech Seed|[of] p2a: Ludicolo","|-heal|p2a: Ludicolo|194/363|[silent]","|turn|36","|","|switch|p1a: Diggersby tho|Diggersby, M|293/312","|move|p2a: Ludicolo|Whirlpool|p1a: Diggersby tho","|-supereffective|p1a: Diggersby tho","|-damage|p1a: Diggersby tho|167/312","|-activate|p1a: Diggersby tho|move: Whirlpool|[of] p2a: Ludicolo","|","|-damage|p1a: Diggersby tho|115/312|[from] move: Whirlpool|[partiallytrapped]","|turn|37","|","|move|p1a: Diggersby tho|Quick Attack|p2a: Ludicolo","|-damage|p2a: Ludicolo|14/363","|move|p2a: Ludicolo|Rain Dance|p2a: Ludicolo","|-weather|RainDance","|","|-weather|RainDance|[upkeep]","|-damage|p1a: Diggersby tho|63/312|[from] move: Whirlpool|[partiallytrapped]","|turn|38","|","|move|p1a: Diggersby tho|Quick Attack|p2a: Ludicolo","|-damage|p2a: Ludicolo|0 fnt","|faint|p2a: Ludicolo","|","|-weather|RainDance|[upkeep]","|","|switch|p2a: Rotom-Mow|Rotom-Mow|149/241","|turn|39","|","|move|p1a: Diggersby tho|Quick Attack|p2a: Rotom-Mow","|-damage|p2a: Rotom-Mow|23/241","|move|p2a: Rotom-Mow|Trick|p1a: Diggersby tho","|-activate|p2a: Rotom-Mow|move: Trick|[of] p1a: Diggersby tho","|-item|p1a: Diggersby tho|Choice Scarf|[from] move: Trick","|-item|p2a: Rotom-Mow|Choice Band|[from] move: Trick","|","|-weather|RainDance|[upkeep]","|turn|40","|","|move|p1a: Diggersby tho|Quick Attack|p2a: Rotom-Mow","|-damage|p2a: Rotom-Mow|0 fnt","|faint|p2a: Rotom-Mow","|","|win|Crystal Blade64"],"p1rating":{"entryid":"73557","serverid":"eos","formatid":"monotype","userid":"crystalblade64","username":"Crystal Blade64","w":12,"l":"4","t":"0","gxe":67.4,"r":"1614.5236825605","rd":"83.506730541154","sigma":"0","rptime":"1440320400","rpr":1639.5115739864,"rprd":76.117812898389,"rpsigma":"0","acre":1204.4171488282,"lacre":1204.4171488282,"oldacre":"1181.4079601795"},"p2rating":{"entryid":"9966","serverid":"eos","formatid":"monotype","userid":"guardwanderer","username":"Guard Wanderer","w":"13","l":20,"t":"0","gxe":42.7,"r":"1517.3894601343","rd":"81.691557977629","sigma":"0","rptime":"1440320400","rpr":1444.114682633,"rprd":58.43763716827,"rpsigma":"0","acre":1130.6729175539,"lacre":1130.6729175539,"oldacre":"1153.6821062026"},"endType":"normal"}