{"seed":[20351,23310,30840,1755],"turns":27,"p1":"Pixie_Games","p2":"Imp❇ Jk","p1team":[{"name":"Galvantula","species":"Galvantula","item":"focussash","ability":"Compound Eyes","moves":["thunder","thunderwave","bugbuzz","stickyweb"],"nature":"Timid","evs":{"hp":0,"atk":0,"def":0,"spa":252,"spd":4,"spe":252},"ivs":{"hp":31,"atk":31,"def":31,"spa":31,"spd":31,"spe":31}},{"name":"Scizor","species":"Scizor","item":"scizorite","ability":"Technician","moves":["bulletpunch","bugbite","roost","swordsdance"],"nature":"Adamant","evs":{"hp":252,"atk":252,"def":0,"spa":0,"spd":0,"spe":4},"ivs":{"hp":31,"atk":31,"def":31,"spa":31,"spd":31,"spe":31}},{"name":"Heracross","species":"Heracross","item":"choicescarf","ability":"Moxie","moves":["closecombat","megahorn","earthquake","rockslide"],"nature":"Jolly","evs":{"hp":0,"atk":252,"def":0,"spa":0,"spd":4,"spe":252},"ivs":{"hp":31,"atk":31,"def":31,"spa":31,"spd":31,"spe":31}},{"name":"Volcarona","species":"Volcarona","item":"focussash","ability":"Flame Body","moves":["quiverdance","bugbuzz","fierydance","gigadrain"],"nature":"Modest","evs":{"hp":0,"atk":0,"def":0,"spa":252,"spd":4,"spe":252},"ivs":{"hp":31,"atk":31,"def":31,"spa":31,"spd":31,"spe":31}},{"name":"Shuckle","species":"Shuckle","item":"leftovers","ability":"Contrary","moves":["shellsmash","rest","toxic","infestation"],"nature":"Careful","evs":{"hp":4,"atk":0,"def":252,"spa":0,"spd":252,"spe":0},"ivs":{"hp":31,"atk":31,"def":31,"spa":31,"spd":31,"spe":31}},{"name":"Scolipede","species":"Scolipede","item":"leftovers","ability":"Speed Boost","moves":["protect","swordsdance","megahorn","rockslide"],"nature":"Jolly","evs":{"hp":0,"atk":252,"def":0,"spa":0,"spd":4,"spe":252},"ivs":{"hp":31,"atk":31,"def":31,"spa":31,"spd":31,"spe":31}}],"p2team":[{"name":"Cobalion","species":"Cobalion","item":"leftovers","ability":"Justified","moves":["thunderwave","ironhead","stealthrock","taunt"],"nature":"Impish","evs":{"hp":252,"atk":4,"def":252,"spa":0,"spd":0,"spe":0},"ivs":{"hp":31,"atk":31,"def":31,"spa":31,"spd":31,"spe":31}},{"name":"Scrafty","species":"Scrafty","item":"leftovers","ability":"Shed Skin","moves":["icepunch","crunch","drainpunch","bulkup"],"nature":"Careful","evs":{"hp":252,"atk":4,"def":0,"spa":0,"spd":252,"spe":0},"ivs":{"hp":31,"atk":31,"def":31,"spa":31,"spd":31,"spe":31}},{"name":"Hitmontop","species":"Hitmontop","item":"assaultvest","ability":"Intimidate","moves":["endeavor","seismictoss","suckerpunch","rapidspin"],"nature":"Impish","evs":{"hp":252,"atk":0,"def":64,"spa":0,"spd":192,"spe":0},"ivs":{"hp":31,"atk":31,"def":31,"spa":31,"spd":31,"spe":31}},{"name":"Infernape","species":"Infernape","item":"focussash","ability":"Blaze","moves":["flamethrower","vacuumwave","nastyplot","encore"],"nature":"Timid","evs":{"hp":0,"atk":0,"def":0,"spa":252,"spd":0,"spe":252},"ivs":{"hp":31,"atk":31,"def":31,"spa":31,"spd":31,"spe":31}},{"name":"Heracross","species":"Heracross","item":"heracronite","ability":"Moxie","moves":["bulletseed","pinmissile","rockblast","closecombat"],"nature":"Adamant","evs":{"hp":252,"atk":124,"def":132,"spa":0,"spd":0,"spe":0},"ivs":{"hp":31,"atk":31,"def":31,"spa":31,"spd":31,"spe":31}},{"name":"Terrakion","species":"Terrakion","item":"choicescarf","ability":"Justified","moves":["closecombat","stoneedge","earthquake","ironhead"],"nature":"Adamant","evs":{"hp":4,"atk":252,"def":0,"spa":0,"spd":0,"spe":252},"ivs":{"hp":31,"atk":31,"def":31,"spa":31,"spd":31,"spe":31}}],"log":["|player|p1|Pixie_Games|138","|player|p2|Imp❇ Jk|93","|gametype|singles","|gen|6","|tier|Monotype","|rated","|rule|Baton Pass Clause: Limit one Baton Passer, can't pass Spe and other stats simultaneously","|rule|Swagger Clause: Swagger is banned","|rule|Same Type Clause: Pokémon in a team must share a type","|clearpoke","|poke|p1|Galvantula, M","|poke|p1|Scizor, F","|poke|p1|Heracross, F","|poke|p1|Volcarona, F","|poke|p1|Shuckle, M","|poke|p1|Scolipede, M","|poke|p2|Cobalion","|poke|p2|Scrafty, F","|poke|p2|Hitmontop, M","|poke|p2|Infernape, F","|poke|p2|Heracross, M","|poke|p2|Terrakion","|rule|Sleep Clause Mod: Limit one foe put to sleep","|rule|Species Clause: Limit one of each Pokémon","|rule|OHKO Clause: OHKO moves are banned","|rule|Moody Clause: Moody is banned","|rule|Evasion Moves Clause: Evasion moves are banned","|rule|Endless Battle Clause: Forcing endless battles is banned","|rule|HP Percentage Mod: HP is shown in percentages","|teampreview","|","|start","|switch|p1a: Galvantula|Galvantula, M|281/281","|switch|p2a: Scrafty|Scrafty, F|334/334","|turn|1","|","|move|p1a: Galvantula|Thunder Wave|p2a: Scrafty","|-status|p2a: Scrafty|par","|move|p2a: Scrafty|Crunch|p1a: Galvantula","|-damage|p1a: Galvantula|140/281","|-unboost|p1a: Galvantula|def|1","|","|-activate|p2a: Scrafty|ability: Shed Skin","|-curestatus|p2a: Scrafty|par","|turn|2","|","|move|p1a: Galvantula|Sticky Web|p2a: Scrafty","|-sidestart|p2: Imp❇ Jk|move: Sticky Web","|move|p2a: Scrafty|Crunch|p1a: Galvantula","|-damage|p1a: Galvantula|0 fnt","|faint|p1a: Galvantula","|","|","|switch|p1a: Shuckle|Shuckle, M|182/182","|turn|3","|","|switch|p2a: Cobalion|Cobalion|386/386","|-activate|p2a: Cobalion|move: Sticky Web","|-unboost|p2a: Cobalion|spe|1","|move|p1a: Shuckle|Shell Smash|p1a: Shuckle","|-boost|p1a: Shuckle|def|1","|-boost|p1a: Shuckle|spd|1","|-unboost|p1a: Shuckle|atk|2","|-unboost|p1a: Shuckle|spa|2","|-unboost|p1a: Shuckle|spe|2","|","|turn|4","|","|move|p2a: Cobalion|Taunt|p1a: Shuckle","|-start|p1a: Shuckle|move: Taunt","|cant|p1a: Shuckle|move: Taunt|Shell Smash","|","|turn|5","|","|move|p2a: Cobalion|Stealth Rock|p1a: Shuckle","|-sidestart|p1: Pixie_Games|move: Stealth Rock","|move|p1a: Shuckle|Infestation|p2a: Cobalion","|-resisted|p2a: Cobalion","|-damage|p2a: Cobalion|385/386","|-activate|p2a: Cobalion|move: Infestation|[of] p1a: Shuckle","|","|-heal|p2a: Cobalion|386/386|[from] item: Leftovers","|-damage|p2a: Cobalion|338/386|[from] move: Infestation|[partiallytrapped]","|turn|6","|","|switch|p1a: Heracross|Heracross, F|301/301","|-damage|p1a: Heracross|264/301|[from] Stealth Rock","|move|p2a: Cobalion|Thunder Wave|p1a: Heracross","|-status|p1a: Heracross|par","|","|-heal|p2a: Cobalion|362/386|[from] item: Leftovers","|turn|7","|","|move|p2a: Cobalion|Iron Head|p1a: Heracross","|-damage|p1a: Heracross|153/301 par","|cant|p1a: Heracross|par","|","|-heal|p2a: Cobalion|386/386|[from] item: Leftovers","|turn|8","|","|move|p2a: Cobalion|Iron Head|p1a: Heracross","|-damage|p1a: Heracross|42/301 par","|move|p1a: Heracross|Close Combat|p2a: Cobalion","|-supereffective|p2a: Cobalion","|-damage|p2a: Cobalion|146/386","|-unboost|p1a: Heracross|def|1","|-unboost|p1a: Heracross|spd|1","|","|-heal|p2a: Cobalion|170/386|[from] item: Leftovers","|turn|9","|","|move|p2a: Cobalion|Iron Head|p1a: Heracross","|-damage|p1a: Heracross|0 fnt","|faint|p1a: Heracross","|","|-heal|p2a: Cobalion|194/386|[from] item: Leftovers","|","|switch|p1a: Scolipede|Scolipede, M|261/261","|-damage|p1a: Scolipede|196/261|[from] Stealth Rock","|turn|10","|","|move|p1a: Scolipede|Megahorn|p2a: Cobalion","|-resisted|p2a: Cobalion","|-damage|p2a: Cobalion|166/386","|move|p2a: Cobalion|Taunt|p1a: Scolipede","|-start|p1a: Scolipede|move: Taunt","|","|-heal|p1a: Scolipede|212/261|[from] item: Leftovers","|-heal|p2a: Cobalion|190/386|[from] item: Leftovers","|-boost|p1a: Scolipede|spe|1|[from] ability: Speed Boost","|turn|11","|","|move|p1a: Scolipede|Rock Slide|p2a: Cobalion","|-resisted|p2a: Cobalion","|-damage|p2a: Cobalion|180/386","|move|p2a: Cobalion|Thunder Wave|p1a: Scolipede","|-status|p1a: Scolipede|par","|","|-heal|p2a: Cobalion|204/386|[from] item: Leftovers","|-heal|p1a: Scolipede|228/261 par|[from] item: Leftovers","|-boost|p1a: Scolipede|spe|1|[from] ability: Speed Boost","|turn|12","|","|cant|p1a: Scolipede|par","|move|p2a: Cobalion|Iron Head|p1a: Scolipede","|-damage|p1a: Scolipede|123/261 par","|","|-heal|p1a: Scolipede|139/261 par|[from] item: Leftovers","|-heal|p2a: Cobalion|228/386|[from] item: Leftovers","|-boost|p1a: Scolipede|spe|1|[from] ability: Speed Boost","|turn|13","|","|switch|p1a: Volcarona|Volcarona, F|311/311","|-damage|p1a: Volcarona|156/311|[from] Stealth Rock","|move|p2a: Cobalion|Iron Head|p1a: Volcarona","|-resisted|p1a: Volcarona","|-damage|p1a: Volcarona|90/311","|-status|p2a: Cobalion|brn","|","|-heal|p2a: Cobalion|252/386 brn|[from] item: Leftovers","|-damage|p2a: Cobalion|204/386 brn|[from] brn","|turn|14","|","|move|p1a: Volcarona|Quiver Dance|p1a: Volcarona","|-boost|p1a: Volcarona|spa|1","|-boost|p1a: Volcarona|spd|1","|-boost|p1a: Volcarona|spe|1","|move|p2a: Cobalion|Taunt|p1a: Volcarona","|-start|p1a: Volcarona|move: Taunt","|","|-heal|p2a: Cobalion|228/386 brn|[from] item: Leftovers","|-damage|p2a: Cobalion|180/386 brn|[from] brn","|turn|15","|","|move|p1a: Volcarona|Fiery Dance|p2a: Cobalion","|-supereffective|p2a: Cobalion","|-damage|p2a: Cobalion|0 fnt","|-boost|p1a: Volcarona|spa|1","|faint|p2a: Cobalion","|","|","|switch|p2a: Hitmontop|Hitmontop, M|304/304","|-activate|p2a: Hitmontop|move: Sticky Web","|-unboost|p2a: Hitmontop|spe|1","|-ability|p2a: Hitmontop|Intimidate","|-unboost|p1a: Volcarona|atk|1","|turn|16","|","|move|p1a: Volcarona|Giga Drain|p2a: Hitmontop","|-damage|p2a: Hitmontop|193/304","|-heal|p1a: Volcarona|146/311|[from] drain|[of] p2a: Hitmontop","|move|p2a: Hitmontop|Rapid Spin|p1a: Volcarona","|-damage|p1a: Volcarona|124/311","|-sideend|p2: Imp❇ Jk|Sticky Web|[from] move: Rapid Spin|[of] p2a: Hitmontop","|","|turn|17","|","|move|p1a: Volcarona|Fiery Dance|p2a: Hitmontop","|-damage|p2a: Hitmontop|31/304","|-boost|p1a: Volcarona|spa|1","|move|p2a: Hitmontop|Seismic Toss|p1a: Volcarona","|-damage|p1a: Volcarona|24/311","|","|-end|p1a: Volcarona|move: Taunt","|turn|18","|","|move|p1a: Volcarona|Giga Drain|p2a: Hitmontop","|-damage|p2a: Hitmontop|0 fnt","|-heal|p1a: Volcarona|40/311|[from] drain|[of] p2a: Hitmontop","|faint|p2a: Hitmontop","|","|","|switch|p2a: Infernape|Infernape, F|293/293","|turn|19","|","|move|p1a: Volcarona|Fiery Dance|p2a: Infernape","|-resisted|p2a: Infernape","|-damage|p2a: Infernape|5/293","|move|p2a: Infernape|Flamethrower|p1a: Volcarona","|-crit|p1a: Volcarona","|-damage|p1a: Volcarona|0 fnt","|faint|p1a: Volcarona","|","|","|switch|p1a: Shuckle|Shuckle, M|182/182","|-damage|p1a: Shuckle|137/182|[from] Stealth Rock","|turn|20","|","|move|p2a: Infernape|Flamethrower|p1a: Shuckle","|-crit|p1a: Shuckle","|-damage|p1a: Shuckle|16/182","|move|p1a: Shuckle|Shell Smash|p1a: Shuckle","|-boost|p1a: Shuckle|def|1","|-boost|p1a: Shuckle|spd|1","|-unboost|p1a: Shuckle|atk|2","|-unboost|p1a: Shuckle|spa|2","|-unboost|p1a: Shuckle|spe|2","|","|-heal|p1a: Shuckle|27/182|[from] item: Leftovers","|turn|21","|","|move|p2a: Infernape|Encore|p1a: Shuckle","|-start|p1a: Shuckle|Encore","|move|p1a: Shuckle|Shell Smash|p1a: Shuckle","|-boost|p1a: Shuckle|def|1","|-boost|p1a: Shuckle|spd|1","|-unboost|p1a: Shuckle|atk|2","|-unboost|p1a: Shuckle|spa|2","|-unboost|p1a: Shuckle|spe|2","|","|-heal|p1a: Shuckle|38/182|[from] item: Leftovers","|turn|22","|","|move|p2a: Infernape|Nasty Plot|p2a: Infernape","|-boost|p2a: Infernape|spa|2","|move|p1a: Shuckle|Shell Smash|p1a: Shuckle","|-boost|p1a: Shuckle|def|1","|-boost|p1a: Shuckle|spd|1","|-unboost|p1a: Shuckle|atk|2","|-unboost|p1a: Shuckle|spa|2","|-unboost|p1a: Shuckle|spe|2","|","|-heal|p1a: Shuckle|49/182|[from] item: Leftovers","|turn|23","|","|move|p2a: Infernape|Nasty Plot|p2a: Infernape","|-boost|p2a: Infernape|spa|2","|move|p1a: Shuckle|Shell Smash|p1a: Shuckle","|-boost|p1a: Shuckle|def|1","|-boost|p1a: Shuckle|spd|1","|","|-heal|p1a: Shuckle|60/182|[from] item: Leftovers","|-end|p1a: Shuckle|Encore","|turn|24","|","|move|p2a: Infernape|Encore|p1a: Shuckle","|-start|p1a: Shuckle|Encore","|move|p1a: Shuckle|Shell Smash|p1a: Shuckle","|-boost|p1a: Shuckle|def|1","|-boost|p1a: Shuckle|spd|1","|","|-heal|p1a: Shuckle|71/182|[from] item: Leftovers","|turn|25","|","|move|p2a: Infernape|Flamethrower|p1a: Shuckle","|-damage|p1a: Shuckle|0 fnt","|faint|p1a: Shuckle","|","|","|switch|p1a: Scizor|Scizor, F|344/344","|-damage|p1a: Scizor|301/344|[from] Stealth Rock","|turn|26","|","|detailschange|p1a: Scizor|Scizor-Mega, F","|-mega|p1a: Scizor|Scizor|Scizorite","|move|p2a: Infernape|Vacuum Wave|p1a: Scizor","|-damage|p1a: Scizor|112/344","|move|p1a: Scizor|Bullet Punch|p2a: Infernape","|-resisted|p2a: Infernape","|-damage|p2a: Infernape|0 fnt","|faint|p2a: Infernape","|","|","|switch|p2a: Heracross|Heracross, M|364/364","|turn|27","|","|detailschange|p2a: Heracross|Heracross-Mega, M","|-mega|p2a: Heracross|Heracross|Heracronite","|move|p2a: Heracross|Rock Blast|p1a: Scizor","|-crit|p1a: Scizor","|-damage|p1a: Scizor|67/344","|-damage|p1a: Scizor|38/344","|-damage|p1a: Scizor|10/344","|-damage|p1a: Scizor|0 fnt","|-hitcount|p1a: Scizor|4","|faint|p1a: Scizor","|","|","|win|Imp❇ Jk"],"p1rating":{"entryid":"6068","serverid":"eos","formatid":"monotype","userid":"pixiegames","username":"Pixie~Games","w":"8","l":11,"t":"0","gxe":46,"r":"1507.2016653318","rd":"84.448463353017","sigma":"0","rptime":"1440320400","rpr":1469.006984657,"rprd":72.197034830209,"rpsigma":"0","acre":1075.7607529571,"lacre":1075.7607529571,"oldacre":"1094.8336772183"},"p2rating":{"entryid":"86215","serverid":"eos","formatid":"monotype","userid":"impjk","username":"Imp❇ Jk","w":9,"l":"5","t":"0","gxe":58.4,"r":"1502.5816390108","rd":"91.70319712324","sigma":"0","rptime":"1440320400","rpr":1565.5683986666,"rprd":80.055438010159,"rpsigma":"0","acre":1189.5538572352,"lacre":1189.5538572352,"oldacre":"1169.8707987739"},"endType":"forfeit"}