{"seed":[15721,36792,36311,34697],"turns":21,"p1":"Alpha vodoom","p2":"The Alttttt","p1team":[{"name":"TNT","species":"tyranitar","item":"assaultvest","ability":"Sand Stream","moves":["earthquake","darkpulse","ancientpower","flamethrower"],"nature":"Quiet","evs":{"hp":248,"atk":8,"def":0,"spa":252,"spd":0,"spe":0},"ivs":{"hp":31,"atk":31,"def":31,"spa":31,"spd":31,"spe":31}},{"name":"Bull","species":"terrakion","item":"choicescarf","ability":"Justified","moves":["closecombat","earthquake","stoneedge","quickattack"],"nature":"Jolly","evs":{"hp":0,"atk":252,"def":0,"spa":0,"spd":4,"spe":252},"ivs":{"hp":31,"atk":31,"def":31,"spa":31,"spd":31,"spe":31}},{"name":"Steel Rex","species":"aggron","item":"aggronite","ability":"Sturdy","moves":["heavyslam","firepunch","rest","earthquake"],"nature":"Impish","evs":{"hp":248,"atk":0,"def":252,"spa":0,"spd":8,"spe":0},"ivs":{"hp":31,"atk":31,"def":31,"spa":31,"spd":31,"spe":31}},{"name":"The real deal","species":"lileep","item":"eviolite","ability":"Storm Drain","moves":["recover","toxic","infestation","gigadrain"],"nature":"Calm","evs":{"hp":252,"atk":0,"def":0,"spa":4,"spd":252,"spe":0},"ivs":{"hp":31,"atk":31,"def":31,"spa":31,"spd":31,"spe":31}},{"name":"Diancie","species":"Diancie","item":"diancite","ability":"Clear Body","moves":["protect","earthpower","diamondstorm","moonblast"],"nature":"Hasty","evs":{"hp":0,"atk":4,"def":0,"spa":252,"spd":0,"spe":252},"ivs":{"hp":31,"atk":31,"def":31,"spa":31,"spd":31,"spe":31}},{"name":"Aurorus","species":"Aurorus","item":"choicescarf","ability":"Refrigerate","moves":["freezedry","hypervoice","earthpower","ancientpower"],"nature":"Timid","evs":{"hp":0,"atk":0,"def":0,"spa":252,"spd":4,"spe":252},"ivs":{"hp":31,"atk":31,"def":31,"spa":31,"spd":31,"spe":31}}],"p2team":[{"name":"Skarmory","species":"Skarmory","item":"rockyhelmet","ability":"Sturdy","moves":["roost","stealthrock","bravebird","whirlwind"],"nature":"Impish","evs":{"hp":248,"atk":0,"def":252,"spa":0,"spd":0,"spe":8},"ivs":{"hp":31,"atk":31,"def":31,"spa":31,"spd":31,"spe":31}},{"name":"Heatran","species":"Heatran","item":"airballoon","ability":"Flash Fire","moves":["lavaplume","earthpower","flashcannon","toxic"],"nature":"Calm","evs":{"hp":248,"atk":0,"def":0,"spa":0,"spd":192,"spe":68},"ivs":{"hp":31,"atk":31,"def":31,"spa":31,"spd":31,"spe":31}},{"name":"Ferrothorn","species":"Ferrothorn","item":"rockyhelmet","ability":"Iron Barbs","moves":["leechseed","spikes","protect","powerwhip"],"nature":"Careful","evs":{"hp":248,"atk":0,"def":88,"spa":0,"spd":172,"spe":0},"ivs":{"hp":31,"atk":31,"def":31,"spa":31,"spd":31,"spe":31}},{"name":"Scizor","species":"Scizor","item":"scizorite","ability":"Technician","moves":["swordsdance","bulletpunch","roost","knockoff"],"nature":"Impish","evs":{"hp":248,"atk":44,"def":16,"spa":0,"spd":200,"spe":0},"ivs":{"hp":31,"atk":31,"def":31,"spa":31,"spd":31,"spe":31}},{"name":"Magnezone","species":"Magnezone","item":"choicescarf","ability":"Sturdy","moves":["thunderbolt","voltswitch","flashcannon","hiddenpowerice"],"nature":"Timid","evs":{"hp":0,"atk":0,"def":0,"spa":252,"spd":4,"spe":252},"ivs":{"hp":31,"atk":30,"def":30,"spa":31,"spd":31,"spe":31}},{"name":"Jirachi","species":"Jirachi","item":"choicescarf","ability":"Serene Grace","moves":["ironhead","zenheadbutt","uturn","firepunch"],"nature":"Jolly","evs":{"hp":0,"atk":252,"def":0,"spa":0,"spd":4,"spe":252},"ivs":{"hp":31,"atk":31,"def":31,"spa":31,"spd":31,"spe":31}}],"log":["|player|p1|Alpha vodoom|vodoom.png","|player|p2|The Alttttt|allianceasurax.png","|gametype|singles","|gen|6","|tier|Monotype","|rated","|rule|Baton Pass Clause: Limit one Baton Passer, can't pass Spe and other stats simultaneously","|rule|Swagger Clause: Swagger is banned","|rule|Same Type Clause: Pokémon in a team must share a type","|clearpoke","|poke|p1|Tyranitar, F","|poke|p1|Terrakion","|poke|p1|Aggron, F","|poke|p1|Lileep, F","|poke|p1|Diancie","|poke|p1|Aurorus, M","|poke|p2|Skarmory, M","|poke|p2|Heatran, F","|poke|p2|Ferrothorn, F","|poke|p2|Scizor, M","|poke|p2|Magnezone","|poke|p2|Jirachi","|rule|Sleep Clause Mod: Limit one foe put to sleep","|rule|Species Clause: Limit one of each Pokémon","|rule|OHKO Clause: OHKO moves are banned","|rule|Moody Clause: Moody is banned","|rule|Evasion Moves Clause: Evasion moves are banned","|rule|Endless Battle Clause: Forcing endless battles is banned","|rule|HP Percentage Mod: HP is shown in percentages","|teampreview","|","|start","|switch|p1a: TNT|Tyranitar, F|403/403","|switch|p2a: Magnezone|Magnezone|281/281","|-weather|Sandstorm","|turn|1","|","|switch|p1a: The real deal|Lileep, F|336/336","|move|p2a: Magnezone|Volt Switch|p1a: The real deal","|-resisted|p1a: The real deal","|-damage|p1a: The real deal|312/336","|","|switch|p2a: Ferrothorn|Ferrothorn, F|351/351","|","|-weather|Sandstorm|[upkeep]","|turn|2","|","|move|p1a: The real deal|Infestation|p2a: Ferrothorn","|-damage|p2a: Ferrothorn|343/351","|-damage|p1a: The real deal|270/336|[from] ability: Iron Barbs|[of] p2a: Ferrothorn","|-damage|p1a: The real deal|214/336|[from] item: Rocky Helmet|[of] p2a: Ferrothorn","|-activate|p2a: Ferrothorn|move: Infestation|[of] p1a: The real deal","|move|p2a: Ferrothorn|Spikes|p1a: The real deal","|-sidestart|p1: Alpha vodoom|Spikes","|","|-weather|Sandstorm|[upkeep]","|-damage|p2a: Ferrothorn|300/351|[from] move: Infestation|[partiallytrapped]","|turn|3","|","|switch|p1a: TNT|Tyranitar, F|403/403","|-damage|p1a: TNT|353/403|[from] Spikes","|move|p2a: Ferrothorn|Spikes|p1a: TNT","|-sidestart|p1: Alpha vodoom|Spikes","|","|-weather|Sandstorm|[upkeep]","|turn|4","|","|switch|p2a: Heatran|Heatran, F|385/385","|-item|p2a: Heatran|Air Balloon","|move|p1a: TNT|Flamethrower|p2a: Heatran","|-start|p2a: Heatran|ability: Flash Fire","|","|-weather|Sandstorm|[upkeep]","|turn|5","|","|-end|p2a: Heatran|ability: Flash Fire|[silent]","|switch|p2a: Jirachi|Jirachi|341/341","|move|p1a: TNT|Ancient Power|p2a: Jirachi","|-resisted|p2a: Jirachi","|-damage|p2a: Jirachi|296/341","|","|-weather|none","|turn|6","|","|switch|p1a: Steel Rex|Aggron, F|343/343","|-damage|p1a: Steel Rex|286/343|[from] Spikes","|move|p2a: Jirachi|Iron Head|p1a: Steel Rex","|-damage|p1a: Steel Rex|226/343","|","|turn|7","|","|switch|p2a: Skarmory|Skarmory, M|333/333","|detailschange|p1a: Steel Rex|Aggron-Mega, F","|-mega|p1a: Steel Rex|Aggron|Aggronite","|move|p1a: Steel Rex|Heavy Slam|p2a: Skarmory","|-resisted|p2a: Skarmory","|-damage|p2a: Skarmory|282/333","|-damage|p1a: Steel Rex|169/343|[from] item: Rocky Helmet|[of] p2a: Skarmory","|","|turn|8","|","|switch|p1a: TNT|Tyranitar, F|353/403","|-damage|p1a: TNT|286/403|[from] Spikes","|-weather|Sandstorm","|move|p2a: Skarmory|Stealth Rock|p1a: TNT","|-sidestart|p1: Alpha vodoom|move: Stealth Rock","|","|-weather|Sandstorm|[upkeep]","|turn|9","|","|move|p1a: TNT|Ancient Power|p2a: Skarmory","|-crit|p2a: Skarmory","|-damage|p2a: Skarmory|78/333","|move|p2a: Skarmory|Whirlwind|p1a: TNT","|drag|p1a: The real deal|Lileep, F|214/336","|-damage|p1a: The real deal|172/336|[from] Stealth Rock","|-damage|p1a: The real deal|116/336|[from] Spikes","|","|-weather|Sandstorm|[upkeep]","|turn|10","|","|move|p2a: Skarmory|Roost|p2a: Skarmory","|-heal|p2a: Skarmory|245/333","|move|p1a: The real deal|Recover|p1a: The real deal","|-heal|p1a: The real deal|284/336","|","|-weather|Sandstorm|[upkeep]","|turn|11","|","|move|p1a: The real deal|Infestation|p2a: Skarmory","|-resisted|p2a: Skarmory","|-damage|p2a: Skarmory|241/333","|-damage|p1a: The real deal|228/336|[from] item: Rocky Helmet|[of] p2a: Skarmory","|-activate|p2a: Skarmory|move: Infestation|[of] p1a: The real deal","|move|p2a: Skarmory|Whirlwind|p1a: The real deal","|drag|p1a: TNT|Tyranitar, F|286/403","|-damage|p1a: TNT|219/403|[from] Spikes","|-damage|p1a: TNT|169/403|[from] Stealth Rock","|","|-weather|Sandstorm|[upkeep]","|turn|12","|","|move|p1a: TNT|Ancient Power|p2a: Skarmory","|-damage|p2a: Skarmory|123/333","|move|p2a: Skarmory|Whirlwind|p1a: TNT","|drag|p1a: The real deal|Lileep, F|228/336","|-damage|p1a: The real deal|172/336|[from] Spikes","|-damage|p1a: The real deal|130/336|[from] Stealth Rock","|","|-weather|none","|turn|13","|","|move|p2a: Skarmory|Roost|p2a: Skarmory","|-heal|p2a: Skarmory|290/333","|move|p1a: The real deal|Recover|p1a: The real deal","|-heal|p1a: The real deal|298/336","|","|turn|14","|","|move|p1a: The real deal|Infestation|p2a: Skarmory","|-resisted|p2a: Skarmory","|-damage|p2a: Skarmory|287/333","|-damage|p1a: The real deal|242/336|[from] item: Rocky Helmet|[of] p2a: Skarmory","|-activate|p2a: Skarmory|move: Infestation|[of] p1a: The real deal","|move|p2a: Skarmory|Whirlwind|p1a: The real deal","|drag|p1a: Steel Rex|Aggron-Mega, F|169/343","|-damage|p1a: Steel Rex|112/343|[from] Spikes","|-damage|p1a: Steel Rex|91/343|[from] Stealth Rock","|","|turn|15","|","|move|p1a: Steel Rex|Rest|p1a: Steel Rex","|-status|p1a: Steel Rex|slp","|-heal|p1a: Steel Rex|343/343 slp|[silent]","|-status|p1a: Steel Rex|slp|[from] move: Rest","|move|p2a: Skarmory|Whirlwind|p1a: Steel Rex","|drag|p1a: Aurorus|Aurorus, M|387/387","|-damage|p1a: Aurorus|323/387|[from] Spikes","|-damage|p1a: Aurorus|227/387|[from] Stealth Rock","|","|turn|16","|","|switch|p2a: Jirachi|Jirachi|296/341","|move|p1a: Aurorus|Hyper Voice|p2a: Jirachi","|-resisted|p2a: Jirachi","|-damage|p2a: Jirachi|212/341","|","|turn|17","|","|move|p2a: Jirachi|U-turn|p1a: Aurorus","|-damage|p1a: Aurorus|132/387","|","|switch|p2a: Scizor|Scizor, M|343/343","|move|p1a: Aurorus|Hyper Voice|p2a: Scizor","|-resisted|p2a: Scizor","|-damage|p2a: Scizor|257/343","|","|turn|18","|","|switch|p1a: Steel Rex|Aggron-Mega, F|343/343 slp","|-damage|p1a: Steel Rex|286/343 slp|[from] Spikes","|-damage|p1a: Steel Rex|265/343 slp|[from] Stealth Rock","|detailschange|p2a: Scizor|Scizor-Mega, M","|-mega|p2a: Scizor|Scizor|Scizorite","|move|p2a: Scizor|Bullet Punch|p1a: Steel Rex","|-resisted|p1a: Steel Rex","|-damage|p1a: Steel Rex|243/343 slp","|","|turn|19","|","|switch|p2a: Magnezone|Magnezone|281/281","|cant|p1a: Steel Rex|slp","|","|turn|20","|","|move|p2a: Magnezone|Thunderbolt|p1a: Steel Rex","|-damage|p1a: Steel Rex|56/343 slp","|cant|p1a: Steel Rex|slp","|","|turn|21","|","|win|The Alttttt"],"p1rating":{"entryid":"214259","serverid":"eos","formatid":"monotype","userid":"alphavodoom","username":"Alpha α Vodoom","w":"11","l":11,"t":"0","gxe":51.5,"r":"1474.0257703446","rd":"87.564573761156","sigma":"0","rptime":"1440234000","rpr":1511.6128408307,"rprd":67.903424438377,"rpsigma":"0","acre":1105.9199083859,"lacre":1105.9199083859,"oldacre":"1137.3309992784"},"p2rating":{"entryid":"332255","serverid":"eos","formatid":"monotype","userid":"thealttttt","username":"The Alttttt","w":2,"l":"0","t":"0","gxe":57.3,"r":"1500","rd":"130","sigma":"0","rptime":"1440234000","rpr":1558.4938372396,"rprd":116.76081124146,"rpsigma":"0","acre":1087.7500659977,"lacre":1087.7500659977,"oldacre":"1046.1993530336"},"endType":"forfeit"}