{"seed":[34154,11208,13307,23376],"turns":32,"p1":"LightOfAKnowing","p2":"Knight Miku","p1team":[{"name":"DJ","species":"exploud","item":"wiseglasses","ability":"Scrappy","moves":["boomburst","icebeam","flamethrower","shadowball"],"nature":"Modest","evs":{"hp":248,"atk":0,"def":0,"spa":252,"spd":8,"spe":0},"gender":"M","ivs":{"hp":31,"atk":31,"def":31,"spa":31,"spd":31,"spe":31}},{"name":"Egg","species":"chansey","item":"eviolite","ability":"Natural Cure","moves":["healbell","wish","toxic","seismictoss"],"nature":"Bold","evs":{"hp":248,"atk":0,"def":252,"spa":0,"spd":8,"spe":0},"ivs":{"hp":31,"atk":31,"def":31,"spa":31,"spd":31,"spe":31}},{"name":"Merica","species":"braviary","item":"choicescarf","ability":"Sheer Force","moves":["bravebird","rockslide","thrash","steelwing"],"nature":"Jolly","evs":{"hp":0,"atk":252,"def":0,"spa":0,"spd":4,"spe":252},"shiny":true,"ivs":{"hp":31,"atk":31,"def":31,"spa":31,"spd":31,"spe":31}},{"name":"Melo","species":"meloetta","item":"assaultvest","ability":"Serene Grace","moves":["shadowball","psychic","energyball","hypervoice"],"nature":"Modest","evs":{"hp":248,"atk":0,"def":0,"spa":252,"spd":8,"spe":0},"ivs":{"hp":31,"atk":31,"def":31,"spa":31,"spd":31,"spe":31}},{"name":"FanService","species":"lopunny","item":"lopunnite","ability":"Cute Charm","moves":["fakeout","drainpunch","frustration","icepunch"],"nature":"Jolly","evs":{"hp":0,"atk":252,"def":0,"spa":0,"spd":4,"spe":252},"gender":"F","happiness":0,"ivs":{"hp":31,"atk":31,"def":31,"spa":31,"spd":31,"spe":31}},{"name":"Dough","species":"snorlax","item":"weaknesspolicy","ability":"Thick Fat","moves":["curse","rest","frustration","crunch"],"nature":"Adamant","evs":{"hp":248,"atk":252,"def":0,"spa":0,"spd":8,"spe":0},"gender":"M","happiness":0,"ivs":{"hp":31,"atk":31,"def":31,"spa":31,"spd":31,"spe":31}}],"p2team":[{"name":"Victini","species":"Victini","item":"choicescarf","ability":"Victory Star","moves":["vcreate","boltstrike","uturn","zenheadbutt"],"nature":"Jolly","evs":{"hp":0,"atk":252,"def":0,"spa":0,"spd":4,"spe":252},"ivs":{"hp":31,"atk":31,"def":31,"spa":31,"spd":31,"spe":31}},{"name":"Y U UNBAN!!!!!","species":"gallade","item":"galladite","ability":"Justified","moves":["closecombat","bulkup","shadowsneak","knockoff"],"nature":"Jolly","evs":{"hp":0,"atk":252,"def":0,"spa":0,"spd":4,"spe":252},"ivs":{"hp":31,"atk":31,"def":31,"spa":31,"spd":31,"spe":31}},{"name":"Hoopa-Unbound","species":"Hoopa-Unbound","item":"choicescarf","ability":"Magician","moves":["drainpunch","gunkshot","hyperspacefury","firepunch"],"nature":"Jolly","evs":{"hp":0,"atk":252,"def":0,"spa":0,"spd":4,"spe":252},"ivs":{"hp":31,"atk":31,"def":31,"spa":31,"spd":31,"spe":31}},{"name":"Mew","species":"Mew","item":"leftovers","ability":"Synchronize","moves":["roost","defog","rockslide","willowisp"],"nature":"Careful","evs":{"hp":248,"atk":8,"def":0,"spa":0,"spd":252,"spe":0},"ivs":{"hp":31,"atk":31,"def":31,"spa":31,"spd":31,"spe":31}},{"name":"Slowbro","species":"Slowbro","item":"leftovers","ability":"Regenerator","moves":["scald","grassknot","slackoff","thunderwave"],"nature":"Bold","evs":{"hp":252,"atk":0,"def":252,"spa":4,"spd":0,"spe":0},"ivs":{"hp":31,"atk":31,"def":31,"spa":31,"spd":31,"spe":31}},{"name":"Meloetta","species":"Meloetta","item":"leftovers","ability":"Serene Grace","moves":["dazzlinggleam","calmmind","psyshock","substitute"],"nature":"Calm","evs":{"hp":248,"atk":0,"def":200,"spa":0,"spd":60,"spe":0},"ivs":{"hp":31,"atk":0,"def":31,"spa":31,"spd":31,"spe":31}}],"log":["|player|p1|LightOfAKnowing|lightofaknowing.gif","|player|p2|Knight Miku|23","|gametype|singles","|gen|6","|tier|Monotype","|rated","|rule|Baton Pass Clause: Limit one Baton Passer, can't pass Spe and other stats simultaneously","|rule|Swagger Clause: Swagger is banned","|rule|Same Type Clause: Pokémon in a team must share a type","|clearpoke","|poke|p1|Exploud, M","|poke|p1|Chansey, F","|poke|p1|Braviary, M, shiny","|poke|p1|Meloetta","|poke|p1|Lopunny, F","|poke|p1|Snorlax, M","|poke|p2|Victini","|poke|p2|Gallade, M","|poke|p2|Hoopa-Unbound","|poke|p2|Mew","|poke|p2|Slowbro, F","|poke|p2|Meloetta","|rule|Sleep Clause Mod: Limit one foe put to sleep","|rule|Species Clause: Limit one of each Pokémon","|rule|OHKO Clause: OHKO moves are banned","|rule|Moody Clause: Moody is banned","|rule|Evasion Moves Clause: Evasion moves are banned","|rule|Endless Battle Clause: Forcing endless battles is banned","|rule|HP Percentage Mod: HP is shown in percentages","|teampreview","|","|start","|switch|p1a: FanService|Lopunny, F|271/271","|switch|p2a: Mew|Mew|403/403","|turn|1","|","|detailschange|p1a: FanService|Lopunny-Mega, F","|-mega|p1a: FanService|Lopunny|Lopunnite","|move|p1a: FanService|Fake Out|p2a: Mew","|-damage|p2a: Mew|322/403","|cant|p2a: Mew|flinch","|","|-heal|p2a: Mew|347/403|[from] item: Leftovers","|turn|2","|","|switch|p1a: Egg|Chansey, F|703/703","|move|p2a: Mew|Will-O-Wisp|p1a: Egg|[miss]","|-miss|p2a: Mew|p1a: Egg","|","|-heal|p2a: Mew|372/403|[from] item: Leftovers","|turn|3","|","|move|p2a: Mew|Roost|p2a: Mew","|-heal|p2a: Mew|403/403","|move|p1a: Egg|Toxic|p2a: Mew","|-status|p2a: Mew|tox","|-status|p1a: Egg|tox","|","|-damage|p2a: Mew|378/403 tox|[from] psn","|-damage|p1a: Egg|660/703 tox|[from] psn","|turn|4","|","|switch|p2a: Meloetta|Meloetta|403/403","|move|p1a: Egg|Heal Bell|p1a: Egg","|-cureteam|p1a: Egg|[from] move: HealBell","|","|turn|5","|","|move|p2a: Meloetta|Substitute|p2a: Meloetta","|-start|p2a: Meloetta|Substitute","|-damage|p2a: Meloetta|303/403","|move|p1a: Egg|Toxic|p2a: Meloetta","|-fail|p2a: Meloetta","|","|-heal|p2a: Meloetta|328/403|[from] item: Leftovers","|turn|6","|","|move|p2a: Meloetta|Calm Mind|p2a: Meloetta","|-boost|p2a: Meloetta|spa|1","|-boost|p2a: Meloetta|spd|1","|move|p1a: Egg|Seismic Toss|p2a: Meloetta","|-end|p2a: Meloetta|Substitute","|","|-heal|p2a: Meloetta|353/403|[from] item: Leftovers","|turn|7","|","|move|p2a: Meloetta|Substitute|p2a: Meloetta","|-start|p2a: Meloetta|Substitute","|-damage|p2a: Meloetta|253/403","|move|p1a: Egg|Seismic Toss|p2a: Meloetta","|-end|p2a: Meloetta|Substitute","|","|-heal|p2a: Meloetta|278/403|[from] item: Leftovers","|turn|8","|","|move|p2a: Meloetta|Calm Mind|p2a: Meloetta","|-boost|p2a: Meloetta|spa|1","|-boost|p2a: Meloetta|spd|1","|move|p1a: Egg|Seismic Toss|p2a: Meloetta","|-damage|p2a: Meloetta|178/403","|","|-heal|p2a: Meloetta|203/403|[from] item: Leftovers","|turn|9","|","|move|p2a: Meloetta|Substitute|p2a: Meloetta","|-start|p2a: Meloetta|Substitute","|-damage|p2a: Meloetta|103/403","|move|p1a: Egg|Seismic Toss|p2a: Meloetta","|-end|p2a: Meloetta|Substitute","|","|-heal|p2a: Meloetta|128/403|[from] item: Leftovers","|turn|10","|","|move|p2a: Meloetta|Psyshock|p1a: Egg","|-damage|p1a: Egg|345/703","|move|p1a: Egg|Seismic Toss|p2a: Meloetta","|-damage|p2a: Meloetta|28/403","|","|-heal|p2a: Meloetta|53/403|[from] item: Leftovers","|turn|11","|","|move|p2a: Meloetta|Psyshock|p1a: Egg","|-crit|p1a: Egg","|-damage|p1a: Egg|0 fnt","|faint|p1a: Egg","|","|-heal|p2a: Meloetta|78/403|[from] item: Leftovers","|","|switch|p1a: Merica|Braviary, M, shiny|341/341","|turn|12","|","|move|p1a: Merica|Thrash|p2a: Meloetta","|-damage|p2a: Meloetta|0 fnt","|faint|p2a: Meloetta","|","|","|switch|p2a: Slowbro|Slowbro, F|394/394","|turn|13","|","|move|p1a: Merica|Thrash|p2a: Slowbro|[from]lockedmove","|-crit|p2a: Slowbro","|-damage|p2a: Slowbro|187/394","|move|p2a: Slowbro|Thunder Wave|p1a: Merica","|-status|p1a: Merica|par","|","|-heal|p2a: Slowbro|211/394|[from] item: Leftovers","|turn|14","|","|cant|p1a: Merica|par","|move|p2a: Slowbro|Slack Off|p2a: Slowbro","|-heal|p2a: Slowbro|394/394","|","|-start|p1a: Merica|confusion|[fatigue]","|turn|15","|","|-activate|p1a: Merica|confusion","|cant|p1a: Merica|par","|move|p2a: Slowbro|Scald|p1a: Merica","|-damage|p1a: Merica|215/341 par","|","|turn|16","|","|-end|p1a: Merica|confusion","|move|p1a: Merica|Thrash|p2a: Slowbro","|-crit|p2a: Slowbro","|-damage|p2a: Slowbro|201/394","|move|p2a: Slowbro|Scald|p1a: Merica","|-damage|p1a: Merica|92/341 par","|","|-heal|p2a: Slowbro|225/394|[from] item: Leftovers","|turn|17","|","|move|p1a: Merica|Thrash|p2a: Slowbro|[from]lockedmove","|-damage|p2a: Slowbro|87/394","|move|p2a: Slowbro|Slack Off|p2a: Slowbro","|-heal|p2a: Slowbro|284/394","|","|-heal|p2a: Slowbro|308/394|[from] item: Leftovers","|turn|18","|","|move|p1a: Merica|Thrash|p2a: Slowbro|[from]lockedmove","|-damage|p2a: Slowbro|157/394","|-start|p1a: Merica|confusion|[fatigue]","|move|p2a: Slowbro|Slack Off|p2a: Slowbro","|-heal|p2a: Slowbro|354/394","|","|-heal|p2a: Slowbro|378/394|[from] item: Leftovers","|turn|19","|","|-activate|p1a: Merica|confusion","|-damage|p1a: Merica|36/341 par|[from] confusion","|move|p2a: Slowbro|Scald|p1a: Merica","|-damage|p1a: Merica|0 fnt","|faint|p1a: Merica","|","|-heal|p2a: Slowbro|394/394|[from] item: Leftovers","|","|switch|p1a: Melo|Meloetta|403/403","|turn|20","|","|switch|p2a: Y U UNBAN!!!!!|Gallade, M|277/277","|move|p1a: Melo|Shadow Ball|p2a: Y U UNBAN!!!!!","|-supereffective|p2a: Y U UNBAN!!!!!","|-damage|p2a: Y U UNBAN!!!!!|77/277","|","|turn|21","|","|detailschange|p2a: Y U UNBAN!!!!!|Gallade-Mega, M","|-mega|p2a: Y U UNBAN!!!!!|Gallade|Galladite","|move|p2a: Y U UNBAN!!!!!|Knock Off|p1a: Melo","|-supereffective|p1a: Melo","|-damage|p1a: Melo|59/403","|-enditem|p1a: Melo|Assault Vest|[from] move: Knock Off|[of] p2a: Y U UNBAN!!!!!","|move|p1a: Melo|Shadow Ball|p2a: Y U UNBAN!!!!!","|-crit|p2a: Y U UNBAN!!!!!","|-supereffective|p2a: Y U UNBAN!!!!!","|-damage|p2a: Y U UNBAN!!!!!|0 fnt","|faint|p2a: Y U UNBAN!!!!!","|","|","|switch|p2a: Victini|Victini|341/341","|turn|22","|","|move|p2a: Victini|U-turn|p1a: Melo","|-supereffective|p1a: Melo","|-damage|p1a: Melo|0 fnt","|faint|p1a: Melo","|","|switch|p2a: Hoopa-Unbound|Hoopa-Unbound|301/301","|","|","|switch|p1a: FanService|Lopunny-Mega, F|271/271","|turn|23","|","|move|p1a: FanService|Fake Out|p2a: Hoopa-Unbound","|-damage|p2a: Hoopa-Unbound|183/301","|cant|p2a: Hoopa-Unbound|flinch","|","|turn|24","|","|move|p2a: Hoopa-Unbound|Drain Punch|p1a: FanService","|-supereffective|p1a: FanService","|-damage|p1a: FanService|57/271","|-heal|p2a: Hoopa-Unbound|290/301|[from] drain|[of] p1a: FanService","|move|p1a: FanService|Frustration|p2a: Hoopa-Unbound","|-damage|p2a: Hoopa-Unbound|0 fnt","|faint|p2a: Hoopa-Unbound","|","|","|switch|p2a: Victini|Victini|341/341","|turn|25","|","|move|p2a: Victini|U-turn|p1a: FanService","|-resisted|p1a: FanService","|-damage|p1a: FanService|20/271","|","|switch|p2a: Mew|Mew|378/403 tox","|move|p1a: FanService|Frustration|p2a: Mew","|-damage|p2a: Mew|206/403 tox","|","|-heal|p2a: Mew|231/403 tox|[from] item: Leftovers","|-damage|p2a: Mew|206/403 tox|[from] psn","|turn|26","|","|move|p1a: FanService|Frustration|p2a: Mew","|-damage|p2a: Mew|32/403 tox","|move|p2a: Mew|Will-O-Wisp|p1a: FanService|[miss]","|-miss|p2a: Mew|p1a: FanService","|","|-heal|p2a: Mew|57/403 tox|[from] item: Leftovers","|-damage|p2a: Mew|7/403 tox|[from] psn","|turn|27","|","|move|p1a: FanService|Frustration|p2a: Mew","|-damage|p2a: Mew|0 fnt","|faint|p2a: Mew","|","|","|switch|p2a: Victini|Victini|341/341","|turn|28","|","|move|p2a: Victini|U-turn|p1a: FanService","|-resisted|p1a: FanService","|-damage|p1a: FanService|0 fnt","|faint|p1a: FanService","|","|switch|p2a: Slowbro|Slowbro, F|394/394","|","|","|switch|p1a: DJ|Exploud, M|411/411","|turn|29","|","|move|p1a: DJ|Boomburst|p2a: Slowbro","|-damage|p2a: Slowbro|106/394","|move|p2a: Slowbro|Thunder Wave|p1a: DJ","|-status|p1a: DJ|par","|","|-heal|p2a: Slowbro|130/394|[from] item: Leftovers","|turn|30","|","|move|p2a: Slowbro|Scald|p1a: DJ","|-crit|p1a: DJ","|-damage|p1a: DJ|240/411 par","|move|p1a: DJ|Boomburst|p2a: Slowbro","|-crit|p2a: Slowbro","|-damage|p2a: Slowbro|0 fnt","|faint|p2a: Slowbro","|","|","|switch|p2a: Victini|Victini|341/341","|turn|31","|","|move|p2a: Victini|V-create|p1a: DJ","|-damage|p1a: DJ|0 fnt","|-unboost|p2a: Victini|spe|1","|-unboost|p2a: Victini|def|1","|-unboost|p2a: Victini|spd|1","|faint|p1a: DJ","|","|","|switch|p1a: Dough|Snorlax, M|523/523","|turn|32","|","|move|p2a: Victini|V-create|p1a: Dough","|-damage|p1a: Dough|334/523","|-unboost|p2a: Victini|spe|1","|-unboost|p2a: Victini|def|1","|-unboost|p2a: Victini|spd|1","|move|p1a: Dough|Crunch|p2a: Victini","|-supereffective|p2a: Victini","|-damage|p2a: Victini|0 fnt","|faint|p2a: Victini","|","|win|LightOfAKnowing"],"p1rating":{"entryid":"386","serverid":"eos","formatid":"monotype","userid":"lightofaknowing","username":"LightOfAKnowing","w":15,"l":"29","t":"0","gxe":38.2,"r":"1419.9952408759","rd":"58.070774011908","sigma":"0","rptime":"1440320400","rpr":1408.7450252216,"rprd":53.540783459112,"rpsigma":"0","acre":1067.6915685343,"lacre":1067.6915685343,"oldacre":"1011.5270815833"},"p2rating":{"entryid":"161090","serverid":"eos","formatid":"monotype","userid":"knightmiku","username":"Knight Miku","w":"7","l":4,"t":"0","gxe":59.9,"r":"1608.8893408657","rd":"87.92912838374","sigma":"0","rptime":"1440320400","rpr":1577.7711580352,"rprd":85.927299202114,"rpsigma":"0","acre":1150.9636573276,"lacre":1150.9636573276,"oldacre":"1187.6523891922"},"endType":"normal"}