{"seed":[19826,12014,57286,49435],"turns":31,"p1":"GTX♅Bzumzum","p2":"Guard Wanderer","p1team":[{"name":"Thorns","species":"ferrothorn","item":"rockyhelmet","ability":"Iron Barbs","moves":["stealthrock","gyroball","leechseed","protect"],"nature":"Jolly","evs":{"hp":128,"atk":100,"def":116,"spa":0,"spd":120,"spe":44},"gender":"M","ivs":{"hp":31,"atk":31,"def":31,"spa":31,"spd":31,"spe":0}},{"name":"Brawloom","species":"breloom","item":"focussash","ability":"Technician","moves":["bulletseed","rocktomb","machpunch","spore"],"nature":"Jolly","evs":{"hp":4,"atk":252,"def":0,"spa":0,"spd":0,"spe":252},"gender":"M","shiny":true,"ivs":{"hp":31,"atk":31,"def":31,"spa":31,"spd":31,"spe":31}},{"name":"Healer","species":"shaymin","item":"leftovers","ability":"Natural Cure","moves":["aromatherapy","earthpower","airslash","seedflare"],"nature":"Calm","evs":{"hp":0,"atk":0,"def":0,"spa":252,"spd":4,"spe":252},"shiny":true,"ivs":{"hp":31,"atk":31,"def":31,"spa":31,"spd":31,"spe":31}},{"name":"Ludicool","species":"ludicolo","item":"leftovers","ability":"Swift Swim","moves":["icebeam","scald","gigadrain","raindance"],"nature":"Modest","evs":{"hp":200,"atk":0,"def":0,"spa":184,"spd":4,"spe":120},"gender":"M","shiny":true,"ivs":{"hp":31,"atk":31,"def":31,"spa":31,"spd":31,"spe":31}},{"name":"Great-ily","species":"cradily","item":"leftovers","ability":"Storm Drain","moves":["ancientpower","earthpower","recover","toxic"],"nature":"Calm","evs":{"hp":232,"atk":24,"def":0,"spa":0,"spd":252,"spe":0},"gender":"M","shiny":true,"ivs":{"hp":31,"atk":31,"def":31,"spa":31,"spd":31,"spe":31}},{"name":"Plantasaurus","species":"venusaur","item":"venusaurite","ability":"Chlorophyll","moves":["gigadrain","hiddenpowerfire","sludgebomb","synthesis"],"nature":"Modest","evs":{"hp":0,"atk":0,"def":68,"spa":188,"spd":0,"spe":252},"gender":"M","ivs":{"hp":31,"atk":30,"def":31,"spa":30,"spd":31,"spe":30},"shiny":true}],"p2team":[{"name":"Ferrothorn","species":"Ferrothorn","item":"rockyhelmet","ability":"Iron Barbs","moves":["knockoff","stealthrock","thunderwave","sunnyday"],"nature":"Relaxed","evs":{"hp":248,"atk":8,"def":252,"spa":0,"spd":0,"spe":0},"ivs":{"hp":31,"atk":31,"def":31,"spa":31,"spd":31,"spe":0}},{"name":"Rotom-Mow","species":"Rotom-Mow","item":"choicescarf","ability":"Levitate","moves":["trick","willowisp","discharge","voltswitch"],"nature":"Timid","evs":{"hp":0,"atk":0,"def":0,"spa":252,"spd":4,"spe":252},"ivs":{"hp":31,"atk":31,"def":31,"spa":31,"spd":31,"spe":31}},{"name":"Ludicolo","species":"Ludicolo","item":"bindingband","ability":"Swift Swim","moves":["raindance","scald","leechseed","whirlpool"],"nature":"Modest","evs":{"hp":248,"atk":0,"def":0,"spa":252,"spd":8,"spe":0},"ivs":{"hp":31,"atk":31,"def":31,"spa":31,"spd":31,"spe":31}},{"name":"Sawsbuck","species":"Sawsbuck","item":"silkscarf","ability":"Chlorophyll","moves":["return","attract","retaliate","thunderwave"],"nature":"Adamant","evs":{"hp":0,"atk":252,"def":0,"spa":0,"spd":4,"spe":252},"gender":"F","ivs":{"hp":31,"atk":31,"def":31,"spa":31,"spd":31,"spe":31}},{"name":"Serperior","species":"Serperior","item":"miracleseed","ability":"Contrary","moves":["substitute","dragonpulse","leafstorm","hiddenpowerrock"],"nature":"Timid","evs":{"hp":0,"atk":0,"def":0,"spa":252,"spd":4,"spe":252},"ivs":{"hp":31,"atk":31,"def":30,"spa":31,"spd":30,"spe":30}},{"name":"Cacturne","species":"Cacturne","item":"focussash","ability":"Sand Veil","moves":["suckerpunch","spikyshield","swordsdance","drainpunch"],"nature":"Adamant","evs":{"hp":248,"atk":252,"def":0,"spa":0,"spd":8,"spe":0},"ivs":{"hp":31,"atk":31,"def":31,"spa":31,"spd":31,"spe":31}}],"log":["|player|p1|GTX♅Bzumzum|225","|player|p2|Guard Wanderer|235","|gametype|singles","|gen|6","|tier|Monotype","|rated","|rule|Baton Pass Clause: Limit one Baton Passer, can't pass Spe and other stats simultaneously","|rule|Swagger Clause: Swagger is banned","|rule|Same Type Clause: Pokémon in a team must share a type","|clearpoke","|poke|p1|Ferrothorn, M","|poke|p1|Breloom, M, shiny","|poke|p1|Shaymin, shiny","|poke|p1|Ludicolo, M, shiny","|poke|p1|Cradily, M, shiny","|poke|p1|Venusaur, M, shiny","|poke|p2|Ferrothorn, F","|poke|p2|Rotom-Mow","|poke|p2|Ludicolo, F","|poke|p2|Sawsbuck, F","|poke|p2|Serperior, M","|poke|p2|Cacturne, M","|rule|Sleep Clause Mod: Limit one foe put to sleep","|rule|Species Clause: Limit one of each Pokémon","|rule|OHKO Clause: OHKO moves are banned","|rule|Moody Clause: Moody is banned","|rule|Evasion Moves Clause: Evasion moves are banned","|rule|Endless Battle Clause: Forcing endless battles is banned","|rule|HP Percentage Mod: HP is shown in percentages","|teampreview","|","|start","|switch|p1a: Thorns|Ferrothorn, M|321/321","|switch|p2a: Ferrothorn|Ferrothorn, F|351/351","|turn|1","|","|switch|p1a: Brawloom|Breloom, M, shiny|262/262","|move|p2a: Ferrothorn|Stealth Rock|p1a: Brawloom","|-sidestart|p1: GTX♅Bzumzum|move: Stealth Rock","|","|turn|2","|","|move|p1a: Brawloom|Rock Tomb|p2a: Ferrothorn","|-resisted|p2a: Ferrothorn","|-damage|p2a: Ferrothorn|318/351","|-unboost|p2a: Ferrothorn|spe|1","|move|p2a: Ferrothorn|Thunder Wave|p1a: Brawloom","|-status|p1a: Brawloom|par","|","|turn|3","|","|move|p1a: Brawloom|Rock Tomb|p2a: Ferrothorn","|-resisted|p2a: Ferrothorn","|-damage|p2a: Ferrothorn|284/351","|-unboost|p2a: Ferrothorn|spe|1","|move|p2a: Ferrothorn|Knock Off|p1a: Brawloom","|-resisted|p1a: Brawloom","|-damage|p1a: Brawloom|219/262 par","|-enditem|p1a: Brawloom|Focus Sash|[from] move: Knock Off|[of] p2a: Ferrothorn","|","|turn|4","|","|switch|p1a: Thorns|Ferrothorn, M|321/321","|-damage|p1a: Thorns|301/321|[from] Stealth Rock","|move|p2a: Ferrothorn|Sunny Day|p2a: Ferrothorn","|-weather|SunnyDay","|","|-weather|SunnyDay|[upkeep]","|turn|5","|","|switch|p2a: Rotom-Mow|Rotom-Mow|241/241","|move|p1a: Thorns|Stealth Rock|p2a: Rotom-Mow","|-sidestart|p2: Guard Wanderer|move: Stealth Rock","|","|-weather|SunnyDay|[upkeep]","|turn|6","|","|move|p2a: Rotom-Mow|Will-O-Wisp|p1a: Thorns","|-status|p1a: Thorns|brn","|move|p1a: Thorns|Gyro Ball|p2a: Rotom-Mow","|-resisted|p2a: Rotom-Mow","|-damage|p2a: Rotom-Mow|198/241","|","|-weather|SunnyDay|[upkeep]","|-damage|p1a: Thorns|261/321 brn|[from] brn","|turn|7","|","|switch|p2a: Ludicolo|Ludicolo, F|363/363","|-damage|p2a: Ludicolo|318/363|[from] Stealth Rock","|switch|p1a: Healer|Shaymin, shiny|341/341","|-damage|p1a: Healer|299/341|[from] Stealth Rock","|","|-weather|SunnyDay|[upkeep]","|-heal|p1a: Healer|320/341|[from] item: Leftovers","|turn|8","|","|move|p1a: Healer|Aromatherapy|p1a: Healer","|-cureteam|p1a: Healer|[from] move: Aromatherapy","|move|p2a: Ludicolo|Whirlpool|p1a: Healer","|-resisted|p1a: Healer","|-damage|p1a: Healer|309/341","|-activate|p1a: Healer|move: Whirlpool|[of] p2a: Ludicolo","|","|-weather|none","|-heal|p1a: Healer|330/341|[from] item: Leftovers","|-damage|p1a: Healer|274/341|[from] move: Whirlpool|[partiallytrapped]","|turn|9","|","|move|p1a: Healer|Air Slash|p2a: Ludicolo","|-supereffective|p2a: Ludicolo","|-damage|p2a: Ludicolo|174/363","|cant|p2a: Ludicolo|flinch","|","|-heal|p1a: Healer|295/341|[from] item: Leftovers","|-damage|p1a: Healer|239/341|[from] move: Whirlpool|[partiallytrapped]","|turn|10","|","|switch|p2a: Rotom-Mow|Rotom-Mow|198/241","|-damage|p2a: Rotom-Mow|168/241|[from] Stealth Rock","|move|p1a: Healer|Seed Flare|p2a: Rotom-Mow|[miss]","|-miss|p1a: Healer|p2a: Rotom-Mow","|","|-heal|p1a: Healer|260/341|[from] item: Leftovers","|turn|11","|","|move|p2a: Rotom-Mow|Trick|p1a: Healer","|-activate|p2a: Rotom-Mow|move: Trick|[of] p1a: Healer","|-item|p1a: Healer|Choice Scarf|[from] move: Trick","|-item|p2a: Rotom-Mow|Leftovers|[from] move: Trick","|move|p1a: Healer|Air Slash|p2a: Rotom-Mow","|-damage|p2a: Rotom-Mow|93/241","|","|-heal|p2a: Rotom-Mow|108/241|[from] item: Leftovers","|turn|12","|","|move|p1a: Healer|Air Slash|p2a: Rotom-Mow","|-damage|p2a: Rotom-Mow|36/241","|move|p2a: Rotom-Mow|Will-O-Wisp|p1a: Healer|[miss]","|-miss|p2a: Rotom-Mow|p1a: Healer","|","|-heal|p2a: Rotom-Mow|51/241|[from] item: Leftovers","|turn|13","|","|move|p1a: Healer|Air Slash|p2a: Rotom-Mow","|-damage|p2a: Rotom-Mow|0 fnt","|faint|p2a: Rotom-Mow","|","|","|switch|p2a: Ferrothorn|Ferrothorn, F|284/351","|-damage|p2a: Ferrothorn|263/351|[from] Stealth Rock","|turn|14","|","|switch|p1a: Thorns|Ferrothorn, M|261/321","|-damage|p1a: Thorns|241/321|[from] Stealth Rock","|move|p2a: Ferrothorn|Thunder Wave|p1a: Thorns","|-status|p1a: Thorns|par","|","|turn|15","|","|move|p2a: Ferrothorn|Knock Off|p1a: Thorns","|-damage|p1a: Thorns|188/321 par","|-damage|p2a: Ferrothorn|220/351|[from] ability: Iron Barbs|[of] p1a: Thorns","|-damage|p2a: Ferrothorn|162/351|[from] item: Rocky Helmet|[of] p1a: Thorns","|-enditem|p1a: Thorns|Rocky Helmet|[from] move: Knock Off|[of] p2a: Ferrothorn","|move|p1a: Thorns|Gyro Ball|p2a: Ferrothorn","|-resisted|p2a: Ferrothorn","|-damage|p2a: Ferrothorn|140/351","|-damage|p1a: Thorns|148/321 par|[from] ability: Iron Barbs|[of] p2a: Ferrothorn","|-damage|p1a: Thorns|95/321 par|[from] item: Rocky Helmet|[of] p2a: Ferrothorn","|","|turn|16","|","|move|p1a: Thorns|Protect|p1a: Thorns","|-singleturn|p1a: Thorns|Protect","|move|p2a: Ferrothorn|Sunny Day|p2a: Ferrothorn","|-weather|SunnyDay","|","|-weather|SunnyDay|[upkeep]","|turn|17","|","|switch|p1a: Brawloom|Breloom, M, shiny|219/262","|-damage|p1a: Brawloom|203/262|[from] Stealth Rock","|move|p2a: Ferrothorn|Knock Off|p1a: Brawloom","|-resisted|p1a: Brawloom","|-damage|p1a: Brawloom|175/262","|","|-weather|SunnyDay|[upkeep]","|turn|18","|","|move|p1a: Brawloom|Rock Tomb|p2a: Ferrothorn","|-resisted|p2a: Ferrothorn","|-damage|p2a: Ferrothorn|109/351","|-unboost|p2a: Ferrothorn|spe|1","|move|p2a: Ferrothorn|Thunder Wave|p1a: Brawloom","|-status|p1a: Brawloom|par","|","|-weather|SunnyDay|[upkeep]","|turn|19","|","|switch|p1a: Healer|Shaymin, shiny|260/341","|-damage|p1a: Healer|218/341|[from] Stealth Rock","|move|p2a: Ferrothorn|Knock Off|p1a: Healer","|-damage|p1a: Healer|147/341","|-enditem|p1a: Healer|Choice Scarf|[from] move: Knock Off|[of] p2a: Ferrothorn","|","|-weather|SunnyDay|[upkeep]","|turn|20","|","|switch|p2a: Serperior|Serperior, M|291/291","|-damage|p2a: Serperior|255/291|[from] Stealth Rock","|move|p1a: Healer|Air Slash|p2a: Serperior","|-supereffective|p2a: Serperior","|-damage|p2a: Serperior|89/291","|","|-weather|none","|turn|21","|","|move|p2a: Serperior|Dragon Pulse|p1a: Healer","|-damage|p1a: Healer|80/341","|move|p1a: Healer|Aromatherapy|p1a: Healer","|-cureteam|p1a: Healer|[from] move: Aromatherapy","|","|turn|22","|","|move|p2a: Serperior|Leaf Storm|p1a: Healer","|-resisted|p1a: Healer","|-damage|p1a: Healer|0 fnt","|-boost|p2a: Serperior|spa|2","|faint|p1a: Healer","|","|","|switch|p1a: Brawloom|Breloom, M, shiny|175/262","|-damage|p1a: Brawloom|159/262|[from] Stealth Rock","|turn|23","|","|switch|p2a: Ferrothorn|Ferrothorn, F|109/351","|-damage|p2a: Ferrothorn|88/351|[from] Stealth Rock","|move|p1a: Brawloom|Mach Punch|p2a: Ferrothorn","|-supereffective|p2a: Ferrothorn","|-damage|p2a: Ferrothorn|0 fnt","|-damage|p1a: Brawloom|127/262|[from] ability: Iron Barbs|[of] p2a: Ferrothorn","|-damage|p1a: Brawloom|84/262|[from] item: Rocky Helmet|[of] p2a: Ferrothorn","|faint|p2a: Ferrothorn","|","|","|switch|p2a: Cacturne|Cacturne, M|343/343","|-damage|p2a: Cacturne|301/343|[from] Stealth Rock","|turn|24","|","|switch|p1a: Thorns|Ferrothorn, M|95/321","|-damage|p1a: Thorns|75/321|[from] Stealth Rock","|move|p2a: Cacturne|Spiky Shield|p2a: Cacturne","|-fail|p2a: Cacturne","|","|turn|25","|","|move|p2a: Cacturne|Swords Dance|p2a: Cacturne","|-boost|p2a: Cacturne|atk|2","|move|p1a: Thorns|Leech Seed|p2a: Cacturne","|-immune|p2a: Cacturne|[msg]","|","|turn|26","|","|move|p2a: Cacturne|Drain Punch|p1a: Thorns","|-supereffective|p1a: Thorns","|-damage|p1a: Thorns|0 fnt","|-heal|p2a: Cacturne|339/343|[from] drain|[of] p1a: Thorns","|-damage|p2a: Cacturne|297/343|[from] ability: Iron Barbs|[of] p1a: Thorns","|faint|p1a: Thorns","|","|","|switch|p1a: Brawloom|Breloom, M, shiny|84/262","|-damage|p1a: Brawloom|68/262|[from] Stealth Rock","|turn|27","|","|move|p2a: Cacturne|Spiky Shield|p2a: Cacturne","|-singleturn|p2a: Cacturne|move: Protect","|move|p1a: Brawloom|Spore|p2a: Cacturne","|-activate|p2a: Cacturne|Protect","|","|turn|28","|","|move|p1a: Brawloom|Mach Punch|p2a: Cacturne","|-supereffective|p2a: Cacturne","|-damage|p2a: Cacturne|0 fnt","|faint|p2a: Cacturne","|","|","|switch|p2a: Sawsbuck|Sawsbuck, F|301/301","|-damage|p2a: Sawsbuck|264/301|[from] Stealth Rock","|turn|29","|","|move|p1a: Brawloom|Mach Punch|p2a: Sawsbuck","|-supereffective|p2a: Sawsbuck","|-damage|p2a: Sawsbuck|0 fnt","|faint|p2a: Sawsbuck","|","|","|switch|p2a: Ludicolo|Ludicolo, F|174/363","|-damage|p2a: Ludicolo|129/363|[from] Stealth Rock","|turn|30","|","|move|p1a: Brawloom|Mach Punch|p2a: Ludicolo","|-damage|p2a: Ludicolo|0 fnt","|faint|p2a: Ludicolo","|","|","|switch|p2a: Serperior|Serperior, M|89/291","|-damage|p2a: Serperior|53/291|[from] Stealth Rock","|turn|31","|","|move|p1a: Brawloom|Mach Punch|p2a: Serperior","|-damage|p2a: Serperior|0 fnt","|faint|p2a: Serperior","|","|win|GTX♅Bzumzum"],"p1rating":{"entryid":"1463","serverid":"eos","formatid":"monotype","userid":"gtxbzumzum","username":"GTX♅Bzumzum","w":13,"l":"32","t":"0","gxe":31.5,"r":"1340.026987092","rd":"54.495959817093","sigma":"0","rptime":"1440320400","rpr":1351.8708420111,"rprd":54.00597983103,"rpsigma":"0","acre":1103.4596613054,"lacre":1103.4596613054,"oldacre":"1065.7495295757"},"p2rating":{"entryid":"9966","serverid":"eos","formatid":"monotype","userid":"guardwanderer","username":"Guard Wanderer","w":"18","l":24,"t":"0","gxe":44.9,"r":"1517.3894601343","rd":"81.691557977629","sigma":"0","rptime":"1440320400","rpr":1461.0718592373,"rprd":52.83609703494,"rpsigma":"0","acre":1123.6768799698,"lacre":1123.6768799698,"oldacre":"1154.9585418825"},"endType":"normal"}