{"seed":[19135,24765,10100,14829],"turns":45,"p1":"GTX♅Bzumzum","p2":"GTX♅Asian","p1team":[{"name":"Thorns","species":"ferrothorn","item":"rockyhelmet","ability":"Iron Barbs","moves":["stealthrock","gyroball","leechseed","protect"],"nature":"Jolly","evs":{"hp":128,"atk":100,"def":116,"spa":0,"spd":120,"spe":44},"gender":"M","ivs":{"hp":31,"atk":31,"def":31,"spa":31,"spd":31,"spe":0}},{"name":"Brawloom","species":"breloom","item":"focussash","ability":"Technician","moves":["bulletseed","rocktomb","machpunch","spore"],"nature":"Jolly","evs":{"hp":4,"atk":252,"def":0,"spa":0,"spd":0,"spe":252},"gender":"M","shiny":true,"ivs":{"hp":31,"atk":31,"def":31,"spa":31,"spd":31,"spe":31}},{"name":"Healer","species":"shaymin","item":"leftovers","ability":"Natural Cure","moves":["aromatherapy","earthpower","airslash","seedflare"],"nature":"Calm","evs":{"hp":0,"atk":0,"def":0,"spa":252,"spd":4,"spe":252},"shiny":true,"ivs":{"hp":31,"atk":31,"def":31,"spa":31,"spd":31,"spe":31}},{"name":"Ludicool","species":"ludicolo","item":"leftovers","ability":"Swift Swim","moves":["icebeam","scald","gigadrain","raindance"],"nature":"Modest","evs":{"hp":200,"atk":0,"def":0,"spa":184,"spd":4,"spe":120},"gender":"M","shiny":true,"ivs":{"hp":31,"atk":31,"def":31,"spa":31,"spd":31,"spe":31}},{"name":"Great-ily","species":"cradily","item":"leftovers","ability":"Storm Drain","moves":["ancientpower","earthpower","recover","toxic"],"nature":"Calm","evs":{"hp":232,"atk":24,"def":0,"spa":0,"spd":252,"spe":0},"gender":"M","shiny":true,"ivs":{"hp":31,"atk":31,"def":31,"spa":31,"spd":31,"spe":31}},{"name":"Plantasaurus","species":"venusaur","item":"venusaurite","ability":"Chlorophyll","moves":["gigadrain","hiddenpowerfire","sludgebomb","synthesis"],"nature":"Modest","evs":{"hp":0,"atk":0,"def":68,"spa":188,"spd":0,"spe":252},"gender":"M","ivs":{"hp":31,"atk":30,"def":31,"spa":30,"spd":31,"spe":30},"shiny":true}],"p2team":[{"name":"Cloyster","species":"Cloyster","item":"focussash","ability":"Skill Link","moves":["shellsmash","iciclespear","rockblast","razorshell"],"nature":"Adamant","evs":{"hp":0,"atk":252,"def":0,"spa":0,"spd":4,"spe":252},"gender":"M","shiny":true,"ivs":{"hp":31,"atk":31,"def":31,"spa":31,"spd":31,"spe":31}},{"name":"Azumarill","species":"Azumarill","item":"assaultvest","ability":"Huge Power","moves":["aquajet","superpower","playrough","waterfall"],"nature":"Adamant","evs":{"hp":248,"atk":252,"def":0,"spa":0,"spd":8,"spe":0},"gender":"F","ivs":{"hp":31,"atk":30,"def":30,"spa":30,"spd":31,"spe":31}},{"name":"Rotom-Wash","species":"Rotom-Wash","item":"leftovers","ability":"Levitate","moves":["voltswitch","hydropump","painsplit","willowisp"],"nature":"Calm","evs":{"hp":252,"atk":0,"def":0,"spa":4,"spd":252,"spe":0},"ivs":{"hp":31,"atk":31,"def":31,"spa":31,"spd":31,"spe":31}},{"name":"Sharpedo","species":"Sharpedo","item":"sharpedonite","ability":"Speed Boost","moves":["protect","crunch","waterfall","icefang"],"nature":"Adamant","evs":{"hp":0,"atk":252,"def":0,"spa":0,"spd":4,"spe":252},"gender":"M","ivs":{"hp":31,"atk":31,"def":31,"spa":31,"spd":31,"spe":31}},{"name":"Keldeo","species":"Keldeo","item":"lifeorb","ability":"Justified","moves":["scald","secretsword","icywind","hiddenpowerelectric"],"nature":"Timid","evs":{"hp":0,"atk":0,"def":0,"spa":252,"spd":4,"spe":252},"ivs":{"hp":31,"atk":31,"def":31,"spa":30,"spd":31,"spe":31}},{"name":"Gastrodon","species":"Gastrodon","item":"leftovers","ability":"Storm Drain","moves":["scald","recover","toxic","earthpower"],"nature":"Bold","evs":{"hp":252,"atk":0,"def":252,"spa":4,"spd":0,"spe":0},"gender":"F","ivs":{"hp":31,"atk":31,"def":31,"spa":31,"spd":31,"spe":31}}],"log":["|player|p1|GTX♅Bzumzum|225","|player|p2|GTX♅Asian|222","|gametype|singles","|gen|6","|tier|Monotype","|rated","|rule|Baton Pass Clause: Limit one Baton Passer, can't pass Spe and other stats simultaneously","|rule|Swagger Clause: Swagger is banned","|rule|Same Type Clause: Pokémon in a team must share a type","|clearpoke","|poke|p1|Ferrothorn, M","|poke|p1|Breloom, M, shiny","|poke|p1|Shaymin, shiny","|poke|p1|Ludicolo, M, shiny","|poke|p1|Cradily, M, shiny","|poke|p1|Venusaur, M, shiny","|poke|p2|Cloyster, M, shiny","|poke|p2|Azumarill, F","|poke|p2|Rotom-Wash","|poke|p2|Sharpedo, M","|poke|p2|Keldeo","|poke|p2|Gastrodon, F","|rule|Sleep Clause Mod: Limit one foe put to sleep","|rule|Species Clause: Limit one of each Pokémon","|rule|OHKO Clause: OHKO moves are banned","|rule|Moody Clause: Moody is banned","|rule|Evasion Moves Clause: Evasion moves are banned","|rule|Endless Battle Clause: Forcing endless battles is banned","|rule|HP Percentage Mod: HP is shown in percentages","|teampreview","|","|start","|switch|p1a: Ludicool|Ludicolo, M, shiny|351/351","|switch|p2a: Cloyster|Cloyster, M, shiny|241/241","|turn|1","|","|switch|p2a: Azumarill|Azumarill, F|403/403","|move|p1a: Ludicool|Giga Drain|p2a: Azumarill","|-supereffective|p2a: Azumarill","|-damage|p2a: Azumarill|221/403","|","|turn|2","|","|switch|p1a: Thorns|Ferrothorn, M|321/321","|move|p2a: Azumarill|Play Rough|p1a: Thorns","|-resisted|p1a: Thorns","|-damage|p1a: Thorns|245/321","|-damage|p2a: Azumarill|171/403|[from] ability: Iron Barbs|[of] p1a: Thorns","|-damage|p2a: Azumarill|104/403|[from] item: Rocky Helmet|[of] p1a: Thorns","|","|turn|3","|","|switch|p2a: Keldeo|Keldeo|323/323","|move|p1a: Thorns|Stealth Rock|p2a: Keldeo","|-sidestart|p2: GTX♅Asian|move: Stealth Rock","|","|turn|4","|","|move|p2a: Keldeo|Secret Sword|p1a: Thorns","|-supereffective|p1a: Thorns","|-damage|p1a: Thorns|0 fnt","|-damage|p2a: Keldeo|291/323|[from] item: Life Orb","|faint|p1a: Thorns","|","|","|switch|p1a: Ludicool|Ludicolo, M, shiny|351/351","|turn|5","|","|move|p2a: Keldeo|Secret Sword|p1a: Ludicool","|-damage|p1a: Ludicool|85/351","|-damage|p2a: Keldeo|259/323|[from] item: Life Orb","|move|p1a: Ludicool|Giga Drain|p2a: Keldeo","|-supereffective|p2a: Keldeo","|-damage|p2a: Keldeo|7/323","|-heal|p1a: Ludicool|211/351|[from] drain|[of] p2a: Keldeo","|","|-heal|p1a: Ludicool|232/351|[from] item: Leftovers","|turn|6","|","|switch|p1a: Healer|Shaymin, shiny|341/341","|move|p2a: Keldeo|Secret Sword|p1a: Healer","|-damage|p1a: Healer|162/341","|-damage|p2a: Keldeo|0 fnt|[from] item: Life Orb","|faint|p2a: Keldeo","|","|-heal|p1a: Healer|183/341|[from] item: Leftovers","|","|switch|p2a: Sharpedo|Sharpedo, M|281/281","|-damage|p2a: Sharpedo|246/281|[from] Stealth Rock","|turn|7","|","|switch|p1a: Ludicool|Ludicolo, M, shiny|232/351","|detailschange|p2a: Sharpedo|Sharpedo-Mega, M","|-mega|p2a: Sharpedo|Sharpedo|Sharpedonite","|move|p2a: Sharpedo|Protect|p2a: Sharpedo","|-fail|p2a: Sharpedo","|","|-heal|p1a: Ludicool|253/351|[from] item: Leftovers","|turn|8","|","|move|p2a: Sharpedo|Protect|p2a: Sharpedo","|-singleturn|p2a: Sharpedo|Protect","|move|p1a: Ludicool|Giga Drain|p2a: Sharpedo","|-activate|p2a: Sharpedo|Protect","|","|-heal|p1a: Ludicool|274/351|[from] item: Leftovers","|turn|9","|","|move|p2a: Sharpedo|Ice Fang|p1a: Ludicool","|-damage|p1a: Ludicool|98/351","|move|p1a: Ludicool|Rain Dance|p1a: Ludicool","|-weather|RainDance","|","|-weather|RainDance|[upkeep]","|-heal|p1a: Ludicool|119/351|[from] item: Leftovers","|turn|10","|","|move|p1a: Ludicool|Giga Drain|p2a: Sharpedo","|-crit|p2a: Sharpedo","|-supereffective|p2a: Sharpedo","|-damage|p2a: Sharpedo|0 fnt","|-heal|p1a: Ludicool|242/351|[from] drain|[of] p2a: Sharpedo","|faint|p2a: Sharpedo","|","|-weather|RainDance|[upkeep]","|-heal|p1a: Ludicool|263/351|[from] item: Leftovers","|","|switch|p2a: Rotom-Wash|Rotom-Wash|304/304","|-damage|p2a: Rotom-Wash|266/304|[from] Stealth Rock","|turn|11","|","|move|p1a: Ludicool|Giga Drain|p2a: Rotom-Wash","|-supereffective|p2a: Rotom-Wash","|-damage|p2a: Rotom-Wash|122/304","|-heal|p1a: Ludicool|335/351|[from] drain|[of] p2a: Rotom-Wash","|move|p2a: Rotom-Wash|Will-O-Wisp|p1a: Ludicool|[miss]","|-miss|p2a: Rotom-Wash|p1a: Ludicool","|","|-weather|RainDance|[upkeep]","|-heal|p1a: Ludicool|351/351|[from] item: Leftovers","|-heal|p2a: Rotom-Wash|141/304|[from] item: Leftovers","|turn|12","|","|move|p1a: Ludicool|Giga Drain|p2a: Rotom-Wash","|-supereffective|p2a: Rotom-Wash","|-damage|p2a: Rotom-Wash|0 fnt","|faint|p2a: Rotom-Wash","|","|-weather|RainDance|[upkeep]","|","|switch|p2a: Azumarill|Azumarill, F|104/403","|-damage|p2a: Azumarill|54/403|[from] Stealth Rock","|turn|13","|","|move|p1a: Ludicool|Scald|p2a: Azumarill","|-resisted|p2a: Azumarill","|-damage|p2a: Azumarill|0 fnt","|faint|p2a: Azumarill","|","|-weather|none","|","|switch|p2a: Cloyster|Cloyster, M, shiny|241/241","|-damage|p2a: Cloyster|181/241|[from] Stealth Rock","|turn|14","|","|move|p2a: Cloyster|Shell Smash|p2a: Cloyster","|-unboost|p2a: Cloyster|def|1","|-unboost|p2a: Cloyster|spd|1","|-boost|p2a: Cloyster|atk|2","|-boost|p2a: Cloyster|spa|2","|-boost|p2a: Cloyster|spe|2","|move|p1a: Ludicool|Giga Drain|p2a: Cloyster","|-supereffective|p2a: Cloyster","|-damage|p2a: Cloyster|0 fnt","|faint|p2a: Cloyster","|","|","|switch|p2a: Gastrodon|Gastrodon, F|426/426","|-damage|p2a: Gastrodon|400/426|[from] Stealth Rock","|turn|15","|","|move|p1a: Ludicool|Ice Beam|p2a: Gastrodon","|-damage|p2a: Gastrodon|292/426","|move|p2a: Gastrodon|Recover|p2a: Gastrodon","|-heal|p2a: Gastrodon|426/426","|","|turn|16","|","|move|p1a: Ludicool|Ice Beam|p2a: Gastrodon","|-crit|p2a: Gastrodon","|-damage|p2a: Gastrodon|276/426","|move|p2a: Gastrodon|Toxic|p1a: Ludicool","|-status|p1a: Ludicool|tox","|","|-heal|p2a: Gastrodon|302/426|[from] item: Leftovers","|-damage|p1a: Ludicool|330/351 tox|[from] psn","|turn|17","|","|switch|p1a: Plantasaurus|Venusaur, M, shiny|301/301","|move|p2a: Gastrodon|Recover|p2a: Gastrodon","|-heal|p2a: Gastrodon|426/426","|","|turn|18","|","|detailschange|p1a: Plantasaurus|Venusaur-Mega, M, shiny","|-mega|p1a: Plantasaurus|Venusaur|Venusaurite","|move|p1a: Plantasaurus|Hidden Power|p2a: Gastrodon","|-resisted|p2a: Gastrodon","|-damage|p2a: Gastrodon|380/426","|move|p2a: Gastrodon|Earth Power|p1a: Plantasaurus","|-damage|p1a: Plantasaurus|217/301","|","|-heal|p2a: Gastrodon|406/426|[from] item: Leftovers","|turn|19","|","|move|p1a: Plantasaurus|Hidden Power|p2a: Gastrodon","|-resisted|p2a: Gastrodon","|-damage|p2a: Gastrodon|362/426","|move|p2a: Gastrodon|Scald|p1a: Plantasaurus","|-resisted|p1a: Plantasaurus","|-damage|p1a: Plantasaurus|178/301","|","|-heal|p2a: Gastrodon|388/426|[from] item: Leftovers","|turn|20","|","|move|p1a: Plantasaurus|Hidden Power|p2a: Gastrodon","|-resisted|p2a: Gastrodon","|-damage|p2a: Gastrodon|345/426","|move|p2a: Gastrodon|Earth Power|p1a: Plantasaurus","|-damage|p1a: Plantasaurus|88/301","|","|-heal|p2a: Gastrodon|371/426|[from] item: Leftovers","|turn|21","|","|move|p1a: Plantasaurus|Sludge Bomb|p2a: Gastrodon","|-resisted|p2a: Gastrodon","|-damage|p2a: Gastrodon|284/426","|-status|p2a: Gastrodon|psn","|move|p2a: Gastrodon|Earth Power|p1a: Plantasaurus","|-damage|p1a: Plantasaurus|9/301","|","|-heal|p2a: Gastrodon|310/426 psn|[from] item: Leftovers","|-damage|p2a: Gastrodon|257/426 psn|[from] psn","|turn|22","|","|move|p1a: Plantasaurus|Synthesis|p1a: Plantasaurus","|-heal|p1a: Plantasaurus|159/301","|move|p2a: Gastrodon|Scald|p1a: Plantasaurus","|-resisted|p1a: Plantasaurus","|-damage|p1a: Plantasaurus|120/301","|","|-heal|p2a: Gastrodon|283/426 psn|[from] item: Leftovers","|-damage|p2a: Gastrodon|230/426 psn|[from] psn","|turn|23","|","|move|p1a: Plantasaurus|Synthesis|p1a: Plantasaurus","|-heal|p1a: Plantasaurus|270/301","|move|p2a: Gastrodon|Recover|p2a: Gastrodon","|-heal|p2a: Gastrodon|426/426 psn","|","|-damage|p2a: Gastrodon|373/426 psn|[from] psn","|turn|24","|","|move|p1a: Plantasaurus|Synthesis|p1a: Plantasaurus","|-heal|p1a: Plantasaurus|301/301","|move|p2a: Gastrodon|Earth Power|p1a: Plantasaurus","|-damage|p1a: Plantasaurus|216/301","|","|-heal|p2a: Gastrodon|399/426 psn|[from] item: Leftovers","|-damage|p2a: Gastrodon|346/426 psn|[from] psn","|turn|25","|","|move|p1a: Plantasaurus|Hidden Power|p2a: Gastrodon","|-resisted|p2a: Gastrodon","|-damage|p2a: Gastrodon|306/426 psn","|move|p2a: Gastrodon|Scald|p1a: Plantasaurus","|-resisted|p1a: Plantasaurus","|-damage|p1a: Plantasaurus|181/301","|","|-heal|p2a: Gastrodon|332/426 psn|[from] item: Leftovers","|-damage|p2a: Gastrodon|279/426 psn|[from] psn","|turn|26","|","|move|p1a: Plantasaurus|Hidden Power|p2a: Gastrodon","|-resisted|p2a: Gastrodon","|-damage|p2a: Gastrodon|234/426 psn","|move|p2a: Gastrodon|Recover|p2a: Gastrodon","|-heal|p2a: Gastrodon|426/426 psn","|","|-damage|p2a: Gastrodon|373/426 psn|[from] psn","|turn|27","|","|move|p1a: Plantasaurus|Synthesis|p1a: Plantasaurus","|-heal|p1a: Plantasaurus|301/301","|move|p2a: Gastrodon|Earth Power|p1a: Plantasaurus","|-damage|p1a: Plantasaurus|213/301","|-unboost|p1a: Plantasaurus|spd|1","|","|-heal|p2a: Gastrodon|399/426 psn|[from] item: Leftovers","|-damage|p2a: Gastrodon|346/426 psn|[from] psn","|turn|28","|","|move|p1a: Plantasaurus|Synthesis|p1a: Plantasaurus","|-heal|p1a: Plantasaurus|301/301","|move|p2a: Gastrodon|Toxic|p1a: Plantasaurus","|-immune|p1a: Plantasaurus|[msg]","|","|-heal|p2a: Gastrodon|372/426 psn|[from] item: Leftovers","|-damage|p2a: Gastrodon|319/426 psn|[from] psn","|turn|29","|","|move|p1a: Plantasaurus|Hidden Power|p2a: Gastrodon","|-resisted|p2a: Gastrodon","|-damage|p2a: Gastrodon|274/426 psn","|move|p2a: Gastrodon|Scald|p1a: Plantasaurus","|-resisted|p1a: Plantasaurus","|-damage|p1a: Plantasaurus|241/301","|","|-heal|p2a: Gastrodon|300/426 psn|[from] item: Leftovers","|-damage|p2a: Gastrodon|247/426 psn|[from] psn","|turn|30","|","|move|p1a: Plantasaurus|Synthesis|p1a: Plantasaurus","|-heal|p1a: Plantasaurus|301/301","|move|p2a: Gastrodon|Recover|p2a: Gastrodon","|-heal|p2a: Gastrodon|426/426 psn","|","|-damage|p2a: Gastrodon|373/426 psn|[from] psn","|turn|31","|","|move|p1a: Plantasaurus|Hidden Power|p2a: Gastrodon","|-resisted|p2a: Gastrodon","|-damage|p2a: Gastrodon|328/426 psn","|move|p2a: Gastrodon|Earth Power|p1a: Plantasaurus","|-damage|p1a: Plantasaurus|166/301","|","|-heal|p2a: Gastrodon|354/426 psn|[from] item: Leftovers","|-damage|p2a: Gastrodon|301/426 psn|[from] psn","|turn|32","|","|move|p1a: Plantasaurus|Synthesis|p1a: Plantasaurus","|-heal|p1a: Plantasaurus|301/301","|move|p2a: Gastrodon|Earth Power|p1a: Plantasaurus","|-damage|p1a: Plantasaurus|166/301","|","|-heal|p2a: Gastrodon|327/426 psn|[from] item: Leftovers","|-damage|p2a: Gastrodon|274/426 psn|[from] psn","|turn|33","|","|move|p1a: Plantasaurus|Hidden Power|p2a: Gastrodon","|-resisted|p2a: Gastrodon","|-damage|p2a: Gastrodon|234/426 psn","|move|p2a: Gastrodon|Recover|p2a: Gastrodon","|-heal|p2a: Gastrodon|426/426 psn","|","|-damage|p2a: Gastrodon|373/426 psn|[from] psn","|turn|34","|","|move|p1a: Plantasaurus|Hidden Power|p2a: Gastrodon","|-resisted|p2a: Gastrodon","|-damage|p2a: Gastrodon|333/426 psn","|move|p2a: Gastrodon|Scald|p1a: Plantasaurus","|-resisted|p1a: Plantasaurus","|-damage|p1a: Plantasaurus|109/301","|","|-heal|p2a: Gastrodon|359/426 psn|[from] item: Leftovers","|-damage|p2a: Gastrodon|306/426 psn|[from] psn","|turn|35","|","|move|p1a: Plantasaurus|Synthesis|p1a: Plantasaurus","|-heal|p1a: Plantasaurus|259/301","|move|p2a: Gastrodon|Earth Power|p1a: Plantasaurus","|-damage|p1a: Plantasaurus|133/301","|","|-heal|p2a: Gastrodon|332/426 psn|[from] item: Leftovers","|-damage|p2a: Gastrodon|279/426 psn|[from] psn","|turn|36","|","|switch|p1a: Brawloom|Breloom, M, shiny|262/262","|move|p2a: Gastrodon|Earth Power|p1a: Brawloom","|-resisted|p1a: Brawloom","|-damage|p1a: Brawloom|192/262","|","|-heal|p2a: Gastrodon|305/426 psn|[from] item: Leftovers","|-damage|p2a: Gastrodon|252/426 psn|[from] psn","|turn|37","|","|move|p1a: Brawloom|Spore|p2a: Gastrodon","|-fail|p2a: Gastrodon","|move|p2a: Gastrodon|Toxic|p1a: Brawloom","|-status|p1a: Brawloom|tox","|","|-heal|p2a: Gastrodon|278/426 psn|[from] item: Leftovers","|-damage|p1a: Brawloom|176/262 tox|[from] psn","|-damage|p2a: Gastrodon|225/426 psn|[from] psn","|turn|38","|","|move|p1a: Brawloom|Spore|p2a: Gastrodon","|-fail|p2a: Gastrodon","|move|p2a: Gastrodon|Recover|p2a: Gastrodon","|-heal|p2a: Gastrodon|426/426 psn","|","|-damage|p1a: Brawloom|144/262 tox|[from] psn","|-damage|p2a: Gastrodon|373/426 psn|[from] psn","|turn|39","|","|switch|p1a: Healer|Shaymin, shiny|183/341","|move|p2a: Gastrodon|Scald|p1a: Healer","|-resisted|p1a: Healer","|-damage|p1a: Healer|139/341","|","|-heal|p1a: Healer|160/341|[from] item: Leftovers","|-heal|p2a: Gastrodon|399/426 psn|[from] item: Leftovers","|-damage|p2a: Gastrodon|346/426 psn|[from] psn","|turn|40","|","|move|p1a: Healer|Aromatherapy|p1a: Healer","|-cureteam|p1a: Healer|[from] move: Aromatherapy","|move|p2a: Gastrodon|Earth Power|p1a: Healer","|-resisted|p1a: Healer","|-damage|p1a: Healer|114/341","|","|-heal|p1a: Healer|135/341|[from] item: Leftovers","|-heal|p2a: Gastrodon|372/426 psn|[from] item: Leftovers","|-damage|p2a: Gastrodon|319/426 psn|[from] psn","|turn|41","|","|switch|p1a: Brawloom|Breloom, M, shiny|144/262","|move|p2a: Gastrodon|Toxic|p1a: Brawloom","|-status|p1a: Brawloom|tox","|","|-heal|p2a: Gastrodon|345/426 psn|[from] item: Leftovers","|-damage|p1a: Brawloom|128/262 tox|[from] psn","|-damage|p2a: Gastrodon|292/426 psn|[from] psn","|turn|42","|","|switch|p1a: Plantasaurus|Venusaur-Mega, M, shiny|133/301","|move|p2a: Gastrodon|Recover|p2a: Gastrodon","|-heal|p2a: Gastrodon|426/426 psn","|","|-damage|p2a: Gastrodon|373/426 psn|[from] psn","|turn|43","|","|switch|p1a: Great-ily|Cradily, M, shiny|371/371","|move|p2a: Gastrodon|Earth Power|p1a: Great-ily","|-damage|p1a: Great-ily|307/371","|","|-heal|p1a: Great-ily|330/371|[from] item: Leftovers","|-heal|p2a: Gastrodon|399/426 psn|[from] item: Leftovers","|-damage|p2a: Gastrodon|346/426 psn|[from] psn","|turn|44","|","|move|p1a: Great-ily|Toxic|p2a: Gastrodon","|-fail|p2a: Gastrodon","|move|p2a: Gastrodon|Scald|p1a: Great-ily","|-boost|p1a: Great-ily|spa|1|[from] ability: Storm Drain","|","|-heal|p1a: Great-ily|353/371|[from] item: Leftovers","|-heal|p2a: Gastrodon|372/426 psn|[from] item: Leftovers","|-damage|p2a: Gastrodon|319/426 psn|[from] psn","|turn|45","|","|win|GTX♅Bzumzum"],"p1rating":{"entryid":"1463","serverid":"eos","formatid":"monotype","userid":"gtxbzumzum","username":"GTX♅Bzumzum","w":16,"l":"33","t":"0","gxe":34.3,"r":"1340.026987092","rd":"54.495959817093","sigma":"0","rptime":"1440320400","rpr":1376.0575715234,"rprd":52.062388248115,"rpsigma":"0","acre":1138.9552576056,"lacre":1138.9552576056,"oldacre":"1119.3780216739"},"p2rating":{"entryid":"370034","serverid":"eos","formatid":"monotype","userid":"gtxasian","username":"GTX♅Asian","w":"1","l":1,"t":"0","gxe":45.7,"r":"1500","rd":"130","sigma":"0","rptime":"1440320400","rpr":1465.3538060066,"rprd":117.73616620292,"rpsigma":"0","acre":1029.9408804816,"lacre":1029.9408804816,"oldacre":"1042.799103767"},"endType":"forfeit"}