{"seed":[3778,32910,7147,58595],"turns":22,"p1":"BitTrippy","p2":"Guard Wanderer","p1team":[{"name":"One Shot?","species":"chansey","item":"eviolite","ability":"Natural Cure","moves":["toxic","softboiled","seismictoss","healbell"],"nature":"Bold","evs":{"hp":248,"atk":0,"def":252,"spa":0,"spd":8,"spe":0},"ivs":{"hp":31,"atk":31,"def":31,"spa":31,"spd":31,"spe":31}},{"name":"'murica fk yeah!","species":"braviary","item":"leftovers","ability":"Defiant","moves":["bravebird","bulkup","facade","roost"],"nature":"Careful","evs":{"hp":252,"atk":4,"def":0,"spa":0,"spd":252,"spe":0},"ivs":{"hp":31,"atk":31,"def":31,"spa":31,"spd":31,"spe":31}},{"name":"Alluhu Akbar","species":"staraptor","item":"choicescarf","ability":"Reckless","moves":["bravebird","doubleedge","finalgambit","uturn"],"nature":"Jolly","evs":{"hp":0,"atk":252,"def":0,"spa":0,"spd":4,"spe":252},"ivs":{"hp":31,"atk":31,"def":31,"spa":31,"spd":31,"spe":31}},{"name":"Brooklyn Slut","species":"lopunny","item":"lopunnite","ability":"Cute Charm","moves":["fakeout","highjumpkick","facade","poweruppunch"],"nature":"Jolly","evs":{"hp":0,"atk":252,"def":0,"spa":0,"spd":4,"spe":252},"gender":"F","ivs":{"hp":31,"atk":31,"def":31,"spa":31,"spd":31,"spe":31}},{"name":"Duck. EXE 2.0","species":"porygon2","item":"eviolite","ability":"Trace","moves":["thunderwave","triattack","recover","icebeam"],"nature":"Bold","evs":{"hp":252,"atk":0,"def":104,"spa":0,"spd":152,"spe":0},"ivs":{"hp":31,"atk":31,"def":31,"spa":31,"spd":31,"spe":31}},{"name":"Niggersby","species":"diggersby","item":"focussash","ability":"Huge Power","moves":["return","earthquake","quickattack","firepunch"],"nature":"Adamant","evs":{"hp":4,"atk":252,"def":0,"spa":0,"spd":0,"spe":252},"gender":"M","ivs":{"hp":31,"atk":31,"def":31,"spa":31,"spd":31,"spe":31}}],"p2team":[{"name":"Ferrothorn","species":"Ferrothorn","item":"rockyhelmet","ability":"Iron Barbs","moves":["knockoff","stealthrock","thunderwave","sunnyday"],"nature":"Relaxed","evs":{"hp":248,"atk":8,"def":252,"spa":0,"spd":0,"spe":0},"ivs":{"hp":31,"atk":31,"def":31,"spa":31,"spd":31,"spe":0}},{"name":"Rotom-Mow","species":"Rotom-Mow","item":"choicescarf","ability":"Levitate","moves":["trick","chargebeam","leafstorm","voltswitch"],"nature":"Timid","evs":{"hp":0,"atk":0,"def":0,"spa":252,"spd":4,"spe":252},"ivs":{"hp":31,"atk":31,"def":31,"spa":31,"spd":31,"spe":31}},{"name":"Ludicolo","species":"Ludicolo","item":"bindingband","ability":"Rain Dish","moves":["raindance","scald","leechseed","whirlpool"],"nature":"Modest","evs":{"hp":248,"atk":0,"def":0,"spa":252,"spd":8,"spe":0},"ivs":{"hp":31,"atk":31,"def":31,"spa":31,"spd":31,"spe":31}},{"name":"Gogoat","species":"Gogoat","item":"bigroot","ability":"Sap Sipper","moves":["hornleech","wildcharge","milkdrink","bulkup"],"nature":"Adamant","evs":{"hp":248,"atk":160,"def":0,"spa":0,"spd":100,"spe":0},"ivs":{"hp":31,"atk":31,"def":31,"spa":31,"spd":31,"spe":31}},{"name":"Sawsbuck","species":"Sawsbuck","item":"silkscarf","ability":"Chlorophyll","moves":["return","seedbomb","retaliate","thunderwave"],"nature":"Adamant","evs":{"hp":0,"atk":252,"def":0,"spa":0,"spd":4,"spe":252},"ivs":{"hp":31,"atk":31,"def":31,"spa":31,"spd":31,"spe":31}},{"name":"Venusaur","species":"Venusaur","item":"venusaurite","ability":"Overgrow","moves":["grassyterrain","charm","amnesia","gigadrain"],"nature":"Calm","evs":{"hp":248,"atk":0,"def":8,"spa":0,"spd":252,"spe":0},"ivs":{"hp":31,"atk":31,"def":31,"spa":31,"spd":31,"spe":31}}],"log":["|player|p1|BitTrippy|92","|player|p2|Guard Wanderer|235","|gametype|singles","|gen|6","|tier|Monotype","|rated","|rule|Baton Pass Clause: Limit one Baton Passer, can't pass Spe and other stats simultaneously","|rule|Swagger Clause: Swagger is banned","|rule|Same Type Clause: Pokémon in a team must share a type","|clearpoke","|poke|p1|Chansey, F","|poke|p1|Braviary, M","|poke|p1|Staraptor, F","|poke|p1|Lopunny, F","|poke|p1|Porygon2","|poke|p1|Diggersby, M","|poke|p2|Ferrothorn, F","|poke|p2|Rotom-Mow","|poke|p2|Ludicolo, M","|poke|p2|Gogoat, M","|poke|p2|Sawsbuck, F","|poke|p2|Venusaur, M","|rule|Sleep Clause Mod: Limit one foe put to sleep","|rule|Species Clause: Limit one of each Pokémon","|rule|OHKO Clause: OHKO moves are banned","|rule|Moody Clause: Moody is banned","|rule|Evasion Moves Clause: Evasion moves are banned","|rule|Endless Battle Clause: Forcing endless battles is banned","|rule|HP Percentage Mod: HP is shown in percentages","|teampreview","|","|start","|switch|p1a: Niggersby|Diggersby, M|312/312","|switch|p2a: Rotom-Mow|Rotom-Mow|241/241","|turn|1","|","|move|p2a: Rotom-Mow|Leaf Storm|p1a: Niggersby","|-supereffective|p1a: Niggersby","|-enditem|p1a: Niggersby|Focus Sash","|-damage|p1a: Niggersby|1/312","|-unboost|p2a: Rotom-Mow|spa|2","|move|p1a: Niggersby|Return|p2a: Rotom-Mow","|-damage|p2a: Rotom-Mow|15/241","|","|turn|2","|","|switch|p2a: Ferrothorn|Ferrothorn, F|351/351","|move|p1a: Niggersby|Quick Attack|p2a: Ferrothorn","|-resisted|p2a: Ferrothorn","|-damage|p2a: Ferrothorn|324/351","|-damage|p1a: Niggersby|0 fnt|[from] ability: Iron Barbs|[of] p2a: Ferrothorn","|faint|p1a: Niggersby","|","|","|switch|p1a: Brooklyn Slut|Lopunny, F|271/271","|turn|3","|","|detailschange|p1a: Brooklyn Slut|Lopunny-Mega, F","|-mega|p1a: Brooklyn Slut|Lopunny|Lopunnite","|move|p1a: Brooklyn Slut|High Jump Kick|p2a: Ferrothorn","|-supereffective|p2a: Ferrothorn","|-damage|p2a: Ferrothorn|22/351","|-damage|p1a: Brooklyn Slut|238/271|[from] ability: Iron Barbs|[of] p2a: Ferrothorn","|-damage|p1a: Brooklyn Slut|193/271|[from] item: Rocky Helmet|[of] p2a: Ferrothorn","|move|p2a: Ferrothorn|Thunder Wave|p1a: Brooklyn Slut","|-status|p1a: Brooklyn Slut|par","|","|turn|4","|","|move|p1a: Brooklyn Slut|Power-Up Punch|p2a: Ferrothorn","|-supereffective|p2a: Ferrothorn","|-damage|p2a: Ferrothorn|0 fnt","|-damage|p1a: Brooklyn Slut|160/271 par|[from] ability: Iron Barbs|[of] p2a: Ferrothorn","|-damage|p1a: Brooklyn Slut|115/271 par|[from] item: Rocky Helmet|[of] p2a: Ferrothorn","|-boost|p1a: Brooklyn Slut|atk|1","|faint|p2a: Ferrothorn","|","|","|switch|p2a: Sawsbuck|Sawsbuck, F|301/301","|turn|5","|","|switch|p1a: One Shot?|Chansey, F|703/703","|move|p2a: Sawsbuck|Retaliate|p1a: One Shot?","|-damage|p1a: One Shot?|334/703","|","|turn|6","|","|switch|p2a: Rotom-Mow|Rotom-Mow|15/241","|move|p1a: One Shot?|Soft-Boiled|p1a: One Shot?","|-heal|p1a: One Shot?|686/703","|","|turn|7","|","|move|p2a: Rotom-Mow|Trick|p1a: One Shot?","|-activate|p2a: Rotom-Mow|move: Trick|[of] p1a: One Shot?","|-item|p1a: One Shot?|Choice Scarf|[from] move: Trick","|-item|p2a: Rotom-Mow|Eviolite|[from] move: Trick","|move|p1a: One Shot?|Heal Bell|p1a: One Shot?","|-cureteam|p1a: One Shot?|[from] move: HealBell","|","|turn|8","|","|move|p2a: Rotom-Mow|Charge Beam|p1a: One Shot?","|-damage|p1a: One Shot?|610/703","|move|p1a: One Shot?|Heal Bell|p1a: One Shot?","|-cureteam|p1a: One Shot?|[from] move: HealBell","|","|turn|9","|","|switch|p1a: Brooklyn Slut|Lopunny-Mega, F|115/271","|move|p2a: Rotom-Mow|Charge Beam|p1a: Brooklyn Slut|[miss]","|-miss|p2a: Rotom-Mow|p1a: Brooklyn Slut","|","|turn|10","|","|move|p1a: Brooklyn Slut|Facade|p2a: Rotom-Mow","|-damage|p2a: Rotom-Mow|0 fnt","|faint|p2a: Rotom-Mow","|","|","|switch|p2a: Sawsbuck|Sawsbuck, F|301/301","|turn|11","|","|move|p1a: Brooklyn Slut|High Jump Kick|p2a: Sawsbuck","|-supereffective|p2a: Sawsbuck","|-damage|p2a: Sawsbuck|0 fnt","|faint|p2a: Sawsbuck","|","|","|switch|p2a: Venusaur|Venusaur, M|363/363","|turn|12","|","|detailschange|p2a: Venusaur|Venusaur-Mega, M","|-mega|p2a: Venusaur|Venusaur|Venusaurite","|move|p1a: Brooklyn Slut|High Jump Kick|p2a: Venusaur","|-resisted|p2a: Venusaur","|-damage|p2a: Venusaur|264/363","|move|p2a: Venusaur|Grassy Terrain|p2a: Venusaur","|-fieldstart|move: Grassy Terrain","|","|-heal|p1a: Brooklyn Slut|131/271|[from] Grassy Terrain","|-heal|p2a: Venusaur|286/363|[from] Grassy Terrain","|turn|13","|","|move|p1a: Brooklyn Slut|Facade|p2a: Venusaur","|-damage|p2a: Venusaur|187/363","|move|p2a: Venusaur|Charm|p1a: Brooklyn Slut","|-unboost|p1a: Brooklyn Slut|atk|2","|","|-heal|p1a: Brooklyn Slut|147/271|[from] Grassy Terrain","|-heal|p2a: Venusaur|209/363|[from] Grassy Terrain","|turn|14","|","|switch|p2a: Gogoat|Gogoat, M|449/449","|move|p1a: Brooklyn Slut|Power-Up Punch|p2a: Gogoat","|-damage|p2a: Gogoat|394/449","|-boost|p1a: Brooklyn Slut|atk|1","|","|-heal|p1a: Brooklyn Slut|163/271|[from] Grassy Terrain","|-heal|p2a: Gogoat|422/449|[from] Grassy Terrain","|turn|15","|","|move|p1a: Brooklyn Slut|Power-Up Punch|p2a: Gogoat","|-damage|p2a: Gogoat|347/449","|-boost|p1a: Brooklyn Slut|atk|1","|move|p2a: Gogoat|Bulk Up|p2a: Gogoat","|-boost|p2a: Gogoat|atk|1","|-boost|p2a: Gogoat|def|1","|","|-heal|p1a: Brooklyn Slut|179/271|[from] Grassy Terrain","|-heal|p2a: Gogoat|375/449|[from] Grassy Terrain","|turn|16","|","|move|p1a: Brooklyn Slut|High Jump Kick|p2a: Gogoat","|-damage|p2a: Gogoat|152/449","|move|p2a: Gogoat|Horn Leech|p1a: Brooklyn Slut","|-damage|p1a: Brooklyn Slut|0 fnt","|-heal|p2a: Gogoat|269/449|[from] drain|[of] p1a: Brooklyn Slut","|faint|p1a: Brooklyn Slut","|","|-fieldend|move: Grassy Terrain","|","|switch|p1a: One Shot?|Chansey, F|610/703","|turn|17","|","|move|p1a: One Shot?|Toxic|p2a: Gogoat","|-status|p2a: Gogoat|tox","|move|p2a: Gogoat|Bulk Up|p2a: Gogoat","|-boost|p2a: Gogoat|atk|1","|-boost|p2a: Gogoat|def|1","|","|-damage|p2a: Gogoat|241/449 tox|[from] psn","|turn|18","|","|move|p1a: One Shot?|Toxic|p2a: Gogoat","|-fail|p2a: Gogoat|tox","|move|p2a: Gogoat|Horn Leech|p1a: One Shot?","|-damage|p1a: One Shot?|171/703","|-heal|p2a: Gogoat|449/449 tox|[from] drain|[of] p1a: One Shot?","|","|-damage|p2a: Gogoat|393/449 tox|[from] psn","|turn|19","|","|move|p1a: One Shot?|Toxic|p2a: Gogoat","|-fail|p2a: Gogoat|tox","|move|p2a: Gogoat|Horn Leech|p1a: One Shot?","|-damage|p1a: One Shot?|0 fnt","|-heal|p2a: Gogoat|449/449 tox|[from] drain|[of] p1a: One Shot?","|faint|p1a: One Shot?","|","|-damage|p2a: Gogoat|365/449 tox|[from] psn","|","|switch|p1a: Alluhu Akbar|Staraptor, F|311/311","|turn|20","|","|move|p1a: Alluhu Akbar|Brave Bird|p2a: Gogoat","|-supereffective|p2a: Gogoat","|-damage|p2a: Gogoat|0 fnt","|-damage|p1a: Alluhu Akbar|191/311|[from] recoil|[of] p2a: Gogoat","|faint|p2a: Gogoat","|","|","|switch|p2a: Ludicolo|Ludicolo, M|363/363","|turn|21","|","|move|p1a: Alluhu Akbar|Brave Bird|p2a: Ludicolo","|-supereffective|p2a: Ludicolo","|-damage|p2a: Ludicolo|0 fnt","|-damage|p1a: Alluhu Akbar|71/311|[from] recoil|[of] p2a: Ludicolo","|faint|p2a: Ludicolo","|","|","|switch|p2a: Venusaur|Venusaur-Mega, M|209/363","|turn|22","|","|move|p1a: Alluhu Akbar|Brave Bird|p2a: Venusaur","|-supereffective|p2a: Venusaur","|-damage|p2a: Venusaur|0 fnt","|-damage|p1a: Alluhu Akbar|2/311|[from] recoil|[of] p2a: Venusaur","|faint|p2a: Venusaur","|","|win|BitTrippy"],"p1rating":{"entryid":"358118","serverid":"eos","formatid":"monotype","userid":"bittrippy","username":"BitTrippy","w":4,"l":"2","t":"0","gxe":56.9,"r":"1500","rd":"130","sigma":"0","rptime":"1440320400","rpr":1554.4465391727,"rprd":98.441784478247,"rpsigma":"0","acre":1119.3204549608,"lacre":1119.3204549608,"oldacre":"1101.4175968417"},"p2rating":{"entryid":"9966","serverid":"eos","formatid":"monotype","userid":"guardwanderer","username":"Guard Wanderer","w":"8","l":15,"t":"0","gxe":40,"r":"1517.3894601343","rd":"81.691557977629","sigma":"0","rptime":"1440320400","rpr":1422.6637082303,"rprd":67.188908998572,"rpsigma":"0","acre":1000,"lacre":1000,"oldacre":"1000"},"endType":"normal"}