{"seed":[11042,56549,16843,30850],"turns":32,"p1":"Alliance - Asurax","p2":"Alpha vodoom","p1team":[{"name":"Skarmory","species":"Skarmory","item":"rockyhelmet","ability":"Sturdy","moves":["roost","stealthrock","bravebird","whirlwind"],"nature":"Impish","evs":{"hp":248,"atk":0,"def":252,"spa":0,"spd":0,"spe":8},"ivs":{"hp":31,"atk":31,"def":31,"spa":31,"spd":31,"spe":31}},{"name":"Heatran","species":"Heatran","item":"airballoon","ability":"Flash Fire","moves":["lavaplume","earthpower","flashcannon","toxic"],"nature":"Calm","evs":{"hp":248,"atk":0,"def":0,"spa":0,"spd":192,"spe":68},"ivs":{"hp":31,"atk":31,"def":31,"spa":31,"spd":31,"spe":31}},{"name":"Ferrothorn","species":"Ferrothorn","item":"rockyhelmet","ability":"Iron Barbs","moves":["leechseed","spikes","protect","powerwhip"],"nature":"Careful","evs":{"hp":248,"atk":0,"def":88,"spa":0,"spd":172,"spe":0},"ivs":{"hp":31,"atk":31,"def":31,"spa":31,"spd":31,"spe":31}},{"name":"Scizor","species":"Scizor","item":"scizorite","ability":"Technician","moves":["swordsdance","bulletpunch","roost","knockoff"],"nature":"Impish","evs":{"hp":248,"atk":44,"def":16,"spa":0,"spd":200,"spe":0},"ivs":{"hp":31,"atk":31,"def":31,"spa":31,"spd":31,"spe":31}},{"name":"Magnezone","species":"Magnezone","item":"choicescarf","ability":"Sturdy","moves":["thunderbolt","voltswitch","flashcannon","hiddenpowerice"],"nature":"Timid","evs":{"hp":0,"atk":0,"def":0,"spa":252,"spd":4,"spe":252},"ivs":{"hp":31,"atk":30,"def":30,"spa":31,"spd":31,"spe":31}},{"name":"Jirachi","species":"Jirachi","item":"choicescarf","ability":"Serene Grace","moves":["ironhead","zenheadbutt","uturn","firepunch"],"nature":"Jolly","evs":{"hp":0,"atk":252,"def":0,"spa":0,"spd":4,"spe":252},"ivs":{"hp":31,"atk":31,"def":31,"spa":31,"spd":31,"spe":31}}],"p2team":[{"name":"TNT","species":"tyranitar","item":"assaultvest","ability":"Sand Stream","moves":["earthquake","darkpulse","ancientpower","flamethrower"],"nature":"Quiet","evs":{"hp":248,"atk":8,"def":0,"spa":252,"spd":0,"spe":0},"ivs":{"hp":31,"atk":31,"def":31,"spa":31,"spd":31,"spe":31}},{"name":"Bull","species":"terrakion","item":"choicescarf","ability":"Justified","moves":["closecombat","earthquake","stoneedge","quickattack"],"nature":"Jolly","evs":{"hp":0,"atk":252,"def":0,"spa":0,"spd":4,"spe":252},"ivs":{"hp":31,"atk":31,"def":31,"spa":31,"spd":31,"spe":31}},{"name":"Steel Rex","species":"aggron","item":"aggronite","ability":"Sturdy","moves":["heavyslam","firepunch","rest","earthquake"],"nature":"Impish","evs":{"hp":248,"atk":0,"def":252,"spa":0,"spd":8,"spe":0},"ivs":{"hp":31,"atk":31,"def":31,"spa":31,"spd":31,"spe":31}},{"name":"The real deal","species":"lileep","item":"eviolite","ability":"Storm Drain","moves":["recover","toxic","infestation","gigadrain"],"nature":"Calm","evs":{"hp":252,"atk":0,"def":0,"spa":4,"spd":252,"spe":0},"ivs":{"hp":31,"atk":31,"def":31,"spa":31,"spd":31,"spe":31}},{"name":"Diancie","species":"Diancie","item":"diancite","ability":"Clear Body","moves":["protect","earthpower","diamondstorm","moonblast"],"nature":"Hasty","evs":{"hp":0,"atk":4,"def":0,"spa":252,"spd":0,"spe":252},"ivs":{"hp":31,"atk":31,"def":31,"spa":31,"spd":31,"spe":31}},{"name":"Aurorus","species":"Aurorus","item":"choicescarf","ability":"Refrigerate","moves":["freezedry","hypervoice","earthpower","ancientpower"],"nature":"Timid","evs":{"hp":0,"atk":0,"def":0,"spa":252,"spd":4,"spe":252},"ivs":{"hp":31,"atk":31,"def":31,"spa":31,"spd":31,"spe":31}}],"log":["|player|p1|Alliance - Asurax|allianceasurax.png","|player|p2|Alpha vodoom|vodoom.png","|gametype|singles","|gen|6","|tier|Monotype","|rated","|rule|Baton Pass Clause: Limit one Baton Passer, can't pass Spe and other stats simultaneously","|rule|Swagger Clause: Swagger is banned","|rule|Same Type Clause: Pokémon in a team must share a type","|clearpoke","|poke|p1|Skarmory, F","|poke|p1|Heatran, M","|poke|p1|Ferrothorn, F","|poke|p1|Scizor, M","|poke|p1|Magnezone","|poke|p1|Jirachi","|poke|p2|Tyranitar, F","|poke|p2|Terrakion","|poke|p2|Aggron, F","|poke|p2|Lileep, F","|poke|p2|Diancie","|poke|p2|Aurorus, F","|rule|Sleep Clause Mod: Limit one foe put to sleep","|rule|Species Clause: Limit one of each Pokémon","|rule|OHKO Clause: OHKO moves are banned","|rule|Moody Clause: Moody is banned","|rule|Evasion Moves Clause: Evasion moves are banned","|rule|Endless Battle Clause: Forcing endless battles is banned","|rule|HP Percentage Mod: HP is shown in percentages","|teampreview","|","|start","|switch|p1a: Magnezone|Magnezone|281/281","|switch|p2a: TNT|Tyranitar, F|403/403","|-weather|Sandstorm","|turn|1","|","|move|p1a: Magnezone|Volt Switch|p2a: TNT","|-damage|p2a: TNT|348/403","|","|switch|p1a: Jirachi|Jirachi|341/341","|move|p2a: TNT|Ancient Power|p1a: Jirachi","|-resisted|p1a: Jirachi","|-damage|p1a: Jirachi|291/341","|","|-weather|Sandstorm|[upkeep]","|turn|2","|","|move|p1a: Jirachi|Iron Head|p2a: TNT","|-supereffective|p2a: TNT","|-damage|p2a: TNT|126/403","|cant|p2a: TNT|flinch","|","|-weather|Sandstorm|[upkeep]","|turn|3","|","|switch|p2a: Steel Rex|Aggron, F|343/343","|move|p1a: Jirachi|Iron Head|p2a: Steel Rex","|-damage|p2a: Steel Rex|283/343","|","|-weather|Sandstorm|[upkeep]","|turn|4","|","|switch|p1a: Ferrothorn|Ferrothorn, F|351/351","|detailschange|p2a: Steel Rex|Aggron-Mega, F","|-mega|p2a: Steel Rex|Aggron|Aggronite","|move|p2a: Steel Rex|Fire Punch|p1a: Ferrothorn","|-supereffective|p1a: Ferrothorn","|-damage|p1a: Ferrothorn|115/351","|-damage|p2a: Steel Rex|241/343|[from] ability: Iron Barbs|[of] p1a: Ferrothorn","|-damage|p2a: Steel Rex|184/343|[from] item: Rocky Helmet|[of] p1a: Ferrothorn","|","|-weather|Sandstorm|[upkeep]","|turn|5","|","|switch|p2a: TNT|Tyranitar, F|126/403","|switch|p1a: Heatran|Heatran, M|385/385","|-item|p1a: Heatran|Air Balloon","|","|-weather|none","|turn|6","|","|move|p1a: Heatran|Flash Cannon|p2a: TNT","|-supereffective|p2a: TNT","|-damage|p2a: TNT|0 fnt","|faint|p2a: TNT","|","|","|switch|p2a: Bull|Terrakion|323/323","|turn|7","|","|switch|p2a: Aurorus|Aurorus, F|387/387","|switch|p1a: Skarmory|Skarmory, F|333/333","|","|turn|8","|","|switch|p1a: Jirachi|Jirachi|291/341","|move|p2a: Aurorus|Hyper Voice|p1a: Jirachi","|-resisted|p1a: Jirachi","|-damage|p1a: Jirachi|204/341","|","|turn|9","|","|switch|p2a: Steel Rex|Aggron-Mega, F|184/343","|move|p1a: Jirachi|U-turn|p2a: Steel Rex","|-resisted|p2a: Steel Rex","|-damage|p2a: Steel Rex|171/343","|","|switch|p1a: Heatran|Heatran, M|385/385","|-item|p1a: Heatran|Air Balloon","|","|turn|10","|","|switch|p2a: The real deal|Lileep, F|336/336","|move|p1a: Heatran|Lava Plume|p2a: The real deal","|-damage|p2a: The real deal|273/336","|","|turn|11","|","|switch|p1a: Ferrothorn|Ferrothorn, F|115/351","|move|p2a: The real deal|Infestation|p1a: Ferrothorn","|-damage|p1a: Ferrothorn|107/351","|-damage|p2a: The real deal|231/336|[from] ability: Iron Barbs|[of] p1a: Ferrothorn","|-damage|p2a: The real deal|175/336|[from] item: Rocky Helmet|[of] p1a: Ferrothorn","|-activate|p1a: Ferrothorn|move: Infestation|[of] p2a: The real deal","|","|-damage|p1a: Ferrothorn|64/351|[from] move: Infestation|[partiallytrapped]","|turn|12","|","|switch|p2a: Diancie|Diancie|241/241","|move|p1a: Ferrothorn|Spikes|p2a: Diancie","|-sidestart|p2: Alpha vodoom|Spikes","|","|turn|13","|","|switch|p1a: Scizor|Scizor, M|343/343","|move|p2a: Diancie|Diamond Storm|p1a: Scizor","|-damage|p1a: Scizor|229/343","|-boost|p2a: Diancie|def|1","|","|turn|14","|","|switch|p1a: Heatran|Heatran, M|385/385","|-item|p1a: Heatran|Air Balloon","|move|p2a: Diancie|Diamond Storm|p1a: Heatran","|-miss|p2a: Diancie|p1a: Heatran","|","|turn|15","|","|move|p2a: Diancie|Diamond Storm|p1a: Heatran","|-damage|p1a: Heatran|274/385","|-enditem|p1a: Heatran|Air Balloon","|move|p1a: Heatran|Flash Cannon|p2a: Diancie","|-supereffective|p2a: Diancie","|-damage|p2a: Diancie|0 fnt","|faint|p2a: Diancie","|","|","|switch|p2a: The real deal|Lileep, F|175/336","|-damage|p2a: The real deal|133/336|[from] Spikes","|turn|16","|","|move|p1a: Heatran|Flash Cannon|p2a: The real deal","|-supereffective|p2a: The real deal","|-damage|p2a: The real deal|11/336","|move|p2a: The real deal|Recover|p2a: The real deal","|-heal|p2a: The real deal|179/336","|","|turn|17","|","|move|p1a: Heatran|Toxic|p2a: The real deal","|-status|p2a: The real deal|tox","|move|p2a: The real deal|Recover|p2a: The real deal","|-heal|p2a: The real deal|336/336 tox","|","|-damage|p2a: The real deal|315/336 tox|[from] psn","|turn|18","|","|switch|p1a: Skarmory|Skarmory, F|333/333","|move|p2a: The real deal|Infestation|p1a: Skarmory","|-resisted|p1a: Skarmory","|-damage|p1a: Skarmory|330/333","|-damage|p2a: The real deal|259/336 tox|[from] item: Rocky Helmet|[of] p1a: Skarmory","|-activate|p1a: Skarmory|move: Infestation|[of] p2a: The real deal","|","|-damage|p2a: The real deal|217/336 tox|[from] psn","|-damage|p1a: Skarmory|289/333|[from] move: Infestation|[partiallytrapped]","|turn|19","|","|switch|p2a: Aurorus|Aurorus, F|387/387","|-damage|p2a: Aurorus|339/387|[from] Spikes","|move|p1a: Skarmory|Whirlwind|p2a: Aurorus","|drag|p2a: Steel Rex|Aggron-Mega, F|171/343","|-damage|p2a: Steel Rex|129/343|[from] Spikes","|","|turn|20","|","|switch|p1a: Heatran|Heatran, M|274/385","|move|p2a: Steel Rex|Rest|p2a: Steel Rex","|-status|p2a: Steel Rex|slp","|-heal|p2a: Steel Rex|343/343 slp|[silent]","|-status|p2a: Steel Rex|slp|[from] move: Rest","|","|turn|21","|","|switch|p2a: The real deal|Lileep, F|217/336 tox","|-damage|p2a: The real deal|175/336 tox|[from] Spikes","|move|p1a: Heatran|Flash Cannon|p2a: The real deal","|-supereffective|p2a: The real deal","|-damage|p2a: The real deal|55/336 tox","|","|-damage|p2a: The real deal|34/336 tox|[from] psn","|turn|22","|","|move|p1a: Heatran|Flash Cannon|p2a: The real deal","|-supereffective|p2a: The real deal","|-damage|p2a: The real deal|0 fnt","|faint|p2a: The real deal","|","|","|switch|p2a: Aurorus|Aurorus, F|339/387","|-damage|p2a: Aurorus|291/387|[from] Spikes","|turn|23","|","|switch|p1a: Scizor|Scizor, M|229/343","|move|p2a: Aurorus|Ancient Power|p1a: Scizor","|-damage|p1a: Scizor|150/343","|","|turn|24","|","|detailschange|p1a: Scizor|Scizor-Mega, M","|-mega|p1a: Scizor|Scizor|Scizorite","|move|p1a: Scizor|Bullet Punch|p2a: Aurorus","|-supereffective|p2a: Aurorus","|-damage|p2a: Aurorus|0 fnt","|faint|p2a: Aurorus","|","|","|switch|p2a: Steel Rex|Aggron-Mega, F|343/343 slp","|-damage|p2a: Steel Rex|301/343 slp|[from] Spikes","|turn|25","|","|move|p1a: Scizor|Roost|p1a: Scizor","|-heal|p1a: Scizor|322/343","|cant|p2a: Steel Rex|slp","|","|turn|26","|","|switch|p1a: Heatran|Heatran, M|274/385","|cant|p2a: Steel Rex|slp","|","|turn|27","|","|move|p1a: Heatran|Earth Power|p2a: Steel Rex","|-supereffective|p2a: Steel Rex","|-damage|p2a: Steel Rex|139/343 slp","|-curestatus|p2a: Steel Rex|slp","|move|p2a: Steel Rex|Earthquake|p1a: Heatran","|-supereffective|p1a: Heatran","|-damage|p1a: Heatran|0 fnt","|faint|p1a: Heatran","|","|","|switch|p1a: Magnezone|Magnezone|281/281","|turn|28","|","|switch|p2a: Bull|Terrakion|323/323","|-damage|p2a: Bull|283/323|[from] Spikes","|move|p1a: Magnezone|Volt Switch|p2a: Bull","|-damage|p2a: Bull|145/323","|","|switch|p1a: Scizor|Scizor-Mega, M|322/343","|","|turn|29","|","|move|p1a: Scizor|Bullet Punch|p2a: Bull","|-supereffective|p2a: Bull","|-damage|p2a: Bull|0 fnt","|faint|p2a: Bull","|","|","|switch|p2a: Steel Rex|Aggron-Mega, F|139/343","|-damage|p2a: Steel Rex|97/343|[from] Spikes","|turn|30","|","|switch|p1a: Magnezone|Magnezone|281/281","|move|p2a: Steel Rex|Rest|p2a: Steel Rex","|-status|p2a: Steel Rex|slp","|-heal|p2a: Steel Rex|343/343 slp|[silent]","|-status|p2a: Steel Rex|slp|[from] move: Rest","|","|turn|31","|","|move|p1a: Magnezone|Thunderbolt|p2a: Steel Rex","|-damage|p2a: Steel Rex|145/343 slp","|cant|p2a: Steel Rex|slp","|","|turn|32","|","|move|p1a: Magnezone|Thunderbolt|p2a: Steel Rex","|-damage|p2a: Steel Rex|0 fnt","|faint|p2a: Steel Rex","|","|win|Alliance - Asurax"],"p1rating":{"entryid":"36158","serverid":"eos","formatid":"monotype","userid":"allianceasurax","username":"Alliance - Asurax","w":16,"l":"8","t":"0","gxe":62.8,"r":"1632.2272590284","rd":"86.19713899567","sigma":"0","rptime":"1440234000","rpr":1600.1614428047,"rprd":67.491422835851,"rpsigma":"0","acre":1170.245854552,"lacre":1170.245854552,"oldacre":"1146.5853769415"},"p2rating":{"entryid":"214259","serverid":"eos","formatid":"monotype","userid":"alphavodoom","username":"Alpha α Vodoom","w":"12","l":12,"t":"0","gxe":51.9,"r":"1474.0257703446","rd":"87.564573761156","sigma":"0","rptime":"1440234000","rpr":1514.3808404709,"rprd":65.766268538575,"rpsigma":"0","acre":1104.2911438703,"lacre":1104.2911438703,"oldacre":"1127.9516214808"},"endType":"normal"}