{"seed":[12541,51430,63182,56849],"turns":17,"p1":"SLRorich","p2":"BitTrippy","p1team":[{"name":"Terropion","species":"terrakion","item":"choicescarf","ability":"Justified","moves":["closecombat","earthquake","rockslide","ironhead"],"nature":"Jolly","evs":{"hp":0,"atk":252,"def":0,"spa":0,"spd":4,"spe":252},"shiny":true,"ivs":{"hp":31,"atk":31,"def":31,"spa":31,"spd":31,"spe":31}},{"name":"Punchy","species":"conkeldurr","item":"assaultvest","ability":"Guts","moves":["drainpunch","knockoff","machpunch","icepunch"],"nature":"Adamant","evs":{"hp":4,"atk":252,"def":0,"spa":0,"spd":252,"spe":0},"gender":"F","shiny":true,"ivs":{"hp":31,"atk":31,"def":31,"spa":31,"spd":31,"spe":31}},{"name":"Scarflucha","species":"hawlucha","item":"choicescarf","ability":"Limber","moves":["acrobatics","flyingpress","highjumpkick","swordsdance"],"nature":"Jolly","evs":{"hp":4,"atk":252,"def":0,"spa":0,"spd":0,"spe":252},"shiny":true,"ivs":{"hp":31,"atk":31,"def":31,"spa":31,"spd":31,"spe":31}},{"name":"SWORD","species":"gallade","item":"galladite","ability":"Steadfast","moves":["closecombat","swordsdance","knockoff","psychocut"],"nature":"Jolly","evs":{"hp":4,"atk":252,"def":0,"spa":0,"spd":0,"spe":252},"ivs":{"hp":31,"atk":31,"def":31,"spa":31,"spd":31,"spe":31}},{"name":"Ninja Monkey","species":"infernape","item":"focussash","ability":"Blaze","moves":["flareblitz","machpunch","uturn","closecombat"],"nature":"Jolly","evs":{"hp":0,"atk":252,"def":0,"spa":0,"spd":4,"spe":252},"ivs":{"hp":31,"atk":31,"def":31,"spa":31,"spd":31,"spe":31}},{"name":"Chesnaught","species":"Chesnaught","item":"rockyhelmet","ability":"Bulletproof","moves":["leechseed","spikyshield","woodhammer","drainpunch"],"nature":"Adamant","evs":{"hp":248,"atk":252,"def":0,"spa":0,"spd":8,"spe":0},"ivs":{"hp":31,"atk":31,"def":31,"spa":31,"spd":31,"spe":31}}],"p2team":[{"name":"One Shot?","species":"chansey","item":"eviolite","ability":"Natural Cure","moves":["toxic","softboiled","seismictoss","healbell"],"nature":"Bold","evs":{"hp":248,"atk":0,"def":252,"spa":0,"spd":8,"spe":0},"ivs":{"hp":31,"atk":31,"def":31,"spa":31,"spd":31,"spe":31}},{"name":"'murica fk yeah!","species":"braviary","item":"leftovers","ability":"Defiant","moves":["bravebird","bulkup","facade","roost"],"nature":"Careful","evs":{"hp":252,"atk":4,"def":0,"spa":0,"spd":252,"spe":0},"ivs":{"hp":31,"atk":31,"def":31,"spa":31,"spd":31,"spe":31}},{"name":"Alluhu Akbar","species":"staraptor","item":"choicescarf","ability":"Reckless","moves":["bravebird","doubleedge","finalgambit","uturn"],"nature":"Jolly","evs":{"hp":0,"atk":252,"def":0,"spa":0,"spd":4,"spe":252},"ivs":{"hp":31,"atk":31,"def":31,"spa":31,"spd":31,"spe":31}},{"name":"Brooklyn Slut","species":"lopunny","item":"lopunnite","ability":"Cute Charm","moves":["fakeout","highjumpkick","facade","poweruppunch"],"nature":"Jolly","evs":{"hp":0,"atk":252,"def":0,"spa":0,"spd":4,"spe":252},"gender":"F","ivs":{"hp":31,"atk":31,"def":31,"spa":31,"spd":31,"spe":31}},{"name":"Duck. EXE 2.0","species":"porygon2","item":"eviolite","ability":"Trace","moves":["thunderwave","triattack","recover","icebeam"],"nature":"Bold","evs":{"hp":252,"atk":0,"def":104,"spa":0,"spd":152,"spe":0},"ivs":{"hp":31,"atk":31,"def":31,"spa":31,"spd":31,"spe":31}},{"name":"Niggersby","species":"diggersby","item":"focussash","ability":"Huge Power","moves":["return","earthquake","quickattack","firepunch"],"nature":"Adamant","evs":{"hp":4,"atk":252,"def":0,"spa":0,"spd":0,"spe":252},"gender":"M","ivs":{"hp":31,"atk":31,"def":31,"spa":31,"spd":31,"spe":31}}],"log":["|player|p1|SLRorich|137","|player|p2|BitTrippy|92","|gametype|singles","|gen|6","|tier|Monotype","|rated","|rule|Baton Pass Clause: Limit one Baton Passer, can't pass Spe and other stats simultaneously","|rule|Swagger Clause: Swagger is banned","|rule|Same Type Clause: Pokémon in a team must share a type","|clearpoke","|poke|p1|Terrakion, shiny","|poke|p1|Conkeldurr, F, shiny","|poke|p1|Hawlucha, M, shiny","|poke|p1|Gallade, M","|poke|p1|Infernape, M","|poke|p1|Chesnaught, M","|poke|p2|Chansey, F","|poke|p2|Braviary, M","|poke|p2|Staraptor, F","|poke|p2|Lopunny, F","|poke|p2|Porygon2","|poke|p2|Diggersby, M","|rule|Sleep Clause Mod: Limit one foe put to sleep","|rule|Species Clause: Limit one of each Pokémon","|rule|OHKO Clause: OHKO moves are banned","|rule|Moody Clause: Moody is banned","|rule|Evasion Moves Clause: Evasion moves are banned","|rule|Endless Battle Clause: Forcing endless battles is banned","|rule|HP Percentage Mod: HP is shown in percentages","|teampreview","|","|start","|switch|p1a: Chesnaught|Chesnaught, M|379/379","|switch|p2a: Niggersby|Diggersby, M|312/312","|turn|1","|","|move|p2a: Niggersby|Fire Punch|p1a: Chesnaught","|-supereffective|p1a: Chesnaught","|-damage|p1a: Chesnaught|173/379","|-damage|p2a: Niggersby|260/312|[from] item: Rocky Helmet|[of] p1a: Chesnaught","|move|p1a: Chesnaught|Leech Seed|p2a: Niggersby","|-start|p2a: Niggersby|move: Leech Seed","|","|-damage|p2a: Niggersby|221/312|[from] Leech Seed|[of] p1a: Chesnaught","|-heal|p1a: Chesnaught|212/379|[silent]","|turn|2","|","|move|p1a: Chesnaught|Spiky Shield|p1a: Chesnaught","|-singleturn|p1a: Chesnaught|move: Protect","|move|p2a: Niggersby|Return|p1a: Chesnaught","|-activate|p1a: Chesnaught|Protect","|-damage|p2a: Niggersby|182/312|[from] Spiky Shield|[of] p1a: Chesnaught","|","|-damage|p2a: Niggersby|143/312|[from] Leech Seed|[of] p1a: Chesnaught","|-heal|p1a: Chesnaught|251/379|[silent]","|turn|3","|","|move|p2a: Niggersby|Return|p1a: Chesnaught","|-damage|p1a: Chesnaught|70/379","|-damage|p2a: Niggersby|91/312|[from] item: Rocky Helmet|[of] p1a: Chesnaught","|move|p1a: Chesnaught|Drain Punch|p2a: Niggersby","|-supereffective|p2a: Niggersby","|-damage|p2a: Niggersby|0 fnt","|-heal|p1a: Chesnaught|116/379|[from] drain|[of] p2a: Niggersby","|faint|p2a: Niggersby","|","|","|switch|p2a: Brooklyn Slut|Lopunny, F|271/271","|turn|4","|","|detailschange|p2a: Brooklyn Slut|Lopunny-Mega, F","|-mega|p2a: Brooklyn Slut|Lopunny|Lopunnite","|move|p1a: Chesnaught|Spiky Shield|p1a: Chesnaught","|-singleturn|p1a: Chesnaught|move: Protect","|move|p2a: Brooklyn Slut|Power-Up Punch|p1a: Chesnaught","|-activate|p1a: Chesnaught|Protect","|-damage|p2a: Brooklyn Slut|238/271|[from] Spiky Shield|[of] p1a: Chesnaught","|","|turn|5","|","|move|p2a: Brooklyn Slut|Facade|p1a: Chesnaught","|-damage|p1a: Chesnaught|10/379","|-damage|p2a: Brooklyn Slut|193/271|[from] item: Rocky Helmet|[of] p1a: Chesnaught","|move|p1a: Chesnaught|Leech Seed|p2a: Brooklyn Slut","|-start|p2a: Brooklyn Slut|move: Leech Seed","|","|-damage|p2a: Brooklyn Slut|160/271|[from] Leech Seed|[of] p1a: Chesnaught","|-heal|p1a: Chesnaught|43/379|[silent]","|turn|6","|","|switch|p2a: One Shot?|Chansey, F|703/703","|move|p1a: Chesnaught|Spiky Shield|p1a: Chesnaught","|-fail|p1a: Chesnaught","|","|turn|7","|","|move|p1a: Chesnaught|Leech Seed|p2a: One Shot?","|-start|p2a: One Shot?|move: Leech Seed","|move|p2a: One Shot?|Seismic Toss|p1a: Chesnaught","|-damage|p1a: Chesnaught|0 fnt","|-damage|p2a: One Shot?|586/703|[from] item: Rocky Helmet|[of] p1a: Chesnaught","|faint|p1a: Chesnaught","|","|","|switch|p1a: Scarflucha|Hawlucha, M, shiny|298/298","|turn|8","|","|move|p1a: Scarflucha|High Jump Kick|p2a: One Shot?","|-supereffective|p2a: One Shot?","|-damage|p2a: One Shot?|74/703","|move|p2a: One Shot?|Toxic|p1a: Scarflucha","|-status|p1a: Scarflucha|tox","|","|-damage|p2a: One Shot?|0 fnt|[from] Leech Seed|[of] p1a: Scarflucha","|-damage|p1a: Scarflucha|280/298 tox|[from] psn","|faint|p2a: One Shot?","|","|switch|p2a: Brooklyn Slut|Lopunny-Mega, F|160/271","|turn|9","|","|move|p2a: Brooklyn Slut|Fake Out|p1a: Scarflucha","|-damage|p1a: Scarflucha|184/298 tox","|cant|p1a: Scarflucha|flinch","|","|-damage|p1a: Scarflucha|148/298 tox|[from] psn","|turn|10","|","|move|p1a: Scarflucha|High Jump Kick|p2a: Brooklyn Slut","|-supereffective|p2a: Brooklyn Slut","|-damage|p2a: Brooklyn Slut|0 fnt","|faint|p2a: Brooklyn Slut","|","|-damage|p1a: Scarflucha|94/298 tox|[from] psn","|","|switch|p2a: Duck. EXE 2.0|Porygon2|374/374","|-ability|p2a: Duck. EXE 2.0|Limber|[from] ability: Trace|[of] p1a: Scarflucha","|turn|11","|","|move|p1a: Scarflucha|High Jump Kick|p2a: Duck. EXE 2.0","|-supereffective|p2a: Duck. EXE 2.0","|-damage|p2a: Duck. EXE 2.0|140/374","|move|p2a: Duck. EXE 2.0|Recover|p2a: Duck. EXE 2.0","|-heal|p2a: Duck. EXE 2.0|327/374","|","|-damage|p1a: Scarflucha|22/298 tox|[from] psn","|turn|12","|","|move|p1a: Scarflucha|High Jump Kick|p2a: Duck. EXE 2.0","|-crit|p2a: Duck. EXE 2.0","|-supereffective|p2a: Duck. EXE 2.0","|-damage|p2a: Duck. EXE 2.0|9/374","|move|p2a: Duck. EXE 2.0|Recover|p2a: Duck. EXE 2.0","|-heal|p2a: Duck. EXE 2.0|196/374","|","|-damage|p1a: Scarflucha|0 fnt|[from] psn","|faint|p1a: Scarflucha","|","|switch|p1a: Punchy|Conkeldurr, F, shiny|352/352","|turn|13","|","|move|p2a: Duck. EXE 2.0|Thunder Wave|p1a: Punchy","|-status|p1a: Punchy|par","|cant|p1a: Punchy|par","|","|turn|14","|","|move|p2a: Duck. EXE 2.0|Tri Attack|p1a: Punchy","|-damage|p1a: Punchy|282/352 par","|move|p1a: Punchy|Drain Punch|p2a: Duck. EXE 2.0","|-supereffective|p2a: Duck. EXE 2.0","|-damage|p2a: Duck. EXE 2.0|0 fnt","|-heal|p1a: Punchy|352/352 par|[from] drain|[of] p2a: Duck. EXE 2.0","|faint|p2a: Duck. EXE 2.0","|","|","|switch|p2a: Alluhu Akbar|Staraptor, F|311/311","|turn|15","|","|move|p2a: Alluhu Akbar|Brave Bird|p1a: Punchy","|-supereffective|p1a: Punchy","|-damage|p1a: Punchy|0 fnt","|-damage|p2a: Alluhu Akbar|195/311|[from] recoil|[of] p1a: Punchy","|faint|p1a: Punchy","|","|","|switch|p1a: Ninja Monkey|Infernape, M|293/293","|turn|16","|","|move|p2a: Alluhu Akbar|Brave Bird|p1a: Ninja Monkey","|-crit|p1a: Ninja Monkey","|-supereffective|p1a: Ninja Monkey","|-enditem|p1a: Ninja Monkey|Focus Sash","|-damage|p1a: Ninja Monkey|1/293","|-damage|p2a: Alluhu Akbar|99/311|[from] recoil|[of] p1a: Ninja Monkey","|move|p1a: Ninja Monkey|Flare Blitz|p2a: Alluhu Akbar","|-damage|p2a: Alluhu Akbar|0 fnt","|-damage|p1a: Ninja Monkey|0 fnt|[from] recoil|[of] p2a: Alluhu Akbar","|faint|p2a: Alluhu Akbar","|faint|p1a: Ninja Monkey","|","|","|switch|p1a: Terropion|Terrakion, shiny|323/323","|switch|p2a: 'murica fk yeah!|Braviary, M|404/404","|turn|17","|","|move|p1a: Terropion|Rock Slide|p2a: 'murica fk yeah!","|-supereffective|p2a: 'murica fk yeah!","|-damage|p2a: 'murica fk yeah!|50/404","|move|p2a: 'murica fk yeah!|Brave Bird|p1a: Terropion","|-damage|p1a: Terropion|139/323","|-damage|p2a: 'murica fk yeah!|0 fnt|[from] recoil|[of] p1a: Terropion","|faint|p2a: 'murica fk yeah!","|","|win|SLRorich"],"p1rating":{"entryid":"259402","serverid":"eos","formatid":"monotype","userid":"slrorich","username":"SLRorich","w":4,"l":"3","t":"0","gxe":54.9,"r":"1541.0113141473","rd":"111.72518815911","sigma":"0","rptime":"1440320400","rpr":1538.5627102838,"rprd":95.760765314054,"rpsigma":"0","acre":1101.0046072843,"lacre":1101.0046072843,"oldacre":"1079.1825922181"},"p2rating":{"entryid":"358118","serverid":"eos","formatid":"monotype","userid":"bittrippy","username":"BitTrippy","w":"0","l":2,"t":"0","gxe":41.4,"r":"1500","rd":"130","sigma":"0","rptime":"1440320400","rpr":1430.999813935,"rprd":116.6269677233,"rpsigma":"0","acre":1000,"lacre":1000,"oldacre":"1000"},"endType":"normal"}