{"seed":[56078,1719,35179,49258],"turns":40,"p1":"ThunderDriver","p2":"GTX♅Bzumzum","p1team":[{"name":"Charizard","species":"Charizard","item":"charizarditey","ability":"Blaze","moves":["airslash","solarbeam","roost","fireblast"],"nature":"Timid","evs":{"hp":0,"atk":0,"def":0,"spa":252,"spd":4,"spe":252},"ivs":{"hp":31,"atk":31,"def":31,"spa":31,"spd":31,"spe":31}},{"name":"Victini","species":"Victini","item":"choicescarf","ability":"Victory Star","moves":["vcreate","boltstrike","zenheadbutt","brickbreak"],"nature":"Jolly","evs":{"hp":0,"atk":252,"def":0,"spa":0,"spd":4,"spe":252},"ivs":{"hp":31,"atk":31,"def":31,"spa":31,"spd":31,"spe":31}},{"name":"Volcarona","species":"Volcarona","item":"leftovers","ability":"Flame Body","moves":["quiverdance","bugbuzz","fierydance","gigadrain"],"nature":"Modest","evs":{"hp":0,"atk":0,"def":0,"spa":252,"spd":4,"spe":252},"ivs":{"hp":31,"atk":31,"def":31,"spa":31,"spd":31,"spe":31}},{"name":"Combusken","species":"Combusken","item":"eviolite","ability":"Speed Boost","moves":["batonpass","protect","substitute","fireblast"],"nature":"Timid","evs":{"hp":248,"atk":0,"def":0,"spa":8,"spd":0,"spe":252},"ivs":{"hp":31,"atk":31,"def":31,"spa":31,"spd":31,"spe":31}},{"name":"Rotom-Heat","species":"Rotom-Heat","item":"leftovers","ability":"Levitate","moves":["willowisp","voltswitch","painsplit","overheat"],"nature":"Calm","evs":{"hp":252,"atk":0,"def":0,"spa":4,"spd":252,"spe":0},"ivs":{"hp":31,"atk":31,"def":31,"spa":31,"spd":31,"spe":31}},{"name":"Heatran","species":"Heatran","item":"leftovers","ability":"Flash Fire","moves":["substitute","stealthrock","toxic","lavaplume"],"nature":"Calm","evs":{"hp":252,"atk":0,"def":0,"spa":4,"spd":252,"spe":0},"ivs":{"hp":31,"atk":31,"def":31,"spa":31,"spd":31,"spe":31}}],"p2team":[{"name":"Thorns","species":"ferrothorn","item":"rockyhelmet","ability":"Iron Barbs","moves":["stealthrock","gyroball","leechseed","protect"],"nature":"Jolly","evs":{"hp":128,"atk":100,"def":116,"spa":0,"spd":120,"spe":44},"gender":"M","ivs":{"hp":31,"atk":31,"def":31,"spa":31,"spd":31,"spe":0}},{"name":"Brawloom","species":"breloom","item":"focussash","ability":"Technician","moves":["bulletseed","rocktomb","machpunch","spore"],"nature":"Jolly","evs":{"hp":4,"atk":252,"def":0,"spa":0,"spd":0,"spe":252},"gender":"M","shiny":true,"ivs":{"hp":31,"atk":31,"def":31,"spa":31,"spd":31,"spe":31}},{"name":"Healer","species":"shaymin","item":"leftovers","ability":"Natural Cure","moves":["aromatherapy","earthpower","airslash","seedflare"],"nature":"Calm","evs":{"hp":0,"atk":0,"def":0,"spa":252,"spd":4,"spe":252},"shiny":true,"ivs":{"hp":31,"atk":31,"def":31,"spa":31,"spd":31,"spe":31}},{"name":"Ludicool","species":"ludicolo","item":"leftovers","ability":"Swift Swim","moves":["icebeam","scald","gigadrain","raindance"],"nature":"Modest","evs":{"hp":200,"atk":0,"def":0,"spa":184,"spd":4,"spe":120},"gender":"M","shiny":true,"ivs":{"hp":31,"atk":31,"def":31,"spa":31,"spd":31,"spe":31}},{"name":"Great-ily","species":"cradily","item":"leftovers","ability":"Storm Drain","moves":["ancientpower","earthpower","recover","toxic"],"nature":"Calm","evs":{"hp":232,"atk":24,"def":0,"spa":0,"spd":252,"spe":0},"gender":"M","shiny":true,"ivs":{"hp":31,"atk":31,"def":31,"spa":31,"spd":31,"spe":31}},{"name":"Plantasaurus","species":"venusaur","item":"venusaurite","ability":"Chlorophyll","moves":["gigadrain","hiddenpowerfire","sludgebomb","synthesis"],"nature":"Modest","evs":{"hp":0,"atk":0,"def":68,"spa":188,"spd":0,"spe":252},"gender":"M","ivs":{"hp":31,"atk":30,"def":31,"spa":30,"spd":31,"spe":30},"shiny":true}],"log":["|player|p1|ThunderDriver|thunderdriver.gif","|player|p2|GTX♅Bzumzum|225","|gametype|singles","|gen|6","|tier|Monotype","|rated","|rule|Baton Pass Clause: Limit one Baton Passer, can't pass Spe and other stats simultaneously","|rule|Swagger Clause: Swagger is banned","|rule|Same Type Clause: Pokémon in a team must share a type","|clearpoke","|poke|p1|Charizard, M","|poke|p1|Victini","|poke|p1|Volcarona, M","|poke|p1|Combusken, F","|poke|p1|Rotom-Heat","|poke|p1|Heatran, F","|poke|p2|Ferrothorn, M","|poke|p2|Breloom, M, shiny","|poke|p2|Shaymin, shiny","|poke|p2|Ludicolo, M, shiny","|poke|p2|Cradily, M, shiny","|poke|p2|Venusaur, M, shiny","|rule|Sleep Clause Mod: Limit one foe put to sleep","|rule|Species Clause: Limit one of each Pokémon","|rule|OHKO Clause: OHKO moves are banned","|rule|Moody Clause: Moody is banned","|rule|Evasion Moves Clause: Evasion moves are banned","|rule|Endless Battle Clause: Forcing endless battles is banned","|rule|HP Percentage Mod: HP is shown in percentages","|teampreview","|","|start","|switch|p1a: Victini|Victini|341/341","|switch|p2a: Brawloom|Breloom, M, shiny|262/262","|turn|1","|","|move|p1a: Victini|Zen Headbutt|p2a: Brawloom","|-supereffective|p2a: Brawloom","|-enditem|p2a: Brawloom|Focus Sash","|-damage|p2a: Brawloom|1/262","|move|p2a: Brawloom|Spore|p1a: Victini","|-status|p1a: Victini|slp","|","|turn|2","|","|switch|p1a: Combusken|Combusken, F|323/323","|move|p2a: Brawloom|Rock Tomb|p1a: Combusken","|-damage|p1a: Combusken|211/323","|-unboost|p1a: Combusken|spe|1","|","|turn|3","|","|move|p1a: Combusken|Protect|p1a: Combusken","|-singleturn|p1a: Combusken|Protect","|move|p2a: Brawloom|Rock Tomb|p1a: Combusken","|-activate|p1a: Combusken|Protect","|","|-boost|p1a: Combusken|spe|1|[from] ability: Speed Boost","|turn|4","|","|move|p2a: Brawloom|Rock Tomb|p1a: Combusken","|-damage|p1a: Combusken|98/323","|-unboost|p1a: Combusken|spe|1","|move|p1a: Combusken|Substitute|p1a: Combusken","|-start|p1a: Combusken|Substitute","|-damage|p1a: Combusken|18/323","|","|-boost|p1a: Combusken|spe|1|[from] ability: Speed Boost","|turn|5","|","|switch|p2a: Thorns|Ferrothorn, M|321/321","|move|p1a: Combusken|Protect|p1a: Combusken","|-fail|p1a: Combusken","|","|-boost|p1a: Combusken|spe|1|[from] ability: Speed Boost","|turn|6","|","|move|p1a: Combusken|Fire Blast|p2a: Thorns","|-supereffective|p2a: Thorns","|-damage|p2a: Thorns|0 fnt","|faint|p2a: Thorns","|","|-boost|p1a: Combusken|spe|1|[from] ability: Speed Boost","|","|switch|p2a: Great-ily|Cradily, M, shiny|371/371","|turn|7","|","|move|p1a: Combusken|Baton Pass|p1a: Combusken","|","|switch|p1a: Volcarona|Volcarona, M|311/311","|move|p2a: Great-ily|Ancient Power|p1a: Volcarona","|-supereffective|p1a: Volcarona","|-end|p1a: Volcarona|Substitute","|","|turn|8","|","|move|p1a: Volcarona|Quiver Dance|p1a: Volcarona","|-boost|p1a: Volcarona|spa|1","|-boost|p1a: Volcarona|spd|1","|-boost|p1a: Volcarona|spe|1","|move|p2a: Great-ily|Ancient Power|p1a: Volcarona","|-crit|p1a: Volcarona","|-supereffective|p1a: Volcarona","|-damage|p1a: Volcarona|0 fnt","|-boost|p2a: Great-ily|atk|1","|-boost|p2a: Great-ily|def|1","|-boost|p2a: Great-ily|spa|1","|-boost|p2a: Great-ily|spd|1","|-boost|p2a: Great-ily|spe|1","|faint|p1a: Volcarona","|","|","|switch|p1a: Heatran|Heatran, F|386/386","|turn|9","|","|move|p1a: Heatran|Toxic|p2a: Great-ily","|-status|p2a: Great-ily|tox","|move|p2a: Great-ily|Earth Power|p1a: Heatran","|-supereffective|p1a: Heatran","|-damage|p1a: Heatran|130/386","|","|-heal|p1a: Heatran|154/386|[from] item: Leftovers","|-damage|p2a: Great-ily|348/371 tox|[from] psn","|turn|10","|","|switch|p1a: Rotom-Heat|Rotom-Heat|304/304","|move|p2a: Great-ily|Ancient Power|p1a: Rotom-Heat","|-supereffective|p1a: Rotom-Heat","|-damage|p1a: Rotom-Heat|182/304","|","|-heal|p1a: Rotom-Heat|201/304|[from] item: Leftovers","|-heal|p2a: Great-ily|371/371 tox|[from] item: Leftovers","|-damage|p2a: Great-ily|325/371 tox|[from] psn","|turn|11","|","|move|p1a: Rotom-Heat|Pain Split|p2a: Great-ily","|-sethp|p2a: Great-ily|263/371 tox|p1a: Rotom-Heat|263/304|[from] move: Pain Split","|move|p2a: Great-ily|Ancient Power|p1a: Rotom-Heat","|-supereffective|p1a: Rotom-Heat","|-damage|p1a: Rotom-Heat|141/304","|","|-heal|p1a: Rotom-Heat|160/304|[from] item: Leftovers","|-heal|p2a: Great-ily|286/371 tox|[from] item: Leftovers","|-damage|p2a: Great-ily|217/371 tox|[from] psn","|turn|12","|","|switch|p2a: Brawloom|Breloom, M, shiny|1/262","|move|p1a: Rotom-Heat|Volt Switch|p2a: Brawloom","|-resisted|p2a: Brawloom","|-damage|p2a: Brawloom|0 fnt","|faint|p2a: Brawloom","|","|switch|p1a: Charizard|Charizard, M|297/297","|","|","|switch|p2a: Plantasaurus|Venusaur, M, shiny|301/301","|turn|13","|","|detailschange|p1a: Charizard|Charizard-Mega-Y, M","|-mega|p1a: Charizard|Charizard|Charizardite Y","|-weather|SunnyDay","|detailschange|p2a: Plantasaurus|Venusaur-Mega, M, shiny","|-mega|p2a: Plantasaurus|Venusaur|Venusaurite","|move|p1a: Charizard|Air Slash|p2a: Plantasaurus","|-supereffective|p2a: Plantasaurus","|-damage|p2a: Plantasaurus|55/301","|move|p2a: Plantasaurus|Sludge Bomb|p1a: Charizard","|-crit|p1a: Charizard","|-damage|p1a: Charizard|102/297","|-status|p1a: Charizard|psn","|","|-weather|SunnyDay|[upkeep]","|-damage|p1a: Charizard|65/297 psn|[from] psn","|turn|14","|","|switch|p2a: Great-ily|Cradily, M, shiny|217/371 tox","|move|p1a: Charizard|Air Slash|p2a: Great-ily","|-damage|p2a: Great-ily|115/371 tox","|","|-weather|SunnyDay|[upkeep]","|-heal|p2a: Great-ily|138/371 tox|[from] item: Leftovers","|-damage|p1a: Charizard|28/297 psn|[from] psn","|-damage|p2a: Great-ily|115/371 tox|[from] psn","|turn|15","|","|move|p1a: Charizard|Roost|p1a: Charizard","|-heal|p1a: Charizard|177/297 psn","|move|p2a: Great-ily|Recover|p2a: Great-ily","|-heal|p2a: Great-ily|301/371 tox","|","|-weather|SunnyDay|[upkeep]","|-heal|p2a: Great-ily|324/371 tox|[from] item: Leftovers","|-damage|p1a: Charizard|140/297 psn|[from] psn","|-damage|p2a: Great-ily|278/371 tox|[from] psn","|turn|16","|","|switch|p1a: Heatran|Heatran, F|154/386","|move|p2a: Great-ily|Ancient Power|p1a: Heatran","|-damage|p1a: Heatran|109/386","|","|-weather|SunnyDay|[upkeep]","|-heal|p1a: Heatran|133/386|[from] item: Leftovers","|-heal|p2a: Great-ily|301/371 tox|[from] item: Leftovers","|-damage|p2a: Great-ily|232/371 tox|[from] psn","|turn|17","|","|move|p1a: Heatran|Lava Plume|p2a: Great-ily","|-damage|p2a: Great-ily|115/371 tox","|move|p2a: Great-ily|Ancient Power|p1a: Heatran","|-damage|p1a: Heatran|91/386","|","|-weather|none","|-heal|p1a: Heatran|115/386|[from] item: Leftovers","|-heal|p2a: Great-ily|138/371 tox|[from] item: Leftovers","|-damage|p2a: Great-ily|46/371 tox|[from] psn","|turn|18","|","|switch|p2a: Healer|Shaymin, shiny|341/341","|move|p1a: Heatran|Stealth Rock|p2a: Healer","|-sidestart|p2: GTX♅Bzumzum|move: Stealth Rock","|","|-heal|p1a: Heatran|139/386|[from] item: Leftovers","|turn|19","|","|move|p2a: Healer|Aromatherapy|p2a: Healer","|-cureteam|p2a: Healer|[from] move: Aromatherapy","|move|p1a: Heatran|Lava Plume|p2a: Healer","|-supereffective|p2a: Healer","|-damage|p2a: Healer|113/341","|-status|p2a: Healer|brn","|","|-heal|p2a: Healer|134/341 brn|[from] item: Leftovers","|-heal|p1a: Heatran|163/386|[from] item: Leftovers","|-damage|p2a: Healer|92/341 brn|[from] brn","|turn|20","|","|move|p2a: Healer|Earth Power|p1a: Heatran","|-supereffective|p1a: Heatran","|-damage|p1a: Heatran|0 fnt","|faint|p1a: Heatran","|","|-heal|p2a: Healer|113/341 brn|[from] item: Leftovers","|-damage|p2a: Healer|71/341 brn|[from] brn","|","|switch|p1a: Combusken|Combusken, F|18/323","|turn|21","|","|move|p1a: Combusken|Protect|p1a: Combusken","|-singleturn|p1a: Combusken|Protect","|move|p2a: Healer|Aromatherapy|p2a: Healer","|-cureteam|p2a: Healer|[from] move: Aromatherapy","|","|-heal|p2a: Healer|92/341|[from] item: Leftovers","|-boost|p1a: Combusken|spe|1|[from] ability: Speed Boost","|turn|22","|","|move|p1a: Combusken|Baton Pass|p1a: Combusken","|","|switch|p1a: Charizard|Charizard-Mega-Y, M|140/297 psn","|-weather|SunnyDay","|move|p2a: Healer|Air Slash|p1a: Charizard","|-damage|p1a: Charizard|74/297 psn","|","|-weather|SunnyDay|[upkeep]","|-heal|p2a: Healer|113/341|[from] item: Leftovers","|-damage|p1a: Charizard|37/297 psn|[from] psn","|turn|23","|","|move|p1a: Charizard|Roost|p1a: Charizard","|-heal|p1a: Charizard|186/297 psn","|move|p2a: Healer|Seed Flare|p1a: Charizard","|-resisted|p1a: Charizard","|-damage|p1a: Charizard|104/297 psn","|-unboost|p1a: Charizard|spd|2","|","|-weather|SunnyDay|[upkeep]","|-heal|p2a: Healer|134/341|[from] item: Leftovers","|-damage|p1a: Charizard|67/297 psn|[from] psn","|turn|24","|","|move|p1a: Charizard|Air Slash|p2a: Healer","|-supereffective|p2a: Healer","|-damage|p2a: Healer|0 fnt","|faint|p2a: Healer","|","|-weather|SunnyDay|[upkeep]","|-damage|p1a: Charizard|30/297 psn|[from] psn","|","|switch|p2a: Ludicool|Ludicolo, M, shiny|351/351","|-damage|p2a: Ludicool|308/351|[from] Stealth Rock","|turn|25","|","|switch|p2a: Great-ily|Cradily, M, shiny|46/371","|-damage|p2a: Great-ily|0 fnt|[from] Stealth Rock","|faint|p2a: Great-ily","|move|p1a: Charizard|Air Slash|p2: Great-ily|[notarget]","|-notarget","|","|-weather|SunnyDay|[upkeep]","|-damage|p1a: Charizard|0 fnt|[from] psn","|faint|p1a: Charizard","|","|switch|p2a: Plantasaurus|Venusaur-Mega, M, shiny|55/301","|switch|p1a: Rotom-Heat|Rotom-Heat|160/304","|-damage|p2a: Plantasaurus|18/301|[from] Stealth Rock","|turn|26","|","|move|p2a: Plantasaurus|Synthesis|p2a: Plantasaurus","|-heal|p2a: Plantasaurus|219/301","|move|p1a: Rotom-Heat|Volt Switch|p2a: Plantasaurus","|-crit|p2a: Plantasaurus","|-resisted|p2a: Plantasaurus","|-damage|p2a: Plantasaurus|161/301","|","|switch|p1a: Victini|Victini|341/341 slp","|","|-weather|none","|turn|27","|","|cant|p1a: Victini|slp","|move|p2a: Plantasaurus|Synthesis|p2a: Plantasaurus","|-heal|p2a: Plantasaurus|301/301","|","|turn|28","|","|cant|p1a: Victini|slp","|move|p2a: Plantasaurus|Sludge Bomb|p1a: Victini","|-damage|p1a: Victini|184/341 slp","|","|turn|29","|","|cant|p1a: Victini|slp","|move|p2a: Plantasaurus|Sludge Bomb|p1a: Victini","|-damage|p1a: Victini|19/341 slp","|","|turn|30","|","|-curestatus|p1a: Victini|slp","|move|p1a: Victini|Zen Headbutt|p2a: Plantasaurus","|-supereffective|p2a: Plantasaurus","|-damage|p2a: Plantasaurus|115/301","|move|p2a: Plantasaurus|Hidden Power|p1a: Victini","|-resisted|p1a: Victini","|-damage|p1a: Victini|0 fnt","|faint|p1a: Victini","|","|","|switch|p1a: Rotom-Heat|Rotom-Heat|160/304","|turn|31","|","|move|p2a: Plantasaurus|Giga Drain|p1a: Rotom-Heat","|-resisted|p1a: Rotom-Heat","|-damage|p1a: Rotom-Heat|118/304","|-heal|p2a: Plantasaurus|136/301|[from] drain|[of] p1a: Rotom-Heat","|move|p1a: Rotom-Heat|Overheat|p2a: Plantasaurus","|-supereffective|p2a: Plantasaurus","|-damage|p2a: Plantasaurus|0 fnt","|-unboost|p1a: Rotom-Heat|spa|2","|faint|p2a: Plantasaurus","|","|-heal|p1a: Rotom-Heat|137/304|[from] item: Leftovers","|","|switch|p2a: Ludicool|Ludicolo, M, shiny|308/351","|-damage|p2a: Ludicool|265/351|[from] Stealth Rock","|turn|32","|","|switch|p1a: Combusken|Combusken, F|18/323","|move|p2a: Ludicool|Rain Dance|p2a: Ludicool","|-weather|RainDance","|","|-weather|RainDance|[upkeep]","|-heal|p2a: Ludicool|286/351|[from] item: Leftovers","|turn|33","|","|move|p1a: Combusken|Protect|p1a: Combusken","|-singleturn|p1a: Combusken|Protect","|move|p2a: Ludicool|Giga Drain|p1a: Combusken","|-activate|p1a: Combusken|Protect","|","|-weather|RainDance|[upkeep]","|-heal|p2a: Ludicool|307/351|[from] item: Leftovers","|-boost|p1a: Combusken|spe|1|[from] ability: Speed Boost","|turn|34","|","|move|p1a: Combusken|Protect|p1a: Combusken","|-singleturn|p1a: Combusken|Protect","|move|p2a: Ludicool|Giga Drain|p1a: Combusken","|-activate|p1a: Combusken|Protect","|","|-weather|RainDance|[upkeep]","|-heal|p2a: Ludicool|328/351|[from] item: Leftovers","|-boost|p1a: Combusken|spe|1|[from] ability: Speed Boost","|turn|35","|","|move|p1a: Combusken|Baton Pass|p1a: Combusken","|","|switch|p1a: Rotom-Heat|Rotom-Heat|137/304","|move|p2a: Ludicool|Giga Drain|p1a: Rotom-Heat","|-resisted|p1a: Rotom-Heat","|-damage|p1a: Rotom-Heat|98/304","|-heal|p2a: Ludicool|348/351|[from] drain|[of] p1a: Rotom-Heat","|","|-weather|RainDance|[upkeep]","|-heal|p1a: Rotom-Heat|117/304|[from] item: Leftovers","|-heal|p2a: Ludicool|351/351|[from] item: Leftovers","|turn|36","|","|move|p1a: Rotom-Heat|Pain Split|p2a: Ludicool","|-sethp|p2a: Ludicool|234/351|p1a: Rotom-Heat|234/304|[from] move: Pain Split","|move|p2a: Ludicool|Scald|p1a: Rotom-Heat","|-supereffective|p1a: Rotom-Heat","|-damage|p1a: Rotom-Heat|4/304","|","|-weather|none","|-heal|p1a: Rotom-Heat|23/304|[from] item: Leftovers","|-heal|p2a: Ludicool|255/351|[from] item: Leftovers","|turn|37","|","|move|p1a: Rotom-Heat|Pain Split|p2a: Ludicool","|-sethp|p2a: Ludicool|139/351|p1a: Rotom-Heat|139/304|[from] move: Pain Split","|move|p2a: Ludicool|Rain Dance|p2a: Ludicool","|-weather|RainDance","|","|-weather|RainDance|[upkeep]","|-heal|p1a: Rotom-Heat|158/304|[from] item: Leftovers","|-heal|p2a: Ludicool|160/351|[from] item: Leftovers","|turn|38","|","|move|p1a: Rotom-Heat|Will-O-Wisp|p2a: Ludicool","|-status|p2a: Ludicool|brn","|move|p2a: Ludicool|Scald|p1a: Rotom-Heat","|-supereffective|p1a: Rotom-Heat","|-damage|p1a: Rotom-Heat|0 fnt","|faint|p1a: Rotom-Heat","|","|-weather|RainDance|[upkeep]","|-heal|p2a: Ludicool|181/351 brn|[from] item: Leftovers","|-damage|p2a: Ludicool|138/351 brn|[from] brn","|","|switch|p1a: Combusken|Combusken, F|18/323","|turn|39","|","|move|p1a: Combusken|Protect|p1a: Combusken","|-singleturn|p1a: Combusken|Protect","|move|p2a: Ludicool|Giga Drain|p1a: Combusken","|-activate|p1a: Combusken|Protect","|","|-weather|RainDance|[upkeep]","|-heal|p2a: Ludicool|159/351 brn|[from] item: Leftovers","|-damage|p2a: Ludicool|116/351 brn|[from] brn","|-boost|p1a: Combusken|spe|1|[from] ability: Speed Boost","|turn|40","|","|move|p1a: Combusken|Protect|p1a: Combusken","|-fail|p1a: Combusken","|move|p2a: Ludicool|Giga Drain|p1a: Combusken","|-resisted|p1a: Combusken","|-damage|p1a: Combusken|0 fnt","|-heal|p2a: Ludicool|125/351 brn|[from] drain|[of] p1a: Combusken","|faint|p1a: Combusken","|","|win|GTX♅Bzumzum"],"p1rating":{"entryid":"118614","serverid":"eos","formatid":"monotype","userid":"thunderdriver","username":"ThunderDriver","w":"0","l":3,"t":"0","gxe":35.8,"r":"1428.3894616176","rd":"116.71080366562","sigma":"0","rptime":"1440320400","rpr":1384.7653276935,"rprd":111.12984781416,"rpsigma":"0","acre":1000,"lacre":1000,"oldacre":"1000"},"p2rating":{"entryid":"1463","serverid":"eos","formatid":"monotype","userid":"gtxbzumzum","username":"GTX♅Bzumzum","w":15,"l":"32","t":"0","gxe":33.8,"r":"1340.026987092","rd":"54.495959817093","sigma":"0","rptime":"1440320400","rpr":1371.7732849468,"rprd":52.984695176523,"rpsigma":"0","acre":1146.0972611288,"lacre":1146.0972611288,"oldacre":"1130.0406584298"},"endType":"normal"}