{"seed":[47001,8446,9583,322],"turns":29,"p1":"slimshadyboi","p2":"Alliance - Asurax","p1team":[{"name":"Azumarill","species":"Azumarill","item":"sitrusberry","ability":"Huge Power","moves":["knockoff","aquajet","bellydrum","playrough"],"nature":"Adamant","evs":{"hp":252,"atk":252,"def":0,"spa":0,"spd":0,"spe":4},"ivs":{"hp":31,"atk":31,"def":31,"spa":31,"spd":31,"spe":31}},{"name":"Whimsicott","species":"Whimsicott","item":"leftovers","ability":"Prankster","moves":["substitute","encore","leechseed","moonblast"],"nature":"Bold","evs":{"hp":248,"atk":0,"def":252,"spa":8,"spd":0,"spe":0},"ivs":{"hp":31,"atk":30,"def":31,"spa":30,"spd":31,"spe":30}},{"name":"Sylveon","species":"Sylveon","item":"choicespecs","ability":"Pixilate","moves":["hiddenpowerfire","hypervoice","shadowball","psyshock"],"nature":"Calm","evs":{"hp":0,"atk":0,"def":0,"spa":252,"spd":252,"spe":4},"ivs":{"hp":31,"atk":30,"def":31,"spa":30,"spd":31,"spe":30}},{"name":"Klefki","species":"Klefki","item":"lightclay","ability":"Prankster","moves":["reflect","lightscreen","thunderwave","toxic"],"nature":"Bold","evs":{"hp":248,"atk":0,"def":252,"spa":0,"spd":8,"spe":0},"ivs":{"hp":31,"atk":31,"def":31,"spa":31,"spd":31,"spe":31}},{"name":"Slurpuff","species":"Slurpuff","item":"sitrusberry","ability":"Unburden","moves":["bellydrum","playrough","drainpunch","facade"],"nature":"Jolly","evs":{"hp":4,"atk":252,"def":0,"spa":0,"spd":0,"spe":252},"ivs":{"hp":31,"atk":31,"def":31,"spa":31,"spd":31,"spe":31}},{"name":"Diancie","species":"Diancie","item":"diancite","ability":"Clear Body","moves":["diamondstorm","earthpower","protect","moonblast"],"nature":"Hasty","evs":{"hp":0,"atk":4,"def":0,"spa":252,"spd":0,"spe":252},"ivs":{"hp":31,"atk":31,"def":31,"spa":31,"spd":31,"spe":31}}],"p2team":[{"name":"Hawlucha","species":"Hawlucha","item":"sitrusberry","ability":"Unburden","moves":["substitute","swordsdance","acrobatics","highjumpkick"],"nature":"Jolly","evs":{"hp":4,"atk":252,"def":0,"spa":0,"spd":0,"spe":252},"ivs":{"hp":29,"atk":31,"def":31,"spa":31,"spd":31,"spe":31}},{"name":"Breloom","species":"Breloom","item":"focussash","ability":"Technician","moves":["spore","swordsdance","bulletseed","machpunch"],"nature":"Adamant","evs":{"hp":0,"atk":252,"def":0,"spa":0,"spd":4,"spe":252},"ivs":{"hp":31,"atk":31,"def":31,"spa":31,"spd":31,"spe":31}},{"name":"Terrakion","species":"Terrakion","item":"choicescarf","ability":"Justified","moves":["closecombat","stoneedge","earthquake","ironhead"],"nature":"Jolly","evs":{"hp":0,"atk":252,"def":0,"spa":0,"spd":4,"spe":252},"ivs":{"hp":31,"atk":31,"def":31,"spa":31,"spd":31,"spe":31}},{"name":"Keldeo-Resolute","species":"Keldeo-Resolute","item":"choicespecs","ability":"Justified","moves":["scald","hydropump","secretsword","icywind"],"nature":"Timid","evs":{"hp":0,"atk":0,"def":0,"spa":252,"spd":4,"spe":252},"ivs":{"hp":31,"atk":31,"def":31,"spa":31,"spd":31,"spe":31}},{"name":"Gallade","species":"Gallade","item":"galladite","ability":"Steadfast","moves":["swordsdance","drainpunch","knockoff","shadowsneak"],"nature":"Jolly","evs":{"hp":0,"atk":252,"def":0,"spa":0,"spd":4,"spe":252},"ivs":{"hp":31,"atk":31,"def":31,"spa":31,"spd":31,"spe":31}},{"name":"Infernape","species":"Infernape","item":"focussash","ability":"Blaze","moves":["fakeout","closecombat","fireblast","stealthrock"],"nature":"Hasty","evs":{"hp":0,"atk":252,"def":0,"spa":4,"spd":0,"spe":252},"ivs":{"hp":31,"atk":31,"def":31,"spa":31,"spd":31,"spe":31}}],"log":["|player|p1|slimshadyboi|224","|player|p2|Alliance - Asurax|allianceasurax.png","|gametype|singles","|gen|6","|tier|Monotype","|rated","|rule|Baton Pass Clause: Limit one Baton Passer, can't pass Spe and other stats simultaneously","|rule|Swagger Clause: Swagger is banned","|rule|Same Type Clause: Pokémon in a team must share a type","|clearpoke","|poke|p1|Azumarill, F","|poke|p1|Whimsicott, M","|poke|p1|Sylveon, M","|poke|p1|Klefki, F","|poke|p1|Slurpuff, M","|poke|p1|Diancie","|poke|p2|Hawlucha, M","|poke|p2|Breloom, M","|poke|p2|Terrakion","|poke|p2|Keldeo-Resolute","|poke|p2|Gallade, M","|poke|p2|Infernape, M","|rule|Sleep Clause Mod: Limit one foe put to sleep","|rule|Species Clause: Limit one of each Pokémon","|rule|OHKO Clause: OHKO moves are banned","|rule|Moody Clause: Moody is banned","|rule|Evasion Moves Clause: Evasion moves are banned","|rule|Endless Battle Clause: Forcing endless battles is banned","|rule|HP Percentage Mod: HP is shown in percentages","|teampreview","|","|start","|switch|p1a: Diancie|Diancie|241/241","|switch|p2a: Infernape|Infernape, M|293/293","|turn|1","|","|detailschange|p1a: Diancie|Diancie-Mega","|-mega|p1a: Diancie|Diancie|Diancite","|move|p2a: Infernape|Fake Out|p1a: Diancie","|-resisted|p1a: Diancie","|-damage|p1a: Diancie|222/241","|cant|p1a: Diancie|flinch","|","|turn|2","|","|move|p1a: Diancie|Diamond Storm|p2a: Infernape","|-damage|p2a: Infernape|50/293","|-boost|p1a: Diancie|def|1","|move|p2a: Infernape|Close Combat|p1a: Diancie","|-damage|p1a: Diancie|102/241","|-unboost|p2a: Infernape|def|1","|-unboost|p2a: Infernape|spd|1","|","|turn|3","|","|move|p1a: Diancie|Moonblast|p2a: Infernape","|-damage|p2a: Infernape|0 fnt","|faint|p2a: Infernape","|","|","|switch|p2a: Terrakion|Terrakion|323/323","|turn|4","|","|move|p1a: Diancie|Protect|p1a: Diancie","|-singleturn|p1a: Diancie|Protect","|move|p2a: Terrakion|Earthquake|p1a: Diancie","|-activate|p1a: Diancie|Protect","|","|turn|5","|","|switch|p1a: Whimsicott|Whimsicott, M|323/323","|move|p2a: Terrakion|Earthquake|p1a: Whimsicott","|-crit|p1a: Whimsicott","|-resisted|p1a: Whimsicott","|-damage|p1a: Whimsicott|252/323","|","|-heal|p1a: Whimsicott|272/323|[from] item: Leftovers","|turn|6","|","|switch|p2a: Gallade|Gallade, M|277/277","|move|p1a: Whimsicott|Substitute|p1a: Whimsicott","|-start|p1a: Whimsicott|Substitute","|-damage|p1a: Whimsicott|192/323","|","|-heal|p1a: Whimsicott|212/323|[from] item: Leftovers","|turn|7","|","|detailschange|p2a: Gallade|Gallade-Mega, M","|-mega|p2a: Gallade|Gallade|Galladite","|move|p1a: Whimsicott|Leech Seed|p2a: Gallade","|-start|p2a: Gallade|move: Leech Seed","|move|p2a: Gallade|Knock Off|p1a: Whimsicott","|-resisted|p1a: Whimsicott","|-activate|p1a: Whimsicott|Substitute|[damage]","|","|-heal|p1a: Whimsicott|232/323|[from] item: Leftovers","|-damage|p2a: Gallade|243/277|[from] Leech Seed|[of] p1a: Whimsicott","|-heal|p1a: Whimsicott|266/323|[silent]","|turn|8","|","|switch|p2a: Breloom|Breloom, M|261/261","|move|p1a: Whimsicott|Moonblast|p2a: Breloom","|-supereffective|p2a: Breloom","|-enditem|p2a: Breloom|Focus Sash","|-damage|p2a: Breloom|1/261","|","|-heal|p1a: Whimsicott|286/323|[from] item: Leftovers","|turn|9","|","|move|p2a: Breloom|Mach Punch|p1a: Whimsicott","|-resisted|p1a: Whimsicott","|-end|p1a: Whimsicott|Substitute","|move|p1a: Whimsicott|Moonblast|p2a: Breloom","|-crit|p2a: Breloom","|-supereffective|p2a: Breloom","|-damage|p2a: Breloom|0 fnt","|faint|p2a: Breloom","|","|-heal|p1a: Whimsicott|306/323|[from] item: Leftovers","|","|switch|p2a: Gallade|Gallade-Mega, M|243/277","|turn|10","|","|move|p1a: Whimsicott|Substitute|p1a: Whimsicott","|-start|p1a: Whimsicott|Substitute","|-damage|p1a: Whimsicott|226/323","|move|p2a: Gallade|Swords Dance|p2a: Gallade","|-boost|p2a: Gallade|atk|2","|","|-heal|p1a: Whimsicott|246/323|[from] item: Leftovers","|turn|11","|","|move|p2a: Gallade|Shadow Sneak|p1a: Whimsicott","|-end|p1a: Whimsicott|Substitute","|move|p1a: Whimsicott|Encore|p2a: Gallade","|-start|p2a: Gallade|Encore","|","|-heal|p1a: Whimsicott|266/323|[from] item: Leftovers","|turn|12","|","|switch|p1a: Klefki|Klefki, F|317/317","|move|p2a: Gallade|Shadow Sneak|p1a: Klefki","|-damage|p1a: Klefki|228/317","|","|turn|13","|","|move|p2a: Gallade|Shadow Sneak|p1a: Klefki","|-crit|p1a: Klefki","|-damage|p1a: Klefki|106/317","|move|p1a: Klefki|Thunder Wave|p2a: Gallade","|-status|p2a: Gallade|par","|","|turn|14","|","|move|p1a: Klefki|Reflect|p1a: Klefki","|-sidestart|p1: slimshadyboi|Reflect","|move|p2a: Gallade|Shadow Sneak|p1a: Klefki","|-damage|p1a: Klefki|62/317","|","|-end|p2a: Gallade|Encore","|turn|15","|","|switch|p1a: Whimsicott|Whimsicott, M|266/323","|move|p2a: Gallade|Shadow Sneak|p1a: Whimsicott","|-damage|p1a: Whimsicott|223/323","|","|-heal|p1a: Whimsicott|243/323|[from] item: Leftovers","|turn|16","|","|move|p1a: Whimsicott|Substitute|p1a: Whimsicott","|-start|p1a: Whimsicott|Substitute","|-damage|p1a: Whimsicott|163/323","|cant|p2a: Gallade|par","|","|-heal|p1a: Whimsicott|183/323|[from] item: Leftovers","|turn|17","|","|move|p1a: Whimsicott|Moonblast|p2a: Gallade","|-supereffective|p2a: Gallade","|-damage|p2a: Gallade|85/277 par","|cant|p2a: Gallade|par","|","|-heal|p1a: Whimsicott|203/323|[from] item: Leftovers","|turn|18","|","|move|p1a: Whimsicott|Moonblast|p2a: Gallade","|-supereffective|p2a: Gallade","|-damage|p2a: Gallade|0 fnt","|faint|p2a: Gallade","|","|-heal|p1a: Whimsicott|223/323|[from] item: Leftovers","|","|switch|p2a: Keldeo-Resolute|Keldeo-Resolute|323/323","|turn|19","|","|move|p1a: Whimsicott|Leech Seed|p2a: Keldeo-Resolute","|-start|p2a: Keldeo-Resolute|move: Leech Seed","|move|p2a: Keldeo-Resolute|Icy Wind|p1a: Whimsicott","|-supereffective|p1a: Whimsicott","|-end|p1a: Whimsicott|Substitute","|","|-heal|p1a: Whimsicott|243/323|[from] item: Leftovers","|-damage|p2a: Keldeo-Resolute|283/323|[from] Leech Seed|[of] p1a: Whimsicott","|-heal|p1a: Whimsicott|283/323|[silent]","|turn|20","|","|switch|p2a: Hawlucha|Hawlucha, M|296/296","|move|p1a: Whimsicott|Substitute|p1a: Whimsicott","|-start|p1a: Whimsicott|Substitute","|-damage|p1a: Whimsicott|203/323","|","|-heal|p1a: Whimsicott|223/323|[from] item: Leftovers","|turn|21","|","|move|p2a: Hawlucha|Acrobatics|p1a: Whimsicott","|-supereffective|p1a: Whimsicott","|-activate|p1a: Whimsicott|Substitute|[damage]","|move|p1a: Whimsicott|Moonblast|p2a: Hawlucha","|-supereffective|p2a: Hawlucha","|-damage|p2a: Hawlucha|54/296","|-unboost|p2a: Hawlucha|spa|1","|-enditem|p2a: Hawlucha|Sitrus Berry|[eat]","|-heal|p2a: Hawlucha|128/296|[from] item: Sitrus Berry","|","|-heal|p1a: Whimsicott|243/323|[from] item: Leftovers","|-sideend|p1: slimshadyboi|Reflect","|turn|22","|","|move|p2a: Hawlucha|Acrobatics|p1a: Whimsicott","|-supereffective|p1a: Whimsicott","|-end|p1a: Whimsicott|Substitute","|move|p1a: Whimsicott|Moonblast|p2a: Hawlucha","|-supereffective|p2a: Hawlucha","|-damage|p2a: Hawlucha|0 fnt","|faint|p2a: Hawlucha","|","|-heal|p1a: Whimsicott|263/323|[from] item: Leftovers","|","|switch|p2a: Keldeo-Resolute|Keldeo-Resolute|283/323","|turn|23","|","|move|p1a: Whimsicott|Leech Seed|p2a: Keldeo-Resolute","|-start|p2a: Keldeo-Resolute|move: Leech Seed","|move|p2a: Keldeo-Resolute|Icy Wind|p1a: Whimsicott","|-supereffective|p1a: Whimsicott","|-damage|p1a: Whimsicott|29/323","|-unboost|p1a: Whimsicott|spe|1","|","|-heal|p1a: Whimsicott|49/323|[from] item: Leftovers","|-damage|p2a: Keldeo-Resolute|243/323|[from] Leech Seed|[of] p1a: Whimsicott","|-heal|p1a: Whimsicott|89/323|[silent]","|turn|24","|","|switch|p2a: Terrakion|Terrakion|323/323","|switch|p1a: Sylveon|Sylveon, M|331/331","|","|turn|25","|","|switch|p1a: Azumarill|Azumarill, F|404/404","|move|p2a: Terrakion|Iron Head|p1a: Azumarill","|-damage|p1a: Azumarill|280/404","|","|turn|26","|","|move|p2a: Terrakion|Iron Head|p1a: Azumarill","|-damage|p1a: Azumarill|175/404","|-enditem|p1a: Azumarill|Sitrus Berry|[eat]","|-heal|p1a: Azumarill|276/404|[from] item: Sitrus Berry","|move|p1a: Azumarill|Play Rough|p2a: Terrakion","|-supereffective|p2a: Terrakion","|-damage|p2a: Terrakion|0 fnt","|faint|p2a: Terrakion","|","|","|switch|p2a: Keldeo-Resolute|Keldeo-Resolute|243/323","|turn|27","|","|move|p2a: Keldeo-Resolute|Scald|p1a: Azumarill","|-resisted|p1a: Azumarill","|-damage|p1a: Azumarill|152/404","|-status|p1a: Azumarill|brn","|move|p1a: Azumarill|Play Rough|p2a: Keldeo-Resolute","|-supereffective|p2a: Keldeo-Resolute","|-damage|p2a: Keldeo-Resolute|27/323","|","|-damage|p1a: Azumarill|102/404 brn|[from] brn","|turn|28","|","|move|p1a: Azumarill|Aqua Jet|p2a: Keldeo-Resolute","|-resisted|p2a: Keldeo-Resolute","|-damage|p2a: Keldeo-Resolute|5/323","|move|p2a: Keldeo-Resolute|Scald|p1a: Azumarill","|-resisted|p1a: Azumarill","|-damage|p1a: Azumarill|0 fnt","|faint|p1a: Azumarill","|","|","|switch|p1a: Diancie|Diancie-Mega|102/241","|turn|29","|","|move|p1a: Diancie|Moonblast|p2a: Keldeo-Resolute","|-supereffective|p2a: Keldeo-Resolute","|-damage|p2a: Keldeo-Resolute|0 fnt","|faint|p2a: Keldeo-Resolute","|","|win|slimshadyboi"],"p1rating":{"entryid":"330306","serverid":"eos","formatid":"monotype","userid":"slimshadyboi","username":"slimshadyboi","w":4,"l":"2","t":"0","gxe":57.4,"r":"1500","rd":"130","sigma":"0","rptime":"1440234000","rpr":1558.2017935324,"rprd":99.967317887454,"rpsigma":"0","acre":1124.8708788686,"lacre":1124.8708788686,"oldacre":"1088.8198758574"},"p2rating":{"entryid":"36158","serverid":"eos","formatid":"monotype","userid":"allianceasurax","username":"Alliance - Asurax","w":"13","l":5,"t":"0","gxe":64.5,"r":"1632.2272590284","rd":"86.19713899567","sigma":"0","rptime":"1440234000","rpr":1614.8851489866,"rprd":74.618592583124,"rpsigma":"0","acre":1182.5532097753,"lacre":1182.5532097753,"oldacre":"1216.337909935"},"endType":"normal"}