{"seed":[33063,1105,15796,20072],"turns":31,"p1":"Arcade SonOfUlti","p2":"lsidiousl","p1team":[{"name":"Landorus","species":"Landorus","item":"lifeorb","ability":"Sheer Force","moves":["earthpower","psychic","sludgewave","hiddenpowerfire"],"nature":"Timid","evs":{"hp":0,"atk":0,"def":0,"spa":252,"spd":4,"spe":252},"ivs":{"hp":31,"atk":30,"def":31,"spa":30,"spd":31,"spe":30},"happiness":0},{"name":"Gyarados","species":"Gyarados","item":"gyaradosite","ability":"Intimidate","moves":["crunch","waterfall","dragondance","substitute"],"nature":"Adamant","evs":{"hp":0,"atk":252,"def":0,"spa":0,"spd":4,"spe":252},"happiness":0,"ivs":{"hp":31,"atk":31,"def":31,"spa":31,"spd":31,"spe":31}},{"name":"Togekiss","species":"Togekiss","item":"choicescarf","ability":"Serene Grace","moves":["airslash","dazzlinggleam","fireblast","trick"],"nature":"Timid","evs":{"hp":0,"atk":0,"def":0,"spa":252,"spd":4,"spe":252},"ivs":{"hp":31,"atk":31,"def":31,"spa":31,"spd":31,"spe":31}},{"name":"Skarmory","species":"Skarmory","item":"leftovers","ability":"Sturdy","moves":["stealthrock","defog","whirlwind","bravebird"],"nature":"Careful","evs":{"hp":252,"atk":0,"def":0,"spa":0,"spd":232,"spe":24},"shiny":true,"ivs":{"hp":31,"atk":31,"def":31,"spa":31,"spd":31,"spe":31}},{"name":"Tornadus-Therian","species":"Tornadus-Therian","item":"assaultvest","ability":"Regenerator","moves":["uturn","hurricane","heatwave","knockoff"],"nature":"Mild","evs":{"hp":248,"atk":8,"def":0,"spa":252,"spd":0,"spe":0},"shiny":true,"ivs":{"hp":31,"atk":31,"def":31,"spa":31,"spd":31,"spe":31}},{"name":"Crobat","species":"Crobat","item":"focussash","ability":"Infiltrator","moves":["uturn","bravebird","taunt","tailwind"],"nature":"Jolly","evs":{"hp":0,"atk":252,"def":0,"spa":0,"spd":4,"spe":252},"ivs":{"hp":31,"atk":31,"def":31,"spa":31,"spd":31,"spe":31}}],"p2team":[{"name":"Gardevoir","species":"Gardevoir","item":"gardevoirite","ability":"Synchronize","moves":["hypervoice","wish","willowisp","protect"],"nature":"Bold","evs":{"hp":108,"atk":0,"def":244,"spa":144,"spd":0,"spe":12},"ivs":{"hp":31,"atk":31,"def":31,"spa":31,"spd":31,"spe":31}},{"name":"Latias","species":"Latias","item":"leftovers","ability":"Levitate","moves":["tailwind","dragonpulse","psyshock","defog"],"nature":"Calm","evs":{"hp":252,"atk":0,"def":0,"spa":0,"spd":252,"spe":4},"ivs":{"hp":31,"atk":31,"def":31,"spa":31,"spd":31,"spe":31}},{"name":"Victini","species":"Victini","item":"choicescarf","ability":"Victory Star","moves":["boltstrike","flareblitz","uturn","zenheadbutt"],"nature":"Jolly","evs":{"hp":0,"atk":252,"def":0,"spa":0,"spd":4,"spe":252},"ivs":{"hp":31,"atk":31,"def":31,"spa":31,"spd":31,"spe":31}},{"name":"Jirachi","species":"Jirachi","item":"leftovers","ability":"Serene Grace","moves":["ironhead","thunderwave","stealthrock","firepunch"],"nature":"Impish","evs":{"hp":252,"atk":4,"def":252,"spa":0,"spd":0,"spe":0},"ivs":{"hp":31,"atk":31,"def":31,"spa":31,"spd":31,"spe":31}},{"name":"Reuniclus","species":"Reuniclus","item":"leftovers","ability":"Magic Guard","moves":["calmmind","psyshock","recover","shadowball"],"nature":"Bold","evs":{"hp":96,"atk":0,"def":160,"spa":252,"spd":0,"spe":0},"ivs":{"hp":31,"atk":31,"def":31,"spa":31,"spd":31,"spe":31}},{"name":"Starmie","species":"Starmie","item":"lifeorb","ability":"Natural Cure","moves":["icebeam","surf","psyshock","dazzlinggleam"],"nature":"Timid","evs":{"hp":0,"atk":0,"def":0,"spa":252,"spd":4,"spe":252},"ivs":{"hp":31,"atk":31,"def":31,"spa":31,"spd":31,"spe":31}}],"log":["|player|p1|Arcade SonOfUlti|269","|player|p2|lsidiousl|257","|gametype|singles","|gen|6","|tier|Monotype","|rated","|rule|Baton Pass Clause: Limit one Baton Passer, can't pass Spe and other stats simultaneously","|rule|Swagger Clause: Swagger is banned","|rule|Same Type Clause: Pokémon in a team must share a type","|clearpoke","|poke|p1|Landorus, M","|poke|p1|Gyarados, F","|poke|p1|Togekiss, M","|poke|p1|Skarmory, F, shiny","|poke|p1|Tornadus-Therian, M, shiny","|poke|p1|Crobat, F","|poke|p2|Gardevoir, M","|poke|p2|Latias, F","|poke|p2|Victini","|poke|p2|Jirachi","|poke|p2|Reuniclus, M","|poke|p2|Starmie","|rule|Sleep Clause Mod: Limit one foe put to sleep","|rule|Species Clause: Limit one of each Pokémon","|rule|OHKO Clause: OHKO moves are banned","|rule|Moody Clause: Moody is banned","|rule|Evasion Moves Clause: Evasion moves are banned","|rule|Endless Battle Clause: Forcing endless battles is banned","|rule|HP Percentage Mod: HP is shown in percentages","|teampreview","|","|start","|switch|p1a: Tornadus-Therian|Tornadus-Therian, M, shiny|361/361","|switch|p2a: Starmie|Starmie|261/261","|turn|1","|","|move|p2a: Starmie|Ice Beam|p1a: Tornadus-Therian","|-supereffective|p1a: Tornadus-Therian","|-damage|p1a: Tornadus-Therian|202/361","|-damage|p2a: Starmie|235/261|[from] item: Life Orb","|move|p1a: Tornadus-Therian|U-turn|p2a: Starmie","|-supereffective|p2a: Starmie","|-damage|p2a: Starmie|105/261","|","|switch|p1a: Gyarados|Gyarados, F|331/331","|-ability|p1a: Gyarados|Intimidate","|-unboost|p2a: Starmie|atk|1","|","|turn|2","|","|detailschange|p1a: Gyarados|Gyarados-Mega, F","|-mega|p1a: Gyarados|Gyarados|Gyaradosite","|-ability|p1a: Gyarados|Mold Breaker","|move|p2a: Starmie|Dazzling Gleam|p1a: Gyarados","|-supereffective|p1a: Gyarados","|-damage|p1a: Gyarados|172/331","|-damage|p2a: Starmie|79/261|[from] item: Life Orb","|move|p1a: Gyarados|Dragon Dance|p1a: Gyarados","|-boost|p1a: Gyarados|atk|1","|-boost|p1a: Gyarados|spe|1","|","|turn|3","|","|move|p1a: Gyarados|Crunch|p2a: Starmie","|-supereffective|p2a: Starmie","|-damage|p2a: Starmie|0 fnt","|faint|p2a: Starmie","|","|","|switch|p2a: Victini|Victini|341/341","|turn|4","|","|move|p2a: Victini|Bolt Strike|p1a: Gyarados","|-supereffective|p1a: Gyarados","|-damage|p1a: Gyarados|0 fnt","|faint|p1a: Gyarados","|","|","|switch|p1a: Crobat|Crobat, F|311/311","|turn|5","|","|move|p2a: Victini|Bolt Strike|p1a: Crobat","|-supereffective|p1a: Crobat","|-damage|p1a: Crobat|19/311","|move|p1a: Crobat|Tailwind|p1a: Crobat","|-sidestart|p1: Arcade SonOfUlti|move: Tailwind","|","|turn|6","|","|switch|p2a: Jirachi|Jirachi|404/404","|move|p1a: Crobat|U-turn|p2a: Jirachi","|-damage|p2a: Jirachi|353/404","|","|switch|p1a: Tornadus-Therian|Tornadus-Therian, M, shiny|322/361","|","|-heal|p2a: Jirachi|378/404|[from] item: Leftovers","|turn|7","|","|move|p1a: Tornadus-Therian|Knock Off|p2a: Jirachi","|-supereffective|p2a: Jirachi","|-damage|p2a: Jirachi|276/404","|-enditem|p2a: Jirachi|Leftovers|[from] move: Knock Off|[of] p1a: Tornadus-Therian","|move|p2a: Jirachi|Thunder Wave|p1a: Tornadus-Therian","|-status|p1a: Tornadus-Therian|par","|","|turn|8","|","|move|p2a: Jirachi|Stealth Rock|p1a: Tornadus-Therian","|-sidestart|p1: Arcade SonOfUlti|move: Stealth Rock","|move|p1a: Tornadus-Therian|Heat Wave|p2a: Jirachi","|-supereffective|p2a: Jirachi","|-damage|p2a: Jirachi|56/404","|","|-sideend|p1: Arcade SonOfUlti|move: Tailwind","|turn|9","|","|move|p2a: Jirachi|Iron Head|p1a: Tornadus-Therian","|-damage|p1a: Tornadus-Therian|190/361 par","|cant|p1a: Tornadus-Therian|par","|","|turn|10","|","|move|p2a: Jirachi|Iron Head|p1a: Tornadus-Therian","|-damage|p1a: Tornadus-Therian|58/361 par","|cant|p1a: Tornadus-Therian|flinch","|","|turn|11","|","|move|p2a: Jirachi|Iron Head|p1a: Tornadus-Therian","|-damage|p1a: Tornadus-Therian|0 fnt","|faint|p1a: Tornadus-Therian","|","|","|switch|p1a: Skarmory|Skarmory, F, shiny|334/334","|-damage|p1a: Skarmory|293/334|[from] Stealth Rock","|turn|12","|","|move|p2a: Jirachi|Fire Punch|p1a: Skarmory","|-supereffective|p1a: Skarmory","|-damage|p1a: Skarmory|211/334","|-status|p1a: Skarmory|brn","|move|p1a: Skarmory|Whirlwind|p2a: Jirachi","|drag|p2a: Gardevoir|Gardevoir, M|304/304","|","|-heal|p1a: Skarmory|231/334 brn|[from] item: Leftovers","|-damage|p1a: Skarmory|190/334 brn|[from] brn","|turn|13","|","|detailschange|p2a: Gardevoir|Gardevoir-Mega, M","|-mega|p2a: Gardevoir|Gardevoir|Gardevoirite","|move|p2a: Gardevoir|Hyper Voice|p1a: Skarmory","|-resisted|p1a: Skarmory","|-damage|p1a: Skarmory|92/334 brn","|move|p1a: Skarmory|Defog|p2a: Gardevoir","|-unboost|p2a: Gardevoir|evasion|1","|-sideend|p1: Arcade SonOfUlti|Stealth Rock|[from] move: Defog|[of] p1a: Skarmory","|","|-heal|p1a: Skarmory|112/334 brn|[from] item: Leftovers","|-damage|p1a: Skarmory|71/334 brn|[from] brn","|turn|14","|","|move|p2a: Gardevoir|Hyper Voice|p1a: Skarmory","|-resisted|p1a: Skarmory","|-damage|p1a: Skarmory|0 fnt","|faint|p1a: Skarmory","|","|","|switch|p1a: Crobat|Crobat, F|19/311","|turn|15","|","|move|p1a: Crobat|U-turn|p2a: Gardevoir","|-damage|p2a: Gardevoir|240/304","|","|switch|p1a: Togekiss|Togekiss, M|311/311","|move|p2a: Gardevoir|Hyper Voice|p1a: Togekiss","|-damage|p1a: Togekiss|110/311","|","|turn|16","|","|move|p1a: Togekiss|Air Slash|p2a: Gardevoir","|-damage|p2a: Gardevoir|143/304","|cant|p2a: Gardevoir|flinch","|","|turn|17","|","|move|p1a: Togekiss|Air Slash|p2a: Gardevoir","|-damage|p2a: Gardevoir|38/304","|move|p2a: Gardevoir|Wish|p2a: Gardevoir","|","|turn|18","|","|move|p2a: Gardevoir|Protect|p2a: Gardevoir","|-singleturn|p2a: Gardevoir|Protect","|move|p1a: Togekiss|Air Slash|p2a: Gardevoir","|-activate|p2a: Gardevoir|Protect","|","|-heal|p2a: Gardevoir|190/304|[from] move: Wish|[wisher] Gardevoir","|turn|19","|","|move|p1a: Togekiss|Air Slash|p2a: Gardevoir","|-damage|p2a: Gardevoir|84/304","|cant|p2a: Gardevoir|flinch","|","|turn|20","|","|switch|p2a: Latias|Latias, F|364/364","|move|p1a: Togekiss|Air Slash|p2a: Latias","|-damage|p2a: Latias|285/364","|","|-heal|p2a: Latias|307/364|[from] item: Leftovers","|turn|21","|","|switch|p1a: Crobat|Crobat, F|19/311","|move|p2a: Latias|Psyshock|p1a: Crobat","|-supereffective|p1a: Crobat","|-damage|p1a: Crobat|0 fnt","|faint|p1a: Crobat","|","|-heal|p2a: Latias|329/364|[from] item: Leftovers","|","|switch|p1a: Togekiss|Togekiss, M|110/311","|turn|22","|","|move|p1a: Togekiss|Dazzling Gleam|p2a: Latias","|-supereffective|p2a: Latias","|-damage|p2a: Latias|173/364","|move|p2a: Latias|Tailwind|p2a: Latias","|-sidestart|p2: lsidiousl|move: Tailwind","|","|-heal|p2a: Latias|195/364|[from] item: Leftovers","|turn|23","|","|switch|p2a: Jirachi|Jirachi|56/404","|move|p1a: Togekiss|Dazzling Gleam|p2a: Jirachi","|-resisted|p2a: Jirachi","|-damage|p2a: Jirachi|0 fnt","|faint|p2a: Jirachi","|","|","|switch|p2a: Victini|Victini|341/341","|turn|24","|","|switch|p1a: Landorus|Landorus, M|319/319","|move|p2a: Victini|Bolt Strike|p1a: Landorus","|-immune|p1a: Landorus|[msg]","|","|turn|25","|","|switch|p2a: Reuniclus|Reuniclus, M|385/385","|move|p1a: Landorus|Earth Power|p2a: Reuniclus","|-damage|p2a: Reuniclus|115/385","|","|-heal|p2a: Reuniclus|139/385|[from] item: Leftovers","|-sideend|p2: lsidiousl|move: Tailwind","|turn|26","|","|move|p1a: Landorus|Sludge Wave|p2a: Reuniclus","|-damage|p2a: Reuniclus|0 fnt","|faint|p2a: Reuniclus","|","|","|switch|p2a: Latias|Latias, F|195/364","|turn|27","|","|move|p1a: Landorus|Sludge Wave|p2a: Latias","|-damage|p2a: Latias|98/364","|move|p2a: Latias|Dragon Pulse|p1a: Landorus","|-damage|p1a: Landorus|187/319","|","|-heal|p2a: Latias|120/364|[from] item: Leftovers","|turn|28","|","|move|p1a: Landorus|Sludge Wave|p2a: Latias","|-damage|p2a: Latias|19/364","|move|p2a: Latias|Psyshock|p1a: Landorus","|-damage|p1a: Landorus|72/319","|","|-heal|p2a: Latias|41/364|[from] item: Leftovers","|turn|29","|","|move|p1a: Landorus|Sludge Wave|p2a: Latias","|-damage|p2a: Latias|0 fnt","|faint|p2a: Latias","|","|","|switch|p2a: Victini|Victini|341/341","|turn|30","|","|move|p2a: Victini|Zen Headbutt|p1a: Landorus","|-damage|p1a: Landorus|0 fnt","|faint|p1a: Landorus","|","|","|switch|p1a: Togekiss|Togekiss, M|110/311","|turn|31","|","|move|p2a: Victini|Zen Headbutt|p1a: Togekiss","|-damage|p1a: Togekiss|0 fnt","|faint|p1a: Togekiss","|","|win|lsidiousl"],"p1rating":{"entryid":"373231","serverid":"eos","formatid":"monotype","userid":"arcadesonofulti","username":"Arcade SonOfUlti","w":"3","l":1,"t":"0","gxe":55.5,"r":"1500","rd":"130","sigma":"0","rptime":"1440320400","rpr":1543.3756440652,"rprd":106.77998755799,"rpsigma":"0","acre":1075.3836479732,"lacre":1075.3836479732,"oldacre":"1103.3500392228"},"p2rating":{"entryid":"328111","serverid":"eos","formatid":"monotype","userid":"lsidiousl","username":"lsidiousl","w":4,"l":"6","t":"0","gxe":45.2,"r":"1459.8393856612","rd":"122.8583080769","sigma":"0","rptime":"1440320400","rpr":1462.3413886185,"rprd":87.554666035694,"rpsigma":"0","acre":1096.2842421022,"lacre":1096.2842421022,"oldacre":"1061.9297209371"},"endType":"normal"}