{"seed":[29864,54944,54054,51005],"turns":48,"p1":"LightOfAKnowing","p2":"Guard Lucifer","p1team":[{"name":"Exploud","species":"Exploud","item":"wiseglasses","ability":"Scrappy","moves":["boomburst","icebeam","flamethrower","shadowball"],"nature":"Modest","evs":{"hp":248,"atk":0,"def":0,"spa":252,"spd":8,"spe":0},"ivs":{"hp":31,"atk":31,"def":31,"spa":31,"spd":31,"spe":31}},{"name":"Chansey","species":"Chansey","item":"eviolite","ability":"Natural Cure","moves":["healbell","wish","toxic","seismictoss"],"nature":"Bold","evs":{"hp":248,"atk":0,"def":252,"spa":0,"spd":8,"spe":0},"ivs":{"hp":31,"atk":31,"def":31,"spa":31,"spd":31,"spe":31}},{"name":"Braviary","species":"Braviary","item":"choicescarf","ability":"Sheer Force","moves":["bravebird","rockslide","thrash","steelwing"],"nature":"Jolly","evs":{"hp":0,"atk":252,"def":0,"spa":0,"spd":4,"spe":252},"shiny":true,"ivs":{"hp":31,"atk":31,"def":31,"spa":31,"spd":31,"spe":31}},{"name":"Meloetta","species":"Meloetta","item":"assaultvest","ability":"Serene Grace","moves":["shadowball","psychic","energyball","hypervoice"],"nature":"Modest","evs":{"hp":248,"atk":0,"def":0,"spa":252,"spd":8,"spe":0},"ivs":{"hp":31,"atk":31,"def":31,"spa":31,"spd":31,"spe":31}},{"name":"Lopunny","species":"Lopunny","item":"lopunnite","ability":"Cute Charm","moves":["fakeout","drainpunch","frustration","icepunch"],"nature":"Jolly","evs":{"hp":0,"atk":252,"def":0,"spa":0,"spd":4,"spe":252},"happiness":0,"ivs":{"hp":31,"atk":31,"def":31,"spa":31,"spd":31,"spe":31}},{"name":"Snorlax","species":"Snorlax","item":"weaknesspolicy","ability":"Thick Fat","moves":["curse","rest","frustration","crunch"],"nature":"Adamant","evs":{"hp":248,"atk":252,"def":0,"spa":0,"spd":8,"spe":0},"happiness":0,"ivs":{"hp":31,"atk":31,"def":31,"spa":31,"spd":31,"spe":31}}],"p2team":[{"name":"Feel The Burn","species":"azumarill","item":"sitrusberry","ability":"Huge Power","moves":["playrough","waterfall","aquajet","bellydrum"],"nature":"Adamant","evs":{"hp":164,"atk":252,"def":92,"spa":0,"spd":0,"spe":0},"gender":"M","shiny":true,"ivs":{"hp":31,"atk":31,"def":31,"spa":31,"spd":31,"spe":31}},{"name":"Bulls","species":"granbull","item":"leftovers","ability":"Intimidate","moves":["playrough","firepunch","earthquake","healbell"],"nature":"Adamant","evs":{"hp":252,"atk":252,"def":0,"spa":0,"spd":4,"spe":0},"gender":"M","shiny":true,"ivs":{"hp":31,"atk":31,"def":31,"spa":31,"spd":31,"spe":31}},{"name":"Princess Hisui","species":"diancie","item":"diancite","ability":"Clear Body","moves":["earthpower","moonblast","diamondstorm","protect"],"nature":"Mild","evs":{"hp":4,"atk":0,"def":0,"spa":252,"spd":0,"spe":252},"ivs":{"hp":31,"atk":31,"def":31,"spa":31,"spd":31,"spe":31}},{"name":"Wings Of Death","species":"togekiss","item":"leftovers","ability":"Serene Grace","moves":["roost","airslash","fireblast","defog"],"nature":"Bold","evs":{"hp":252,"atk":0,"def":252,"spa":4,"spd":0,"spe":0},"gender":"M","shiny":true,"ivs":{"hp":31,"atk":31,"def":31,"spa":31,"spd":31,"spe":31}},{"name":"Wish","species":"clefable","item":"lifeorb","ability":"Magic Guard","moves":["moonblast","fireblast","stealthrock","softboiled"],"nature":"Bold","evs":{"hp":252,"atk":0,"def":172,"spa":0,"spd":84,"spe":0},"gender":"M","shiny":true,"ivs":{"hp":31,"atk":31,"def":31,"spa":31,"spd":31,"spe":31}},{"name":"Keys Of Worlds","species":"klefki","item":"lightclay","ability":"Prankster","moves":["foulplay","spikes","lightscreen","reflect"],"nature":"Bold","evs":{"hp":248,"atk":0,"def":252,"spa":0,"spd":8,"spe":0},"gender":"M","shiny":true,"ivs":{"hp":31,"atk":31,"def":31,"spa":31,"spd":31,"spe":31}}],"log":["|player|p1|LightOfAKnowing|lightofaknowing.gif","|player|p2|Guard Lucifer|karlpower.gif","|gametype|singles","|gen|6","|tier|Monotype","|rated","|rule|Baton Pass Clause: Limit one Baton Passer, can't pass Spe and other stats simultaneously","|rule|Swagger Clause: Swagger is banned","|rule|Same Type Clause: Pokémon in a team must share a type","|clearpoke","|poke|p1|Exploud, F","|poke|p1|Chansey, F","|poke|p1|Braviary, M, shiny","|poke|p1|Meloetta","|poke|p1|Lopunny, M","|poke|p1|Snorlax, M","|poke|p2|Azumarill, M, shiny","|poke|p2|Granbull, M, shiny","|poke|p2|Diancie","|poke|p2|Togekiss, M, shiny","|poke|p2|Clefable, M, shiny","|poke|p2|Klefki, M, shiny","|rule|Sleep Clause Mod: Limit one foe put to sleep","|rule|Species Clause: Limit one of each Pokémon","|rule|OHKO Clause: OHKO moves are banned","|rule|Moody Clause: Moody is banned","|rule|Evasion Moves Clause: Evasion moves are banned","|rule|Endless Battle Clause: Forcing endless battles is banned","|rule|HP Percentage Mod: HP is shown in percentages","|teampreview","|","|start","|switch|p1a: Snorlax|Snorlax, M|523/523","|switch|p2a: Bulls|Granbull, M, shiny|384/384","|-ability|p2a: Bulls|Intimidate","|-unboost|p1a: Snorlax|atk|1","|turn|1","|","|move|p2a: Bulls|Play Rough|p1a: Snorlax","|-damage|p1a: Snorlax|273/523","|move|p1a: Snorlax|Curse|p1a: Snorlax","|-unboost|p1a: Snorlax|spe|1","|-boost|p1a: Snorlax|atk|1","|-boost|p1a: Snorlax|def|1","|","|turn|2","|","|switch|p2a: Wings Of Death|Togekiss, M, shiny|374/374","|switch|p1a: Meloetta|Meloetta|403/403","|","|turn|3","|","|switch|p2a: Keys Of Worlds|Klefki, M, shiny|317/317","|move|p1a: Meloetta|Hyper Voice|p2a: Keys Of Worlds","|-resisted|p2a: Keys Of Worlds","|-damage|p2a: Keys Of Worlds|219/317","|","|turn|4","|","|switch|p1a: Snorlax|Snorlax, M|273/523","|move|p2a: Keys Of Worlds|Light Screen|p2a: Keys Of Worlds","|-sidestart|p2: Guard Lucifer|move: Light Screen","|","|turn|5","|","|move|p2a: Keys Of Worlds|Reflect|p2a: Keys Of Worlds","|-sidestart|p2: Guard Lucifer|Reflect","|move|p1a: Snorlax|Curse|p1a: Snorlax","|-unboost|p1a: Snorlax|spe|1","|-boost|p1a: Snorlax|atk|1","|-boost|p1a: Snorlax|def|1","|","|turn|6","|","|move|p2a: Keys Of Worlds|Spikes|p1a: Snorlax","|-sidestart|p1: LightOfAKnowing|Spikes","|move|p1a: Snorlax|Curse|p1a: Snorlax","|-unboost|p1a: Snorlax|spe|1","|-boost|p1a: Snorlax|atk|1","|-boost|p1a: Snorlax|def|1","|","|turn|7","|","|switch|p2a: Wings Of Death|Togekiss, M, shiny|374/374","|move|p1a: Snorlax|Curse|p1a: Snorlax","|-unboost|p1a: Snorlax|spe|1","|-boost|p1a: Snorlax|atk|1","|-boost|p1a: Snorlax|def|1","|","|turn|8","|","|move|p2a: Wings Of Death|Air Slash|p1a: Snorlax","|-damage|p1a: Snorlax|179/523","|cant|p1a: Snorlax|flinch","|","|turn|9","|","|move|p2a: Wings Of Death|Air Slash|p1a: Snorlax","|-damage|p1a: Snorlax|86/523","|move|p1a: Snorlax|Rest|p1a: Snorlax","|-status|p1a: Snorlax|slp","|-heal|p1a: Snorlax|523/523 slp|[silent]","|-status|p1a: Snorlax|slp|[from] move: Rest","|","|turn|10","|","|switch|p2a: Feel The Burn|Azumarill, M, shiny|382/382","|cant|p1a: Snorlax|slp","|","|turn|11","|","|move|p2a: Feel The Burn|Belly Drum|p2a: Feel The Burn","|-damage|p2a: Feel The Burn|191/382","|-setboost|p2a: Feel The Burn|atk|6|[from] move: Belly Drum","|-enditem|p2a: Feel The Burn|Sitrus Berry|[eat]","|-heal|p2a: Feel The Burn|286/382|[from] item: Sitrus Berry","|cant|p1a: Snorlax|slp","|","|-sideend|p2: Guard Lucifer|move: Light Screen","|turn|12","|","|move|p2a: Feel The Burn|Play Rough|p1a: Snorlax","|-damage|p1a: Snorlax|108/523 slp","|-curestatus|p1a: Snorlax|slp","|move|p1a: Snorlax|Frustration|p2a: Feel The Burn","|-damage|p2a: Feel The Burn|28/382","|","|-sideend|p2: Guard Lucifer|Reflect","|turn|13","|","|move|p2a: Feel The Burn|Waterfall|p1a: Snorlax","|-damage|p1a: Snorlax|0 fnt","|faint|p1a: Snorlax","|","|","|switch|p1a: Lopunny|Lopunny, M|271/271","|-damage|p1a: Lopunny|238/271|[from] Spikes","|turn|14","|","|switch|p2a: Bulls|Granbull, M, shiny|384/384","|-ability|p2a: Bulls|Intimidate","|-unboost|p1a: Lopunny|atk|1","|detailschange|p1a: Lopunny|Lopunny-Mega, M","|-mega|p1a: Lopunny|Lopunny|Lopunnite","|move|p1a: Lopunny|Fake Out|p2a: Bulls","|-damage|p2a: Bulls|317/384","|","|-heal|p2a: Bulls|341/384|[from] item: Leftovers","|turn|15","|","|switch|p1a: Meloetta|Meloetta|403/403","|-damage|p1a: Meloetta|353/403|[from] Spikes","|move|p2a: Bulls|Play Rough|p1a: Meloetta","|-damage|p1a: Meloetta|155/403","|","|-heal|p2a: Bulls|365/384|[from] item: Leftovers","|turn|16","|","|move|p1a: Meloetta|Hyper Voice|p2a: Bulls","|-damage|p2a: Bulls|122/384","|move|p2a: Bulls|Play Rough|p1a: Meloetta","|-damage|p1a: Meloetta|0 fnt","|faint|p1a: Meloetta","|","|-heal|p2a: Bulls|146/384|[from] item: Leftovers","|","|switch|p1a: Lopunny|Lopunny-Mega, M|238/271","|-damage|p1a: Lopunny|205/271|[from] Spikes","|turn|17","|","|switch|p2a: Keys Of Worlds|Klefki, M, shiny|219/317","|move|p1a: Lopunny|Frustration|p2a: Keys Of Worlds","|-resisted|p2a: Keys Of Worlds","|-damage|p2a: Keys Of Worlds|144/317","|","|turn|18","|","|switch|p1a: Chansey|Chansey, F|703/703","|-damage|p1a: Chansey|616/703|[from] Spikes","|move|p2a: Keys Of Worlds|Reflect|p2a: Keys Of Worlds","|-sidestart|p2: Guard Lucifer|Reflect","|","|turn|19","|","|switch|p2a: Feel The Burn|Azumarill, M, shiny|28/382","|move|p1a: Chansey|Wish|p1a: Chansey","|","|turn|20","|","|move|p2a: Feel The Burn|Waterfall|p1a: Chansey","|-damage|p1a: Chansey|403/703","|move|p1a: Chansey|Seismic Toss|p2a: Feel The Burn","|-damage|p2a: Feel The Burn|0 fnt","|faint|p2a: Feel The Burn","|","|-heal|p1a: Chansey|703/703|[from] move: Wish|[wisher] Chansey","|","|switch|p2a: Princess Hisui|Diancie|242/242","|turn|21","|","|detailschange|p2a: Princess Hisui|Diancie-Mega","|-mega|p2a: Princess Hisui|Diancie|Diancite","|move|p2a: Princess Hisui|Diamond Storm|p1a: Chansey","|-damage|p1a: Chansey|462/703","|-boost|p2a: Princess Hisui|def|1","|move|p1a: Chansey|Wish|p1a: Chansey","|","|turn|22","|","|switch|p1a: Lopunny|Lopunny-Mega, M|205/271","|-damage|p1a: Lopunny|172/271|[from] Spikes","|move|p2a: Princess Hisui|Diamond Storm|p1a: Lopunny","|-resisted|p1a: Lopunny","|-damage|p1a: Lopunny|84/271","|","|-heal|p1a: Lopunny|271/271|[from] move: Wish|[wisher] Chansey","|turn|23","|","|move|p2a: Princess Hisui|Protect|p2a: Princess Hisui","|-singleturn|p2a: Princess Hisui|Protect","|move|p1a: Lopunny|Fake Out|p2a: Princess Hisui","|-activate|p2a: Princess Hisui|Protect","|","|turn|24","|","|move|p1a: Lopunny|Ice Punch|p2a: Princess Hisui","|-damage|p2a: Princess Hisui|211/242","|-status|p2a: Princess Hisui|frz","|cant|p2a: Princess Hisui|frz","|","|turn|25","|","|switch|p1a: Braviary|Braviary, M, shiny|341/341","|switch|p2a: Keys Of Worlds|Klefki, M, shiny|144/317","|","|-sideend|p2: Guard Lucifer|Reflect","|turn|26","|","|move|p2a: Keys Of Worlds|Reflect|p2a: Keys Of Worlds","|-sidestart|p2: Guard Lucifer|Reflect","|move|p1a: Braviary|Steel Wing|p2a: Keys Of Worlds","|-damage|p2a: Keys Of Worlds|106/317","|","|turn|27","|","|switch|p1a: Chansey|Chansey, F|462/703","|-damage|p1a: Chansey|375/703|[from] Spikes","|move|p2a: Keys Of Worlds|Foul Play|p1a: Chansey","|-damage|p1a: Chansey|357/703","|","|turn|28","|","|switch|p2a: Bulls|Granbull, M, shiny|146/384","|-ability|p2a: Bulls|Intimidate","|-unboost|p1a: Chansey|atk|1","|move|p1a: Chansey|Wish|p1a: Chansey","|","|-heal|p2a: Bulls|170/384|[from] item: Leftovers","|turn|29","|","|move|p1a: Chansey|Seismic Toss|p2a: Bulls","|-damage|p2a: Bulls|70/384","|move|p2a: Bulls|Heal Bell|p2a: Bulls","|-cureteam|p2a: Bulls|[from] move: HealBell","|","|-heal|p1a: Chansey|703/703|[from] move: Wish|[wisher] Chansey","|-heal|p2a: Bulls|94/384|[from] item: Leftovers","|turn|30","|","|move|p1a: Chansey|Seismic Toss|p2a: Bulls","|-damage|p2a: Bulls|0 fnt","|faint|p2a: Bulls","|","|","|switch|p2a: Princess Hisui|Diancie-Mega|211/242","|turn|31","|","|move|p2a: Princess Hisui|Diamond Storm|p1a: Chansey","|-damage|p1a: Chansey|459/703","|move|p1a: Chansey|Seismic Toss|p2a: Princess Hisui","|-damage|p2a: Princess Hisui|111/242","|","|turn|32","|","|move|p2a: Princess Hisui|Diamond Storm|p1a: Chansey","|-damage|p1a: Chansey|204/703","|move|p1a: Chansey|Seismic Toss|p2a: Princess Hisui","|-damage|p2a: Princess Hisui|11/242","|","|turn|33","|","|move|p2a: Princess Hisui|Diamond Storm|p1a: Chansey","|-crit|p1a: Chansey","|-damage|p1a: Chansey|0 fnt","|-boost|p2a: Princess Hisui|def|1","|faint|p1a: Chansey","|","|-sideend|p2: Guard Lucifer|Reflect","|","|switch|p1a: Lopunny|Lopunny-Mega, M|271/271","|-damage|p1a: Lopunny|238/271|[from] Spikes","|turn|34","|","|move|p2a: Princess Hisui|Protect|p2a: Princess Hisui","|-singleturn|p2a: Princess Hisui|Protect","|move|p1a: Lopunny|Ice Punch|p2a: Princess Hisui","|-activate|p2a: Princess Hisui|Protect","|","|turn|35","|","|move|p1a: Lopunny|Drain Punch|p2a: Princess Hisui","|-damage|p2a: Princess Hisui|0 fnt","|-heal|p1a: Lopunny|244/271|[from] drain|[of] p2a: Princess Hisui","|faint|p2a: Princess Hisui","|","|","|switch|p2a: Keys Of Worlds|Klefki, M, shiny|106/317","|turn|36","|","|move|p2a: Keys Of Worlds|Reflect|p2a: Keys Of Worlds","|-sidestart|p2: Guard Lucifer|Reflect","|move|p1a: Lopunny|Ice Punch|p2a: Keys Of Worlds","|-resisted|p2a: Keys Of Worlds","|-damage|p2a: Keys Of Worlds|89/317","|","|turn|37","|","|move|p2a: Keys Of Worlds|Light Screen|p2a: Keys Of Worlds","|-sidestart|p2: Guard Lucifer|move: Light Screen","|move|p1a: Lopunny|Drain Punch|p2a: Keys Of Worlds","|-damage|p2a: Keys Of Worlds|35/317","|-heal|p1a: Lopunny|271/271|[from] drain|[of] p2a: Keys Of Worlds","|","|turn|38","|","|move|p1a: Lopunny|Drain Punch|p2a: Keys Of Worlds","|-damage|p2a: Keys Of Worlds|0 fnt","|faint|p2a: Keys Of Worlds","|","|","|switch|p2a: Wish|Clefable, M, shiny|394/394","|turn|39","|","|move|p1a: Lopunny|Frustration|p2a: Wish","|-damage|p2a: Wish|311/394","|move|p2a: Wish|Moonblast|p1a: Lopunny","|-supereffective|p1a: Lopunny","|-damage|p1a: Lopunny|0 fnt","|faint|p1a: Lopunny","|","|","|switch|p1a: Exploud|Exploud, F|411/411","|-damage|p1a: Exploud|360/411|[from] Spikes","|turn|40","|","|move|p1a: Exploud|Boomburst|p2a: Wish","|-damage|p2a: Wish|184/394","|move|p2a: Wish|Moonblast|p1a: Exploud","|-damage|p1a: Exploud|191/411","|-unboost|p1a: Exploud|spa|1","|","|turn|41","|","|move|p1a: Exploud|Boomburst|p2a: Wish","|-crit|p2a: Wish","|-damage|p2a: Wish|0 fnt","|faint|p2a: Wish","|","|","|switch|p2a: Wings Of Death|Togekiss, M, shiny|374/374","|turn|42","|","|move|p2a: Wings Of Death|Air Slash|p1a: Exploud","|-damage|p1a: Exploud|47/411","|cant|p1a: Exploud|flinch","|","|turn|43","|","|move|p2a: Wings Of Death|Air Slash|p1a: Exploud","|-damage|p1a: Exploud|0 fnt","|faint|p1a: Exploud","|","|-sideend|p2: Guard Lucifer|Reflect","|","|switch|p1a: Braviary|Braviary, M, shiny|341/341","|turn|44","|","|move|p1a: Braviary|Steel Wing|p2a: Wings Of Death","|-supereffective|p2a: Wings Of Death","|-damage|p2a: Wings Of Death|224/374","|move|p2a: Wings Of Death|Air Slash|p1a: Braviary","|-damage|p1a: Braviary|205/341","|","|-heal|p2a: Wings Of Death|247/374|[from] item: Leftovers","|-sideend|p2: Guard Lucifer|move: Light Screen","|turn|45","|","|move|p1a: Braviary|Steel Wing|p2a: Wings Of Death","|-supereffective|p2a: Wings Of Death","|-damage|p2a: Wings Of Death|103/374","|move|p2a: Wings Of Death|Roost|p2a: Wings Of Death","|-heal|p2a: Wings Of Death|290/374","|","|-heal|p2a: Wings Of Death|313/374|[from] item: Leftovers","|turn|46","|","|move|p1a: Braviary|Steel Wing|p2a: Wings Of Death","|-supereffective|p2a: Wings Of Death","|-damage|p2a: Wings Of Death|163/374","|move|p2a: Wings Of Death|Roost|p2a: Wings Of Death","|-heal|p2a: Wings Of Death|350/374","|","|-heal|p2a: Wings Of Death|373/374|[from] item: Leftovers","|turn|47","|","|move|p1a: Braviary|Steel Wing|p2a: Wings Of Death","|-supereffective|p2a: Wings Of Death","|-damage|p2a: Wings Of Death|207/374","|move|p2a: Wings Of Death|Air Slash|p1a: Braviary","|-damage|p1a: Braviary|73/341","|","|-heal|p2a: Wings Of Death|230/374|[from] item: Leftovers","|turn|48","|","|move|p1a: Braviary|Steel Wing|p2a: Wings Of Death","|-supereffective|p2a: Wings Of Death","|-damage|p2a: Wings Of Death|72/374","|move|p2a: Wings Of Death|Air Slash|p1a: Braviary","|-damage|p1a: Braviary|0 fnt","|faint|p1a: Braviary","|","|win|Guard Lucifer"],"p1rating":{"entryid":"386","serverid":"eos","formatid":"monotype","userid":"lightofaknowing","username":"LightOfAKnowing","w":"14","l":27,"t":"0","gxe":37.8,"r":"1419.9952408759","rd":"58.070774011908","sigma":"0","rptime":"1440320400","rpr":1405.5789755036,"rprd":54.99235644016,"rpsigma":"0","acre":1025.9638035816,"lacre":1025.9638035816,"oldacre":"1044.8356006056"},"p2rating":{"entryid":"220928","serverid":"eos","formatid":"monotype","userid":"guardlucifer","username":"Guard Lucifer","w":1,"l":"3","t":"0","gxe":41.2,"r":"1473.4056513889","rd":"123.58205867383","sigma":"0","rptime":"1440320400","rpr":1430.2992389825,"rprd":106.69859300163,"rpsigma":"0","acre":1045.1334249025,"lacre":1045.1334249025,"oldacre":"1000"},"endType":"normal"}