{"seed":[3138,8996,20495,34939],"turns":33,"p1":"Alliance ♋ akaFila","p2":"Rain ☆ Colress - Ⓟ","p1team":[{"name":"Landorus","species":"Landorus","item":"lifeorb","ability":"Sheer Force","moves":["earthpower","focusblast","psychic","gravity"],"nature":"Timid","evs":{"hp":0,"atk":0,"def":0,"spa":252,"spd":4,"spe":252},"ivs":{"hp":31,"atk":31,"def":31,"spa":31,"spd":31,"spe":31}},{"name":"Zygarde","species":"Zygarde","item":"leftovers","ability":"Aura Break","moves":["coil","earthquake","crunch","extremespeed"],"nature":"Impish","evs":{"hp":200,"atk":0,"def":252,"spa":0,"spd":0,"spe":56},"ivs":{"hp":31,"atk":31,"def":31,"spa":31,"spd":31,"spe":31}},{"name":"Mamoswine","species":"Mamoswine","item":"focussash","ability":"Thick Fat","moves":["stealthrock","freezedry","earthquake","iceshard"],"nature":"Naive","evs":{"hp":0,"atk":252,"def":0,"spa":6,"spd":0,"spe":252},"ivs":{"hp":31,"atk":31,"def":31,"spa":31,"spd":31,"spe":31}},{"name":"Gastrodon","species":"Gastrodon","item":"leftovers","ability":"Storm Drain","moves":["scald","stockpile","toxic","recover"],"nature":"Calm","evs":{"hp":252,"atk":0,"def":120,"spa":0,"spd":136,"spe":0},"gender":"F","shiny":true,"ivs":{"hp":31,"atk":31,"def":31,"spa":31,"spd":31,"spe":31}},{"name":"Torterra","species":"Torterra","item":"salacberry","ability":"Overgrow","moves":["rockpolish","seedbomb","earthquake","facade"],"nature":"Adamant","evs":{"hp":0,"atk":252,"def":0,"spa":0,"spd":4,"spe":252},"happiness":0,"ivs":{"hp":31,"atk":31,"def":31,"spa":31,"spd":31,"spe":31}},{"name":"Excadrill","species":"Excadrill","item":"choicescarf","ability":"Mold Breaker","moves":["earthquake","ironhead","rockslide","xscissor"],"nature":"Jolly","evs":{"hp":0,"atk":252,"def":0,"spa":0,"spd":4,"spe":252},"ivs":{"hp":31,"atk":31,"def":31,"spa":31,"spd":31,"spe":31}}],"p2team":[{"name":"Tylacto","species":"luxray","item":"choiceband","ability":"Guts","moves":["crunch","wildcharge","superpower","quickattack"],"nature":"Adamant","evs":{"hp":248,"atk":252,"def":0,"spa":0,"spd":8,"spe":0},"gender":"M","shiny":true,"ivs":{"hp":31,"atk":31,"def":31,"spa":31,"spd":31,"spe":31}},{"name":"Washington","species":"rotomwash","item":"leftovers","ability":"Levitate","moves":["hydropump","voltswitch","willowisp","painsplit"],"nature":"Bold","evs":{"hp":252,"atk":0,"def":252,"spa":4,"spd":0,"spe":0},"shiny":true,"ivs":{"hp":31,"atk":31,"def":31,"spa":31,"spd":31,"spe":31}},{"name":"Amaan","species":"zapdos","item":"leftovers","ability":"Pressure","moves":["discharge","heatwave","roost","defog"],"nature":"Calm","evs":{"hp":252,"atk":0,"def":0,"spa":4,"spd":252,"spe":0},"shiny":true,"ivs":{"hp":31,"atk":31,"def":31,"spa":31,"spd":31,"spe":31}},{"name":"Genie","species":"thundurus","item":"lifeorb","ability":"Prankster","moves":["thunderwave","thunderbolt","taunt","hiddenpowerice"],"nature":"Timid","evs":{"hp":0,"atk":0,"def":0,"spa":252,"spd":4,"spe":252},"ivs":{"hp":31,"atk":30,"def":30,"spa":31,"spd":31,"spe":31},"shiny":true},{"name":"Bolt","species":"manectric","item":"manectite","ability":"Lightning Rod","moves":["thunderbolt","hiddenpowerice","voltswitch","flamethrower"],"nature":"Timid","evs":{"hp":0,"atk":0,"def":0,"spa":252,"spd":4,"spe":252},"gender":"M","ivs":{"hp":31,"atk":30,"def":30,"spa":31,"spd":31,"spe":31},"shiny":true},{"name":"Magneto's Balls","species":"magnezone","item":"choicespecs","ability":"Sturdy","moves":["flashcannon","thunderbolt","voltswitch","hiddenpowergrass"],"nature":"Modest","evs":{"hp":248,"atk":0,"def":0,"spa":252,"spd":8,"spe":0},"ivs":{"hp":31,"atk":30,"def":31,"spa":30,"spd":31,"spe":31},"shiny":true}],"log":["|player|p1|Alliance ♋ akaFila|allianceakafila.gif","|player|p2|Rain ☆ Colress - Ⓟ|267","|gametype|singles","|gen|6","|tier|Monotype","|rated","|rule|Baton Pass Clause: Limit one Baton Passer, can't pass Spe and other stats simultaneously","|rule|Swagger Clause: Swagger is banned","|rule|Same Type Clause: Pokémon in a team must share a type","|clearpoke","|poke|p1|Landorus, M","|poke|p1|Zygarde","|poke|p1|Mamoswine, F","|poke|p1|Gastrodon, F, shiny","|poke|p1|Torterra, F","|poke|p1|Excadrill, F","|poke|p2|Luxray, M, shiny","|poke|p2|Rotom-Wash, shiny","|poke|p2|Zapdos, shiny","|poke|p2|Thundurus, M, shiny","|poke|p2|Manectric, M, shiny","|poke|p2|Magnezone, shiny","|rule|Sleep Clause Mod: Limit one foe put to sleep","|rule|Species Clause: Limit one of each Pokémon","|rule|OHKO Clause: OHKO moves are banned","|rule|Moody Clause: Moody is banned","|rule|Evasion Moves Clause: Evasion moves are banned","|rule|Endless Battle Clause: Forcing endless battles is banned","|rule|HP Percentage Mod: HP is shown in percentages","|teampreview","|","|start","|switch|p1a: Torterra|Torterra, F|331/331","|switch|p2a: Amaan|Zapdos, shiny|384/384","|-ability|p2a: Amaan|Pressure","|turn|1","|","|switch|p1a: Mamoswine|Mamoswine, F|361/361","|move|p2a: Amaan|Heat Wave|p1a: Mamoswine","|-supereffective|p1a: Mamoswine","|-damage|p1a: Mamoswine|213/361","|","|turn|2","|","|switch|p2a: Washington|Rotom-Wash, shiny|304/304","|move|p1a: Mamoswine|Stealth Rock|p2a: Washington","|-sidestart|p2: Rain ☆ Colress - Ⓟ|move: Stealth Rock","|","|turn|3","|","|move|p1a: Mamoswine|Freeze-Dry|p2a: Washington","|-supereffective|p2a: Washington","|-damage|p2a: Washington|188/304","|move|p2a: Washington|Will-O-Wisp|p1a: Mamoswine|[miss]","|-miss|p2a: Washington|p1a: Mamoswine","|","|-heal|p2a: Washington|207/304|[from] item: Leftovers","|turn|4","|","|move|p1a: Mamoswine|Freeze-Dry|p2a: Washington","|-supereffective|p2a: Washington","|-damage|p2a: Washington|91/304","|move|p2a: Washington|Pain Split|p1a: Mamoswine","|-sethp|p1a: Mamoswine|152/361|p2a: Washington|152/304|[from] move: Pain Split","|","|-heal|p2a: Washington|171/304|[from] item: Leftovers","|turn|5","|","|switch|p2a: Magneto's Balls|Magnezone, shiny|343/343","|-damage|p2a: Magneto's Balls|322/343|[from] Stealth Rock","|move|p1a: Mamoswine|Freeze-Dry|p2a: Magneto's Balls","|-resisted|p2a: Magneto's Balls","|-damage|p2a: Magneto's Balls|288/343","|","|turn|6","|","|switch|p1a: Gastrodon|Gastrodon, F, shiny|426/426","|move|p2a: Magneto's Balls|Flash Cannon|p1a: Gastrodon","|-resisted|p1a: Gastrodon","|-damage|p1a: Gastrodon|312/426","|","|-heal|p1a: Gastrodon|338/426|[from] item: Leftovers","|turn|7","|","|switch|p2a: Washington|Rotom-Wash, shiny|171/304","|-damage|p2a: Washington|133/304|[from] Stealth Rock","|move|p1a: Gastrodon|Toxic|p2a: Washington|[miss]","|-miss|p1a: Gastrodon|p2a: Washington","|","|-heal|p2a: Washington|152/304|[from] item: Leftovers","|-heal|p1a: Gastrodon|364/426|[from] item: Leftovers","|turn|8","|","|switch|p2a: Magneto's Balls|Magnezone, shiny|288/343","|-damage|p2a: Magneto's Balls|267/343|[from] Stealth Rock","|move|p1a: Gastrodon|Toxic|p2a: Magneto's Balls","|-immune|p2a: Magneto's Balls|[msg]","|","|-heal|p1a: Gastrodon|390/426|[from] item: Leftovers","|turn|9","|","|move|p2a: Magneto's Balls|Hidden Power|p1a: Gastrodon","|-supereffective|p1a: Gastrodon","|-damage|p1a: Gastrodon|0 fnt","|faint|p1a: Gastrodon","|","|","|switch|p1a: Zygarde|Zygarde|407/407","|-ability|p1a: Zygarde|Aura Break","|turn|10","|","|switch|p2a: Washington|Rotom-Wash, shiny|152/304","|-damage|p2a: Washington|114/304|[from] Stealth Rock","|move|p1a: Zygarde|Coil|p1a: Zygarde","|-boost|p1a: Zygarde|atk|1","|-boost|p1a: Zygarde|def|1","|-boost|p1a: Zygarde|accuracy|1","|","|-heal|p2a: Washington|133/304|[from] item: Leftovers","|turn|11","|","|move|p1a: Zygarde|Extreme Speed|p2a: Washington","|-damage|p2a: Washington|68/304","|move|p2a: Washington|Pain Split|p1a: Zygarde","|-sethp|p1a: Zygarde|237/407|p2a: Washington|237/304|[from] move: Pain Split","|","|-heal|p1a: Zygarde|262/407|[from] item: Leftovers","|-heal|p2a: Washington|256/304|[from] item: Leftovers","|turn|12","|","|switch|p1a: Mamoswine|Mamoswine, F|152/361","|move|p2a: Washington|Will-O-Wisp|p1a: Mamoswine","|-status|p1a: Mamoswine|brn","|","|-heal|p2a: Washington|275/304|[from] item: Leftovers","|-damage|p1a: Mamoswine|107/361 brn|[from] brn","|turn|13","|","|move|p1a: Mamoswine|Earthquake|p2a: Washington","|-immune|p2a: Washington|[msg]","|move|p2a: Washington|Hydro Pump|p1a: Mamoswine","|-supereffective|p1a: Mamoswine","|-damage|p1a: Mamoswine|0 fnt","|faint|p1a: Mamoswine","|","|-heal|p2a: Washington|294/304|[from] item: Leftovers","|","|switch|p1a: Torterra|Torterra, F|331/331","|turn|14","|","|switch|p2a: Amaan|Zapdos, shiny|384/384","|-damage|p2a: Amaan|288/384|[from] Stealth Rock","|-ability|p2a: Amaan|Pressure","|move|p1a: Torterra|Rock Polish|p1a: Torterra","|-boost|p1a: Torterra|spe|2","|","|-heal|p2a: Amaan|312/384|[from] item: Leftovers","|turn|15","|","|switch|p1a: Zygarde|Zygarde|262/407","|-ability|p1a: Zygarde|Aura Break","|move|p2a: Amaan|Defog|p1a: Zygarde","|-unboost|p1a: Zygarde|evasion|1","|-sideend|p2: Rain ☆ Colress - Ⓟ|Stealth Rock|[from] move: Defog|[of] p2a: Amaan","|","|-heal|p1a: Zygarde|287/407|[from] item: Leftovers","|-heal|p2a: Amaan|336/384|[from] item: Leftovers","|turn|16","|","|switch|p2a: Washington|Rotom-Wash, shiny|294/304","|move|p1a: Zygarde|Coil|p1a: Zygarde","|-boost|p1a: Zygarde|atk|1","|-boost|p1a: Zygarde|def|1","|-boost|p1a: Zygarde|accuracy|1","|","|-heal|p1a: Zygarde|312/407|[from] item: Leftovers","|-heal|p2a: Washington|304/304|[from] item: Leftovers","|turn|17","|","|move|p1a: Zygarde|Coil|p1a: Zygarde","|-boost|p1a: Zygarde|atk|1","|-boost|p1a: Zygarde|def|1","|-boost|p1a: Zygarde|accuracy|1","|move|p2a: Washington|Will-O-Wisp|p1a: Zygarde","|-status|p1a: Zygarde|brn","|","|-heal|p1a: Zygarde|337/407 brn|[from] item: Leftovers","|-damage|p1a: Zygarde|287/407 brn|[from] brn","|turn|18","|","|switch|p2a: Genie|Thundurus, M, shiny|299/299","|move|p1a: Zygarde|Coil|p1a: Zygarde","|-boost|p1a: Zygarde|atk|1","|-boost|p1a: Zygarde|def|1","|-boost|p1a: Zygarde|accuracy|1","|","|-heal|p1a: Zygarde|312/407 brn|[from] item: Leftovers","|-damage|p1a: Zygarde|262/407 brn|[from] brn","|turn|19","|","|move|p2a: Genie|Hidden Power|p1a: Zygarde","|-supereffective|p1a: Zygarde","|-damage|p1a: Zygarde|0 fnt","|-damage|p2a: Genie|270/299|[from] item: Life Orb","|faint|p1a: Zygarde","|","|","|switch|p1a: Excadrill|Excadrill, F|361/361","|-ability|p1a: Excadrill|Mold Breaker","|turn|20","|","|switch|p2a: Washington|Rotom-Wash, shiny|304/304","|move|p1a: Excadrill|Earthquake|p2a: Washington","|-supereffective|p2a: Washington","|-damage|p2a: Washington|38/304","|","|-heal|p2a: Washington|57/304|[from] item: Leftovers","|turn|21","|","|switch|p1a: Landorus|Landorus, M|319/319","|switch|p2a: Amaan|Zapdos, shiny|336/384","|-ability|p2a: Amaan|Pressure","|","|-heal|p2a: Amaan|360/384|[from] item: Leftovers","|turn|22","|","|move|p1a: Landorus|Gravity|p1a: Landorus","|-fieldstart|move: Gravity","|move|p2a: Amaan|Heat Wave|p1a: Landorus","|-damage|p1a: Landorus|209/319","|","|-heal|p2a: Amaan|384/384|[from] item: Leftovers","|turn|23","|","|move|p1a: Landorus|Earth Power|p2a: Amaan","|-supereffective|p2a: Amaan","|-damage|p2a: Amaan|7/384","|move|p2a: Amaan|Heat Wave|p1a: Landorus","|-damage|p1a: Landorus|94/319","|","|-heal|p2a: Amaan|31/384|[from] item: Leftovers","|turn|24","|","|move|p1a: Landorus|Earth Power|p2a: Amaan","|-supereffective|p2a: Amaan","|-damage|p2a: Amaan|0 fnt","|faint|p2a: Amaan","|","|","|switch|p2a: Bolt|Manectric, M, shiny|281/281","|turn|25","|","|switch|p1a: Excadrill|Excadrill, F|361/361","|-ability|p1a: Excadrill|Mold Breaker","|detailschange|p2a: Bolt|Manectric-Mega, M, shiny","|-mega|p2a: Bolt|Manectric|Manectite","|-ability|p2a: Bolt|Intimidate","|-unboost|p1a: Excadrill|atk|1","|move|p2a: Bolt|Hidden Power|p1a: Excadrill","|-damage|p1a: Excadrill|258/361","|","|turn|26","|","|switch|p2a: Washington|Rotom-Wash, shiny|57/304","|move|p1a: Excadrill|Earthquake|p2a: Washington","|-supereffective|p2a: Washington","|-damage|p2a: Washington|0 fnt","|faint|p2a: Washington","|","|-fieldend|move: Gravity","|","|switch|p2a: Bolt|Manectric-Mega, M, shiny|281/281","|-ability|p2a: Bolt|Intimidate","|-unboost|p1a: Excadrill|atk|1","|turn|27","|","|move|p1a: Excadrill|Earthquake|p2a: Bolt","|-supereffective|p2a: Bolt","|-damage|p2a: Bolt|59/281","|move|p2a: Bolt|Flamethrower|p1a: Excadrill","|-supereffective|p1a: Excadrill","|-damage|p1a: Excadrill|0 fnt","|faint|p1a: Excadrill","|","|","|switch|p1a: Torterra|Torterra, F|331/331","|turn|28","|","|move|p2a: Bolt|Hidden Power|p1a: Torterra","|-supereffective|p1a: Torterra","|-damage|p1a: Torterra|23/331","|-enditem|p1a: Torterra|Salac Berry|[eat]","|-boost|p1a: Torterra|spe|1|[from] item: Salac Berry","|move|p1a: Torterra|Rock Polish|p1a: Torterra","|-boost|p1a: Torterra|spe|2","|","|turn|29","|","|switch|p2a: Magneto's Balls|Magnezone, shiny|267/343","|move|p1a: Torterra|Seed Bomb|p2a: Magneto's Balls","|-resisted|p2a: Magneto's Balls","|-damage|p2a: Magneto's Balls|176/343","|","|turn|30","|","|move|p1a: Torterra|Earthquake|p2a: Magneto's Balls","|-supereffective|p2a: Magneto's Balls","|-damage|p2a: Magneto's Balls|0 fnt","|faint|p2a: Magneto's Balls","|","|","|switch|p2a: Tylacto|Luxray, M, shiny|363/363","|turn|31","|","|move|p2a: Tylacto|Quick Attack|p1a: Torterra","|-crit|p1a: Torterra","|-damage|p1a: Torterra|0 fnt","|faint|p1a: Torterra","|","|","|switch|p1a: Landorus|Landorus, M|94/319","|turn|32","|","|move|p2a: Tylacto|Quick Attack|p1a: Landorus","|-damage|p1a: Landorus|9/319","|move|p1a: Landorus|Earth Power|p2a: Tylacto","|-supereffective|p2a: Tylacto","|-damage|p2a: Tylacto|0 fnt","|faint|p2a: Tylacto","|","|","|switch|p2a: Genie|Thundurus, M, shiny|270/299","|turn|33","|","|move|p2a: Genie|Hidden Power|p1a: Landorus","|-supereffective|p1a: Landorus","|-damage|p1a: Landorus|0 fnt","|-damage|p2a: Genie|241/299|[from] item: Life Orb","|faint|p1a: Landorus","|","|win|Rain ☆ Colress - Ⓟ"],"p1rating":{"entryid":"126995","serverid":"eos","formatid":"monotype","userid":"allianceakafila","username":"Alliance ♋ akaFila","w":"9","l":8,"t":"0","gxe":52.3,"r":"1495.434966216","rd":"83.189535821743","sigma":"0","rptime":"1440320400","rpr":1517.4916319411,"rprd":74.617988562822,"rpsigma":"0","acre":1104.7233608851,"lacre":1104.7233608851,"oldacre":"1136.4934425025"},"p2rating":{"entryid":"363534","serverid":"eos","formatid":"monotype","userid":"raincolress","username":"Rain ☆ Colress","w":2,"l":"0","t":"0","gxe":59.1,"r":"1500","rd":"130","sigma":"0","rptime":"1440320400","rpr":1573.0897179018,"rprd":116.2524246898,"rpsigma":"0","acre":1083.2073109996,"lacre":1083.2073109996,"oldacre":"1040"},"endType":"normal"}