{"seed":[11137,20273,42162,56198],"turns":20,"p1":"SL~Kingdra","p2":"DOBBY IS DANK","p1team":[{"name":"Smegle","species":"smeargle","item":"focussash","ability":"Own Tempo","moves":["spore","stickyweb","stealthrock","magiccoat"],"nature":"Timid","evs":{"hp":252,"atk":0,"def":4,"spa":0,"spd":0,"spe":252},"ivs":{"hp":31,"atk":31,"def":31,"spa":31,"spd":31,"spe":31}},{"name":"Porygon2","species":"Porygon2","item":"eviolite","ability":"Trace","moves":["icebeam","discharge","recover","thunderwave"],"nature":"Bold","evs":{"hp":252,"atk":0,"def":252,"spa":0,"spd":4,"spe":0},"ivs":{"hp":31,"atk":31,"def":31,"spa":31,"spd":31,"spe":31}},{"name":"Mel-B","species":"meloetta","item":"leftovers","ability":"Serene Grace","moves":["psychic","shadowball","hypervoice","calmmind"],"nature":"Calm","evs":{"hp":252,"atk":0,"def":0,"spa":4,"spd":252,"spe":0},"ivs":{"hp":31,"atk":31,"def":30,"spa":30,"spd":30,"spe":31}},{"name":"Demolition","species":"diggersby","item":"lifeorb","ability":"Huge Power","moves":["earthquake","quickattack","return","firepunch"],"nature":"Adamant","evs":{"hp":4,"atk":252,"def":0,"spa":0,"spd":0,"spe":252},"ivs":{"hp":31,"atk":31,"def":31,"spa":31,"spd":31,"spe":31}},{"name":"Cute Blob","species":"ditto","item":"choicescarf","ability":"Imposter","moves":["transform"],"nature":"Timid","evs":{"hp":252,"atk":0,"def":4,"spa":0,"spd":0,"spe":252},"ivs":{"hp":31,"atk":31,"def":31,"spa":31,"spd":31,"spe":31}},{"name":"Corey","species":"porygonz","item":"choicespecs","ability":"Adaptability","moves":["triattack","icebeam","hiddenpowerfire","discharge"],"nature":"Timid","evs":{"hp":4,"atk":0,"def":0,"spa":252,"spd":0,"spe":252},"ivs":{"hp":31,"atk":30,"def":31,"spa":30,"spd":31,"spe":30}}],"p2team":[{"name":"Gallade","species":"Gallade","item":"galladite","ability":"Steadfast","moves":["drainpunch","icepunch","swordsdance","shadowsneak"],"nature":"Jolly","evs":{"hp":252,"atk":0,"def":0,"spa":0,"spd":4,"spe":252},"ivs":{"hp":31,"atk":31,"def":31,"spa":31,"spd":31,"spe":31}},{"name":"Scrafty","species":"Scrafty","item":"leftovers","ability":"Shed Skin","moves":["drainpunch","rest","bulkup","crunch"],"nature":"Sassy","evs":{"hp":252,"atk":0,"def":0,"spa":0,"spd":244,"spe":0},"ivs":{"hp":31,"atk":31,"def":31,"spa":31,"spd":31,"spe":31}}],"log":["|player|p1|SL~Kingdra|99","|player|p2|DOBBY IS DANK|2","|gametype|singles","|gen|6","|tier|Monotype","|rated","|rule|Baton Pass Clause: Limit one Baton Passer, can't pass Spe and other stats simultaneously","|rule|Swagger Clause: Swagger is banned","|rule|Same Type Clause: Pokémon in a team must share a type","|clearpoke","|poke|p1|Smeargle, F","|poke|p1|Porygon2","|poke|p1|Meloetta","|poke|p1|Diggersby, F","|poke|p1|Ditto","|poke|p1|Porygon-Z","|poke|p2|Gallade, M","|poke|p2|Scrafty, M","|rule|Sleep Clause Mod: Limit one foe put to sleep","|rule|Species Clause: Limit one of each Pokémon","|rule|OHKO Clause: OHKO moves are banned","|rule|Moody Clause: Moody is banned","|rule|Evasion Moves Clause: Evasion moves are banned","|rule|Endless Battle Clause: Forcing endless battles is banned","|rule|HP Percentage Mod: HP is shown in percentages","|teampreview","|","|start","|switch|p1a: Smegle|Smeargle, F|314/314","|switch|p2a: Scrafty|Scrafty, M|334/334","|turn|1","|","|move|p1a: Smegle|Spore|p2a: Scrafty","|-status|p2a: Scrafty|slp","|cant|p2a: Scrafty|slp","|","|turn|2","|","|switch|p1a: Cute Blob|Ditto|300/300","|-transform|p1a: Cute Blob|p2a: Scrafty","|cant|p2a: Scrafty|slp","|","|-activate|p2a: Scrafty|ability: Shed Skin","|-curestatus|p2a: Scrafty|slp","|turn|3","|","|move|p1a: Cute Blob|Bulk Up|p1a: Cute Blob","|-boost|p1a: Cute Blob|atk|1","|-boost|p1a: Cute Blob|def|1","|move|p2a: Scrafty|Drain Punch|p1a: Cute Blob","|-supereffective|p1a: Cute Blob","|-damage|p1a: Cute Blob|196/300","|","|turn|4","|","|move|p1a: Cute Blob|Bulk Up|p1a: Cute Blob","|-boost|p1a: Cute Blob|atk|1","|-boost|p1a: Cute Blob|def|1","|move|p2a: Scrafty|Bulk Up|p2a: Scrafty","|-boost|p2a: Scrafty|atk|1","|-boost|p2a: Scrafty|def|1","|","|turn|5","|","|move|p1a: Cute Blob|Bulk Up|p1a: Cute Blob","|-boost|p1a: Cute Blob|atk|1","|-boost|p1a: Cute Blob|def|1","|move|p2a: Scrafty|Bulk Up|p2a: Scrafty","|-boost|p2a: Scrafty|atk|1","|-boost|p2a: Scrafty|def|1","|","|turn|6","|","|move|p1a: Cute Blob|Bulk Up|p1a: Cute Blob","|-boost|p1a: Cute Blob|atk|1","|-boost|p1a: Cute Blob|def|1","|move|p2a: Scrafty|Bulk Up|p2a: Scrafty","|-boost|p2a: Scrafty|atk|1","|-boost|p2a: Scrafty|def|1","|","|turn|7","|","|move|p1a: Cute Blob|Bulk Up|p1a: Cute Blob","|-boost|p1a: Cute Blob|atk|1","|-boost|p1a: Cute Blob|def|1","|move|p2a: Scrafty|Bulk Up|p2a: Scrafty","|-boost|p2a: Scrafty|atk|1","|-boost|p2a: Scrafty|def|1","|","|turn|8","|","|-activate|p1a: Cute Blob|move: Struggle","|move|p1a: Cute Blob|Struggle|p2a: Scrafty","|-damage|p2a: Scrafty|299/334","|-damage|p1a: Cute Blob|121/300|[from] recoil","|move|p2a: Scrafty|Bulk Up|p2a: Scrafty","|-boost|p2a: Scrafty|atk|1","|-boost|p2a: Scrafty|def|1","|","|-heal|p2a: Scrafty|319/334|[from] item: Leftovers","|turn|9","|","|switch|p1a: Corey|Porygon-Z|312/312","|move|p2a: Scrafty|Bulk Up|p2a: Scrafty","|-boost|p2a: Scrafty|atk|1","|-boost|p2a: Scrafty|def|1","|","|-heal|p2a: Scrafty|334/334|[from] item: Leftovers","|turn|10","|","|move|p1a: Corey|Tri Attack|p2a: Scrafty","|-damage|p2a: Scrafty|136/334","|move|p2a: Scrafty|Drain Punch|p1a: Corey","|-supereffective|p1a: Corey","|-damage|p1a: Corey|0 fnt","|-heal|p2a: Scrafty|292/334|[from] drain|[of] p1a: Corey","|faint|p1a: Corey","|","|-heal|p2a: Scrafty|312/334|[from] item: Leftovers","|","|switch|p1a: Demolition|Diggersby, F|312/312","|turn|11","|","|move|p1a: Demolition|Earthquake|p2a: Scrafty","|-damage|p2a: Scrafty|242/334","|-damage|p1a: Demolition|281/312|[from] item: Life Orb","|move|p2a: Scrafty|Drain Punch|p1a: Demolition","|-supereffective|p1a: Demolition","|-damage|p1a: Demolition|0 fnt","|-heal|p2a: Scrafty|334/334|[from] drain|[of] p1a: Demolition","|faint|p1a: Demolition","|","|","|switch|p1a: Cute Blob|Ditto|121/300","|-transform|p1a: Cute Blob|p2a: Scrafty","|turn|12","|","|move|p1a: Cute Blob|Drain Punch|p2a: Scrafty","|-supereffective|p2a: Scrafty","|-damage|p2a: Scrafty|182/334","|-heal|p1a: Cute Blob|197/300|[from] drain|[of] p2a: Scrafty","|move|p2a: Scrafty|Drain Punch|p1a: Cute Blob","|-supereffective|p1a: Cute Blob","|-damage|p1a: Cute Blob|41/300","|-heal|p2a: Scrafty|260/334|[from] drain|[of] p1a: Cute Blob","|","|-heal|p2a: Scrafty|280/334|[from] item: Leftovers","|turn|13","|","|move|p1a: Cute Blob|Drain Punch|p2a: Scrafty","|-supereffective|p2a: Scrafty","|-damage|p2a: Scrafty|128/334","|-heal|p1a: Cute Blob|117/300|[from] drain|[of] p2a: Scrafty","|move|p2a: Scrafty|Drain Punch|p1a: Cute Blob","|-supereffective|p1a: Cute Blob","|-damage|p1a: Cute Blob|0 fnt","|-heal|p2a: Scrafty|187/334|[from] drain|[of] p1a: Cute Blob","|faint|p1a: Cute Blob","|","|-heal|p2a: Scrafty|207/334|[from] item: Leftovers","|","|switch|p1a: Porygon2|Porygon2|374/374","|-ability|p1a: Porygon2|Shed Skin|[from] ability: Trace|[of] p2a: Scrafty","|turn|14","|","|move|p1a: Porygon2|Ice Beam|p2a: Scrafty","|-damage|p2a: Scrafty|159/334","|move|p2a: Scrafty|Drain Punch|p1a: Porygon2","|-supereffective|p1a: Porygon2","|-damage|p1a: Porygon2|26/374","|-heal|p2a: Scrafty|333/334|[from] drain|[of] p1a: Porygon2","|","|-heal|p2a: Scrafty|334/334|[from] item: Leftovers","|turn|15","|","|move|p1a: Porygon2|Discharge|p2a: Scrafty","|-damage|p2a: Scrafty|292/334","|move|p2a: Scrafty|Drain Punch|p1a: Porygon2","|-supereffective|p1a: Porygon2","|-damage|p1a: Porygon2|0 fnt","|-heal|p2a: Scrafty|305/334|[from] drain|[of] p1a: Porygon2","|faint|p1a: Porygon2","|","|-heal|p2a: Scrafty|325/334|[from] item: Leftovers","|","|switch|p1a: Smegle|Smeargle, F|314/314","|turn|16","|","|move|p1a: Smegle|Spore|p2a: Scrafty","|-status|p2a: Scrafty|slp","|cant|p2a: Scrafty|slp","|","|-heal|p2a: Scrafty|334/334 slp|[from] item: Leftovers","|turn|17","|","|switch|p1a: Mel-B|Meloetta|404/404","|cant|p2a: Scrafty|slp","|","|turn|18","|","|move|p1a: Mel-B|Hyper Voice|p2a: Scrafty","|-damage|p2a: Scrafty|243/334 slp","|cant|p2a: Scrafty|slp","|","|-heal|p2a: Scrafty|263/334 slp|[from] item: Leftovers","|turn|19","|","|move|p1a: Mel-B|Hyper Voice|p2a: Scrafty","|-damage|p2a: Scrafty|169/334 slp","|-curestatus|p2a: Scrafty|slp","|move|p2a: Scrafty|Drain Punch|p1a: Mel-B","|-damage|p1a: Mel-B|13/404","|-heal|p2a: Scrafty|334/334|[from] drain|[of] p1a: Mel-B","|","|-heal|p1a: Mel-B|38/404|[from] item: Leftovers","|turn|20","|","|move|p1a: Mel-B|Hyper Voice|p2a: Scrafty","|-damage|p2a: Scrafty|246/334","|move|p2a: Scrafty|Drain Punch|p1a: Mel-B","|-damage|p1a: Mel-B|0 fnt","|-heal|p2a: Scrafty|265/334|[from] drain|[of] p1a: Mel-B","|faint|p1a: Mel-B","|","|-heal|p2a: Scrafty|285/334|[from] item: Leftovers","|","|win|DOBBY IS DANK"],"p1rating":{"entryid":"101024","serverid":"eos","formatid":"monotype","userid":"slkingdra","username":"SL~Kingdra","w":"18","l":12,"t":"0","gxe":57.1,"r":"1594.4848765261","rd":"68.245299105016","sigma":"0","rptime":"1440320400","rpr":1554.5418496299,"rprd":60.782696099482,"rpsigma":"0","acre":1101.8615160363,"lacre":1101.8615160363,"oldacre":"1136.1881878284"},"p2rating":{"entryid":"81776","serverid":"eos","formatid":"monotype","userid":"dobbyisdank","username":"DOBBY IS DANK","w":5,"l":"13","t":"0","gxe":32.9,"r":"1435.0179633435","rd":"88.822113487697","sigma":"0","rptime":"1440320400","rpr":1362.9927625232,"rprd":73.75540487938,"rpsigma":"0","acre":1054.9226748674,"lacre":1054.9226748674,"oldacre":"1000"},"endType":"forfeit"}