{"seed":[36073,10233,23459,63720],"turns":45,"p1":"Alpha vodoom","p2":"Alliance - Asurax","p1team":[{"name":"TNT","species":"tyranitar","item":"assaultvest","ability":"Sand Stream","moves":["earthquake","darkpulse","ancientpower","flamethrower"],"nature":"Quiet","evs":{"hp":248,"atk":8,"def":0,"spa":252,"spd":0,"spe":0},"ivs":{"hp":31,"atk":31,"def":31,"spa":31,"spd":31,"spe":31}},{"name":"Bull","species":"terrakion","item":"choicescarf","ability":"Justified","moves":["closecombat","earthquake","stoneedge","quickattack"],"nature":"Jolly","evs":{"hp":0,"atk":252,"def":0,"spa":0,"spd":4,"spe":252},"ivs":{"hp":31,"atk":31,"def":31,"spa":31,"spd":31,"spe":31}},{"name":"Steel Rex","species":"aggron","item":"aggronite","ability":"Sturdy","moves":["heavyslam","firepunch","rest","earthquake"],"nature":"Impish","evs":{"hp":248,"atk":0,"def":252,"spa":0,"spd":8,"spe":0},"ivs":{"hp":31,"atk":31,"def":31,"spa":31,"spd":31,"spe":31}},{"name":"The real deal","species":"lileep","item":"eviolite","ability":"Storm Drain","moves":["recover","toxic","infestation","gigadrain"],"nature":"Calm","evs":{"hp":252,"atk":0,"def":0,"spa":4,"spd":252,"spe":0},"ivs":{"hp":31,"atk":31,"def":31,"spa":31,"spd":31,"spe":31}},{"name":"Diancie","species":"Diancie","item":"diancite","ability":"Clear Body","moves":["protect","earthpower","diamondstorm","moonblast"],"nature":"Hasty","evs":{"hp":0,"atk":4,"def":0,"spa":252,"spd":0,"spe":252},"ivs":{"hp":31,"atk":31,"def":31,"spa":31,"spd":31,"spe":31}},{"name":"Aurorus","species":"Aurorus","item":"choicescarf","ability":"Refrigerate","moves":["freezedry","hypervoice","earthpower","ancientpower"],"nature":"Timid","evs":{"hp":0,"atk":0,"def":0,"spa":252,"spd":4,"spe":252},"ivs":{"hp":31,"atk":31,"def":31,"spa":31,"spd":31,"spe":31}}],"p2team":[{"name":"Skarmory","species":"Skarmory","item":"rockyhelmet","ability":"Sturdy","moves":["roost","stealthrock","bravebird","whirlwind"],"nature":"Impish","evs":{"hp":248,"atk":0,"def":252,"spa":0,"spd":0,"spe":8},"ivs":{"hp":31,"atk":31,"def":31,"spa":31,"spd":31,"spe":31}},{"name":"Heatran","species":"Heatran","item":"airballoon","ability":"Flash Fire","moves":["lavaplume","earthpower","flashcannon","toxic"],"nature":"Calm","evs":{"hp":248,"atk":0,"def":0,"spa":0,"spd":192,"spe":68},"ivs":{"hp":31,"atk":31,"def":31,"spa":31,"spd":31,"spe":31}},{"name":"Ferrothorn","species":"Ferrothorn","item":"rockyhelmet","ability":"Iron Barbs","moves":["leechseed","spikes","protect","powerwhip"],"nature":"Careful","evs":{"hp":248,"atk":0,"def":88,"spa":0,"spd":172,"spe":0},"ivs":{"hp":31,"atk":31,"def":31,"spa":31,"spd":31,"spe":31}},{"name":"Scizor","species":"Scizor","item":"scizorite","ability":"Technician","moves":["swordsdance","bulletpunch","roost","knockoff"],"nature":"Impish","evs":{"hp":248,"atk":44,"def":16,"spa":0,"spd":200,"spe":0},"ivs":{"hp":31,"atk":31,"def":31,"spa":31,"spd":31,"spe":31}},{"name":"Magnezone","species":"Magnezone","item":"choicescarf","ability":"Sturdy","moves":["thunderbolt","voltswitch","flashcannon","hiddenpowerice"],"nature":"Timid","evs":{"hp":0,"atk":0,"def":0,"spa":252,"spd":4,"spe":252},"ivs":{"hp":31,"atk":30,"def":30,"spa":31,"spd":31,"spe":31}},{"name":"Jirachi","species":"Jirachi","item":"choicescarf","ability":"Serene Grace","moves":["ironhead","zenheadbutt","uturn","firepunch"],"nature":"Jolly","evs":{"hp":0,"atk":252,"def":0,"spa":0,"spd":4,"spe":252},"ivs":{"hp":31,"atk":31,"def":31,"spa":31,"spd":31,"spe":31}}],"log":["|player|p1|Alpha vodoom|vodoom.png","|player|p2|Alliance - Asurax|allianceasurax.png","|gametype|singles","|gen|6","|tier|Monotype","|rated","|rule|Baton Pass Clause: Limit one Baton Passer, can't pass Spe and other stats simultaneously","|rule|Swagger Clause: Swagger is banned","|rule|Same Type Clause: Pokémon in a team must share a type","|clearpoke","|poke|p1|Tyranitar, F","|poke|p1|Terrakion","|poke|p1|Aggron, F","|poke|p1|Lileep, M","|poke|p1|Diancie","|poke|p1|Aurorus, F","|poke|p2|Skarmory, M","|poke|p2|Heatran, M","|poke|p2|Ferrothorn, M","|poke|p2|Scizor, M","|poke|p2|Magnezone","|poke|p2|Jirachi","|rule|Sleep Clause Mod: Limit one foe put to sleep","|rule|Species Clause: Limit one of each Pokémon","|rule|OHKO Clause: OHKO moves are banned","|rule|Moody Clause: Moody is banned","|rule|Evasion Moves Clause: Evasion moves are banned","|rule|Endless Battle Clause: Forcing endless battles is banned","|rule|HP Percentage Mod: HP is shown in percentages","|teampreview","|","|start","|switch|p1a: TNT|Tyranitar, F|403/403","|switch|p2a: Jirachi|Jirachi|341/341","|-weather|Sandstorm","|turn|1","|","|switch|p1a: The real deal|Lileep, M|336/336","|move|p2a: Jirachi|Iron Head|p1a: The real deal","|-supereffective|p1a: The real deal","|-damage|p1a: The real deal|130/336","|","|-weather|Sandstorm|[upkeep]","|turn|2","|","|move|p2a: Jirachi|Iron Head|p1a: The real deal","|-supereffective|p1a: The real deal","|-damage|p1a: The real deal|0 fnt","|faint|p1a: The real deal","|","|-weather|Sandstorm|[upkeep]","|","|switch|p1a: Steel Rex|Aggron, F|343/343","|turn|3","|","|switch|p2a: Skarmory|Skarmory, M|333/333","|detailschange|p1a: Steel Rex|Aggron-Mega, F","|-mega|p1a: Steel Rex|Aggron|Aggronite","|move|p1a: Steel Rex|Heavy Slam|p2a: Skarmory","|-resisted|p2a: Skarmory","|-damage|p2a: Skarmory|279/333","|-damage|p1a: Steel Rex|286/343|[from] item: Rocky Helmet|[of] p2a: Skarmory","|","|-weather|Sandstorm|[upkeep]","|turn|4","|","|switch|p1a: TNT|Tyranitar, F|403/403","|move|p2a: Skarmory|Stealth Rock|p1a: TNT","|-sidestart|p1: Alpha vodoom|move: Stealth Rock","|","|-weather|Sandstorm|[upkeep]","|turn|5","|","|move|p1a: TNT|Ancient Power|p2a: Skarmory","|-damage|p2a: Skarmory|141/333","|move|p2a: Skarmory|Whirlwind|p1a: TNT","|drag|p1a: Bull|Terrakion|323/323","|-damage|p1a: Bull|303/323|[from] Stealth Rock","|","|-weather|none","|turn|6","|","|switch|p2a: Scizor|Scizor, M|343/343","|move|p1a: Bull|Close Combat|p2a: Scizor","|-damage|p2a: Scizor|147/343","|-unboost|p1a: Bull|def|1","|-unboost|p1a: Bull|spd|1","|","|turn|7","|","|switch|p1a: Steel Rex|Aggron-Mega, F|286/343","|-damage|p1a: Steel Rex|265/343|[from] Stealth Rock","|detailschange|p2a: Scizor|Scizor-Mega, M","|-mega|p2a: Scizor|Scizor|Scizorite","|move|p2a: Scizor|Bullet Punch|p1a: Steel Rex","|-resisted|p1a: Steel Rex","|-damage|p1a: Steel Rex|245/343","|","|turn|8","|","|switch|p2a: Heatran|Heatran, M|385/385","|-item|p2a: Heatran|Air Balloon","|move|p1a: Steel Rex|Fire Punch|p2a: Heatran","|-start|p2a: Heatran|ability: Flash Fire","|","|turn|9","|","|-end|p2a: Heatran|ability: Flash Fire|[silent]","|switch|p2a: Jirachi|Jirachi|341/341","|switch|p1a: Diancie|Diancie|241/241","|-damage|p1a: Diancie|211/241|[from] Stealth Rock","|","|turn|10","|","|move|p1a: Diancie|Protect|p1a: Diancie","|-singleturn|p1a: Diancie|Protect","|move|p2a: Jirachi|U-turn|p1a: Diancie","|-activate|p1a: Diancie|Protect","|","|turn|11","|","|move|p2a: Jirachi|U-turn|p1a: Diancie","|-resisted|p1a: Diancie","|-damage|p1a: Diancie|183/241","|","|switch|p2a: Ferrothorn|Ferrothorn, M|351/351","|move|p1a: Diancie|Diamond Storm|p2a: Ferrothorn","|-resisted|p2a: Ferrothorn","|-damage|p2a: Ferrothorn|310/351","|","|turn|12","|","|switch|p1a: TNT|Tyranitar, F|403/403","|-damage|p1a: TNT|353/403|[from] Stealth Rock","|-weather|Sandstorm","|move|p2a: Ferrothorn|Leech Seed|p1a: TNT","|-start|p1a: TNT|move: Leech Seed","|","|-weather|Sandstorm|[upkeep]","|-damage|p1a: TNT|303/403|[from] Leech Seed|[of] p2a: Ferrothorn","|-heal|p2a: Ferrothorn|351/351|[silent]","|turn|13","|","|move|p1a: TNT|Flamethrower|p2a: Ferrothorn","|-crit|p2a: Ferrothorn","|-supereffective|p2a: Ferrothorn","|-damage|p2a: Ferrothorn|0 fnt","|faint|p2a: Ferrothorn","|","|-weather|Sandstorm|[upkeep]","|","|switch|p2a: Jirachi|Jirachi|341/341","|turn|14","|","|switch|p1a: Diancie|Diancie|183/241","|-damage|p1a: Diancie|153/241|[from] Stealth Rock","|move|p2a: Jirachi|U-turn|p1a: Diancie","|-resisted|p1a: Diancie","|-damage|p1a: Diancie|128/241","|","|switch|p2a: Scizor|Scizor-Mega, M|147/343","|","|-weather|Sandstorm|[upkeep]","|turn|15","|","|move|p1a: Diancie|Diamond Storm|p2a: Scizor","|-damage|p2a: Scizor|62/343","|move|p2a: Scizor|Roost|p2a: Scizor","|-heal|p2a: Scizor|234/343","|","|-weather|Sandstorm|[upkeep]","|turn|16","|","|move|p1a: Diancie|Earth Power|p2a: Scizor","|-damage|p2a: Scizor|165/343","|move|p2a: Scizor|Roost|p2a: Scizor","|-heal|p2a: Scizor|337/343","|","|-weather|none","|turn|17","|","|switch|p1a: Steel Rex|Aggron-Mega, F|245/343","|-damage|p1a: Steel Rex|224/343|[from] Stealth Rock","|move|p2a: Scizor|Bullet Punch|p1a: Steel Rex","|-resisted|p1a: Steel Rex","|-damage|p1a: Steel Rex|203/343","|","|turn|18","|","|switch|p2a: Skarmory|Skarmory, M|141/333","|move|p1a: Steel Rex|Heavy Slam|p2a: Skarmory","|-resisted|p2a: Skarmory","|-damage|p2a: Skarmory|89/333","|-damage|p1a: Steel Rex|146/343|[from] item: Rocky Helmet|[of] p2a: Skarmory","|","|turn|19","|","|switch|p2a: Heatran|Heatran, M|385/385","|-item|p2a: Heatran|Air Balloon","|move|p1a: Steel Rex|Rest|p1a: Steel Rex","|-status|p1a: Steel Rex|slp","|-heal|p1a: Steel Rex|343/343 slp|[silent]","|-status|p1a: Steel Rex|slp|[from] move: Rest","|","|turn|20","|","|switch|p2a: Jirachi|Jirachi|341/341","|switch|p1a: Diancie|Diancie|128/241","|-damage|p1a: Diancie|98/241|[from] Stealth Rock","|","|turn|21","|","|move|p1a: Diancie|Protect|p1a: Diancie","|-singleturn|p1a: Diancie|Protect","|move|p2a: Jirachi|Iron Head|p1a: Diancie","|-activate|p1a: Diancie|Protect","|","|turn|22","|","|switch|p2a: Magnezone|Magnezone|281/281","|move|p1a: Diancie|Diamond Storm|p2a: Magnezone","|-resisted|p2a: Magnezone","|-damage|p2a: Magnezone|225/281","|-boost|p1a: Diancie|def|1","|","|turn|23","|","|move|p1a: Diancie|Protect|p1a: Diancie","|-singleturn|p1a: Diancie|Protect","|move|p2a: Magnezone|Flash Cannon|p1a: Diancie","|-activate|p1a: Diancie|Protect","|","|turn|24","|","|move|p2a: Magnezone|Flash Cannon|p1a: Diancie","|-supereffective|p1a: Diancie","|-damage|p1a: Diancie|0 fnt","|faint|p1a: Diancie","|","|","|switch|p1a: Steel Rex|Aggron-Mega, F|343/343 slp","|-damage|p1a: Steel Rex|322/343 slp|[from] Stealth Rock","|turn|25","|","|switch|p2a: Heatran|Heatran, M|385/385","|-item|p2a: Heatran|Air Balloon","|switch|p1a: TNT|Tyranitar, F|303/403","|-damage|p1a: TNT|253/403|[from] Stealth Rock","|-weather|Sandstorm","|","|-weather|Sandstorm|[upkeep]","|turn|26","|","|switch|p2a: Jirachi|Jirachi|341/341","|move|p1a: TNT|Flamethrower|p2a: Jirachi","|-supereffective|p2a: Jirachi","|-damage|p2a: Jirachi|151/341","|","|-weather|Sandstorm|[upkeep]","|turn|27","|","|switch|p1a: Steel Rex|Aggron-Mega, F|322/343 slp","|-damage|p1a: Steel Rex|301/343 slp|[from] Stealth Rock","|move|p2a: Jirachi|U-turn|p1a: Steel Rex","|-resisted|p1a: Steel Rex","|-damage|p1a: Steel Rex|289/343 slp","|","|switch|p2a: Magnezone|Magnezone|225/281","|","|-weather|Sandstorm|[upkeep]","|turn|28","|","|switch|p1a: Aurorus|Aurorus, F|387/387","|-damage|p1a: Aurorus|291/387|[from] Stealth Rock","|move|p2a: Magnezone|Volt Switch|p1a: Aurorus","|-damage|p1a: Aurorus|201/387","|","|switch|p2a: Jirachi|Jirachi|151/341","|","|-weather|Sandstorm|[upkeep]","|turn|29","|","|switch|p1a: Steel Rex|Aggron-Mega, F|289/343 slp","|-damage|p1a: Steel Rex|268/343 slp|[from] Stealth Rock","|move|p2a: Jirachi|Iron Head|p1a: Steel Rex","|-resisted|p1a: Steel Rex","|-damage|p1a: Steel Rex|247/343 slp","|","|-weather|none","|turn|30","|","|switch|p2a: Skarmory|Skarmory, M|89/333","|cant|p1a: Steel Rex|slp","|","|turn|31","|","|move|p2a: Skarmory|Roost|p2a: Skarmory","|-heal|p2a: Skarmory|256/333","|cant|p1a: Steel Rex|slp","|","|turn|32","|","|switch|p2a: Heatran|Heatran, M|385/385","|-item|p2a: Heatran|Air Balloon","|-curestatus|p1a: Steel Rex|slp","|move|p1a: Steel Rex|Earthquake|p2a: Heatran","|-immune|p2a: Heatran|[msg]","|","|turn|33","|","|switch|p1a: Aurorus|Aurorus, F|201/387","|-damage|p1a: Aurorus|105/387|[from] Stealth Rock","|move|p2a: Heatran|Earth Power|p1a: Aurorus","|-supereffective|p1a: Aurorus","|-damage|p1a: Aurorus|0 fnt","|faint|p1a: Aurorus","|","|","|switch|p1a: TNT|Tyranitar, F|253/403","|-damage|p1a: TNT|203/403|[from] Stealth Rock","|-weather|Sandstorm","|turn|34","|","|move|p2a: Heatran|Flash Cannon|p1a: TNT","|-supereffective|p1a: TNT","|-damage|p1a: TNT|99/403","|move|p1a: TNT|Dark Pulse|p2a: Heatran","|-damage|p2a: Heatran|298/385","|-enditem|p2a: Heatran|Air Balloon","|","|-weather|Sandstorm|[upkeep]","|turn|35","|","|move|p2a: Heatran|Flash Cannon|p1a: TNT","|-supereffective|p1a: TNT","|-damage|p1a: TNT|0 fnt","|faint|p1a: TNT","|","|-weather|Sandstorm|[upkeep]","|","|switch|p1a: Bull|Terrakion|303/323","|-damage|p1a: Bull|283/323|[from] Stealth Rock","|turn|36","|","|switch|p2a: Jirachi|Jirachi|151/341","|move|p1a: Bull|Close Combat|p2a: Jirachi","|-damage|p2a: Jirachi|0 fnt","|-unboost|p1a: Bull|def|1","|-unboost|p1a: Bull|spd|1","|faint|p2a: Jirachi","|","|-weather|Sandstorm|[upkeep]","|","|switch|p2a: Scizor|Scizor-Mega, M|337/343","|turn|37","|","|switch|p1a: Steel Rex|Aggron-Mega, F|247/343","|-damage|p1a: Steel Rex|226/343|[from] Stealth Rock","|move|p2a: Scizor|Bullet Punch|p1a: Steel Rex","|-resisted|p1a: Steel Rex","|-damage|p1a: Steel Rex|208/343","|","|-weather|Sandstorm|[upkeep]","|turn|38","|","|switch|p2a: Skarmory|Skarmory, M|256/333","|move|p1a: Steel Rex|Earthquake|p2a: Skarmory","|-immune|p2a: Skarmory|[msg]","|","|-weather|none","|turn|39","|","|move|p2a: Skarmory|Roost|p2a: Skarmory","|-heal|p2a: Skarmory|333/333","|move|p1a: Steel Rex|Earthquake|p2a: Skarmory","|-supereffective|p2a: Skarmory","|-damage|p2a: Skarmory|219/333","|","|turn|40","|","|move|p1a: Steel Rex|Fire Punch|p2a: Skarmory","|-supereffective|p2a: Skarmory","|-damage|p2a: Skarmory|129/333","|-damage|p1a: Steel Rex|151/343|[from] item: Rocky Helmet|[of] p2a: Skarmory","|move|p2a: Skarmory|Whirlwind|p1a: Steel Rex","|drag|p1a: Bull|Terrakion|283/323","|-damage|p1a: Bull|263/323|[from] Stealth Rock","|","|turn|41","|","|move|p1a: Bull|Close Combat|p2a: Skarmory","|-damage|p2a: Skarmory|18/333","|-damage|p1a: Bull|210/323|[from] item: Rocky Helmet|[of] p2a: Skarmory","|-unboost|p1a: Bull|def|1","|-unboost|p1a: Bull|spd|1","|move|p2a: Skarmory|Brave Bird|p1a: Bull","|-damage|p1a: Bull|26/323","|-damage|p2a: Skarmory|0 fnt|[from] recoil|[of] p1a: Bull","|faint|p2a: Skarmory","|","|","|switch|p2a: Scizor|Scizor-Mega, M|337/343","|turn|42","|","|switch|p1a: Steel Rex|Aggron-Mega, F|151/343","|-damage|p1a: Steel Rex|130/343|[from] Stealth Rock","|move|p2a: Scizor|Bullet Punch|p1a: Steel Rex","|-resisted|p1a: Steel Rex","|-damage|p1a: Steel Rex|109/343","|","|turn|43","|","|switch|p2a: Heatran|Heatran, M|298/385","|move|p1a: Steel Rex|Earthquake|p2a: Heatran","|-supereffective|p2a: Heatran","|-damage|p2a: Heatran|0 fnt","|faint|p2a: Heatran","|","|","|switch|p2a: Magnezone|Magnezone|225/281","|turn|44","|","|move|p2a: Magnezone|Volt Switch|p1a: Steel Rex","|-damage|p1a: Steel Rex|0 fnt","|faint|p1a: Steel Rex","|","|switch|p2a: Scizor|Scizor-Mega, M|337/343","|","|","|switch|p1a: Bull|Terrakion|26/323","|-damage|p1a: Bull|6/323|[from] Stealth Rock","|turn|45","|","|move|p1a: Bull|Quick Attack|p2a: Scizor","|-resisted|p2a: Scizor","|-damage|p2a: Scizor|321/343","|move|p2a: Scizor|Bullet Punch|p1a: Bull","|-crit|p1a: Bull","|-supereffective|p1a: Bull","|-damage|p1a: Bull|0 fnt","|faint|p1a: Bull","|","|win|Alliance - Asurax"],"p1rating":{"entryid":"214259","serverid":"eos","formatid":"monotype","userid":"alphavodoom","username":"Alpha α Vodoom","w":"12","l":14,"t":"0","gxe":49.2,"r":"1474.0257703446","rd":"87.564573761156","sigma":"0","rptime":"1440234000","rpr":1493.8848446824,"rprd":63.818981522953,"rpsigma":"0","acre":1064.2149402615,"lacre":1064.2149402615,"oldacre":"1078.6313604395"},"p2rating":{"entryid":"36158","serverid":"eos","formatid":"monotype","userid":"allianceasurax","username":"Alliance - Asurax","w":18,"l":"8","t":"0","gxe":65.7,"r":"1632.2272590284","rd":"86.19713899567","sigma":"0","rptime":"1440234000","rpr":1624.1132426597,"rprd":65.449858066739,"rpsigma":"0","acre":1217.6173620732,"lacre":1217.6173620732,"oldacre":"1201.080752842"},"endType":"normal"}