{"seed":[15266,47140,53828,47899],"turns":27,"p1":"Void Who","p2":"Apex Salamence","p1team":[{"name":"Gallade","species":"Gallade","item":"galladite","ability":"Justified","moves":["shadowsneak","drainpunch","psychocut","thunderwave"],"nature":"Adamant","evs":{"hp":248,"atk":252,"def":0,"spa":0,"spd":8,"spe":0},"ivs":{"hp":31,"atk":31,"def":31,"spa":31,"spd":31,"spe":31}},{"name":"Jirachi","species":"Jirachi","item":"assaultvest","ability":"Serene Grace","moves":["bodyslam","ironhead","drainpunch","zenheadbutt"],"nature":"Adamant","evs":{"hp":224,"atk":252,"def":0,"spa":0,"spd":0,"spe":32},"ivs":{"hp":31,"atk":31,"def":31,"spa":31,"spd":31,"spe":31}},{"name":"Meloetta","species":"Meloetta","item":"choicespecs","ability":"Serene Grace","moves":["hypervoice","focusblast","psychic","energyball"],"nature":"Modest","evs":{"hp":248,"atk":0,"def":0,"spa":252,"spd":8,"spe":0},"ivs":{"hp":31,"atk":31,"def":31,"spa":31,"spd":31,"spe":31}},{"name":"Mew","species":"Mew","item":"leftovers","ability":"Synchronize","moves":["defog","stealthrock","roost","knockoff"],"nature":"Careful","evs":{"hp":252,"atk":4,"def":0,"spa":0,"spd":252,"spe":0},"ivs":{"hp":31,"atk":31,"def":31,"spa":31,"spd":31,"spe":31}},{"name":"Slowbro","species":"Slowbro","item":"rockyhelmet","ability":"Regenerator","moves":["calmmind","slackoff","scald","flamethrower"],"nature":"Bold","evs":{"hp":248,"atk":0,"def":252,"spa":8,"spd":0,"spe":0},"ivs":{"hp":31,"atk":31,"def":31,"spa":31,"spd":31,"spe":31}},{"name":"Hoopa-Unbound","species":"Hoopa-Unbound","item":"choicescarf","ability":"Magician","moves":["hyperspacehole","hyperspacefury","firepunch","drainpunch"],"nature":"Hasty","evs":{"hp":0,"atk":252,"def":0,"spa":4,"spd":0,"spe":252},"ivs":{"hp":31,"atk":31,"def":31,"spa":31,"spd":31,"spe":31}}],"p2team":[{"name":"Thundurus","species":"Thundurus","item":"lifeorb","ability":"Prankster","moves":["thunderbolt","taunt","flashcannon","thunderwave"],"nature":"Timid","evs":{"hp":0,"atk":0,"def":0,"spa":252,"spd":4,"spe":252},"ivs":{"hp":31,"atk":31,"def":31,"spa":31,"spd":31,"spe":31}},{"name":"Landorus","species":"Landorus","item":"lifeorb","ability":"Sheer Force","moves":["earthpower","sludgewave","psychic","stealthrock"],"nature":"Timid","evs":{"hp":0,"atk":0,"def":0,"spa":252,"spd":4,"spe":252},"ivs":{"hp":31,"atk":31,"def":31,"spa":31,"spd":31,"spe":31}},{"name":"Pidgeot","species":"Pidgeot","item":"pidgeotite","ability":"Big Pecks","moves":["heatwave","hurricane","protect","hiddenpowerground"],"nature":"Timid","evs":{"hp":0,"atk":0,"def":0,"spa":252,"spd":4,"spe":252},"gender":"M","ivs":{"hp":31,"atk":31,"def":31,"spa":30,"spd":30,"spe":31}},{"name":"Dragonite","species":"Dragonite","item":"weaknesspolicy","ability":"Multiscale","moves":["dragonclaw","dragondance","extremespeed","earthquake"],"nature":"Adamant","evs":{"hp":0,"atk":252,"def":0,"spa":0,"spd":4,"spe":252},"gender":"M","ivs":{"hp":31,"atk":31,"def":31,"spa":31,"spd":31,"spe":31}},{"name":"Staraptor","species":"Staraptor","item":"choicescarf","ability":"Reckless","moves":["bravebird","closecombat","doubleedge","uturn"],"nature":"Jolly","evs":{"hp":0,"atk":252,"def":0,"spa":0,"spd":4,"spe":252},"gender":"M","ivs":{"hp":31,"atk":31,"def":31,"spa":31,"spd":31,"spe":31}},{"name":"Mandibuzz","species":"Mandibuzz","item":"leftovers","ability":"Overcoat","moves":["defog","foulplay","toxic","roost"],"nature":"Bold","evs":{"hp":252,"atk":0,"def":252,"spa":0,"spd":4,"spe":0},"ivs":{"hp":31,"atk":31,"def":31,"spa":31,"spd":31,"spe":31}}],"log":["|player|p1|Void Who|voidwho.gif","|player|p2|Apex Salamence|1","|gametype|singles","|gen|6","|tier|Monotype","|rated","|rule|Baton Pass Clause: Limit one Baton Passer, can't pass Spe and other stats simultaneously","|rule|Swagger Clause: Swagger is banned","|rule|Same Type Clause: Pokémon in a team must share a type","|clearpoke","|poke|p1|Gallade, M","|poke|p1|Jirachi","|poke|p1|Meloetta","|poke|p1|Mew","|poke|p1|Slowbro, F","|poke|p1|Hoopa-Unbound","|poke|p2|Thundurus, M","|poke|p2|Landorus, M","|poke|p2|Pidgeot, M","|poke|p2|Dragonite, M","|poke|p2|Staraptor, M","|poke|p2|Mandibuzz, F","|rule|Sleep Clause Mod: Limit one foe put to sleep","|rule|Species Clause: Limit one of each Pokémon","|rule|OHKO Clause: OHKO moves are banned","|rule|Moody Clause: Moody is banned","|rule|Evasion Moves Clause: Evasion moves are banned","|rule|Endless Battle Clause: Forcing endless battles is banned","|rule|HP Percentage Mod: HP is shown in percentages","|teampreview","|","|start","|switch|p1a: Slowbro|Slowbro, F|393/393","|switch|p2a: Thundurus|Thundurus, M|299/299","|turn|1","|","|switch|p1a: Meloetta|Meloetta|403/403","|move|p2a: Thundurus|Thunderbolt|p1a: Meloetta","|-damage|p1a: Meloetta|228/403","|-damage|p2a: Thundurus|270/299|[from] item: Life Orb","|","|turn|2","|","|move|p2a: Thundurus|Thunder Wave|p1a: Meloetta","|-status|p1a: Meloetta|par","|move|p1a: Meloetta|Hyper Voice|p2a: Thundurus","|-damage|p2a: Thundurus|0 fnt","|faint|p2a: Thundurus","|","|","|switch|p2a: Staraptor|Staraptor, M|311/311","|turn|3","|","|switch|p1a: Jirachi|Jirachi|397/397","|move|p2a: Staraptor|Double-Edge|p1a: Jirachi","|-resisted|p1a: Jirachi","|-damage|p1a: Jirachi|277/397","|-damage|p2a: Staraptor|271/311|[from] recoil|[of] p1a: Jirachi","|","|turn|4","|","|move|p2a: Staraptor|Double-Edge|p1a: Jirachi","|-resisted|p1a: Jirachi","|-damage|p1a: Jirachi|153/397","|-damage|p2a: Staraptor|230/311|[from] recoil|[of] p1a: Jirachi","|move|p1a: Jirachi|Body Slam|p2a: Staraptor","|-damage|p2a: Staraptor|116/311","|-status|p2a: Staraptor|par","|","|turn|5","|","|move|p1a: Jirachi|Drain Punch|p2a: Staraptor","|-damage|p2a: Staraptor|1/311 par","|-heal|p1a: Jirachi|211/397|[from] drain|[of] p2a: Staraptor","|cant|p2a: Staraptor|par","|","|turn|6","|","|move|p1a: Jirachi|Drain Punch|p2a: Staraptor","|-damage|p2a: Staraptor|0 fnt","|-heal|p1a: Jirachi|212/397|[from] drain|[of] p2a: Staraptor","|faint|p2a: Staraptor","|","|","|switch|p2a: Mandibuzz|Mandibuzz, F|424/424","|turn|7","|","|move|p1a: Jirachi|Body Slam|p2a: Mandibuzz","|-damage|p2a: Mandibuzz|360/424","|move|p2a: Mandibuzz|Foul Play|p1a: Jirachi","|-supereffective|p1a: Jirachi","|-damage|p1a: Jirachi|0 fnt","|faint|p1a: Jirachi","|","|-heal|p2a: Mandibuzz|386/424|[from] item: Leftovers","|","|switch|p1a: Meloetta|Meloetta|228/403 par","|turn|8","|","|move|p2a: Mandibuzz|Foul Play|p1a: Meloetta","|-crit|p1a: Meloetta","|-supereffective|p1a: Meloetta","|-damage|p1a: Meloetta|0 fnt","|faint|p1a: Meloetta","|","|-heal|p2a: Mandibuzz|412/424|[from] item: Leftovers","|","|switch|p1a: Slowbro|Slowbro, F|393/393","|turn|9","|","|move|p2a: Mandibuzz|Toxic|p1a: Slowbro","|-status|p1a: Slowbro|tox","|move|p1a: Slowbro|Scald|p2a: Mandibuzz","|-damage|p2a: Mandibuzz|319/424","|-status|p2a: Mandibuzz|brn","|","|-heal|p2a: Mandibuzz|345/424 brn|[from] item: Leftovers","|-damage|p2a: Mandibuzz|292/424 brn|[from] brn","|-damage|p1a: Slowbro|369/393 tox|[from] psn","|turn|10","|","|switch|p1a: Mew|Mew|404/404","|move|p2a: Mandibuzz|Foul Play|p1a: Mew","|-supereffective|p1a: Mew","|-damage|p1a: Mew|281/404","|","|-heal|p1a: Mew|306/404|[from] item: Leftovers","|-heal|p2a: Mandibuzz|318/424 brn|[from] item: Leftovers","|-damage|p2a: Mandibuzz|265/424 brn|[from] brn","|turn|11","|","|move|p1a: Mew|Knock Off|p2a: Mandibuzz","|-resisted|p2a: Mandibuzz","|-damage|p2a: Mandibuzz|238/424 brn","|-enditem|p2a: Mandibuzz|Leftovers|[from] move: Knock Off|[of] p1a: Mew","|move|p2a: Mandibuzz|Toxic|p1a: Mew","|-status|p1a: Mew|tox","|","|-heal|p1a: Mew|331/404 tox|[from] item: Leftovers","|-damage|p1a: Mew|306/404 tox|[from] psn","|-damage|p2a: Mandibuzz|185/424 brn|[from] brn","|turn|12","|","|switch|p1a: Slowbro|Slowbro, F|393/393 tox","|move|p2a: Mandibuzz|Roost|p2a: Mandibuzz","|-heal|p2a: Mandibuzz|397/424 brn","|","|-damage|p2a: Mandibuzz|344/424 brn|[from] brn","|-damage|p1a: Slowbro|369/393 tox|[from] psn","|turn|13","|","|move|p2a: Mandibuzz|Foul Play|p1a: Slowbro","|-supereffective|p1a: Slowbro","|-damage|p1a: Slowbro|315/393 tox","|-damage|p2a: Mandibuzz|274/424 brn|[from] item: Rocky Helmet|[of] p1a: Slowbro","|move|p1a: Slowbro|Scald|p2a: Mandibuzz","|-damage|p2a: Mandibuzz|166/424 brn","|","|-damage|p2a: Mandibuzz|113/424 brn|[from] brn","|-damage|p1a: Slowbro|267/393 tox|[from] psn","|turn|14","|","|move|p2a: Mandibuzz|Roost|p2a: Mandibuzz","|-heal|p2a: Mandibuzz|325/424 brn","|move|p1a: Slowbro|Scald|p2a: Mandibuzz","|-damage|p2a: Mandibuzz|220/424 brn","|","|-damage|p2a: Mandibuzz|167/424 brn|[from] brn","|-damage|p1a: Slowbro|195/393 tox|[from] psn","|turn|15","|","|switch|p1a: Hoopa-Unbound|Hoopa-Unbound|301/301","|move|p2a: Mandibuzz|Roost|p2a: Mandibuzz","|-heal|p2a: Mandibuzz|379/424 brn","|","|-damage|p2a: Mandibuzz|326/424 brn|[from] brn","|turn|16","|","|switch|p1a: Slowbro|Slowbro, F|326/393 tox","|move|p2a: Mandibuzz|Foul Play|p1a: Slowbro","|-crit|p1a: Slowbro","|-supereffective|p1a: Slowbro","|-damage|p1a: Slowbro|248/393 tox","|-damage|p2a: Mandibuzz|256/424 brn|[from] item: Rocky Helmet|[of] p1a: Slowbro","|","|-damage|p2a: Mandibuzz|203/424 brn|[from] brn","|-damage|p1a: Slowbro|224/393 tox|[from] psn","|turn|17","|","|move|p2a: Mandibuzz|Roost|p2a: Mandibuzz","|-heal|p2a: Mandibuzz|415/424 brn","|move|p1a: Slowbro|Calm Mind|p1a: Slowbro","|-boost|p1a: Slowbro|spa|1","|-boost|p1a: Slowbro|spd|1","|","|-damage|p2a: Mandibuzz|362/424 brn|[from] brn","|-damage|p1a: Slowbro|176/393 tox|[from] psn","|turn|18","|","|move|p2a: Mandibuzz|Foul Play|p1a: Slowbro","|-crit|p1a: Slowbro","|-supereffective|p1a: Slowbro","|-damage|p1a: Slowbro|95/393 tox","|-damage|p2a: Mandibuzz|292/424 brn|[from] item: Rocky Helmet|[of] p1a: Slowbro","|move|p1a: Slowbro|Scald|p2a: Mandibuzz","|-damage|p2a: Mandibuzz|142/424 brn","|","|-damage|p2a: Mandibuzz|89/424 brn|[from] brn","|-damage|p1a: Slowbro|23/393 tox|[from] psn","|turn|19","|","|switch|p1a: Hoopa-Unbound|Hoopa-Unbound|301/301","|move|p2a: Mandibuzz|Foul Play|p1a: Hoopa-Unbound","|-damage|p1a: Hoopa-Unbound|145/301","|","|-damage|p2a: Mandibuzz|36/424 brn|[from] brn","|turn|20","|","|move|p1a: Hoopa-Unbound|Drain Punch|p2a: Mandibuzz","|-damage|p2a: Mandibuzz|0 fnt","|-heal|p1a: Hoopa-Unbound|163/301|[from] drain|[of] p2a: Mandibuzz","|faint|p2a: Mandibuzz","|","|","|switch|p2a: Landorus|Landorus, M|319/319","|turn|21","|","|switch|p1a: Mew|Mew|306/404 tox","|move|p2a: Landorus|Earth Power|p1a: Mew","|-damage|p1a: Mew|125/404 tox","|","|-heal|p1a: Mew|150/404 tox|[from] item: Leftovers","|-damage|p1a: Mew|125/404 tox|[from] psn","|turn|22","|","|move|p2a: Landorus|Earth Power|p1a: Mew","|-damage|p1a: Mew|0 fnt","|faint|p1a: Mew","|","|","|switch|p1a: Hoopa-Unbound|Hoopa-Unbound|163/301","|turn|23","|","|move|p1a: Hoopa-Unbound|Hyperspace Fury|p2a: Landorus","|-damage|p2a: Landorus|111/319","|-unboost|p1a: Hoopa-Unbound|def|1","|move|p2a: Landorus|Earth Power|p1a: Hoopa-Unbound","|-damage|p1a: Hoopa-Unbound|0 fnt","|faint|p1a: Hoopa-Unbound","|","|","|switch|p1a: Gallade|Gallade, M|339/339","|turn|24","|","|detailschange|p1a: Gallade|Gallade-Mega, M","|-mega|p1a: Gallade|Gallade|Galladite","|move|p2a: Landorus|Psychic|p1a: Gallade","|-damage|p1a: Gallade|193/339","|move|p1a: Gallade|Psycho Cut|p2a: Landorus","|-damage|p2a: Landorus|0 fnt","|faint|p2a: Landorus","|","|","|switch|p2a: Pidgeot|Pidgeot, M|307/307","|turn|25","|","|detailschange|p2a: Pidgeot|Pidgeot-Mega, M","|-mega|p2a: Pidgeot|Pidgeot|Pidgeotite","|move|p2a: Pidgeot|Protect|p2a: Pidgeot","|-singleturn|p2a: Pidgeot|Protect","|move|p1a: Gallade|Thunder Wave|p2a: Pidgeot","|-activate|p2a: Pidgeot|Protect","|","|turn|26","|","|move|p2a: Pidgeot|Hurricane|p1a: Gallade","|-supereffective|p1a: Gallade","|-damage|p1a: Gallade|0 fnt","|faint|p1a: Gallade","|","|","|switch|p1a: Slowbro|Slowbro, F|154/393 tox","|turn|27","|","|move|p2a: Pidgeot|Hurricane|p1a: Slowbro","|-damage|p1a: Slowbro|0 fnt","|faint|p1a: Slowbro","|","|win|Apex Salamence"],"p1rating":{"entryid":"114352","serverid":"eos","formatid":"monotype","userid":"voidwho","username":"Void Who","w":"10","l":6,"t":"0","gxe":58.5,"r":"1497.3189220233","rd":"92.310157241326","sigma":"0","rptime":"1440320400","rpr":1565.7756313277,"rprd":75.720631912053,"rpsigma":"0","acre":1167.9819712593,"lacre":1167.9819712593,"oldacre":"1197.7087879389"},"p2rating":{"entryid":"1755","serverid":"eos","formatid":"monotype","userid":"apexsalamence","username":"Apex Salamence","w":33,"l":"25","t":"0","gxe":57.9,"r":"1550.6181570067","rd":"46.626789645206","sigma":"0","rptime":"1440320400","rpr":1560.0871931753,"rprd":45.916178708115,"rpsigma":"0","acre":1160.9450216551,"lacre":1160.9450216551,"oldacre":"1131.2182049755"},"endType":"normal"}