{"seed":[40529,29964,55728,27730],"turns":27,"p1":"Bronze <3","p2":"Lotus Aranacana","p1team":[{"name":"Abomasnow","species":"Abomasnow","item":"abomasite","ability":"Soundproof","moves":["gigadrain","iceshard","hiddenpowerfire","blizzard"],"nature":"Mild","evs":{"hp":248,"atk":8,"def":0,"spa":252,"spd":0,"spe":0},"ivs":{"hp":31,"atk":30,"def":31,"spa":30,"spd":31,"spe":30}},{"name":"Walrein","species":"Walrein","item":"choicespecs","ability":"Thick Fat","moves":["frostbreath","hiddenpowerfire","signalbeam","surf"],"nature":"Modest","evs":{"hp":248,"atk":0,"def":0,"spa":252,"spd":8,"spe":0},"ivs":{"hp":31,"atk":30,"def":31,"spa":30,"spd":31,"spe":30}},{"name":"Mamoswine","species":"Mamoswine","item":"lifeorb","ability":"Thick Fat","moves":["stealthrock","superpower","earthquake","iceshard"],"nature":"Jolly","evs":{"hp":0,"atk":252,"def":0,"spa":0,"spd":4,"spe":252},"ivs":{"hp":31,"atk":31,"def":31,"spa":31,"spd":31,"spe":31}},{"name":"Kyurem-Black","species":"Kyurem-Black","item":"choicescarf","ability":"Teravolt","moves":["zenheadbutt","outrage","earthpower","fusionbolt"],"nature":"Naive","evs":{"hp":0,"atk":252,"def":0,"spa":32,"spd":0,"spe":224},"ivs":{"hp":31,"atk":31,"def":31,"spa":31,"spd":31,"spe":31}},{"name":"Weavile","species":"Weavile","item":"lifeorb","ability":"Pickpocket","moves":["knockoff","lowkick","iceshard","fakeout"],"nature":"Jolly","evs":{"hp":0,"atk":252,"def":0,"spa":0,"spd":4,"spe":252},"ivs":{"hp":31,"atk":31,"def":31,"spa":31,"spd":31,"spe":31}},{"name":"Avalugg","species":"Avalugg","item":"rockyhelmet","ability":"Sturdy","moves":["avalanche","rapidspin","recover","roar"],"nature":"Impish","evs":{"hp":248,"atk":8,"def":252,"spa":0,"spd":0,"spe":0},"ivs":{"hp":31,"atk":31,"def":31,"spa":31,"spd":31,"spe":31}}],"p2team":[{"name":"Tyranitar","species":"Tyranitar","item":"assaultvest","ability":"Sand Stream","moves":["crunch","rockslide","ironhead","aerialace"],"nature":"Adamant","evs":{"hp":248,"atk":0,"def":0,"spa":0,"spd":8,"spe":0},"ivs":{"hp":31,"atk":31,"def":31,"spa":31,"spd":31,"spe":31}},{"name":"The Hax Lord","species":"sableye","item":"sablenite","ability":"Prankster","moves":["willowisp","calmmind","dazzlinggleam","recover"],"nature":"Calm","evs":{"hp":248,"atk":0,"def":0,"spa":8,"spd":252,"spe":0},"gender":"M","ivs":{"hp":31,"atk":31,"def":31,"spa":31,"spd":31,"spe":31}},{"name":"checkmate","species":"bisharp","item":"focussash","ability":"Defiant","moves":["aerialace","ironhead","suckerpunch","knockoff"],"nature":"Jolly","evs":{"hp":4,"atk":252,"def":0,"spa":0,"spd":0,"spe":252},"gender":"M","shiny":true,"ivs":{"hp":31,"atk":31,"def":31,"spa":31,"spd":31,"spe":31}},{"name":"Hoopa-Unbound","species":"Hoopa-Unbound","item":"choicescarf","ability":"Magician","moves":["hyperspacefury","zenheadbutt","gunkshot","firepunch"],"nature":"Jolly","evs":{"hp":0,"atk":252,"def":0,"spa":0,"spd":4,"spe":252},"ivs":{"hp":31,"atk":31,"def":31,"spa":31,"spd":31,"spe":31}},{"name":"Mandibuzz","species":"Mandibuzz","item":"leftovers","ability":"Overcoat","moves":["roost","foulplay","toxic","defog"],"nature":"Impish","evs":{"hp":240,"atk":0,"def":28,"spa":0,"spd":188,"spe":52},"ivs":{"hp":31,"atk":31,"def":31,"spa":31,"spd":31,"spe":31}},{"name":"Sharpedo","species":"Sharpedo","item":"lifeorb","ability":"Speed Boost","moves":["protect","crunch","icefang","waterfall"],"nature":"Adamant","evs":{"hp":0,"atk":252,"def":0,"spa":0,"spd":4,"spe":252},"ivs":{"hp":31,"atk":31,"def":31,"spa":31,"spd":31,"spe":31}}],"log":["|player|p1|Bronze <3|23","|player|p2|Lotus Aranacana|lotusaranacana.png","|gametype|singles","|gen|6","|tier|Monotype","|rated","|rule|Baton Pass Clause: Limit one Baton Passer, can't pass Spe and other stats simultaneously","|rule|Swagger Clause: Swagger is banned","|rule|Same Type Clause: Pokémon in a team must share a type","|clearpoke","|poke|p1|Abomasnow, M","|poke|p1|Walrein, F","|poke|p1|Mamoswine, F","|poke|p1|Kyurem-Black","|poke|p1|Weavile, F","|poke|p1|Avalugg, M","|poke|p2|Tyranitar, M","|poke|p2|Sableye, M","|poke|p2|Bisharp, M, shiny","|poke|p2|Hoopa-Unbound","|poke|p2|Mandibuzz, F","|poke|p2|Sharpedo, M","|rule|Sleep Clause Mod: Limit one foe put to sleep","|rule|Species Clause: Limit one of each Pokémon","|rule|OHKO Clause: OHKO moves are banned","|rule|Moody Clause: Moody is banned","|rule|Evasion Moves Clause: Evasion moves are banned","|rule|Endless Battle Clause: Forcing endless battles is banned","|rule|HP Percentage Mod: HP is shown in percentages","|teampreview","|","|start","|switch|p1a: Weavile|Weavile, F|281/281","|switch|p2a: Hoopa-Unbound|Hoopa-Unbound|301/301","|turn|1","|","|move|p1a: Weavile|Fake Out|p2a: Hoopa-Unbound","|-damage|p2a: Hoopa-Unbound|215/301","|-damage|p1a: Weavile|253/281|[from] item: Life Orb","|cant|p2a: Hoopa-Unbound|flinch","|","|turn|2","|","|move|p2a: Hoopa-Unbound|Fire Punch|p1a: Weavile","|-supereffective|p1a: Weavile","|-damage|p1a: Weavile|0 fnt","|faint|p1a: Weavile","|","|","|switch|p1a: Avalugg|Avalugg, M|393/393","|turn|3","|","|switch|p2a: checkmate|Bisharp, M, shiny|272/272","|move|p1a: Avalugg|Avalanche|p2a: checkmate","|-resisted|p2a: checkmate","|-damage|p2a: checkmate|234/272","|","|turn|4","|","|move|p2a: checkmate|Iron Head|p1a: Avalugg","|-crit|p1a: Avalugg","|-supereffective|p1a: Avalugg","|-damage|p1a: Avalugg|187/393","|-damage|p2a: checkmate|189/272|[from] item: Rocky Helmet|[of] p1a: Avalugg","|cant|p1a: Avalugg|flinch","|","|turn|5","|","|move|p2a: checkmate|Knock Off|p1a: Avalugg","|-damage|p1a: Avalugg|103/393","|-damage|p2a: checkmate|144/272|[from] item: Rocky Helmet|[of] p1a: Avalugg","|-enditem|p1a: Avalugg|Rocky Helmet|[from] move: Knock Off|[of] p2a: checkmate","|move|p1a: Avalugg|Recover|p1a: Avalugg","|-heal|p1a: Avalugg|300/393","|","|turn|6","|","|move|p2a: checkmate|Iron Head|p1a: Avalugg","|-supereffective|p1a: Avalugg","|-damage|p1a: Avalugg|166/393","|move|p1a: Avalugg|Recover|p1a: Avalugg","|-heal|p1a: Avalugg|363/393","|","|turn|7","|","|switch|p1a: Walrein|Walrein, F|423/423","|move|p2a: checkmate|Iron Head|p1a: Walrein","|-damage|p1a: Walrein|263/423","|","|turn|8","|","|move|p2a: checkmate|Knock Off|p1a: Walrein","|-damage|p1a: Walrein|85/423","|-enditem|p1a: Walrein|Choice Specs|[from] move: Knock Off|[of] p2a: checkmate","|move|p1a: Walrein|Hidden Power|p2a: checkmate","|-supereffective|p2a: checkmate","|-damage|p2a: checkmate|0 fnt","|faint|p2a: checkmate","|","|","|switch|p2a: The Hax Lord|Sableye, M|303/303","|turn|9","|","|move|p2a: The Hax Lord|Calm Mind|p2a: The Hax Lord","|-boost|p2a: The Hax Lord|spa|1","|-boost|p2a: The Hax Lord|spd|1","|move|p1a: Walrein|Frost Breath|p2a: The Hax Lord","|-crit|p2a: The Hax Lord","|-damage|p2a: The Hax Lord|179/303","|","|turn|10","|","|detailschange|p2a: The Hax Lord|Sableye-Mega, M","|-mega|p2a: The Hax Lord|Sableye|Sablenite","|move|p2a: The Hax Lord|Recover|p2a: The Hax Lord","|-heal|p2a: The Hax Lord|303/303","|move|p1a: Walrein|Frost Breath|p2a: The Hax Lord","|-crit|p2a: The Hax Lord","|-damage|p2a: The Hax Lord|216/303","|","|turn|11","|","|move|p1a: Walrein|Frost Breath|p2a: The Hax Lord","|-crit|p2a: The Hax Lord","|-damage|p2a: The Hax Lord|126/303","|move|p2a: The Hax Lord|Calm Mind|p2a: The Hax Lord","|-boost|p2a: The Hax Lord|spa|1","|-boost|p2a: The Hax Lord|spd|1","|","|turn|12","|","|move|p1a: Walrein|Frost Breath|p2a: The Hax Lord|[miss]","|-miss|p1a: Walrein|p2a: The Hax Lord","|move|p2a: The Hax Lord|Recover|p2a: The Hax Lord","|-heal|p2a: The Hax Lord|278/303","|","|turn|13","|","|move|p1a: Walrein|Frost Breath|p2a: The Hax Lord","|-crit|p2a: The Hax Lord","|-damage|p2a: The Hax Lord|179/303","|move|p2a: The Hax Lord|Dazzling Gleam|p1a: Walrein","|-damage|p1a: Walrein|0 fnt","|faint|p1a: Walrein","|","|","|switch|p1a: Kyurem-Black|Kyurem-Black|391/391","|-ability|p1a: Kyurem-Black|Teravolt","|turn|14","|","|move|p1a: Kyurem-Black|Outrage|p2a: The Hax Lord","|-damage|p2a: The Hax Lord|0 fnt","|faint|p2a: The Hax Lord","|","|","|switch|p2a: Tyranitar|Tyranitar, M|403/403","|-weather|Sandstorm","|turn|15","|","|move|p1a: Kyurem-Black|Outrage|p2a: Tyranitar|[from]lockedmove","|-damage|p2a: Tyranitar|145/403","|move|p2a: Tyranitar|Rock Slide|p1a: Kyurem-Black","|-supereffective|p1a: Kyurem-Black","|-damage|p1a: Kyurem-Black|155/391","|","|-weather|Sandstorm|[upkeep]","|-damage|p1a: Kyurem-Black|131/391|[from] sandstorm","|turn|16","|","|move|p1a: Kyurem-Black|Outrage|p2a: Tyranitar|[from]lockedmove","|-damage|p2a: Tyranitar|0 fnt","|-start|p1a: Kyurem-Black|confusion|[fatigue]","|faint|p2a: Tyranitar","|","|-weather|Sandstorm|[upkeep]","|-damage|p1a: Kyurem-Black|107/391|[from] sandstorm","|","|switch|p2a: Sharpedo|Sharpedo, M|281/281","|turn|17","|","|switch|p1a: Avalugg|Avalugg, M|363/393","|move|p2a: Sharpedo|Protect|p2a: Sharpedo","|-fail|p2a: Sharpedo","|","|-weather|Sandstorm|[upkeep]","|-damage|p2a: Sharpedo|264/281|[from] sandstorm","|-damage|p1a: Avalugg|339/393|[from] sandstorm","|-boost|p2a: Sharpedo|spe|1|[from] ability: Speed Boost","|turn|18","|","|move|p2a: Sharpedo|Crunch|p1a: Avalugg","|-damage|p1a: Avalugg|245/393","|-damage|p2a: Sharpedo|236/281|[from] item: Life Orb","|move|p1a: Avalugg|Roar|p2a: Sharpedo","|drag|p2a: Hoopa-Unbound|Hoopa-Unbound|215/301","|","|-weather|Sandstorm|[upkeep]","|-damage|p2a: Hoopa-Unbound|197/301|[from] sandstorm","|-damage|p1a: Avalugg|221/393|[from] sandstorm","|turn|19","|","|move|p2a: Hoopa-Unbound|Hyperspace Fury|p1a: Avalugg","|-damage|p1a: Avalugg|118/393","|-unboost|p2a: Hoopa-Unbound|def|1","|move|p1a: Avalugg|Recover|p1a: Avalugg","|-heal|p1a: Avalugg|315/393","|","|-weather|none","|turn|20","|","|move|p2a: Hoopa-Unbound|Hyperspace Fury|p1a: Avalugg","|-damage|p1a: Avalugg|213/393","|-unboost|p2a: Hoopa-Unbound|def|1","|move|p1a: Avalugg|Avalanche|p2a: Hoopa-Unbound","|-crit|p2a: Hoopa-Unbound","|-damage|p2a: Hoopa-Unbound|0 fnt","|faint|p2a: Hoopa-Unbound","|","|","|switch|p2a: Mandibuzz|Mandibuzz, F|421/421","|turn|21","|","|move|p2a: Mandibuzz|Toxic|p1a: Avalugg","|-status|p1a: Avalugg|tox","|move|p1a: Avalugg|Avalanche|p2a: Mandibuzz","|-crit|p2a: Mandibuzz","|-supereffective|p2a: Mandibuzz","|-damage|p2a: Mandibuzz|205/421","|","|-heal|p2a: Mandibuzz|231/421|[from] item: Leftovers","|-damage|p1a: Avalugg|189/393 tox|[from] psn","|turn|22","|","|move|p2a: Mandibuzz|Roost|p2a: Mandibuzz","|-heal|p2a: Mandibuzz|421/421","|move|p1a: Avalugg|Recover|p1a: Avalugg","|-heal|p1a: Avalugg|386/393 tox","|","|-damage|p1a: Avalugg|338/393 tox|[from] psn","|turn|23","|","|switch|p1a: Abomasnow|Abomasnow, M|383/383","|move|p2a: Mandibuzz|Roost|p2a: Mandibuzz","|-fail|p2a: Mandibuzz","|","|turn|24","|","|detailschange|p1a: Abomasnow|Abomasnow-Mega, M","|-mega|p1a: Abomasnow|Abomasnow|Abomasite","|-weather|Hail","|move|p2a: Mandibuzz|Toxic|p1a: Abomasnow","|-status|p1a: Abomasnow|tox","|move|p1a: Abomasnow|Blizzard|p2a: Mandibuzz","|-supereffective|p2a: Mandibuzz","|-damage|p2a: Mandibuzz|43/421","|","|-weather|Hail|[upkeep]","|-heal|p2a: Mandibuzz|69/421|[from] item: Leftovers","|-damage|p1a: Abomasnow|360/383 tox|[from] psn","|turn|25","|","|move|p1a: Abomasnow|Ice Shard|p2a: Mandibuzz","|-supereffective|p2a: Mandibuzz","|-damage|p2a: Mandibuzz|0 fnt","|faint|p2a: Mandibuzz","|","|-weather|Hail|[upkeep]","|-damage|p1a: Abomasnow|314/383 tox|[from] psn","|","|switch|p2a: Sharpedo|Sharpedo, M|236/281","|turn|26","|","|move|p2a: Sharpedo|Protect|p2a: Sharpedo","|-singleturn|p2a: Sharpedo|Protect","|move|p1a: Abomasnow|Giga Drain|p2a: Sharpedo","|-activate|p2a: Sharpedo|Protect","|","|-weather|Hail|[upkeep]","|-damage|p2a: Sharpedo|219/281|[from] hail","|-damage|p1a: Abomasnow|245/383 tox|[from] psn","|-boost|p2a: Sharpedo|spe|1|[from] ability: Speed Boost","|turn|27","|","|move|p2a: Sharpedo|Crunch|p1a: Abomasnow","|-damage|p1a: Abomasnow|27/383 tox","|-unboost|p1a: Abomasnow|def|1","|-damage|p2a: Sharpedo|191/281|[from] item: Life Orb","|move|p1a: Abomasnow|Giga Drain|p2a: Sharpedo","|-supereffective|p2a: Sharpedo","|-damage|p2a: Sharpedo|0 fnt","|-heal|p1a: Abomasnow|123/383 tox|[from] drain|[of] p2a: Sharpedo","|faint|p2a: Sharpedo","|","|win|Bronze <3"],"p1rating":{"entryid":372899,"formatid":"monotype","userid":"bronze3","username":"Bronze <3","r":1500,"rd":130,"sigma":0,"rpr":1533.8432991767,"rprd":122.87341957263,"rpsigma":0,"rptime":1440320400,"w":1,"l":0,"t":0,"gxe":54.2,"acre":1044.584930701,"lacre":1044.584930701,"oldacre":1000},"p2rating":{"entryid":"331815","serverid":"eos","formatid":"monotype","userid":"lotusaranacana","username":"Lotus Aranacana","w":"1","l":4,"t":"0","gxe":40.3,"r":"1436.8597323378","rd":"117.71710301829","sigma":"0","rptime":"1440320400","rpr":1423.0822080391,"rprd":103.52020287624,"rpsigma":"0","acre":1022.1660277196,"lacre":1022.1660277196,"oldacre":"1040"},"endType":"normal"}