{"seed":[58309,62894,39023,53135],"turns":28,"p1":"Guard Wanderer","p2":"Imp❇ Jk","p1team":[{"name":"Ferrothorn","species":"Ferrothorn","item":"rockyhelmet","ability":"Iron Barbs","moves":["knockoff","stealthrock","thunderwave","sunnyday"],"nature":"Relaxed","evs":{"hp":248,"atk":8,"def":252,"spa":0,"spd":0,"spe":0},"ivs":{"hp":31,"atk":31,"def":31,"spa":31,"spd":31,"spe":0}},{"name":"Rotom-Mow","species":"Rotom-Mow","item":"choicescarf","ability":"Levitate","moves":["trick","willowisp","discharge","voltswitch"],"nature":"Timid","evs":{"hp":0,"atk":0,"def":0,"spa":252,"spd":4,"spe":252},"ivs":{"hp":31,"atk":31,"def":31,"spa":31,"spd":31,"spe":31}},{"name":"Ludicolo","species":"Ludicolo","item":"bindingband","ability":"Swift Swim","moves":["raindance","scald","leechseed","whirlpool"],"nature":"Modest","evs":{"hp":248,"atk":0,"def":0,"spa":252,"spd":8,"spe":0},"ivs":{"hp":31,"atk":31,"def":31,"spa":31,"spd":31,"spe":31}},{"name":"Sawsbuck","species":"Sawsbuck","item":"silkscarf","ability":"Chlorophyll","moves":["return","attract","retaliate","thunderwave"],"nature":"Adamant","evs":{"hp":0,"atk":252,"def":0,"spa":0,"spd":4,"spe":252},"gender":"F","ivs":{"hp":31,"atk":31,"def":31,"spa":31,"spd":31,"spe":31}},{"name":"Serperior","species":"Serperior","item":"miracleseed","ability":"Contrary","moves":["substitute","dragonpulse","leafstorm","grassyterrain"],"nature":"Timid","evs":{"hp":0,"atk":0,"def":0,"spa":252,"spd":4,"spe":252},"ivs":{"hp":31,"atk":31,"def":31,"spa":31,"spd":31,"spe":31}},{"name":"Cacturne","species":"Cacturne","item":"focussash","ability":"Sand Veil","moves":["suckerpunch","spikyshield","swordsdance","drainpunch"],"nature":"Adamant","evs":{"hp":248,"atk":252,"def":0,"spa":0,"spd":8,"spe":0},"ivs":{"hp":31,"atk":31,"def":31,"spa":31,"spd":31,"spe":31}}],"p2team":[{"name":"toges.copy","species":"cobalion","item":"leftovers","ability":"Justified","moves":["stealthrock","taunt","ironhead","thunderwave"],"nature":"Impish","evs":{"hp":252,"atk":0,"def":212,"spa":0,"spd":0,"spe":44},"ivs":{"hp":31,"atk":31,"def":31,"spa":31,"spd":31,"spe":31}},{"name":"beyblade","species":"hitmontop","item":"assaultvest","ability":"Intimidate","moves":["endeavor","highjumpkick","suckerpunch","rapidspin"],"nature":"Careful","evs":{"hp":252,"atk":0,"def":16,"spa":0,"spd":240,"spe":0},"ivs":{"hp":31,"atk":31,"def":31,"spa":31,"spd":31,"spe":31}},{"name":"the.punk","species":"scrafty","item":"leftovers","ability":"Shed Skin","moves":["crunch","drainpunch","bulkup","icepunch"],"nature":"Careful","evs":{"hp":252,"atk":4,"def":0,"spa":0,"spd":252,"spe":0},"ivs":{"hp":31,"atk":31,"def":31,"spa":31,"spd":31,"spe":31}},{"name":"diddy.kong","species":"infernape","item":"focussash","ability":"Blaze","moves":["flamethrower","vacuumwave","encore","nastyplot"],"nature":"Timid","evs":{"hp":0,"atk":0,"def":0,"spa":252,"spd":0,"spe":252},"ivs":{"hp":31,"atk":31,"def":31,"spa":31,"spd":31,"spe":31}},{"name":"beetle.juice","species":"heracross","item":"heracronite","ability":"Moxie","moves":["bulletseed","rockblast","closecombat","pinmissile"],"nature":"Adamant","evs":{"hp":252,"atk":232,"def":24,"spa":0,"spd":0,"spe":0},"ivs":{"hp":31,"atk":31,"def":31,"spa":31,"spd":31,"spe":31}},{"name":"doggy","species":"terrakion","item":"choicescarf","ability":"Justified","moves":["earthquake","ironhead","stoneedge","closecombat"],"nature":"Adamant","evs":{"hp":0,"atk":252,"def":0,"spa":0,"spd":0,"spe":252},"ivs":{"hp":31,"atk":31,"def":31,"spa":31,"spd":31,"spe":31}}],"log":["|player|p1|Guard Wanderer|235","|player|p2|Imp❇ Jk|196","|gametype|singles","|gen|6","|tier|Monotype","|rated","|rule|Baton Pass Clause: Limit one Baton Passer, can't pass Spe and other stats simultaneously","|rule|Swagger Clause: Swagger is banned","|rule|Same Type Clause: Pokémon in a team must share a type","|clearpoke","|poke|p1|Ferrothorn, M","|poke|p1|Rotom-Mow","|poke|p1|Ludicolo, M","|poke|p1|Sawsbuck, F","|poke|p1|Serperior, M","|poke|p1|Cacturne, F","|poke|p2|Cobalion","|poke|p2|Hitmontop, M","|poke|p2|Scrafty, M","|poke|p2|Infernape, F","|poke|p2|Heracross, M","|poke|p2|Terrakion","|rule|Sleep Clause Mod: Limit one foe put to sleep","|rule|Species Clause: Limit one of each Pokémon","|rule|OHKO Clause: OHKO moves are banned","|rule|Moody Clause: Moody is banned","|rule|Evasion Moves Clause: Evasion moves are banned","|rule|Endless Battle Clause: Forcing endless battles is banned","|rule|HP Percentage Mod: HP is shown in percentages","|teampreview","|","|start","|switch|p1a: Ferrothorn|Ferrothorn, M|351/351","|switch|p2a: diddy.kong|Infernape, F|293/293","|turn|1","|","|move|p2a: diddy.kong|Flamethrower|p1a: Ferrothorn","|-supereffective|p1a: Ferrothorn","|-damage|p1a: Ferrothorn|0 fnt","|faint|p1a: Ferrothorn","|","|","|switch|p1a: Ludicolo|Ludicolo, M|363/363","|turn|2","|","|switch|p2a: the.punk|Scrafty, M|334/334","|move|p1a: Ludicolo|Rain Dance|p1a: Ludicolo","|-weather|RainDance","|","|-weather|RainDance|[upkeep]","|turn|3","|","|move|p1a: Ludicolo|Whirlpool|p2a: the.punk","|-damage|p2a: the.punk|282/334","|-activate|p2a: the.punk|move: Whirlpool|[of] p1a: Ludicolo","|move|p2a: the.punk|Bulk Up|p2a: the.punk","|-boost|p2a: the.punk|atk|1","|-boost|p2a: the.punk|def|1","|","|-weather|RainDance|[upkeep]","|-heal|p2a: the.punk|302/334|[from] item: Leftovers","|-damage|p2a: the.punk|247/334|[from] move: Whirlpool|[partiallytrapped]","|turn|4","|","|move|p1a: Ludicolo|Leech Seed|p2a: the.punk","|-start|p2a: the.punk|move: Leech Seed","|move|p2a: the.punk|Drain Punch|p1a: Ludicolo","|-damage|p1a: Ludicolo|204/363","|-heal|p2a: the.punk|327/334|[from] drain|[of] p1a: Ludicolo","|","|-weather|RainDance|[upkeep]","|-heal|p2a: the.punk|334/334|[from] item: Leftovers","|-damage|p2a: the.punk|293/334|[from] Leech Seed|[of] p1a: Ludicolo","|-heal|p1a: Ludicolo|245/363|[silent]","|-damage|p2a: the.punk|238/334|[from] move: Whirlpool|[partiallytrapped]","|turn|5","|","|move|p1a: Ludicolo|Scald|p2a: the.punk","|-crit|p2a: the.punk","|-damage|p2a: the.punk|73/334","|move|p2a: the.punk|Bulk Up|p2a: the.punk","|-boost|p2a: the.punk|atk|1","|-boost|p2a: the.punk|def|1","|","|-weather|RainDance|[upkeep]","|-heal|p2a: the.punk|93/334|[from] item: Leftovers","|-damage|p2a: the.punk|52/334|[from] Leech Seed|[of] p1a: Ludicolo","|-heal|p1a: Ludicolo|286/363|[silent]","|-damage|p2a: the.punk|0 fnt|[from] move: Whirlpool|[partiallytrapped]","|faint|p2a: the.punk","|","|switch|p2a: beetle.juice|Heracross, M|364/364","|turn|6","|","|detailschange|p2a: beetle.juice|Heracross-Mega, M","|-mega|p2a: beetle.juice|Heracross|Heracronite","|move|p1a: Ludicolo|Scald|p2a: beetle.juice","|-damage|p2a: beetle.juice|204/364","|-status|p2a: beetle.juice|brn","|move|p2a: beetle.juice|Pin Missile|p1a: Ludicolo","|-supereffective|p1a: Ludicolo","|-damage|p1a: Ludicolo|198/363","|-supereffective|p1a: Ludicolo","|-damage|p1a: Ludicolo|110/363","|-crit|p1a: Ludicolo","|-supereffective|p1a: Ludicolo","|-damage|p1a: Ludicolo|0 fnt","|-hitcount|p1a: Ludicolo|3","|faint|p1a: Ludicolo","|","|-weather|none","|-damage|p2a: beetle.juice|159/364 brn|[from] brn","|","|switch|p1a: Sawsbuck|Sawsbuck, F|301/301","|turn|7","|","|move|p1a: Sawsbuck|Retaliate|p2a: beetle.juice","|-crit|p2a: beetle.juice","|-damage|p2a: beetle.juice|0 fnt","|faint|p2a: beetle.juice","|","|","|switch|p2a: beyblade|Hitmontop, M|304/304","|-ability|p2a: beyblade|Intimidate","|-unboost|p1a: Sawsbuck|atk|1","|turn|8","|","|switch|p2a: toges.copy|Cobalion|386/386","|move|p1a: Sawsbuck|Attract|p2a: toges.copy","|-fail|p2a: toges.copy","|","|turn|9","|","|move|p1a: Sawsbuck|Thunder Wave|p2a: toges.copy","|-status|p2a: toges.copy|par","|move|p2a: toges.copy|Stealth Rock|p1a: Sawsbuck","|-sidestart|p1: Guard Wanderer|move: Stealth Rock","|","|turn|10","|","|switch|p1a: Rotom-Mow|Rotom-Mow|241/241","|-damage|p1a: Rotom-Mow|211/241|[from] Stealth Rock","|move|p2a: toges.copy|Thunder Wave|p1a: Rotom-Mow","|-immune|p1a: Rotom-Mow|[msg]","|","|turn|11","|","|switch|p2a: beyblade|Hitmontop, M|304/304","|-ability|p2a: beyblade|Intimidate","|-unboost|p1a: Rotom-Mow|atk|1","|move|p1a: Rotom-Mow|Will-O-Wisp|p2a: beyblade","|-status|p2a: beyblade|brn","|","|-damage|p2a: beyblade|266/304 brn|[from] brn","|turn|12","|","|switch|p1a: Sawsbuck|Sawsbuck, F|301/301","|-damage|p1a: Sawsbuck|264/301|[from] Stealth Rock","|move|p2a: beyblade|High Jump Kick|p1a: Sawsbuck","|-supereffective|p1a: Sawsbuck","|-damage|p1a: Sawsbuck|54/301","|","|-damage|p2a: beyblade|228/304 brn|[from] brn","|turn|13","|","|switch|p2a: toges.copy|Cobalion|386/386 par","|move|p1a: Sawsbuck|Attract|p2a: toges.copy","|-fail|p2a: toges.copy","|","|turn|14","|","|move|p1a: Sawsbuck|Return|p2a: toges.copy","|-resisted|p2a: toges.copy","|-damage|p2a: toges.copy|325/386 par","|cant|p2a: toges.copy|par","|","|-heal|p2a: toges.copy|349/386 par|[from] item: Leftovers","|turn|15","|","|move|p1a: Sawsbuck|Return|p2a: toges.copy","|-resisted|p2a: toges.copy","|-damage|p2a: toges.copy|287/386 par","|move|p2a: toges.copy|Iron Head|p1a: Sawsbuck","|-damage|p1a: Sawsbuck|0 fnt","|faint|p1a: Sawsbuck","|","|-heal|p2a: toges.copy|311/386 par|[from] item: Leftovers","|","|switch|p1a: Serperior|Serperior, M|291/291","|-damage|p1a: Serperior|255/291|[from] Stealth Rock","|turn|16","|","|move|p1a: Serperior|Substitute|p1a: Serperior","|-start|p1a: Serperior|Substitute","|-damage|p1a: Serperior|183/291","|move|p2a: toges.copy|Thunder Wave|p1a: Serperior","|-fail|p1a: Serperior","|","|-heal|p2a: toges.copy|335/386 par|[from] item: Leftovers","|turn|17","|","|move|p1a: Serperior|Leaf Storm|p2a: toges.copy","|-resisted|p2a: toges.copy","|-damage|p2a: toges.copy|214/386 par","|-boost|p1a: Serperior|spa|2","|cant|p2a: toges.copy|par","|","|-heal|p2a: toges.copy|238/386 par|[from] item: Leftovers","|turn|18","|","|move|p1a: Serperior|Leaf Storm|p2a: toges.copy","|-resisted|p2a: toges.copy","|-damage|p2a: toges.copy|0 fnt","|-boost|p1a: Serperior|spa|2","|faint|p2a: toges.copy","|","|","|switch|p2a: beyblade|Hitmontop, M|228/304 brn","|-ability|p2a: beyblade|Intimidate","|-activate|p1a: Serperior|Substitute|ability: Intimidate|[of] p2a: beyblade","|turn|19","|","|move|p1a: Serperior|Grassy Terrain|p1a: Serperior","|-fieldstart|move: Grassy Terrain","|move|p2a: beyblade|High Jump Kick|p1a: Serperior","|-crit|p1a: Serperior","|-end|p1a: Serperior|Substitute","|","|-heal|p1a: Serperior|201/291|[from] Grassy Terrain","|-heal|p2a: beyblade|247/304 brn|[from] Grassy Terrain","|-damage|p2a: beyblade|209/304 brn|[from] brn","|turn|20","|","|move|p1a: Serperior|Substitute|p1a: Serperior","|-start|p1a: Serperior|Substitute","|-damage|p1a: Serperior|129/291","|move|p2a: beyblade|High Jump Kick|p1a: Serperior|[miss]","|-miss|p2a: beyblade|p1a: Serperior","|-damage|p2a: beyblade|57/304 brn|[from] highjumpkick","|","|-heal|p1a: Serperior|147/291|[from] Grassy Terrain","|-heal|p2a: beyblade|76/304 brn|[from] Grassy Terrain","|-damage|p2a: beyblade|38/304 brn|[from] brn","|turn|21","|","|move|p2a: beyblade|Sucker Punch|p1a: Serperior","|-fail|p2a: beyblade","|move|p1a: Serperior|Grassy Terrain|p1a: Serperior","|-fail|p1a: Serperior","|","|-heal|p1a: Serperior|165/291|[from] Grassy Terrain","|-heal|p2a: beyblade|57/304 brn|[from] Grassy Terrain","|-damage|p2a: beyblade|19/304 brn|[from] brn","|turn|22","|","|move|p1a: Serperior|Grassy Terrain|p1a: Serperior","|-fail|p1a: Serperior","|move|p2a: beyblade|High Jump Kick|p1a: Serperior","|-end|p1a: Serperior|Substitute","|","|-heal|p1a: Serperior|183/291|[from] Grassy Terrain","|-heal|p2a: beyblade|38/304 brn|[from] Grassy Terrain","|-damage|p2a: beyblade|0 fnt|[from] brn","|faint|p2a: beyblade","|","|switch|p2a: diddy.kong|Infernape, F|293/293","|turn|23","|","|move|p1a: Serperior|Dragon Pulse|p2a: diddy.kong","|-damage|p2a: diddy.kong|35/293","|move|p2a: diddy.kong|Flamethrower|p1a: Serperior","|-supereffective|p1a: Serperior","|-damage|p1a: Serperior|0 fnt","|faint|p1a: Serperior","|","|-fieldend|move: Grassy Terrain","|","|switch|p1a: Rotom-Mow|Rotom-Mow|211/241","|-damage|p1a: Rotom-Mow|181/241|[from] Stealth Rock","|turn|24","|","|move|p1a: Rotom-Mow|Volt Switch|p2a: diddy.kong","|-damage|p2a: diddy.kong|0 fnt","|faint|p2a: diddy.kong","|","|switch|p1a: Cacturne|Cacturne, F|343/343","|-damage|p1a: Cacturne|301/343|[from] Stealth Rock","|","|","|switch|p2a: doggy|Terrakion|323/323","|turn|25","|","|move|p1a: Cacturne|Spiky Shield|p1a: Cacturne","|-singleturn|p1a: Cacturne|move: Protect","|move|p2a: doggy|Close Combat|p1a: Cacturne","|-activate|p1a: Cacturne|Protect","|-damage|p2a: doggy|283/323|[from] Spiky Shield|[of] p1a: Cacturne","|","|turn|26","|","|switch|p1a: Rotom-Mow|Rotom-Mow|181/241","|-damage|p1a: Rotom-Mow|151/241|[from] Stealth Rock","|move|p2a: doggy|Close Combat|p1a: Rotom-Mow","|-damage|p1a: Rotom-Mow|0 fnt","|-unboost|p2a: doggy|def|1","|-unboost|p2a: doggy|spd|1","|faint|p1a: Rotom-Mow","|","|","|switch|p1a: Cacturne|Cacturne, F|301/343","|-damage|p1a: Cacturne|259/343|[from] Stealth Rock","|turn|27","|","|move|p1a: Cacturne|Spiky Shield|p1a: Cacturne","|-singleturn|p1a: Cacturne|move: Protect","|move|p2a: doggy|Close Combat|p1a: Cacturne","|-activate|p1a: Cacturne|Protect","|-damage|p2a: doggy|243/323|[from] Spiky Shield|[of] p1a: Cacturne","|","|turn|28","|","|move|p1a: Cacturne|Sucker Punch|p2a: doggy","|-resisted|p2a: doggy","|-damage|p2a: doggy|120/323","|-boost|p2a: doggy|atk|1|[from] ability: Justified","|move|p2a: doggy|Close Combat|p1a: Cacturne","|-supereffective|p1a: Cacturne","|-damage|p1a: Cacturne|0 fnt","|-unboost|p2a: doggy|def|1","|-unboost|p2a: doggy|spd|1","|faint|p1a: Cacturne","|","|win|Imp❇ Jk"],"p1rating":{"entryid":"9966","serverid":"eos","formatid":"monotype","userid":"guardwanderer","username":"Guard Wanderer","w":"13","l":21,"t":"0","gxe":41.7,"r":"1517.3894601343","rd":"81.691557977629","sigma":"0","rptime":"1440320400","rpr":1436.399986608,"rprd":57.691394966793,"rpsigma":"0","acre":1102.2617678343,"lacre":1102.2617678343,"oldacre":"1130.6729175539"},"p2rating":{"entryid":"86215","serverid":"eos","formatid":"monotype","userid":"impjk","username":"Imp❇ Jk","w":6,"l":"5","t":"0","gxe":50.5,"r":"1502.5816390108","rd":"91.70319712324","sigma":"0","rptime":"1440320400","rpr":1503.7468152392,"rprd":86.261256320603,"rpsigma":"0","acre":1114.2835372439,"lacre":1114.2835372439,"oldacre":"1082.9691998463"},"endType":"normal"}