{"seed":[2137,56450,40341,17904],"turns":23,"p1":"Yung Draco","p2":"Guard Wanderer","p1team":[{"name":"Azumarill","species":"Azumarill","item":"leftovers","ability":"Huge Power","moves":["playrough","bellydrum","knockoff","aquajet"],"nature":"Adamant","evs":{"hp":12,"atk":252,"def":112,"spa":0,"spd":100,"spe":32},"ivs":{"hp":31,"atk":31,"def":31,"spa":31,"spd":31,"spe":31}},{"name":"Swampert","species":"Swampert","item":"swampertite","ability":"Torrent","moves":["icepunch","earthquake","waterfall","poweruppunch"],"nature":"Jolly","evs":{"hp":0,"atk":252,"def":0,"spa":0,"spd":4,"spe":252},"ivs":{"hp":31,"atk":31,"def":31,"spa":31,"spd":31,"spe":31}},{"name":"Politoed","species":"Politoed","item":"leftovers","ability":"Drizzle","moves":["encore","toxic","hydropump","icebeam"],"nature":"Calm","evs":{"hp":252,"atk":0,"def":0,"spa":4,"spd":252,"spe":0},"ivs":{"hp":31,"atk":31,"def":31,"spa":31,"spd":31,"spe":31}},{"name":"Keldeo-Resolute","species":"Keldeo-Resolute","item":"choicespecs","ability":"Justified","moves":["secretsword","scald","icywind","hydropump"],"nature":"Timid","evs":{"hp":0,"atk":0,"def":0,"spa":252,"spd":4,"spe":252},"ivs":{"hp":31,"atk":31,"def":31,"spa":31,"spd":31,"spe":31}},{"name":"Slowbro","species":"Slowbro","item":"leftovers","ability":"Regenerator","moves":["thunderwave","psyshock","scald","slackoff"],"nature":"Bold","evs":{"hp":252,"atk":0,"def":252,"spa":4,"spd":0,"spe":0},"ivs":{"hp":31,"atk":31,"def":31,"spa":31,"spd":31,"spe":31}},{"name":"Tentacruel","species":"Tentacruel","item":"leftovers","ability":"Liquid Ooze","moves":["rapidspin","icebeam","toxicspikes","scald"],"nature":"Calm","evs":{"hp":248,"atk":0,"def":0,"spa":0,"spd":252,"spe":8},"ivs":{"hp":31,"atk":31,"def":31,"spa":31,"spd":31,"spe":31}}],"p2team":[{"name":"Ferrothorn","species":"Ferrothorn","item":"rockyhelmet","ability":"Iron Barbs","moves":["knockoff","stealthrock","thunderwave","sunnyday"],"nature":"Relaxed","evs":{"hp":248,"atk":8,"def":252,"spa":0,"spd":0,"spe":0},"ivs":{"hp":31,"atk":31,"def":31,"spa":31,"spd":31,"spe":0}},{"name":"Rotom-Mow","species":"Rotom-Mow","item":"choicescarf","ability":"Levitate","moves":["trick","willowisp","discharge","voltswitch"],"nature":"Timid","evs":{"hp":0,"atk":0,"def":0,"spa":252,"spd":4,"spe":252},"ivs":{"hp":31,"atk":31,"def":31,"spa":31,"spd":31,"spe":31}},{"name":"Ludicolo","species":"Ludicolo","item":"bindingband","ability":"Swift Swim","moves":["raindance","scald","leechseed","whirlpool"],"nature":"Modest","evs":{"hp":248,"atk":0,"def":0,"spa":252,"spd":8,"spe":0},"ivs":{"hp":31,"atk":31,"def":31,"spa":31,"spd":31,"spe":31}},{"name":"Sawsbuck","species":"Sawsbuck","item":"silkscarf","ability":"Chlorophyll","moves":["return","attract","retaliate","thunderwave"],"nature":"Adamant","evs":{"hp":0,"atk":252,"def":0,"spa":0,"spd":4,"spe":252},"gender":"F","ivs":{"hp":31,"atk":31,"def":31,"spa":31,"spd":31,"spe":31}},{"name":"Serperior","species":"Serperior","item":"miracleseed","ability":"Contrary","moves":["substitute","dragonpulse","leafstorm","hiddenpowerrock"],"nature":"Timid","evs":{"hp":0,"atk":0,"def":0,"spa":252,"spd":4,"spe":252},"ivs":{"hp":31,"atk":31,"def":30,"spa":31,"spd":30,"spe":30}},{"name":"Cacturne","species":"Cacturne","item":"focussash","ability":"Sand Veil","moves":["suckerpunch","spikyshield","swordsdance","drainpunch"],"nature":"Adamant","evs":{"hp":248,"atk":252,"def":0,"spa":0,"spd":8,"spe":0},"ivs":{"hp":31,"atk":31,"def":31,"spa":31,"spd":31,"spe":31}}],"log":["|player|p1|Yung Draco|143","|player|p2|Guard Wanderer|235","|gametype|singles","|gen|6","|tier|Monotype","|rated","|rule|Baton Pass Clause: Limit one Baton Passer, can't pass Spe and other stats simultaneously","|rule|Swagger Clause: Swagger is banned","|rule|Same Type Clause: Pokémon in a team must share a type","|clearpoke","|poke|p1|Azumarill, M","|poke|p1|Swampert, F","|poke|p1|Politoed, F","|poke|p1|Keldeo-Resolute","|poke|p1|Slowbro, F","|poke|p1|Tentacruel, M","|poke|p2|Ferrothorn, M","|poke|p2|Rotom-Mow","|poke|p2|Ludicolo, M","|poke|p2|Sawsbuck, F","|poke|p2|Serperior, M","|poke|p2|Cacturne, F","|rule|Sleep Clause Mod: Limit one foe put to sleep","|rule|Species Clause: Limit one of each Pokémon","|rule|OHKO Clause: OHKO moves are banned","|rule|Moody Clause: Moody is banned","|rule|Evasion Moves Clause: Evasion moves are banned","|rule|Endless Battle Clause: Forcing endless battles is banned","|rule|HP Percentage Mod: HP is shown in percentages","|teampreview","|","|start","|switch|p1a: Keldeo-Resolute|Keldeo-Resolute|323/323","|switch|p2a: Ludicolo|Ludicolo, M|363/363","|turn|1","|","|switch|p1a: Tentacruel|Tentacruel, M|363/363","|move|p2a: Ludicolo|Leech Seed|p1a: Tentacruel|[miss]","|-miss|p2a: Ludicolo|p1a: Tentacruel","|","|turn|2","|","|switch|p2a: Rotom-Mow|Rotom-Mow|241/241","|move|p1a: Tentacruel|Toxic Spikes|p2a: Rotom-Mow","|-sidestart|p2: Guard Wanderer|move: Toxic Spikes","|","|turn|3","|","|move|p2a: Rotom-Mow|Will-O-Wisp|p1a: Tentacruel","|-status|p1a: Tentacruel|brn","|move|p1a: Tentacruel|Ice Beam|p2a: Rotom-Mow","|-supereffective|p2a: Rotom-Mow","|-damage|p2a: Rotom-Mow|135/241","|","|-damage|p1a: Tentacruel|318/363 brn|[from] brn","|turn|4","|","|switch|p2a: Ferrothorn|Ferrothorn, M|351/351","|move|p1a: Tentacruel|Ice Beam|p2a: Ferrothorn","|-damage|p2a: Ferrothorn|299/351","|","|-heal|p1a: Tentacruel|340/363 brn|[from] item: Leftovers","|-damage|p1a: Tentacruel|295/363 brn|[from] brn","|turn|5","|","|switch|p1a: Keldeo-Resolute|Keldeo-Resolute|323/323","|move|p2a: Ferrothorn|Sunny Day|p2a: Ferrothorn","|-weather|SunnyDay","|","|-weather|SunnyDay|[upkeep]","|turn|6","|","|move|p1a: Keldeo-Resolute|Secret Sword|p2a: Ferrothorn","|-supereffective|p2a: Ferrothorn","|-damage|p2a: Ferrothorn|11/351","|move|p2a: Ferrothorn|Stealth Rock|p1a: Keldeo-Resolute","|-sidestart|p1: Yung Draco|move: Stealth Rock","|","|-weather|SunnyDay|[upkeep]","|turn|7","|","|switch|p1a: Tentacruel|Tentacruel, M|295/363 brn","|-damage|p1a: Tentacruel|250/363 brn|[from] Stealth Rock","|move|p2a: Ferrothorn|Thunder Wave|p1a: Tentacruel","|-fail|p1a: Tentacruel","|","|-weather|SunnyDay|[upkeep]","|-heal|p1a: Tentacruel|272/363 brn|[from] item: Leftovers","|-damage|p1a: Tentacruel|227/363 brn|[from] brn","|turn|8","|","|move|p1a: Tentacruel|Rapid Spin|p2a: Ferrothorn","|-resisted|p2a: Ferrothorn","|-damage|p2a: Ferrothorn|10/351","|-damage|p1a: Tentacruel|182/363 brn|[from] ability: Iron Barbs|[of] p2a: Ferrothorn","|-damage|p1a: Tentacruel|122/363 brn|[from] item: Rocky Helmet|[of] p2a: Ferrothorn","|-sideend|p1: Yung Draco|Stealth Rock|[from] move: Rapid Spin|[of] p1a: Tentacruel","|move|p2a: Ferrothorn|Knock Off|p1a: Tentacruel","|-damage|p1a: Tentacruel|22/363 brn","|-enditem|p1a: Tentacruel|Leftovers|[from] move: Knock Off|[of] p2a: Ferrothorn","|","|-weather|SunnyDay|[upkeep]","|-damage|p1a: Tentacruel|0 fnt|[from] brn","|faint|p1a: Tentacruel","|","|switch|p1a: Politoed|Politoed, F|384/384","|-weather|RainDance","|turn|9","|","|move|p1a: Politoed|Ice Beam|p2a: Ferrothorn","|-damage|p2a: Ferrothorn|0 fnt","|faint|p2a: Ferrothorn","|","|-weather|RainDance|[upkeep]","|","|switch|p2a: Sawsbuck|Sawsbuck, F|301/301","|-status|p2a: Sawsbuck|psn","|turn|10","|","|switch|p1a: Azumarill|Azumarill, M|344/344","|move|p2a: Sawsbuck|Retaliate|p1a: Azumarill","|-damage|p1a: Azumarill|61/344","|","|-weather|RainDance|[upkeep]","|-heal|p1a: Azumarill|82/344|[from] item: Leftovers","|-damage|p2a: Sawsbuck|264/301 psn|[from] psn","|turn|11","|","|move|p1a: Azumarill|Aqua Jet|p2a: Sawsbuck","|-resisted|p2a: Sawsbuck","|-damage|p2a: Sawsbuck|174/301 psn","|move|p2a: Sawsbuck|Attract|p1a: Azumarill","|-start|p1a: Azumarill|Attract","|","|-weather|RainDance|[upkeep]","|-heal|p1a: Azumarill|103/344|[from] item: Leftovers","|-damage|p2a: Sawsbuck|137/301 psn|[from] psn","|turn|12","|","|move|p2a: Sawsbuck|Return|p1a: Azumarill","|-damage|p1a: Azumarill|0 fnt","|faint|p1a: Azumarill","|","|-weather|RainDance|[upkeep]","|-damage|p2a: Sawsbuck|100/301 psn|[from] psn","|","|switch|p1a: Swampert|Swampert, F|341/341","|turn|13","|","|detailschange|p1a: Swampert|Swampert-Mega, F","|-mega|p1a: Swampert|Swampert|Swampertite","|move|p2a: Sawsbuck|Return|p1a: Swampert","|-damage|p1a: Swampert|172/341","|move|p1a: Swampert|Ice Punch|p2a: Sawsbuck","|-supereffective|p2a: Sawsbuck","|-damage|p2a: Sawsbuck|0 fnt","|faint|p2a: Sawsbuck","|","|-weather|none","|","|switch|p2a: Serperior|Serperior, M|291/291","|-status|p2a: Serperior|psn","|turn|14","|","|switch|p1a: Politoed|Politoed, F|384/384","|-weather|RainDance","|move|p2a: Serperior|Leaf Storm|p1a: Politoed","|-supereffective|p1a: Politoed","|-damage|p1a: Politoed|120/384","|-boost|p2a: Serperior|spa|2","|","|-weather|RainDance|[upkeep]","|-heal|p1a: Politoed|144/384|[from] item: Leftovers","|-damage|p2a: Serperior|255/291 psn|[from] psn","|turn|15","|","|move|p2a: Serperior|Leaf Storm|p1a: Politoed","|-supereffective|p1a: Politoed","|-damage|p1a: Politoed|0 fnt","|-boost|p2a: Serperior|spa|2","|faint|p1a: Politoed","|","|-weather|RainDance|[upkeep]","|-damage|p2a: Serperior|219/291 psn|[from] psn","|","|switch|p1a: Swampert|Swampert-Mega, F|172/341","|turn|16","|","|move|p1a: Swampert|Ice Punch|p2a: Serperior","|-supereffective|p2a: Serperior","|-damage|p2a: Serperior|15/291 psn","|move|p2a: Serperior|Leaf Storm|p1a: Swampert","|-supereffective|p1a: Swampert","|-damage|p1a: Swampert|0 fnt","|-boost|p2a: Serperior|spa|2","|faint|p1a: Swampert","|","|-weather|RainDance|[upkeep]","|-damage|p2a: Serperior|0 fnt|[from] psn","|faint|p2a: Serperior","|","|switch|p2a: Ludicolo|Ludicolo, M|363/363","|switch|p1a: Slowbro|Slowbro, F|394/394","|-status|p2a: Ludicolo|psn","|turn|17","|","|move|p2a: Ludicolo|Leech Seed|p1a: Slowbro","|-start|p1a: Slowbro|move: Leech Seed","|move|p1a: Slowbro|Psyshock|p2a: Ludicolo","|-damage|p2a: Ludicolo|243/363 psn","|","|-weather|RainDance|[upkeep]","|-damage|p1a: Slowbro|345/394|[from] Leech Seed|[of] p2a: Ludicolo","|-heal|p2a: Ludicolo|292/363 psn|[silent]","|-damage|p2a: Ludicolo|247/363 psn|[from] psn","|turn|18","|","|switch|p2a: Cacturne|Cacturne, F|343/343","|-status|p2a: Cacturne|psn","|move|p1a: Slowbro|Psyshock|p2a: Cacturne","|-immune|p2a: Cacturne|[msg]","|","|-weather|none","|-heal|p1a: Slowbro|369/394|[from] item: Leftovers","|-damage|p1a: Slowbro|320/394|[from] Leech Seed|[of] p2a: Cacturne","|-damage|p2a: Cacturne|301/343 psn|[from] psn","|turn|19","|","|switch|p1a: Keldeo-Resolute|Keldeo-Resolute|323/323","|move|p2a: Cacturne|Swords Dance|p2a: Cacturne","|-boost|p2a: Cacturne|atk|2","|","|-damage|p2a: Cacturne|259/343 psn|[from] psn","|turn|20","|","|move|p2a: Cacturne|Sucker Punch|p1a: Keldeo-Resolute","|-resisted|p1a: Keldeo-Resolute","|-damage|p1a: Keldeo-Resolute|168/323","|-boost|p1a: Keldeo-Resolute|atk|1|[from] ability: Justified","|move|p1a: Keldeo-Resolute|Secret Sword|p2a: Cacturne","|-crit|p2a: Cacturne","|-supereffective|p2a: Cacturne","|-damage|p2a: Cacturne|0 fnt","|faint|p2a: Cacturne","|","|","|switch|p2a: Rotom-Mow|Rotom-Mow|135/241","|turn|21","|","|move|p2a: Rotom-Mow|Discharge|p1a: Keldeo-Resolute","|-crit|p1a: Keldeo-Resolute","|-supereffective|p1a: Keldeo-Resolute","|-damage|p1a: Keldeo-Resolute|0 fnt","|faint|p1a: Keldeo-Resolute","|","|","|switch|p1a: Slowbro|Slowbro, F|394/394","|turn|22","|","|move|p2a: Rotom-Mow|Discharge|p1a: Slowbro","|-supereffective|p1a: Slowbro","|-damage|p1a: Slowbro|88/394","|-status|p1a: Slowbro|par","|move|p1a: Slowbro|Psyshock|p2a: Rotom-Mow","|-damage|p2a: Rotom-Mow|44/241","|","|-heal|p1a: Slowbro|112/394 par|[from] item: Leftovers","|turn|23","|","|move|p2a: Rotom-Mow|Discharge|p1a: Slowbro","|-supereffective|p1a: Slowbro","|-damage|p1a: Slowbro|0 fnt","|faint|p1a: Slowbro","|","|win|Guard Wanderer"],"p1rating":{"entryid":"365975","serverid":"eos","formatid":"monotype","userid":"yungdraco","username":"Yung Draco","w":"1","l":3,"t":"0","gxe":42.2,"r":"1500","rd":"130","sigma":"0","rptime":"1440320400","rpr":1437.9780080971,"rprd":105.79400021958,"rpsigma":"0","acre":1040.985853948,"lacre":1040.985853948,"oldacre":"1057.4958288495"},"p2rating":{"entryid":"9966","serverid":"eos","formatid":"monotype","userid":"guardwanderer","username":"Guard Wanderer","w":15,"l":"22","t":"0","gxe":43.6,"r":"1517.3894601343","rd":"81.691557977629","sigma":"0","rptime":"1440320400","rpr":1450.6897737946,"rprd":55.727339906076,"rpsigma":"0","acre":1119.6564975265,"lacre":1119.6564975265,"oldacre":"1097.1104931329"},"endType":"normal"}