{"seed":[52219,6419,65043,37168],"turns":21,"p1":"GTX♅Cool","p2":"GTX♅Eelektross","p1team":[{"name":"Gliscor","species":"Gliscor","item":"toxicorb","ability":"Poison Heal","moves":["swordsdance","earthquake","knockoff","roost"],"nature":"Careful","evs":{"hp":244,"atk":0,"def":8,"spa":0,"spd":200,"spe":56},"ivs":{"hp":31,"atk":31,"def":31,"spa":31,"spd":31,"spe":31}},{"name":"Landorus-Therian","species":"Landorus-Therian","item":"","ability":"Intimidate","moves":["earthquake","rockslide","uturn","superpower"],"nature":"","evs":{"hp":4,"atk":252,"def":0,"spa":0,"spd":0,"spe":252},"ivs":{"hp":31,"atk":31,"def":31,"spa":31,"spd":31,"spe":31}},{"name":"Braviary","species":"Braviary","item":"lifeorb","ability":"Defiant","moves":["return","bravebird","superpower","roost"],"nature":"Adamant","evs":{"hp":0,"atk":252,"def":4,"spa":0,"spd":0,"spe":252},"ivs":{"hp":31,"atk":31,"def":31,"spa":31,"spd":31,"spe":31}},{"name":"Hawlucha","species":"Hawlucha","item":"sitrusberry","ability":"Unburden","moves":["substitute","swordsdance","highjumpkick","acrobatics"],"nature":"","evs":{"hp":12,"atk":252,"def":0,"spa":0,"spd":0,"spe":244},"ivs":{"hp":31,"atk":31,"def":31,"spa":31,"spd":31,"spe":31}},{"name":"Skarmory","species":"Skarmory","item":"rockyhelmet","ability":"Sturdy","moves":["roost","defog","bravebird","spikes"],"nature":"","evs":{"hp":252,"atk":0,"def":252,"spa":0,"spd":4,"spe":0},"ivs":{"hp":31,"atk":31,"def":31,"spa":31,"spd":31,"spe":31}},{"name":"Charizard","species":"Charizard","item":"charizarditey","ability":"Blaze","moves":["dragondance","flareblitz","dragonclaw","roost"],"nature":"","evs":{"hp":0,"atk":252,"def":4,"spa":0,"spd":0,"spe":252},"ivs":{"hp":31,"atk":31,"def":31,"spa":31,"spd":31,"spe":31}}],"p2team":[{"name":"Dinner","species":"eelektross","item":"assaultvest","ability":"Levitate","moves":["voltswitch","flamethrower","gigadrain","knockoff"],"nature":"Quiet","evs":{"hp":252,"atk":4,"def":0,"spa":252,"spd":0,"spe":0},"shiny":true,"ivs":{"hp":31,"atk":31,"def":31,"spa":31,"spd":31,"spe":31}},{"name":"Ella","species":"electivire","item":"expertbelt","ability":"Vital Spirit","moves":["thunderpunch","icepunch","earthquake","firepunch"],"nature":"Jolly","evs":{"hp":4,"atk":252,"def":0,"spa":0,"spd":0,"spe":252},"shiny":true,"ivs":{"hp":31,"atk":31,"def":31,"spa":31,"spd":31,"spe":31}},{"name":"Samsung","species":"rotomfrost","item":"leftovers","ability":"Levitate","moves":["blizzard","painsplit","protect","willowisp"],"nature":"Bold","evs":{"hp":248,"atk":0,"def":252,"spa":0,"spd":0,"spe":8},"shiny":true,"ivs":{"hp":31,"atk":31,"def":31,"spa":31,"spd":31,"spe":31}},{"name":"Yellow Snow","species":"manectric","item":"manectite","ability":"Static","moves":["thunderbolt","voltswitch","hiddenpowerice","flamethrower"],"nature":"Timid","evs":{"hp":0,"atk":0,"def":0,"spa":252,"spd":4,"spe":252},"ivs":{"hp":31,"atk":30,"def":30,"spa":31,"spd":31,"spe":31},"shiny":true},{"name":"Green Machine","species":"jolteon","item":"lifeorb","ability":"Quick Feet","moves":["thunderbolt","hiddenpowergrass","signalbeam","voltswitch"],"nature":"Timid","evs":{"hp":0,"atk":0,"def":0,"spa":252,"spd":4,"spe":252},"ivs":{"hp":31,"atk":30,"def":31,"spa":30,"spd":31,"spe":31},"shiny":true},{"name":"+-","species":"magnezone","item":"choicescarf","ability":"Sturdy","moves":["flashcannon","thunderbolt","hiddenpowergrass","triattack"],"nature":"Timid","evs":{"hp":0,"atk":0,"def":0,"spa":252,"spd":4,"spe":252},"ivs":{"hp":31,"atk":30,"def":31,"spa":30,"spd":31,"spe":31},"shiny":true}],"log":["|player|p1|GTX♅Cool|163","|player|p2|GTX♅Eelektross|80","|gametype|singles","|gen|6","|tier|Monotype","|rated","|rule|Baton Pass Clause: Limit one Baton Passer, can't pass Spe and other stats simultaneously","|rule|Swagger Clause: Swagger is banned","|rule|Same Type Clause: Pokémon in a team must share a type","|clearpoke","|poke|p1|Gliscor, F","|poke|p1|Landorus-Therian, M","|poke|p1|Braviary, M","|poke|p1|Hawlucha, M","|poke|p1|Skarmory, M","|poke|p1|Charizard, F","|poke|p2|Eelektross, F, shiny","|poke|p2|Electivire, F, shiny","|poke|p2|Rotom-Frost, shiny","|poke|p2|Manectric, M, shiny","|poke|p2|Jolteon, F, shiny","|poke|p2|Magnezone, shiny","|rule|Sleep Clause Mod: Limit one foe put to sleep","|rule|Species Clause: Limit one of each Pokémon","|rule|OHKO Clause: OHKO moves are banned","|rule|Moody Clause: Moody is banned","|rule|Evasion Moves Clause: Evasion moves are banned","|rule|Endless Battle Clause: Forcing endless battles is banned","|rule|HP Percentage Mod: HP is shown in percentages","|teampreview","|","|start","|switch|p1a: Gliscor|Gliscor, F|352/352","|switch|p2a: Green Machine|Jolteon, F, shiny|271/271","|turn|1","|","|switch|p2a: Yellow Snow|Manectric, M, shiny|281/281","|move|p1a: Gliscor|Earthquake|p2a: Yellow Snow","|-supereffective|p2a: Yellow Snow","|-damage|p2a: Yellow Snow|0 fnt","|faint|p2a: Yellow Snow","|","|-status|p1a: Gliscor|tox|[from] item: Toxic Orb","|","|switch|p2a: Samsung|Rotom-Frost, shiny|303/303","|turn|2","|","|move|p1a: Gliscor|Swords Dance|p1a: Gliscor","|-boost|p1a: Gliscor|atk|2","|move|p2a: Samsung|Blizzard|p1a: Gliscor","|-supereffective|p1a: Gliscor","|-damage|p1a: Gliscor|0 fnt","|faint|p1a: Gliscor","|","|","|switch|p1a: Charizard|Charizard, F|297/297","|turn|3","|","|switch|p2a: Dinner|Eelektross, F, shiny|374/374","|detailschange|p1a: Charizard|Charizard-Mega-Y, F","|-mega|p1a: Charizard|Charizard|Charizardite Y","|-weather|SunnyDay","|move|p1a: Charizard|Flare Blitz|p2a: Dinner","|-damage|p2a: Dinner|53/374","|-damage|p1a: Charizard|191/297|[from] recoil|[of] p2a: Dinner","|","|-weather|SunnyDay|[upkeep]","|turn|4","|","|move|p1a: Charizard|Flare Blitz|p2a: Dinner","|-damage|p2a: Dinner|0 fnt","|-damage|p1a: Charizard|174/297|[from] recoil|[of] p2a: Dinner","|faint|p2a: Dinner","|","|-weather|SunnyDay|[upkeep]","|","|switch|p2a: Green Machine|Jolteon, F, shiny|271/271","|turn|5","|","|move|p2a: Green Machine|Thunderbolt|p1a: Charizard","|-crit|p1a: Charizard","|-supereffective|p1a: Charizard","|-damage|p1a: Charizard|0 fnt","|-damage|p2a: Green Machine|244/271|[from] item: Life Orb","|faint|p1a: Charizard","|","|-weather|SunnyDay|[upkeep]","|","|switch|p1a: Hawlucha|Hawlucha, M|300/300","|turn|6","|","|switch|p1a: Landorus-Therian|Landorus-Therian, M|320/320","|-ability|p1a: Landorus-Therian|Intimidate","|-unboost|p2a: Green Machine|atk|1","|move|p2a: Green Machine|Thunderbolt|p1a: Landorus-Therian","|-immune|p1a: Landorus-Therian|[msg]","|","|-weather|SunnyDay|[upkeep]","|turn|7","|","|switch|p2a: Samsung|Rotom-Frost, shiny|303/303","|move|p1a: Landorus-Therian|Earthquake|p2a: Samsung","|-immune|p2a: Samsung|[msg]","|","|-weather|none","|turn|8","|","|switch|p1a: Skarmory|Skarmory, M|334/334","|move|p2a: Samsung|Blizzard|p1a: Skarmory","|-miss|p2a: Samsung|p1a: Skarmory","|","|turn|9","|","|move|p2a: Samsung|Will-O-Wisp|p1a: Skarmory","|-status|p1a: Skarmory|brn","|move|p1a: Skarmory|Spikes|p2a: Samsung","|-sidestart|p2: GTX♅Eelektross|Spikes","|","|-damage|p1a: Skarmory|293/334 brn|[from] brn","|turn|10","|","|move|p2a: Samsung|Protect|p2a: Samsung","|-singleturn|p2a: Samsung|Protect","|move|p1a: Skarmory|Brave Bird|p2a: Samsung","|-activate|p2a: Samsung|Protect","|","|-damage|p1a: Skarmory|252/334 brn|[from] brn","|turn|11","|","|move|p2a: Samsung|Blizzard|p1a: Skarmory","|-miss|p2a: Samsung|p1a: Skarmory","|move|p1a: Skarmory|Brave Bird|p2a: Samsung","|-resisted|p2a: Samsung","|-damage|p2a: Samsung|281/303","|-damage|p1a: Skarmory|245/334 brn|[from] recoil|[of] p2a: Samsung","|","|-heal|p2a: Samsung|299/303|[from] item: Leftovers","|-damage|p1a: Skarmory|204/334 brn|[from] brn","|turn|12","|","|move|p2a: Samsung|Blizzard|p1a: Skarmory","|-miss|p2a: Samsung|p1a: Skarmory","|move|p1a: Skarmory|Roost|p1a: Skarmory","|-heal|p1a: Skarmory|334/334 brn","|","|-heal|p2a: Samsung|303/303|[from] item: Leftovers","|-damage|p1a: Skarmory|293/334 brn|[from] brn","|turn|13","|","|move|p2a: Samsung|Blizzard|p1a: Skarmory","|-crit|p1a: Skarmory","|-damage|p1a: Skarmory|34/334 brn","|move|p1a: Skarmory|Brave Bird|p2a: Samsung","|-resisted|p2a: Samsung","|-damage|p2a: Samsung|282/303","|-damage|p1a: Skarmory|27/334 brn|[from] recoil|[of] p2a: Samsung","|","|-heal|p2a: Samsung|300/303|[from] item: Leftovers","|-damage|p1a: Skarmory|0 fnt|[from] brn","|faint|p1a: Skarmory","|","|switch|p1a: Hawlucha|Hawlucha, M|300/300","|turn|14","|","|move|p1a: Hawlucha|High Jump Kick|p2a: Samsung","|-supereffective|p2a: Samsung","|-damage|p2a: Samsung|34/303","|move|p2a: Samsung|Will-O-Wisp|p1a: Hawlucha","|-status|p1a: Hawlucha|brn","|","|-heal|p2a: Samsung|52/303|[from] item: Leftovers","|-damage|p1a: Hawlucha|263/300 brn|[from] brn","|turn|15","|","|move|p2a: Samsung|Protect|p2a: Samsung","|-singleturn|p2a: Samsung|Protect","|move|p1a: Hawlucha|High Jump Kick|p2a: Samsung","|-activate|p2a: Samsung|Protect","|-damage|p1a: Hawlucha|113/300 brn|[from] highjumpkick","|-enditem|p1a: Hawlucha|Sitrus Berry|[eat]","|-heal|p1a: Hawlucha|188/300 brn|[from] item: Sitrus Berry","|","|-heal|p2a: Samsung|70/303|[from] item: Leftovers","|-damage|p1a: Hawlucha|151/300 brn|[from] brn","|turn|16","|","|move|p2a: Samsung|Protect|p2a: Samsung","|-fail|p2a: Samsung","|move|p1a: Hawlucha|High Jump Kick|p2a: Samsung","|-supereffective|p2a: Samsung","|-damage|p2a: Samsung|0 fnt","|faint|p2a: Samsung","|","|-damage|p1a: Hawlucha|114/300 brn|[from] brn","|","|switch|p2a: Green Machine|Jolteon, F, shiny|244/271","|-damage|p2a: Green Machine|211/271|[from] Spikes","|turn|17","|","|move|p1a: Hawlucha|Substitute|p1a: Hawlucha","|-start|p1a: Hawlucha|Substitute","|-damage|p1a: Hawlucha|39/300 brn","|move|p2a: Green Machine|Thunderbolt|p1a: Hawlucha","|-supereffective|p1a: Hawlucha","|-end|p1a: Hawlucha|Substitute","|-damage|p2a: Green Machine|184/271|[from] item: Life Orb","|","|-damage|p1a: Hawlucha|2/300 brn|[from] brn","|turn|18","|","|move|p1a: Hawlucha|High Jump Kick|p2a: Green Machine","|-damage|p2a: Green Machine|39/271","|move|p2a: Green Machine|Thunderbolt|p1a: Hawlucha","|-supereffective|p1a: Hawlucha","|-damage|p1a: Hawlucha|0 fnt","|-damage|p2a: Green Machine|12/271|[from] item: Life Orb","|faint|p1a: Hawlucha","|","|","|switch|p1a: Braviary|Braviary, M|341/341","|turn|19","|","|move|p2a: Green Machine|Thunderbolt|p1a: Braviary","|-supereffective|p1a: Braviary","|-damage|p1a: Braviary|0 fnt","|-damage|p2a: Green Machine|0 fnt|[from] item: Life Orb","|faint|p1a: Braviary","|faint|p2a: Green Machine","|","|","|switch|p2a: Ella|Electivire, F, shiny|292/292","|switch|p1a: Landorus-Therian|Landorus-Therian, M|320/320","|-damage|p2a: Ella|256/292|[from] Spikes","|-ability|p1a: Landorus-Therian|Intimidate","|-unboost|p2a: Ella|atk|1","|turn|20","|","|move|p2a: Ella|Ice Punch|p1a: Landorus-Therian","|-supereffective|p1a: Landorus-Therian","|-damage|p1a: Landorus-Therian|18/320","|move|p1a: Landorus-Therian|Earthquake|p2a: Ella","|-supereffective|p2a: Ella","|-damage|p2a: Ella|0 fnt","|faint|p2a: Ella","|","|","|switch|p2a: +-|Magnezone, shiny|281/281","|-damage|p2a: +-|246/281|[from] Spikes","|turn|21","|","|move|p2a: +-|Tri Attack|p1a: Landorus-Therian","|-damage|p1a: Landorus-Therian|0 fnt","|faint|p1a: Landorus-Therian","|","|win|GTX♅Eelektross"],"p1rating":{"entryid":"10847","serverid":"eos","formatid":"monotype","userid":"gtxcool","username":"GTX♅Cool","w":"17","l":44,"t":"0","gxe":31.1,"r":"1326.2143905752","rd":"52.459169906275","sigma":"0","rptime":"1440320400","rpr":1348.8648120854,"rprd":48.129016303157,"rpsigma":"0","acre":1042.7810086351,"lacre":1042.7810086351,"oldacre":"1066.5434064401"},"p2rating":{"entryid":362772,"formatid":"monotype","userid":"gtxeelektross","username":"GTX♅Eelektross","r":1500,"rd":130,"sigma":0,"rpr":1523.5227359741,"rprd":123.51372412128,"rpsigma":0,"rptime":1440320400,"w":1,"l":0,"t":0,"gxe":52.9,"acre":1047.5687706408,"lacre":1047.5687706408,"oldacre":1000},"endType":"normal"}