{"seed":[57936,3360,6202,18339],"turns":21,"p1":"Arcade SonOfUlti","p2":"sovereign♕zoroark","p1team":[{"name":"Landorus","species":"Landorus","item":"lifeorb","ability":"Sheer Force","moves":["earthpower","psychic","sludgewave","hiddenpowerfire"],"nature":"Timid","evs":{"hp":0,"atk":0,"def":0,"spa":252,"spd":4,"spe":252},"ivs":{"hp":31,"atk":30,"def":31,"spa":30,"spd":31,"spe":30},"happiness":0},{"name":"Gyarados","species":"Gyarados","item":"gyaradosite","ability":"Intimidate","moves":["crunch","waterfall","dragondance","substitute"],"nature":"Adamant","evs":{"hp":0,"atk":252,"def":0,"spa":0,"spd":4,"spe":252},"happiness":0,"ivs":{"hp":31,"atk":31,"def":31,"spa":31,"spd":31,"spe":31}},{"name":"Thundurus","species":"Thundurus","item":"lifeorb","ability":"Prankster","moves":["thunderwave","thunderbolt","hiddenpowerice","focusblast"],"nature":"Timid","evs":{"hp":0,"atk":0,"def":0,"spa":252,"spd":4,"spe":252},"ivs":{"hp":31,"atk":30,"def":30,"spa":31,"spd":31,"spe":31},"shiny":true},{"name":"Skarmory","species":"Skarmory","item":"leftovers","ability":"Sturdy","moves":["stealthrock","defog","roost","bravebird"],"nature":"Careful","evs":{"hp":252,"atk":0,"def":0,"spa":0,"spd":232,"spe":24},"shiny":true,"ivs":{"hp":31,"atk":31,"def":31,"spa":31,"spd":31,"spe":31}},{"name":"Tornadus-Therian","species":"Tornadus-Therian","item":"assaultvest","ability":"Regenerator","moves":["uturn","hurricane","heatwave","knockoff"],"nature":"Mild","evs":{"hp":248,"atk":8,"def":0,"spa":252,"spd":0,"spe":0},"shiny":true,"ivs":{"hp":31,"atk":31,"def":31,"spa":31,"spd":31,"spe":31}},{"name":"Crobat","species":"Crobat","item":"focussash","ability":"Infiltrator","moves":["uturn","bravebird","taunt","tailwind"],"nature":"Jolly","evs":{"hp":0,"atk":252,"def":0,"spa":0,"spd":4,"spe":252},"ivs":{"hp":31,"atk":31,"def":31,"spa":31,"spd":31,"spe":31}}],"p2team":[{"name":"Abomasnow","species":"Abomasnow","item":"abomasite","ability":"Snow Warning","moves":["blizzard","gigadrain","hiddenpowerfire","iceshard"],"nature":"Brave","evs":{"hp":0,"atk":0,"def":4,"spa":252,"spd":252,"spe":0},"ivs":{"hp":31,"atk":30,"def":31,"spa":30,"spd":31,"spe":30},"shiny":true},{"name":"Froslass","species":"Froslass","item":"leftovers","ability":"Snow Cloak","moves":["substitute","thunderbolt","icebeam","destinybond"],"nature":"Timid","evs":{"hp":4,"atk":0,"def":0,"spa":252,"spd":0,"spe":252},"ivs":{"hp":31,"atk":31,"def":31,"spa":31,"spd":31,"spe":31}},{"name":"Kyurem-Black","species":"Kyurem-Black","item":"choicescarf","ability":"Teravolt","moves":["outrage","fusionbolt","stoneedge","facade"],"nature":"Jolly","evs":{"hp":4,"atk":252,"def":0,"spa":0,"spd":0,"spe":252},"shiny":true,"ivs":{"hp":31,"atk":31,"def":31,"spa":31,"spd":31,"spe":31}},{"name":"Mamoswine","species":"Mamoswine","item":"lifeorb","ability":"Snow Cloak","moves":["stealthrock","earthquake","iceshard","stoneedge"],"nature":"Adamant","evs":{"hp":4,"atk":252,"def":0,"spa":0,"spd":0,"spe":252},"ivs":{"hp":31,"atk":31,"def":31,"spa":31,"spd":31,"spe":31}},{"name":"Walrein","species":"Walrein","item":"choicespecs","ability":"Thick Fat","moves":["surf","icebeam","signalbeam","hiddenpowerfire"],"nature":"Modest","evs":{"hp":252,"atk":0,"def":0,"spa":252,"spd":0,"spe":4},"ivs":{"hp":31,"atk":30,"def":31,"spa":30,"spd":31,"spe":30}},{"name":"Cloyster","species":"Cloyster","item":"focussash","ability":"Skill Link","moves":["shellsmash","iciclespear","rockblast","razorshell"],"nature":"Adamant","evs":{"hp":24,"atk":252,"def":0,"spa":0,"spd":0,"spe":232},"ivs":{"hp":31,"atk":31,"def":31,"spa":31,"spd":31,"spe":31}}],"log":["|player|p1|Arcade SonOfUlti|269","|player|p2|sovereign♕zoroark|218","|gametype|singles","|gen|6","|tier|Monotype","|rated","|rule|Baton Pass Clause: Limit one Baton Passer, can't pass Spe and other stats simultaneously","|rule|Swagger Clause: Swagger is banned","|rule|Same Type Clause: Pokémon in a team must share a type","|clearpoke","|poke|p1|Landorus, M","|poke|p1|Gyarados, M","|poke|p1|Thundurus, M, shiny","|poke|p1|Skarmory, M, shiny","|poke|p1|Tornadus-Therian, M, shiny","|poke|p1|Crobat, M","|poke|p2|Abomasnow, F, shiny","|poke|p2|Froslass, F","|poke|p2|Kyurem-Black, shiny","|poke|p2|Mamoswine, F","|poke|p2|Walrein, F","|poke|p2|Cloyster, M","|rule|Sleep Clause Mod: Limit one foe put to sleep","|rule|Species Clause: Limit one of each Pokémon","|rule|OHKO Clause: OHKO moves are banned","|rule|Moody Clause: Moody is banned","|rule|Evasion Moves Clause: Evasion moves are banned","|rule|Endless Battle Clause: Forcing endless battles is banned","|rule|HP Percentage Mod: HP is shown in percentages","|teampreview","|","|start","|switch|p1a: Gyarados|Gyarados, M|331/331","|switch|p2a: Abomasnow|Abomasnow, F, shiny|321/321","|-ability|p1a: Gyarados|Intimidate","|-unboost|p2a: Abomasnow|atk|1","|-weather|Hail","|turn|1","|","|switch|p1a: Skarmory|Skarmory, M, shiny|334/334","|detailschange|p2a: Abomasnow|Abomasnow-Mega, F, shiny","|-mega|p2a: Abomasnow|Abomasnow|Abomasite","|move|p2a: Abomasnow|Giga Drain|p1a: Skarmory","|-resisted|p1a: Skarmory","|-damage|p1a: Skarmory|304/334","|","|-weather|Hail|[upkeep]","|-damage|p1a: Skarmory|284/334|[from] hail","|-heal|p1a: Skarmory|304/334|[from] item: Leftovers","|turn|2","|","|move|p1a: Skarmory|Stealth Rock|p2a: Abomasnow","|-sidestart|p2: sovereign♕zoroark|move: Stealth Rock","|move|p2a: Abomasnow|Blizzard|p1a: Skarmory","|-damage|p1a: Skarmory|109/334","|","|-weather|Hail|[upkeep]","|-damage|p1a: Skarmory|89/334|[from] hail","|-heal|p1a: Skarmory|109/334|[from] item: Leftovers","|turn|3","|","|move|p1a: Skarmory|Brave Bird|p2a: Abomasnow","|-supereffective|p2a: Abomasnow","|-damage|p2a: Abomasnow|103/321","|-damage|p1a: Skarmory|37/334|[from] recoil|[of] p2a: Abomasnow","|move|p2a: Abomasnow|Blizzard|p1a: Skarmory","|-damage|p1a: Skarmory|0 fnt","|faint|p1a: Skarmory","|","|-weather|Hail|[upkeep]","|","|switch|p1a: Gyarados|Gyarados, M|331/331","|-ability|p1a: Gyarados|Intimidate","|-unboost|p2a: Abomasnow|atk|1","|turn|4","|","|detailschange|p1a: Gyarados|Gyarados-Mega, M","|-mega|p1a: Gyarados|Gyarados|Gyaradosite","|-ability|p1a: Gyarados|Mold Breaker","|move|p2a: Abomasnow|Ice Shard|p1a: Gyarados","|-resisted|p1a: Gyarados","|-damage|p1a: Gyarados|317/331","|move|p1a: Gyarados|Substitute|p1a: Gyarados","|-start|p1a: Gyarados|Substitute","|-damage|p1a: Gyarados|235/331","|","|-weather|Hail|[upkeep]","|-damage|p1a: Gyarados|215/331|[from] hail","|turn|5","|","|move|p1a: Gyarados|Dragon Dance|p1a: Gyarados","|-boost|p1a: Gyarados|atk|1","|-boost|p1a: Gyarados|spe|1","|move|p2a: Abomasnow|Giga Drain|p1a: Gyarados","|-supereffective|p1a: Gyarados","|-end|p1a: Gyarados|Substitute","|-heal|p2a: Abomasnow|144/321|[from] drain|[of] p1a: Gyarados","|","|-weather|none","|turn|6","|","|move|p1a: Gyarados|Crunch|p2a: Abomasnow","|-damage|p2a: Abomasnow|0 fnt","|faint|p2a: Abomasnow","|","|","|switch|p2a: Kyurem-Black|Kyurem-Black, shiny|392/392","|-damage|p2a: Kyurem-Black|294/392|[from] Stealth Rock","|-ability|p2a: Kyurem-Black|Teravolt","|turn|7","|","|switch|p1a: Landorus|Landorus, M|319/319","|move|p2a: Kyurem-Black|Outrage|p1a: Landorus","|-damage|p1a: Landorus|18/319","|","|turn|8","|","|move|p2a: Kyurem-Black|Outrage|p1a: Landorus|[from]lockedmove","|-damage|p1a: Landorus|0 fnt","|-start|p2a: Kyurem-Black|confusion|[fatigue]","|faint|p1a: Landorus","|","|","|switch|p1a: Crobat|Crobat, M|311/311","|turn|9","|","|-activate|p2a: Kyurem-Black|confusion","|-damage|p2a: Kyurem-Black|236/392|[from] confusion","|move|p1a: Crobat|Tailwind|p1a: Crobat","|-sidestart|p1: Arcade SonOfUlti|move: Tailwind","|","|turn|10","|","|move|p1a: Crobat|U-turn|p2a: Kyurem-Black","|-damage|p2a: Kyurem-Black|175/392","|","|switch|p1a: Gyarados|Gyarados-Mega, M|215/331","|-ability|p1a: Gyarados|Mold Breaker","|-activate|p2a: Kyurem-Black|confusion","|-damage|p2a: Kyurem-Black|117/392|[from] confusion","|","|turn|11","|","|move|p1a: Gyarados|Crunch|p2a: Kyurem-Black","|-damage|p2a: Kyurem-Black|0 fnt","|faint|p2a: Kyurem-Black","|","|","|switch|p2a: Froslass|Froslass, F|282/282","|-damage|p2a: Froslass|212/282|[from] Stealth Rock","|turn|12","|","|move|p1a: Gyarados|Crunch|p2a: Froslass","|-supereffective|p2a: Froslass","|-damage|p2a: Froslass|0 fnt","|faint|p2a: Froslass","|","|-sideend|p1: Arcade SonOfUlti|move: Tailwind","|","|switch|p2a: Cloyster|Cloyster, M|247/247","|-damage|p2a: Cloyster|186/247|[from] Stealth Rock","|turn|13","|","|move|p1a: Gyarados|Substitute|p1a: Gyarados","|-start|p1a: Gyarados|Substitute","|-damage|p1a: Gyarados|133/331","|move|p2a: Cloyster|Icicle Spear|p1a: Gyarados","|-resisted|p1a: Gyarados","|-activate|p1a: Gyarados|Substitute|[damage]","|-resisted|p1a: Gyarados","|-activate|p1a: Gyarados|Substitute|[damage]","|-resisted|p1a: Gyarados","|-activate|p1a: Gyarados|Substitute|[damage]","|-resisted|p1a: Gyarados","|-activate|p1a: Gyarados|Substitute|[damage]","|-crit|p1a: Gyarados","|-resisted|p1a: Gyarados","|-end|p1a: Gyarados|Substitute","|-hitcount|p1a: Gyarados|5","|","|turn|14","|","|move|p1a: Gyarados|Crunch|p2a: Cloyster","|-damage|p2a: Cloyster|74/247","|move|p2a: Cloyster|Icicle Spear|p1a: Gyarados","|-crit|p1a: Gyarados","|-resisted|p1a: Gyarados","|-damage|p1a: Gyarados|105/331","|-resisted|p1a: Gyarados","|-damage|p1a: Gyarados|85/331","|-resisted|p1a: Gyarados","|-damage|p1a: Gyarados|66/331","|-resisted|p1a: Gyarados","|-damage|p1a: Gyarados|47/331","|-resisted|p1a: Gyarados","|-damage|p1a: Gyarados|28/331","|-hitcount|p1a: Gyarados|5","|","|turn|15","|","|move|p1a: Gyarados|Crunch|p2a: Cloyster","|-damage|p2a: Cloyster|0 fnt","|faint|p2a: Cloyster","|","|","|switch|p2a: Mamoswine|Mamoswine, F|362/362","|-damage|p2a: Mamoswine|317/362|[from] Stealth Rock","|turn|16","|","|move|p2a: Mamoswine|Ice Shard|p1a: Gyarados","|-resisted|p1a: Gyarados","|-damage|p1a: Gyarados|0 fnt","|-damage|p2a: Mamoswine|281/362|[from] item: Life Orb","|faint|p1a: Gyarados","|","|","|switch|p1a: Crobat|Crobat, M|311/311","|turn|17","|","|move|p2a: Mamoswine|Ice Shard|p1a: Crobat","|-supereffective|p1a: Crobat","|-damage|p1a: Crobat|61/311","|-damage|p2a: Mamoswine|245/362|[from] item: Life Orb","|move|p1a: Crobat|Taunt|p2a: Mamoswine","|-start|p2a: Mamoswine|move: Taunt","|","|turn|18","|","|move|p2a: Mamoswine|Ice Shard|p1a: Crobat","|-supereffective|p1a: Crobat","|-damage|p1a: Crobat|0 fnt","|-damage|p2a: Mamoswine|209/362|[from] item: Life Orb","|faint|p1a: Crobat","|","|","|switch|p1a: Tornadus-Therian|Tornadus-Therian, M, shiny|361/361","|turn|19","|","|move|p2a: Mamoswine|Ice Shard|p1a: Tornadus-Therian","|-supereffective|p1a: Tornadus-Therian","|-damage|p1a: Tornadus-Therian|104/361","|-damage|p2a: Mamoswine|173/362|[from] item: Life Orb","|move|p1a: Tornadus-Therian|Heat Wave|p2a: Mamoswine","|-supereffective|p2a: Mamoswine","|-damage|p2a: Mamoswine|0 fnt","|faint|p2a: Mamoswine","|","|","|switch|p2a: Walrein|Walrein, F|424/424","|-damage|p2a: Walrein|318/424|[from] Stealth Rock","|turn|20","|","|move|p1a: Tornadus-Therian|Knock Off|p2a: Walrein","|-damage|p2a: Walrein|236/424","|-enditem|p2a: Walrein|Choice Specs|[from] move: Knock Off|[of] p1a: Tornadus-Therian","|move|p2a: Walrein|Ice Beam|p1a: Tornadus-Therian","|-supereffective|p1a: Tornadus-Therian","|-damage|p1a: Tornadus-Therian|0 fnt","|faint|p1a: Tornadus-Therian","|","|","|switch|p1a: Thundurus|Thundurus, M, shiny|299/299","|turn|21","|","|move|p1a: Thundurus|Thunderbolt|p2a: Walrein","|-supereffective|p2a: Walrein","|-damage|p2a: Walrein|0 fnt","|-damage|p1a: Thundurus|270/299|[from] item: Life Orb","|faint|p2a: Walrein","|","|win|Arcade SonOfUlti"],"p1rating":{"entryid":"373231","serverid":"eos","formatid":"monotype","userid":"arcadesonofulti","username":"Arcade SonOfUlti","w":3,"l":"0","t":"0","gxe":60.5,"r":"1500","rd":"130","sigma":"0","rptime":"1440320400","rpr":1584.0426438305,"rprd":111.3892500171,"rpsigma":"0","acre":1103.3500392228,"lacre":1103.3500392228,"oldacre":"1073.3957713461"},"p2rating":{"entryid":"313593","serverid":"eos","formatid":"monotype","userid":"sovereignzoroark","username":"sovereign♕zoroark","w":"10","l":27,"t":"0","gxe":29.4,"r":"1371.7471491143","rd":"74.50004825256","sigma":"0","rptime":"1440320400","rpr":1332.9097484435,"rprd":56.518559594892,"rpsigma":"0","acre":1061.4503725233,"lacre":1061.4503725233,"oldacre":"1084.9486051988"},"endType":"normal"}