{"seed":[3483,20300,9111,29523],"turns":48,"p1":"LightOfAKnowing","p2":"GTX♅Bzumzum","p1team":[{"name":"Exploud","species":"Exploud","item":"wiseglasses","ability":"Scrappy","moves":["boomburst","icebeam","flamethrower","shadowball"],"nature":"Modest","evs":{"hp":248,"atk":0,"def":0,"spa":252,"spd":8,"spe":0},"ivs":{"hp":31,"atk":31,"def":31,"spa":31,"spd":31,"spe":31}},{"name":"Chansey","species":"Chansey","item":"eviolite","ability":"Natural Cure","moves":["healbell","wish","toxic","seismictoss"],"nature":"Bold","evs":{"hp":248,"atk":0,"def":252,"spa":0,"spd":8,"spe":0},"ivs":{"hp":31,"atk":31,"def":31,"spa":31,"spd":31,"spe":31}},{"name":"Braviary","species":"Braviary","item":"choicescarf","ability":"Sheer Force","moves":["bravebird","rockslide","thrash","steelwing"],"nature":"Jolly","evs":{"hp":0,"atk":252,"def":0,"spa":0,"spd":4,"spe":252},"shiny":true,"ivs":{"hp":31,"atk":31,"def":31,"spa":31,"spd":31,"spe":31}},{"name":"Meloetta","species":"Meloetta","item":"assaultvest","ability":"Serene Grace","moves":["shadowball","psychic","energyball","hypervoice"],"nature":"Modest","evs":{"hp":248,"atk":0,"def":0,"spa":252,"spd":8,"spe":0},"ivs":{"hp":31,"atk":31,"def":31,"spa":31,"spd":31,"spe":31}},{"name":"Lopunny","species":"Lopunny","item":"lopunnite","ability":"Cute Charm","moves":["fakeout","drainpunch","frustration","icepunch"],"nature":"Jolly","evs":{"hp":0,"atk":252,"def":0,"spa":0,"spd":4,"spe":252},"happiness":0,"ivs":{"hp":31,"atk":31,"def":31,"spa":31,"spd":31,"spe":31}},{"name":"Bibarel","species":"Bibarel","item":"chestoberry","ability":"Simple","moves":["curse","superfang","waterfall","rest"],"nature":"Careful","evs":{"hp":248,"atk":8,"def":0,"spa":0,"spd":252,"spe":0},"ivs":{"hp":31,"atk":31,"def":31,"spa":31,"spd":31,"spe":31}}],"p2team":[{"name":"Thorns","species":"ferrothorn","item":"leftovers","ability":"Iron Barbs","moves":["stealthrock","gyroball","leechseed","protect"],"nature":"Jolly","evs":{"hp":128,"atk":100,"def":116,"spa":0,"spd":120,"spe":44},"gender":"M","ivs":{"hp":31,"atk":31,"def":31,"spa":31,"spd":31,"spe":0}},{"name":"Brawloom","species":"breloom","item":"focussash","ability":"Technician","moves":["bulletseed","forcepalm","machpunch","spore"],"nature":"Jolly","evs":{"hp":4,"atk":252,"def":0,"spa":0,"spd":0,"spe":252},"gender":"M","shiny":true,"ivs":{"hp":31,"atk":31,"def":31,"spa":31,"spd":31,"spe":31}},{"name":"Celebrity","species":"celebi","item":"leftovers","ability":"Natural Cure","moves":["waterpulse","calmmind","gigadrain","healbell"],"nature":"Calm","evs":{"hp":220,"atk":0,"def":0,"spa":252,"spd":0,"spe":36},"ivs":{"hp":31,"atk":31,"def":31,"spa":31,"spd":31,"spe":31}},{"name":"Ludicool","species":"ludicolo","item":"leftovers","ability":"Rain Dish","moves":["icebeam","scald","gigadrain","raindance"],"nature":"Modest","evs":{"hp":200,"atk":0,"def":0,"spa":184,"spd":4,"spe":120},"gender":"M","shiny":true,"ivs":{"hp":31,"atk":31,"def":31,"spa":31,"spd":31,"spe":31}},{"name":"Great-ily","species":"cradily","item":"leftovers","ability":"Storm Drain","moves":["ancientpower","sludgewave","recover","toxic"],"nature":"Calm","evs":{"hp":232,"atk":24,"def":0,"spa":0,"spd":252,"spe":0},"gender":"M","shiny":true,"ivs":{"hp":31,"atk":31,"def":31,"spa":31,"spd":31,"spe":31}},{"name":"Plantasaurus","species":"venusaur","item":"venusaurite","ability":"Chlorophyll","moves":["gigadrain","hiddenpowerrock","sludgebomb","synthesis"],"nature":"Modest","evs":{"hp":0,"atk":0,"def":68,"spa":188,"spd":0,"spe":252},"gender":"M","ivs":{"hp":31,"atk":31,"def":30,"spa":31,"spd":30,"spe":30},"shiny":true}],"log":["|player|p1|LightOfAKnowing|lightofaknowing.gif","|player|p2|GTX♅Bzumzum|225","|gametype|singles","|gen|6","|tier|Monotype","|rated","|rule|Baton Pass Clause: Limit one Baton Passer, can't pass Spe and other stats simultaneously","|rule|Swagger Clause: Swagger is banned","|rule|Same Type Clause: Pokémon in a team must share a type","|clearpoke","|poke|p1|Exploud, F","|poke|p1|Chansey, F","|poke|p1|Braviary, M, shiny","|poke|p1|Meloetta","|poke|p1|Lopunny, F","|poke|p1|Bibarel, F","|poke|p2|Ferrothorn, M","|poke|p2|Breloom, M, shiny","|poke|p2|Celebi","|poke|p2|Ludicolo, M, shiny","|poke|p2|Cradily, M, shiny","|poke|p2|Venusaur, M, shiny","|rule|Sleep Clause Mod: Limit one foe put to sleep","|rule|Species Clause: Limit one of each Pokémon","|rule|OHKO Clause: OHKO moves are banned","|rule|Moody Clause: Moody is banned","|rule|Evasion Moves Clause: Evasion moves are banned","|rule|Endless Battle Clause: Forcing endless battles is banned","|rule|HP Percentage Mod: HP is shown in percentages","|teampreview","|","|start","|switch|p1a: Lopunny|Lopunny, F|271/271","|switch|p2a: Celebrity|Celebi|396/396","|turn|1","|","|detailschange|p1a: Lopunny|Lopunny-Mega, F","|-mega|p1a: Lopunny|Lopunny|Lopunnite","|move|p1a: Lopunny|Fake Out|p2a: Celebrity","|-damage|p2a: Celebrity|324/396","|cant|p2a: Celebrity|flinch","|","|-heal|p2a: Celebrity|348/396|[from] item: Leftovers","|turn|2","|","|switch|p1a: Chansey|Chansey, F|703/703","|move|p2a: Celebrity|Calm Mind|p2a: Celebrity","|-boost|p2a: Celebrity|spa|1","|-boost|p2a: Celebrity|spd|1","|","|-heal|p2a: Celebrity|372/396|[from] item: Leftovers","|turn|3","|","|move|p2a: Celebrity|Water Pulse|p1a: Chansey","|-damage|p1a: Chansey|642/703","|move|p1a: Chansey|Toxic|p2a: Celebrity","|-status|p2a: Celebrity|tox","|","|-heal|p2a: Celebrity|396/396 tox|[from] item: Leftovers","|-damage|p2a: Celebrity|372/396 tox|[from] psn","|turn|4","|","|switch|p2a: Plantasaurus|Venusaur, M, shiny|301/301","|move|p1a: Chansey|Seismic Toss|p2a: Plantasaurus","|-damage|p2a: Plantasaurus|201/301","|","|turn|5","|","|detailschange|p2a: Plantasaurus|Venusaur-Mega, M, shiny","|-mega|p2a: Plantasaurus|Venusaur|Venusaurite","|move|p2a: Plantasaurus|Giga Drain|p1a: Chansey","|-damage|p1a: Chansey|552/703","|-heal|p2a: Plantasaurus|246/301|[from] drain|[of] p1a: Chansey","|move|p1a: Chansey|Seismic Toss|p2a: Plantasaurus","|-damage|p2a: Plantasaurus|146/301","|","|turn|6","|","|move|p2a: Plantasaurus|Sludge Bomb|p1a: Chansey","|-damage|p1a: Chansey|456/703","|move|p1a: Chansey|Seismic Toss|p2a: Plantasaurus","|-damage|p2a: Plantasaurus|46/301","|","|turn|7","|","|move|p2a: Plantasaurus|Synthesis|p2a: Plantasaurus","|-heal|p2a: Plantasaurus|196/301","|move|p1a: Chansey|Wish|p1a: Chansey","|","|turn|8","|","|move|p2a: Plantasaurus|Sludge Bomb|p1a: Chansey","|-damage|p1a: Chansey|354/703","|-status|p1a: Chansey|psn","|move|p1a: Chansey|Seismic Toss|p2a: Plantasaurus","|-damage|p2a: Plantasaurus|96/301","|","|-heal|p1a: Chansey|703/703 psn|[from] move: Wish|[wisher] Chansey","|-damage|p1a: Chansey|616/703 psn|[from] psn","|turn|9","|","|move|p2a: Plantasaurus|Synthesis|p2a: Plantasaurus","|-heal|p2a: Plantasaurus|246/301","|move|p1a: Chansey|Heal Bell|p1a: Chansey","|-cureteam|p1a: Chansey|[from] move: HealBell","|","|turn|10","|","|switch|p2a: Thorns|Ferrothorn, M|321/321","|move|p1a: Chansey|Seismic Toss|p2a: Thorns","|-damage|p2a: Thorns|221/321","|-damage|p1a: Chansey|529/703|[from] ability: Iron Barbs|[of] p2a: Thorns","|","|-heal|p2a: Thorns|241/321|[from] item: Leftovers","|turn|11","|","|switch|p1a: Exploud|Exploud, F|411/411","|move|p2a: Thorns|Leech Seed|p1a: Exploud","|-start|p1a: Exploud|move: Leech Seed","|","|-heal|p2a: Thorns|261/321|[from] item: Leftovers","|-damage|p1a: Exploud|360/411|[from] Leech Seed|[of] p2a: Thorns","|-heal|p2a: Thorns|312/321|[silent]","|turn|12","|","|move|p2a: Thorns|Protect|p2a: Thorns","|-singleturn|p2a: Thorns|Protect","|move|p1a: Exploud|Flamethrower|p2a: Thorns","|-activate|p2a: Thorns|Protect","|","|-heal|p2a: Thorns|321/321|[from] item: Leftovers","|-damage|p1a: Exploud|309/411|[from] Leech Seed|[of] p2a: Thorns","|turn|13","|","|move|p1a: Exploud|Flamethrower|p2a: Thorns","|-supereffective|p2a: Thorns","|-damage|p2a: Thorns|13/321","|-status|p2a: Thorns|brn","|move|p2a: Thorns|Stealth Rock|p1a: Exploud","|-sidestart|p1: LightOfAKnowing|move: Stealth Rock","|","|-heal|p2a: Thorns|33/321 brn|[from] item: Leftovers","|-damage|p1a: Exploud|258/411|[from] Leech Seed|[of] p2a: Thorns","|-heal|p2a: Thorns|84/321 brn|[silent]","|-damage|p2a: Thorns|44/321 brn|[from] brn","|turn|14","|","|switch|p1a: Chansey|Chansey, F|529/703","|-damage|p1a: Chansey|442/703|[from] Stealth Rock","|move|p2a: Thorns|Protect|p2a: Thorns","|-fail|p2a: Thorns","|","|-heal|p2a: Thorns|64/321 brn|[from] item: Leftovers","|-damage|p2a: Thorns|24/321 brn|[from] brn","|turn|15","|","|switch|p2a: Celebrity|Celebi|372/396","|move|p1a: Chansey|Wish|p1a: Chansey","|","|-heal|p2a: Celebrity|396/396|[from] item: Leftovers","|turn|16","|","|move|p2a: Celebrity|Calm Mind|p2a: Celebrity","|-boost|p2a: Celebrity|spa|1","|-boost|p2a: Celebrity|spd|1","|move|p1a: Chansey|Toxic|p2a: Celebrity","|-status|p2a: Celebrity|tox","|","|-heal|p1a: Chansey|703/703|[from] move: Wish|[wisher] Chansey","|-damage|p2a: Celebrity|372/396 tox|[from] psn","|turn|17","|","|move|p2a: Celebrity|Calm Mind|p2a: Celebrity","|-boost|p2a: Celebrity|spa|1","|-boost|p2a: Celebrity|spd|1","|move|p1a: Chansey|Seismic Toss|p2a: Celebrity","|-damage|p2a: Celebrity|272/396 tox","|","|-heal|p2a: Celebrity|296/396 tox|[from] item: Leftovers","|-damage|p2a: Celebrity|248/396 tox|[from] psn","|turn|18","|","|move|p2a: Celebrity|Giga Drain|p1a: Chansey","|-damage|p1a: Chansey|570/703","|-heal|p2a: Celebrity|315/396 tox|[from] drain|[of] p1a: Chansey","|move|p1a: Chansey|Seismic Toss|p2a: Celebrity","|-damage|p2a: Celebrity|215/396 tox","|","|-heal|p2a: Celebrity|239/396 tox|[from] item: Leftovers","|-damage|p2a: Celebrity|167/396 tox|[from] psn","|turn|19","|","|move|p2a: Celebrity|Heal Bell|p2a: Celebrity","|-cureteam|p2a: Celebrity|[from] move: HealBell","|move|p1a: Chansey|Seismic Toss|p2a: Celebrity","|-damage|p2a: Celebrity|67/396","|","|-heal|p2a: Celebrity|91/396|[from] item: Leftovers","|turn|20","|","|move|p2a: Celebrity|Giga Drain|p1a: Chansey","|-damage|p1a: Chansey|422/703","|-heal|p2a: Celebrity|165/396|[from] drain|[of] p1a: Chansey","|move|p1a: Chansey|Toxic|p2a: Celebrity|[miss]","|-miss|p1a: Chansey|p2a: Celebrity","|","|-heal|p2a: Celebrity|189/396|[from] item: Leftovers","|turn|21","|","|move|p2a: Celebrity|Calm Mind|p2a: Celebrity","|-boost|p2a: Celebrity|spa|1","|-boost|p2a: Celebrity|spd|1","|move|p1a: Chansey|Seismic Toss|p2a: Celebrity","|-damage|p2a: Celebrity|89/396","|","|-heal|p2a: Celebrity|113/396|[from] item: Leftovers","|turn|22","|","|move|p2a: Celebrity|Giga Drain|p1a: Chansey","|-damage|p1a: Chansey|250/703","|-heal|p2a: Celebrity|199/396|[from] drain|[of] p1a: Chansey","|move|p1a: Chansey|Seismic Toss|p2a: Celebrity","|-damage|p2a: Celebrity|99/396","|","|-heal|p2a: Celebrity|123/396|[from] item: Leftovers","|turn|23","|","|move|p2a: Celebrity|Giga Drain|p1a: Chansey","|-damage|p1a: Chansey|88/703","|-heal|p2a: Celebrity|204/396|[from] drain|[of] p1a: Chansey","|move|p1a: Chansey|Toxic|p2a: Celebrity","|-status|p2a: Celebrity|tox","|","|-heal|p2a: Celebrity|228/396 tox|[from] item: Leftovers","|-damage|p2a: Celebrity|204/396 tox|[from] psn","|turn|24","|","|move|p2a: Celebrity|Giga Drain|p1a: Chansey","|-damage|p1a: Chansey|0 fnt","|-heal|p2a: Celebrity|248/396 tox|[from] drain|[of] p1a: Chansey","|faint|p1a: Chansey","|","|-heal|p2a: Celebrity|272/396 tox|[from] item: Leftovers","|-damage|p2a: Celebrity|224/396 tox|[from] psn","|","|switch|p1a: Lopunny|Lopunny-Mega, F|271/271","|-damage|p1a: Lopunny|255/271|[from] Stealth Rock","|turn|25","|","|switch|p2a: Plantasaurus|Venusaur-Mega, M, shiny|246/301","|move|p1a: Lopunny|Fake Out|p2a: Plantasaurus","|-damage|p2a: Plantasaurus|192/301","|","|turn|26","|","|move|p1a: Lopunny|Frustration|p2a: Plantasaurus","|-damage|p2a: Plantasaurus|56/301","|move|p2a: Plantasaurus|Giga Drain|p1a: Lopunny","|-damage|p1a: Lopunny|128/271","|-heal|p2a: Plantasaurus|120/301|[from] drain|[of] p1a: Lopunny","|","|turn|27","|","|switch|p2a: Ludicool|Ludicolo, M, shiny|351/351","|move|p1a: Lopunny|Frustration|p2a: Ludicool","|-damage|p2a: Ludicool|120/351","|","|-heal|p2a: Ludicool|141/351|[from] item: Leftovers","|turn|28","|","|switch|p1a: Meloetta|Meloetta|403/403","|-damage|p1a: Meloetta|353/403|[from] Stealth Rock","|move|p2a: Ludicool|Scald|p1a: Meloetta","|-damage|p1a: Meloetta|292/403","|","|-heal|p2a: Ludicool|162/351|[from] item: Leftovers","|turn|29","|","|move|p1a: Meloetta|Psychic|p2a: Ludicool","|-damage|p2a: Ludicool|0 fnt","|faint|p2a: Ludicool","|","|","|switch|p2a: Thorns|Ferrothorn, M|24/321","|turn|30","|","|move|p2a: Thorns|Protect|p2a: Thorns","|-singleturn|p2a: Thorns|Protect","|move|p1a: Meloetta|Psychic|p2a: Thorns","|-activate|p2a: Thorns|Protect","|","|-heal|p2a: Thorns|44/321|[from] item: Leftovers","|turn|31","|","|move|p2a: Thorns|Protect|p2a: Thorns","|-singleturn|p2a: Thorns|Protect","|move|p1a: Meloetta|Shadow Ball|p2a: Thorns","|-activate|p2a: Thorns|Protect","|","|-heal|p2a: Thorns|64/321|[from] item: Leftovers","|turn|32","|","|switch|p2a: Great-ily|Cradily, M, shiny|371/371","|move|p1a: Meloetta|Shadow Ball|p2a: Great-ily","|-damage|p2a: Great-ily|298/371","|-unboost|p2a: Great-ily|spd|1","|","|-heal|p2a: Great-ily|321/371|[from] item: Leftovers","|turn|33","|","|move|p1a: Meloetta|Psychic|p2a: Great-ily","|-damage|p2a: Great-ily|131/371","|move|p2a: Great-ily|Sludge Wave|p1a: Meloetta","|-damage|p1a: Meloetta|258/403","|","|-heal|p2a: Great-ily|154/371|[from] item: Leftovers","|turn|34","|","|move|p1a: Meloetta|Psychic|p2a: Great-ily","|-damage|p2a: Great-ily|0 fnt","|faint|p2a: Great-ily","|","|","|switch|p2a: Brawloom|Breloom, M, shiny|262/262","|turn|35","|","|switch|p1a: Bibarel|Bibarel, F|361/361","|-damage|p1a: Bibarel|316/361|[from] Stealth Rock","|move|p2a: Brawloom|Force Palm|p1a: Bibarel","|-supereffective|p1a: Bibarel","|-damage|p1a: Bibarel|0 fnt","|faint|p1a: Bibarel","|","|","|switch|p1a: Braviary|Braviary, M, shiny|341/341","|-damage|p1a: Braviary|256/341|[from] Stealth Rock","|turn|36","|","|move|p1a: Braviary|Brave Bird|p2a: Brawloom","|-supereffective|p2a: Brawloom","|-enditem|p2a: Brawloom|Focus Sash","|-damage|p2a: Brawloom|1/262","|-damage|p1a: Braviary|170/341|[from] recoil|[of] p2a: Brawloom","|move|p2a: Brawloom|Spore|p1a: Braviary","|-status|p1a: Braviary|slp","|","|turn|37","|","|switch|p1a: Exploud|Exploud, F|258/411","|-damage|p1a: Exploud|207/411|[from] Stealth Rock","|move|p2a: Brawloom|Force Palm|p1a: Exploud","|-supereffective|p1a: Exploud","|-damage|p1a: Exploud|0 fnt","|faint|p1a: Exploud","|","|","|switch|p1a: Lopunny|Lopunny-Mega, F|128/271","|-damage|p1a: Lopunny|112/271|[from] Stealth Rock","|turn|38","|","|switch|p2a: Thorns|Ferrothorn, M|64/321","|move|p1a: Lopunny|Fake Out|p2a: Thorns","|-resisted|p2a: Thorns","|-damage|p2a: Thorns|38/321","|-damage|p1a: Lopunny|79/271|[from] ability: Iron Barbs|[of] p2a: Thorns","|","|-heal|p2a: Thorns|58/321|[from] item: Leftovers","|turn|39","|","|move|p2a: Thorns|Protect|p2a: Thorns","|-singleturn|p2a: Thorns|Protect","|move|p1a: Lopunny|Ice Punch|p2a: Thorns","|-activate|p2a: Thorns|Protect","|","|-heal|p2a: Thorns|78/321|[from] item: Leftovers","|turn|40","|","|move|p2a: Thorns|Protect|p2a: Thorns","|-singleturn|p2a: Thorns|Protect","|move|p1a: Lopunny|Drain Punch|p2a: Thorns","|-activate|p2a: Thorns|Protect","|","|-heal|p2a: Thorns|98/321|[from] item: Leftovers","|turn|41","|","|move|p1a: Lopunny|Drain Punch|p2a: Thorns","|-crit|p2a: Thorns","|-supereffective|p2a: Thorns","|-damage|p2a: Thorns|0 fnt","|-heal|p1a: Lopunny|128/271|[from] drain|[of] p2a: Thorns","|-damage|p1a: Lopunny|95/271|[from] ability: Iron Barbs|[of] p2a: Thorns","|faint|p2a: Thorns","|","|","|switch|p2a: Brawloom|Breloom, M, shiny|1/262","|turn|42","|","|switch|p1a: Braviary|Braviary, M, shiny|170/341 slp","|-damage|p1a: Braviary|85/341 slp|[from] Stealth Rock","|move|p2a: Brawloom|Mach Punch|p1a: Braviary","|-damage|p1a: Braviary|0 fnt","|faint|p1a: Braviary","|","|","|switch|p1a: Lopunny|Lopunny-Mega, F|95/271","|-damage|p1a: Lopunny|79/271|[from] Stealth Rock","|turn|43","|","|switch|p2a: Celebrity|Celebi|224/396","|move|p1a: Lopunny|Fake Out|p2a: Celebrity","|-damage|p2a: Celebrity|155/396","|","|-heal|p2a: Celebrity|179/396|[from] item: Leftovers","|turn|44","|","|move|p1a: Lopunny|Ice Punch|p2a: Celebrity","|-supereffective|p2a: Celebrity","|-damage|p2a: Celebrity|0 fnt","|faint|p2a: Celebrity","|","|","|switch|p2a: Plantasaurus|Venusaur-Mega, M, shiny|120/301","|turn|45","|","|move|p1a: Lopunny|Frustration|p2a: Plantasaurus","|-damage|p2a: Plantasaurus|0 fnt","|faint|p2a: Plantasaurus","|","|","|switch|p2a: Brawloom|Breloom, M, shiny|1/262","|turn|46","|","|switch|p1a: Meloetta|Meloetta|258/403","|-damage|p1a: Meloetta|208/403|[from] Stealth Rock","|move|p2a: Brawloom|Spore|p1a: Meloetta","|-status|p1a: Meloetta|slp","|","|turn|47","|","|move|p2a: Brawloom|Force Palm|p1a: Meloetta","|-damage|p1a: Meloetta|0 fnt","|faint|p1a: Meloetta","|","|","|switch|p1a: Lopunny|Lopunny-Mega, F|79/271","|-damage|p1a: Lopunny|63/271|[from] Stealth Rock","|turn|48","|","|move|p1a: Lopunny|Fake Out|p2a: Brawloom","|-damage|p2a: Brawloom|0 fnt","|faint|p2a: Brawloom","|","|win|LightOfAKnowing"],"p1rating":{"entryid":"386","serverid":"eos","formatid":"monotype","userid":"lightofaknowing","username":"LightOfAKnowing","w":13,"l":"22","t":"0","gxe":40.5,"r":"1389.9462070637","rd":"71.203706456188","sigma":"0","rptime":"1440234000","rpr":1426.3255804599,"rprd":58.690684370294,"rpsigma":"0","acre":1098.0713590481,"lacre":1098.0713590481,"oldacre":"1075.230489032"},"p2rating":{"entryid":"1463","serverid":"eos","formatid":"monotype","userid":"gtxbzumzum","username":"GTX♅Bzumzum","w":"8","l":26,"t":"0","gxe":28.2,"r":"1339.7443087109","rd":"62.238830549052","sigma":"0","rptime":"1440234000","rpr":1321.4808122173,"rprd":60.12764788468,"rpsigma":"0","acre":1000,"lacre":1000,"oldacre":"1003.1354051478"},"endType":"normal"}