{"seed":[28121,3925,32982,12124],"turns":47,"p1":"Yung Draco","p2":"Rain Mistral","p1team":[{"name":"Azumarill","species":"Azumarill","item":"leftovers","ability":"Huge Power","moves":["playrough","bellydrum","knockoff","aquajet"],"nature":"Adamant","evs":{"hp":12,"atk":252,"def":112,"spa":0,"spd":100,"spe":32},"ivs":{"hp":31,"atk":31,"def":31,"spa":31,"spd":31,"spe":31}},{"name":"Swampert","species":"Swampert","item":"swampertite","ability":"Torrent","moves":["icepunch","earthquake","waterfall","poweruppunch"],"nature":"Jolly","evs":{"hp":0,"atk":252,"def":0,"spa":0,"spd":4,"spe":252},"ivs":{"hp":31,"atk":31,"def":31,"spa":31,"spd":31,"spe":31}},{"name":"Politoed","species":"Politoed","item":"leftovers","ability":"Drizzle","moves":["encore","toxic","hydropump","icebeam"],"nature":"Calm","evs":{"hp":252,"atk":0,"def":0,"spa":4,"spd":252,"spe":0},"ivs":{"hp":31,"atk":31,"def":31,"spa":31,"spd":31,"spe":31}},{"name":"Keldeo-Resolute","species":"Keldeo-Resolute","item":"choicespecs","ability":"Justified","moves":["secretsword","scald","icywind","hydropump"],"nature":"Timid","evs":{"hp":0,"atk":0,"def":0,"spa":252,"spd":4,"spe":252},"ivs":{"hp":31,"atk":31,"def":31,"spa":31,"spd":31,"spe":31}},{"name":"Slowbro","species":"Slowbro","item":"leftovers","ability":"Regenerator","moves":["thunderwave","psyshock","scald","slackoff"],"nature":"Bold","evs":{"hp":252,"atk":0,"def":252,"spa":4,"spd":0,"spe":0},"ivs":{"hp":31,"atk":31,"def":31,"spa":31,"spd":31,"spe":31}},{"name":"Tentacruel","species":"Tentacruel","item":"leftovers","ability":"Liquid Ooze","moves":["rapidspin","icebeam","toxicspikes","scald"],"nature":"Calm","evs":{"hp":248,"atk":0,"def":0,"spa":0,"spd":252,"spe":8},"ivs":{"hp":31,"atk":31,"def":31,"spa":31,"spd":31,"spe":31}}],"p2team":[{"name":"Mega Ultra Chicken","species":"zapdos","item":"leftovers","ability":"Pressure","moves":["discharge","heatwave","roost","defog"],"nature":"Bold","evs":{"hp":248,"atk":0,"def":176,"spa":68,"spd":0,"spe":16},"shiny":true,"ivs":{"hp":31,"atk":31,"def":31,"spa":31,"spd":31,"spe":31}},{"name":"No Ice Please","species":"landorus","item":"lifeorb","ability":"Sheer Force","moves":["rockslide","earthpower","focusblast","sludgewave"],"nature":"Naive","evs":{"hp":0,"atk":4,"def":0,"spa":252,"spd":0,"spe":252},"shiny":true,"ivs":{"hp":31,"atk":31,"def":31,"spa":31,"spd":31,"spe":31}},{"name":"Free MAltaria","species":"dragonite","item":"weaknesspolicy","ability":"Multiscale","moves":["dragondance","outrage","earthquake","extremespeed"],"nature":"Adamant","evs":{"hp":0,"atk":252,"def":0,"spa":0,"spd":4,"spe":252},"gender":"F","ivs":{"hp":31,"atk":31,"def":31,"spa":31,"spd":31,"spe":31}},{"name":"Frostwing","species":"articuno","item":"leftovers","ability":"Pressure","moves":["freezedry","roost","roar","healbell"],"nature":"Calm","evs":{"hp":252,"atk":0,"def":0,"spa":4,"spd":252,"spe":0},"shiny":true,"ivs":{"hp":31,"atk":31,"def":31,"spa":31,"spd":31,"spe":31}},{"name":"Swords Dance","species":"skarmory","item":"rockyhelmet","ability":"Sturdy","moves":["counter","defog","stealthrock","roost"],"nature":"Bold","evs":{"hp":248,"atk":0,"def":236,"spa":0,"spd":0,"spe":24},"gender":"F","shiny":true,"ivs":{"hp":31,"atk":31,"def":31,"spa":31,"spd":31,"spe":31}},{"name":"Free Megazard X","species":"gyarados","item":"gyaradosite","ability":"Intimidate","moves":["dragondance","waterfall","crunch","earthquake"],"nature":"Adamant","evs":{"hp":0,"atk":252,"def":0,"spa":0,"spd":4,"spe":252},"gender":"F","shiny":true,"ivs":{"hp":31,"atk":31,"def":31,"spa":31,"spd":31,"spe":31}}],"log":["|player|p1|Yung Draco|143","|player|p2|Rain Mistral|52","|gametype|singles","|gen|6","|tier|Monotype","|rated","|rule|Baton Pass Clause: Limit one Baton Passer, can't pass Spe and other stats simultaneously","|rule|Swagger Clause: Swagger is banned","|rule|Same Type Clause: Pokémon in a team must share a type","|clearpoke","|poke|p1|Azumarill, F","|poke|p1|Swampert, F","|poke|p1|Politoed, F","|poke|p1|Keldeo-Resolute","|poke|p1|Slowbro, M","|poke|p1|Tentacruel, M","|poke|p2|Zapdos, shiny","|poke|p2|Landorus, M, shiny","|poke|p2|Dragonite, F","|poke|p2|Articuno, shiny","|poke|p2|Skarmory, F, shiny","|poke|p2|Gyarados, F, shiny","|rule|Sleep Clause Mod: Limit one foe put to sleep","|rule|Species Clause: Limit one of each Pokémon","|rule|OHKO Clause: OHKO moves are banned","|rule|Moody Clause: Moody is banned","|rule|Evasion Moves Clause: Evasion moves are banned","|rule|Endless Battle Clause: Forcing endless battles is banned","|rule|HP Percentage Mod: HP is shown in percentages","|teampreview","|","|start","|switch|p1a: Slowbro|Slowbro, M|394/394","|switch|p2a: Frostwing|Articuno, shiny|384/384","|-ability|p2a: Frostwing|Pressure","|turn|1","|","|move|p2a: Frostwing|Freeze-Dry|p1a: Slowbro","|-supereffective|p1a: Slowbro","|-damage|p1a: Slowbro|218/394","|move|p1a: Slowbro|Thunder Wave|p2a: Frostwing","|-status|p2a: Frostwing|par","|","|-heal|p1a: Slowbro|242/394|[from] item: Leftovers","|turn|2","|","|switch|p1a: Tentacruel|Tentacruel, M|363/363","|move|p2a: Frostwing|Freeze-Dry|p1a: Tentacruel","|-supereffective|p1a: Tentacruel","|-damage|p1a: Tentacruel|267/363","|","|-heal|p1a: Tentacruel|289/363|[from] item: Leftovers","|turn|3","|","|move|p1a: Tentacruel|Ice Beam|p2a: Frostwing","|-damage|p2a: Frostwing|346/384 par","|move|p2a: Frostwing|Heal Bell|p2a: Frostwing","|-cureteam|p2a: Frostwing|[from] move: HealBell","|","|-heal|p1a: Tentacruel|311/363|[from] item: Leftovers","|-heal|p2a: Frostwing|370/384|[from] item: Leftovers","|turn|4","|","|move|p1a: Tentacruel|Scald|p2a: Frostwing","|-damage|p2a: Frostwing|322/384","|move|p2a: Frostwing|Freeze-Dry|p1a: Tentacruel","|-supereffective|p1a: Tentacruel","|-damage|p1a: Tentacruel|207/363","|","|-heal|p1a: Tentacruel|229/363|[from] item: Leftovers","|-heal|p2a: Frostwing|346/384|[from] item: Leftovers","|turn|5","|","|move|p1a: Tentacruel|Scald|p2a: Frostwing","|-crit|p2a: Frostwing","|-damage|p2a: Frostwing|268/384","|move|p2a: Frostwing|Freeze-Dry|p1a: Tentacruel","|-supereffective|p1a: Tentacruel","|-damage|p1a: Tentacruel|137/363","|","|-heal|p1a: Tentacruel|159/363|[from] item: Leftovers","|-heal|p2a: Frostwing|292/384|[from] item: Leftovers","|turn|6","|","|move|p1a: Tentacruel|Scald|p2a: Frostwing","|-damage|p2a: Frostwing|243/384","|move|p2a: Frostwing|Freeze-Dry|p1a: Tentacruel","|-supereffective|p1a: Tentacruel","|-damage|p1a: Tentacruel|55/363","|","|-heal|p1a: Tentacruel|77/363|[from] item: Leftovers","|-heal|p2a: Frostwing|267/384|[from] item: Leftovers","|turn|7","|","|move|p1a: Tentacruel|Scald|p2a: Frostwing","|-damage|p2a: Frostwing|219/384","|move|p2a: Frostwing|Freeze-Dry|p1a: Tentacruel","|-supereffective|p1a: Tentacruel","|-damage|p1a: Tentacruel|0 fnt","|faint|p1a: Tentacruel","|","|-heal|p2a: Frostwing|243/384|[from] item: Leftovers","|","|switch|p1a: Keldeo-Resolute|Keldeo-Resolute|323/323","|turn|8","|","|move|p1a: Keldeo-Resolute|Hydro Pump|p2a: Frostwing","|-damage|p2a: Frostwing|53/384","|move|p2a: Frostwing|Roost|p2a: Frostwing","|-heal|p2a: Frostwing|245/384","|","|-heal|p2a: Frostwing|269/384|[from] item: Leftovers","|turn|9","|","|switch|p1a: Azumarill|Azumarill, F|344/344","|move|p2a: Frostwing|Roost|p2a: Frostwing","|-heal|p2a: Frostwing|384/384","|","|turn|10","|","|move|p1a: Azumarill|Play Rough|p2a: Frostwing","|-damage|p2a: Frostwing|186/384","|move|p2a: Frostwing|Roar|p1a: Azumarill","|drag|p1a: Keldeo-Resolute|Keldeo-Resolute|323/323","|","|-heal|p2a: Frostwing|210/384|[from] item: Leftovers","|turn|11","|","|switch|p2a: Free MAltaria|Dragonite, F|323/323","|move|p1a: Keldeo-Resolute|Secret Sword|p2a: Free MAltaria","|-resisted|p2a: Free MAltaria","|-damage|p2a: Free MAltaria|260/323","|","|turn|12","|","|switch|p1a: Slowbro|Slowbro, M|373/394","|move|p2a: Free MAltaria|Dragon Dance|p2a: Free MAltaria","|-boost|p2a: Free MAltaria|atk|1","|-boost|p2a: Free MAltaria|spe|1","|","|-heal|p1a: Slowbro|394/394|[from] item: Leftovers","|turn|13","|","|switch|p2a: Mega Ultra Chicken|Zapdos, shiny|383/383","|-ability|p2a: Mega Ultra Chicken|Pressure","|move|p1a: Slowbro|Thunder Wave|p2a: Mega Ultra Chicken","|-immune|p2a: Mega Ultra Chicken|[msg]","|","|turn|14","|","|switch|p2a: Free Megazard X|Gyarados, F, shiny|331/331","|-ability|p2a: Free Megazard X|Intimidate","|-unboost|p1a: Slowbro|atk|1","|switch|p1a: Politoed|Politoed, F|384/384","|-weather|RainDance","|","|-weather|RainDance|[upkeep]","|turn|15","|","|move|p2a: Free Megazard X|Dragon Dance|p2a: Free Megazard X","|-boost|p2a: Free Megazard X|atk|1","|-boost|p2a: Free Megazard X|spe|1","|move|p1a: Politoed|Encore|p2a: Free Megazard X","|-start|p2a: Free Megazard X|Encore","|","|-weather|RainDance|[upkeep]","|turn|16","|","|switch|p2a: Frostwing|Articuno, shiny|210/384","|-ability|p2a: Frostwing|Pressure","|move|p1a: Politoed|Toxic|p2a: Frostwing","|-status|p2a: Frostwing|tox","|","|-weather|RainDance|[upkeep]","|-heal|p2a: Frostwing|234/384 tox|[from] item: Leftovers","|-damage|p2a: Frostwing|210/384 tox|[from] psn","|turn|17","|","|switch|p1a: Azumarill|Azumarill, F|344/344","|move|p2a: Frostwing|Freeze-Dry|p1a: Azumarill","|-supereffective|p1a: Azumarill","|-damage|p1a: Azumarill|170/344","|","|-weather|RainDance|[upkeep]","|-heal|p2a: Frostwing|234/384 tox|[from] item: Leftovers","|-heal|p1a: Azumarill|191/344|[from] item: Leftovers","|-damage|p2a: Frostwing|186/384 tox|[from] psn","|turn|18","|","|switch|p2a: Free Megazard X|Gyarados, F, shiny|331/331","|-ability|p2a: Free Megazard X|Intimidate","|-unboost|p1a: Azumarill|atk|1","|move|p1a: Azumarill|Knock Off|p2a: Free Megazard X","|-damage|p2a: Free Megazard X|250/331","|","|-weather|none","|-heal|p1a: Azumarill|212/344|[from] item: Leftovers","|turn|19","|","|switch|p2a: Swords Dance|Skarmory, F, shiny|333/333","|move|p1a: Azumarill|Play Rough|p2a: Swords Dance","|-resisted|p2a: Swords Dance","|-damage|p2a: Swords Dance|297/333","|-damage|p1a: Azumarill|155/344|[from] item: Rocky Helmet|[of] p2a: Swords Dance","|-unboost|p2a: Swords Dance|atk|1","|","|-heal|p1a: Azumarill|176/344|[from] item: Leftovers","|turn|20","|","|switch|p1a: Keldeo-Resolute|Keldeo-Resolute|323/323","|move|p2a: Swords Dance|Stealth Rock|p1a: Keldeo-Resolute","|-sidestart|p1: Yung Draco|move: Stealth Rock","|","|turn|21","|","|switch|p2a: Free MAltaria|Dragonite, F|260/323","|move|p1a: Keldeo-Resolute|Hydro Pump|p2a: Free MAltaria","|-resisted|p2a: Free MAltaria","|-damage|p2a: Free MAltaria|105/323","|","|turn|22","|","|move|p2a: Free MAltaria|Extreme Speed|p1a: Keldeo-Resolute","|-damage|p1a: Keldeo-Resolute|209/323","|move|p1a: Keldeo-Resolute|Hydro Pump|p2a: Free MAltaria","|-crit|p2a: Free MAltaria","|-resisted|p2a: Free MAltaria","|-damage|p2a: Free MAltaria|0 fnt","|faint|p2a: Free MAltaria","|","|","|switch|p2a: Mega Ultra Chicken|Zapdos, shiny|383/383","|-ability|p2a: Mega Ultra Chicken|Pressure","|turn|23","|","|switch|p1a: Politoed|Politoed, F|384/384","|-damage|p1a: Politoed|336/384|[from] Stealth Rock","|-weather|RainDance","|move|p2a: Mega Ultra Chicken|Discharge|p1a: Politoed","|-supereffective|p1a: Politoed","|-damage|p1a: Politoed|166/384","|-status|p1a: Politoed|par","|","|-weather|RainDance|[upkeep]","|-heal|p1a: Politoed|190/384 par|[from] item: Leftovers","|turn|24","|","|move|p2a: Mega Ultra Chicken|Discharge|p1a: Politoed","|-supereffective|p1a: Politoed","|-damage|p1a: Politoed|22/384 par","|cant|p1a: Politoed|par","|","|-weather|RainDance|[upkeep]","|-heal|p1a: Politoed|46/384 par|[from] item: Leftovers","|turn|25","|","|move|p2a: Mega Ultra Chicken|Discharge|p1a: Politoed","|-supereffective|p1a: Politoed","|-damage|p1a: Politoed|0 fnt","|faint|p1a: Politoed","|","|-weather|RainDance|[upkeep]","|","|switch|p1a: Swampert|Swampert, F|341/341","|-damage|p1a: Swampert|320/341|[from] Stealth Rock","|turn|26","|","|switch|p2a: Free Megazard X|Gyarados, F, shiny|250/331","|-ability|p2a: Free Megazard X|Intimidate","|-unboost|p1a: Swampert|atk|1","|detailschange|p1a: Swampert|Swampert-Mega, F","|-mega|p1a: Swampert|Swampert|Swampertite","|move|p1a: Swampert|Ice Punch|p2a: Free Megazard X","|-damage|p2a: Free Megazard X|163/331","|","|-weather|RainDance|[upkeep]","|turn|27","|","|detailschange|p2a: Free Megazard X|Gyarados-Mega, F, shiny","|-mega|p2a: Free Megazard X|Gyarados|Gyaradosite","|-ability|p2a: Free Megazard X|Mold Breaker","|move|p1a: Swampert|Ice Punch|p2a: Free Megazard X","|-resisted|p2a: Free Megazard X","|-damage|p2a: Free Megazard X|132/331","|move|p2a: Free Megazard X|Dragon Dance|p2a: Free Megazard X","|-boost|p2a: Free Megazard X|atk|1","|-boost|p2a: Free Megazard X|spe|1","|","|-weather|none","|turn|28","|","|move|p2a: Free Megazard X|Waterfall|p1a: Swampert","|-damage|p1a: Swampert|83/341","|move|p1a: Swampert|Earthquake|p2a: Free Megazard X","|-damage|p2a: Free Megazard X|11/331","|","|turn|29","|","|move|p2a: Free Megazard X|Earthquake|p1a: Swampert","|-damage|p1a: Swampert|0 fnt","|faint|p1a: Swampert","|","|","|switch|p1a: Azumarill|Azumarill, F|176/344","|-damage|p1a: Azumarill|133/344|[from] Stealth Rock","|turn|30","|","|move|p1a: Azumarill|Aqua Jet|p2a: Free Megazard X","|-resisted|p2a: Free Megazard X","|-damage|p2a: Free Megazard X|0 fnt","|faint|p2a: Free Megazard X","|","|-heal|p1a: Azumarill|154/344|[from] item: Leftovers","|","|switch|p2a: Swords Dance|Skarmory, F, shiny|297/333","|turn|31","|","|move|p2a: Swords Dance|Roost|p2a: Swords Dance","|-heal|p2a: Swords Dance|333/333","|move|p1a: Azumarill|Knock Off|p2a: Swords Dance","|-damage|p2a: Swords Dance|253/333","|-damage|p1a: Azumarill|97/344|[from] item: Rocky Helmet|[of] p2a: Swords Dance","|-enditem|p2a: Swords Dance|Rocky Helmet|[from] move: Knock Off|[of] p1a: Azumarill","|","|-heal|p1a: Azumarill|118/344|[from] item: Leftovers","|turn|32","|","|move|p2a: Swords Dance|Roost|p2a: Swords Dance","|-heal|p2a: Swords Dance|333/333","|move|p1a: Azumarill|Play Rough|p2a: Swords Dance","|-resisted|p2a: Swords Dance","|-damage|p2a: Swords Dance|276/333","|","|-heal|p1a: Azumarill|139/344|[from] item: Leftovers","|turn|33","|","|move|p1a: Azumarill|Play Rough|p2a: Swords Dance","|-resisted|p2a: Swords Dance","|-damage|p2a: Swords Dance|217/333","|move|p2a: Swords Dance|Counter|p1a: Azumarill","|-damage|p1a: Azumarill|21/344","|","|-heal|p1a: Azumarill|42/344|[from] item: Leftovers","|turn|34","|","|move|p2a: Swords Dance|Roost|p2a: Swords Dance","|-heal|p2a: Swords Dance|333/333","|move|p1a: Azumarill|Play Rough|p2a: Swords Dance","|-resisted|p2a: Swords Dance","|-damage|p2a: Swords Dance|276/333","|","|-heal|p1a: Azumarill|63/344|[from] item: Leftovers","|turn|35","|","|move|p1a: Azumarill|Play Rough|p2a: Swords Dance","|-resisted|p2a: Swords Dance","|-damage|p2a: Swords Dance|222/333","|-unboost|p2a: Swords Dance|atk|1","|move|p2a: Swords Dance|Counter|p1a: Azumarill","|-damage|p1a: Azumarill|0 fnt","|faint|p1a: Azumarill","|","|","|switch|p1a: Keldeo-Resolute|Keldeo-Resolute|209/323","|-damage|p1a: Keldeo-Resolute|189/323|[from] Stealth Rock","|turn|36","|","|move|p1a: Keldeo-Resolute|Icy Wind|p2a: Swords Dance","|-damage|p2a: Swords Dance|93/333","|-unboost|p2a: Swords Dance|spe|1","|move|p2a: Swords Dance|Roost|p2a: Swords Dance","|-heal|p2a: Swords Dance|260/333","|","|turn|37","|","|switch|p1a: Slowbro|Slowbro, M|394/394","|-damage|p1a: Slowbro|345/394|[from] Stealth Rock","|move|p2a: Swords Dance|Roost|p2a: Swords Dance","|-heal|p2a: Swords Dance|333/333","|","|-heal|p1a: Slowbro|369/394|[from] item: Leftovers","|turn|38","|","|switch|p2a: Frostwing|Articuno, shiny|186/384 tox","|-ability|p2a: Frostwing|Pressure","|move|p1a: Slowbro|Scald|p2a: Frostwing","|-damage|p2a: Frostwing|125/384 tox","|","|-heal|p2a: Frostwing|149/384 tox|[from] item: Leftovers","|-heal|p1a: Slowbro|393/394|[from] item: Leftovers","|-damage|p2a: Frostwing|125/384 tox|[from] psn","|turn|39","|","|move|p2a: Frostwing|Heal Bell|p2a: Frostwing","|-cureteam|p2a: Frostwing|[from] move: HealBell","|move|p1a: Slowbro|Psyshock|p2a: Frostwing","|-damage|p2a: Frostwing|31/384","|","|-heal|p2a: Frostwing|55/384|[from] item: Leftovers","|-heal|p1a: Slowbro|394/394|[from] item: Leftovers","|turn|40","|","|move|p2a: Frostwing|Roost|p2a: Frostwing","|-heal|p2a: Frostwing|247/384","|move|p1a: Slowbro|Thunder Wave|p2a: Frostwing","|-status|p2a: Frostwing|par","|","|-heal|p2a: Frostwing|271/384 par|[from] item: Leftovers","|turn|41","|","|move|p1a: Slowbro|Psyshock|p2a: Frostwing","|-damage|p2a: Frostwing|172/384 par","|move|p2a: Frostwing|Heal Bell|p2a: Frostwing","|-cureteam|p2a: Frostwing|[from] move: HealBell","|","|-heal|p2a: Frostwing|196/384|[from] item: Leftovers","|turn|42","|","|move|p2a: Frostwing|Roost|p2a: Frostwing","|-heal|p2a: Frostwing|384/384","|move|p1a: Slowbro|Thunder Wave|p2a: Frostwing","|-status|p2a: Frostwing|par","|","|turn|43","|","|move|p1a: Slowbro|Psyshock|p2a: Frostwing","|-damage|p2a: Frostwing|296/384 par","|move|p2a: Frostwing|Freeze-Dry|p1a: Slowbro","|-supereffective|p1a: Slowbro","|-damage|p1a: Slowbro|208/394","|","|-heal|p1a: Slowbro|232/394|[from] item: Leftovers","|-heal|p2a: Frostwing|320/384 par|[from] item: Leftovers","|turn|44","|","|move|p1a: Slowbro|Psyshock|p2a: Frostwing","|-damage|p2a: Frostwing|217/384 par","|move|p2a: Frostwing|Heal Bell|p2a: Frostwing","|-cureteam|p2a: Frostwing|[from] move: HealBell","|","|-heal|p2a: Frostwing|241/384|[from] item: Leftovers","|-heal|p1a: Slowbro|256/394|[from] item: Leftovers","|turn|45","|","|move|p2a: Frostwing|Freeze-Dry|p1a: Slowbro","|-supereffective|p1a: Slowbro","|-damage|p1a: Slowbro|62/394","|-status|p1a: Slowbro|frz","|-curestatus|p1a: Slowbro|frz|[from] move: Scald","|move|p1a: Slowbro|Scald|p2a: Frostwing","|-damage|p2a: Frostwing|184/384","|","|-heal|p2a: Frostwing|208/384|[from] item: Leftovers","|-heal|p1a: Slowbro|86/394|[from] item: Leftovers","|turn|46","|","|move|p2a: Frostwing|Freeze-Dry|p1a: Slowbro","|-supereffective|p1a: Slowbro","|-damage|p1a: Slowbro|0 fnt","|faint|p1a: Slowbro","|","|-heal|p2a: Frostwing|232/384|[from] item: Leftovers","|","|switch|p1a: Keldeo-Resolute|Keldeo-Resolute|189/323","|-damage|p1a: Keldeo-Resolute|169/323|[from] Stealth Rock","|turn|47","|","|move|p1a: Keldeo-Resolute|Hydro Pump|p2a: Frostwing|[miss]","|-miss|p1a: Keldeo-Resolute|p2a: Frostwing","|move|p2a: Frostwing|Freeze-Dry|p1a: Keldeo-Resolute","|-supereffective|p1a: Keldeo-Resolute","|-damage|p1a: Keldeo-Resolute|0 fnt","|faint|p1a: Keldeo-Resolute","|","|win|Rain Mistral"],"p1rating":{"entryid":"365975","serverid":"eos","formatid":"monotype","userid":"yungdraco","username":"Yung Draco","w":"1","l":4,"t":"0","gxe":40.1,"r":"1500","rd":"130","sigma":"0","rptime":"1440320400","rpr":1420.9907304397,"rprd":101.73934126653,"rpsigma":"0","acre":1030.247323406,"lacre":1030.247323406,"oldacre":"1040.985853948"},"p2rating":{"entryid":"218522","serverid":"eos","formatid":"monotype","userid":"rainmistral","username":"Rain Mistral","w":11,"l":"5","t":"0","gxe":63.7,"r":"1591.1106160818","rd":"83.532705428853","sigma":"0","rptime":"1440320400","rpr":1608.1112599051,"rprd":76.373049023295,"rpsigma":"0","acre":1178.6703549541,"lacre":1178.6703549541,"oldacre":"1162.0450583041"},"endType":"normal"}