{"seed":[5597,41802,27426,13161],"turns":28,"p1":"Guаrd Wսlf","p2":"Cryѕtаl Rain","p1team":[{"name":"Fear me Imo","species":"cobalion","item":"leftovers","ability":"Justified","moves":["stealthrock","voltswitch","flashcannon","thunderwave"],"nature":"Bold","evs":{"hp":200,"atk":0,"def":252,"spa":8,"spd":0,"spe":48},"ivs":{"hp":31,"atk":31,"def":31,"spa":31,"spd":31,"spe":31}},{"name":"Guess who's back","species":"gallade","item":"galladite","ability":"Justified","moves":["icepunch","closecombat","swordsdance","psychocut"],"nature":"Jolly","evs":{"hp":0,"atk":252,"def":0,"spa":0,"spd":4,"spe":252},"ivs":{"hp":31,"atk":31,"def":31,"spa":31,"spd":31,"spe":31}},{"name":"OG","species":"scrafty","item":"leftovers","ability":"Shed Skin","moves":["crunch","dragondance","poisonjab","drainpunch"],"nature":"Jolly","evs":{"hp":0,"atk":208,"def":0,"spa":0,"spd":48,"spe":252},"ivs":{"hp":31,"atk":31,"def":31,"spa":31,"spd":31,"spe":31}},{"name":"sableye :)","species":"keldeo","item":"choicespecs","ability":"Justified","moves":["surf","hydropump","secretsword","icywind"],"nature":"Timid","evs":{"hp":0,"atk":0,"def":0,"spa":252,"spd":4,"spe":252},"ivs":{"hp":31,"atk":31,"def":31,"spa":31,"spd":31,"spe":31}},{"name":"CB God","species":"terrakion","item":"choicescarf","ability":"Justified","moves":["earthquake","stoneedge","poisonjab","closecombat"],"nature":"Jolly","evs":{"hp":0,"atk":252,"def":0,"spa":0,"spd":4,"spe":252},"ivs":{"hp":31,"atk":31,"def":31,"spa":31,"spd":31,"spe":31}},{"name":"FUCK U","species":"hawlucha","item":"powerherb","ability":"Unburden","moves":["swordsdance","skyattack","acrobatics","highjumpkick"],"nature":"Jolly","evs":{"hp":0,"atk":252,"def":0,"spa":0,"spd":4,"spe":252},"ivs":{"hp":31,"atk":31,"def":31,"spa":31,"spd":31,"spe":31}}],"p2team":[{"name":"Sableye","species":"Sableye","item":"sablenite","ability":"Prankster","moves":["calmmind","recover","willowisp","snarl"],"nature":"Bold","evs":{"hp":252,"atk":0,"def":196,"spa":0,"spd":60,"spe":0},"ivs":{"hp":31,"atk":31,"def":31,"spa":31,"spd":31,"spe":31}},{"name":"Tyranitar","species":"Tyranitar","item":"leftovers","ability":"Sand Stream","moves":["stoneedge","fireblast","stealthrock","thunderwave"],"nature":"Brave","evs":{"hp":252,"atk":56,"def":0,"spa":0,"spd":200,"spe":0},"ivs":{"hp":31,"atk":31,"def":31,"spa":31,"spd":31,"spe":31}},{"name":"Hoopa-Unbound","species":"Hoopa-Unbound","item":"choicescarf","ability":"Magician","moves":["hyperspacefury","hyperspacehole","gunkshot","energyball"],"nature":"Hasty","evs":{"hp":0,"atk":180,"def":0,"spa":76,"spd":0,"spe":252},"ivs":{"hp":31,"atk":31,"def":31,"spa":31,"spd":31,"spe":31}},{"name":"Crawdaunt","species":"Crawdaunt","item":"lifeorb","ability":"Adaptability","moves":["knockoff","aquajet","swordsdance","crabhammer"],"nature":"Adamant","evs":{"hp":0,"atk":252,"def":0,"spa":0,"spd":4,"spe":252},"ivs":{"hp":31,"atk":31,"def":31,"spa":31,"spd":31,"spe":31}},{"name":"Mandibuzz","species":"Mandibuzz","item":"rockyhelmet","ability":"Overcoat","moves":["bravebird","foulplay","roost","defog"],"nature":"Impish","evs":{"hp":248,"atk":8,"def":252,"spa":0,"spd":0,"spe":0},"ivs":{"hp":31,"atk":31,"def":31,"spa":31,"spd":31,"spe":31}},{"name":"Bisharp","species":"Bisharp","item":"lumberry","ability":"Defiant","moves":["knockoff","ironhead","swordsdance","suckerpunch"],"nature":"Adamant","evs":{"hp":0,"atk":252,"def":0,"spa":0,"spd":4,"spe":252},"shiny":true,"ivs":{"hp":31,"atk":31,"def":31,"spa":31,"spd":31,"spe":31}}],"log":["|player|p1|Guаrd Wսlf|143","|player|p2|Cryѕtаl Rain|crystalraichu.png","|gametype|singles","|gen|6","|tier|Monotype","|rated","|rule|Baton Pass Clause: Limit one Baton Passer, can't pass Spe and other stats simultaneously","|rule|Swagger Clause: Swagger is banned","|rule|Same Type Clause: Pokémon in a team must share a type","|clearpoke","|poke|p1|Cobalion","|poke|p1|Gallade, M","|poke|p1|Scrafty, F","|poke|p1|Keldeo","|poke|p1|Terrakion","|poke|p1|Hawlucha, M","|poke|p2|Sableye, M","|poke|p2|Tyranitar, M","|poke|p2|Hoopa-Unbound","|poke|p2|Crawdaunt, F","|poke|p2|Mandibuzz, F","|poke|p2|Bisharp, M, shiny","|rule|Sleep Clause Mod: Limit one foe put to sleep","|rule|Species Clause: Limit one of each Pokémon","|rule|OHKO Clause: OHKO moves are banned","|rule|Moody Clause: Moody is banned","|rule|Evasion Moves Clause: Evasion moves are banned","|rule|Endless Battle Clause: Forcing endless battles is banned","|rule|HP Percentage Mod: HP is shown in percentages","|teampreview","|","|start","|switch|p1a: sableye :)|Keldeo|323/323","|switch|p2a: Sableye|Sableye, M|304/304","|turn|1","|","|switch|p2a: Mandibuzz|Mandibuzz, F|423/423","|move|p1a: sableye :)|Surf|p2a: Mandibuzz","|-damage|p2a: Mandibuzz|156/423","|","|turn|2","|","|switch|p2a: Tyranitar|Tyranitar, M|404/404","|-weather|Sandstorm","|move|p1a: sableye :)|Surf|p2a: Tyranitar","|-supereffective|p2a: Tyranitar","|-damage|p2a: Tyranitar|156/404","|","|-weather|Sandstorm|[upkeep]","|-damage|p1a: sableye :)|303/323|[from] sandstorm","|-heal|p2a: Tyranitar|181/404|[from] item: Leftovers","|turn|3","|","|move|p1a: sableye :)|Surf|p2a: Tyranitar","|-supereffective|p2a: Tyranitar","|-damage|p2a: Tyranitar|0 fnt","|faint|p2a: Tyranitar","|","|-weather|Sandstorm|[upkeep]","|-damage|p1a: sableye :)|283/323|[from] sandstorm","|","|switch|p2a: Hoopa-Unbound|Hoopa-Unbound|301/301","|turn|4","|","|switch|p1a: Fear me Imo|Cobalion|373/373","|move|p2a: Hoopa-Unbound|Hyperspace Hole|p1a: Fear me Imo","|-damage|p1a: Fear me Imo|180/373","|","|-weather|Sandstorm|[upkeep]","|-damage|p2a: Hoopa-Unbound|283/301|[from] sandstorm","|-heal|p1a: Fear me Imo|203/373|[from] item: Leftovers","|turn|5","|","|switch|p2a: Mandibuzz|Mandibuzz, F|156/423","|switch|p1a: OG|Scrafty, F|271/271","|","|-weather|Sandstorm|[upkeep]","|-damage|p1a: OG|255/271|[from] sandstorm","|-heal|p1a: OG|271/271|[from] item: Leftovers","|turn|6","|","|switch|p1a: Guess who's back|Gallade, M|277/277","|move|p2a: Mandibuzz|Roost|p2a: Mandibuzz","|-heal|p2a: Mandibuzz|368/423","|","|-weather|none","|turn|7","|","|detailschange|p1a: Guess who's back|Gallade-Mega, M","|-mega|p1a: Guess who's back|Gallade|Galladite","|move|p1a: Guess who's back|Close Combat|p2a: Mandibuzz","|-damage|p2a: Mandibuzz|199/423","|-damage|p1a: Guess who's back|231/277|[from] item: Rocky Helmet|[of] p2a: Mandibuzz","|-unboost|p1a: Guess who's back|def|1","|-unboost|p1a: Guess who's back|spd|1","|move|p2a: Mandibuzz|Foul Play|p1a: Guess who's back","|-damage|p1a: Guess who's back|0 fnt","|faint|p1a: Guess who's back","|","|","|switch|p1a: sableye :)|Keldeo|283/323","|turn|8","|","|move|p1a: sableye :)|Surf|p2a: Mandibuzz","|-damage|p2a: Mandibuzz|0 fnt","|faint|p2a: Mandibuzz","|","|","|switch|p2a: Hoopa-Unbound|Hoopa-Unbound|283/301","|turn|9","|","|switch|p2a: Sableye|Sableye, M|304/304","|switch|p1a: OG|Scrafty, F|271/271","|","|turn|10","|","|move|p2a: Sableye|Will-O-Wisp|p1a: OG","|-status|p1a: OG|brn","|move|p1a: OG|Dragon Dance|p1a: OG","|-boost|p1a: OG|atk|1","|-boost|p1a: OG|spe|1","|","|-damage|p1a: OG|238/271 brn|[from] brn","|turn|11","|","|detailschange|p2a: Sableye|Sableye-Mega, M","|-mega|p2a: Sableye|Sableye|Sablenite","|move|p1a: OG|Dragon Dance|p1a: OG","|-boost|p1a: OG|atk|1","|-boost|p1a: OG|spe|1","|move|p2a: Sableye|Snarl|p1a: OG","|-resisted|p1a: OG","|-damage|p1a: OG|226/271 brn","|-unboost|p1a: OG|spa|1","|","|-heal|p1a: OG|242/271 brn|[from] item: Leftovers","|-damage|p1a: OG|209/271 brn|[from] brn","|turn|12","|","|move|p1a: OG|Crunch|p2a: Sableye","|-damage|p2a: Sableye|235/304","|move|p2a: Sableye|Snarl|p1a: OG","|-crit|p1a: OG","|-resisted|p1a: OG","|-damage|p1a: OG|192/271 brn","|-unboost|p1a: OG|spa|1","|","|-heal|p1a: OG|208/271 brn|[from] item: Leftovers","|-damage|p1a: OG|175/271 brn|[from] brn","|turn|13","|","|move|p1a: OG|Dragon Dance|p1a: OG","|-boost|p1a: OG|atk|1","|-boost|p1a: OG|spe|1","|move|p2a: Sableye|Snarl|p1a: OG","|-crit|p1a: OG","|-resisted|p1a: OG","|-damage|p1a: OG|156/271 brn","|-unboost|p1a: OG|spa|1","|","|-heal|p1a: OG|172/271 brn|[from] item: Leftovers","|-damage|p1a: OG|139/271 brn|[from] brn","|turn|14","|","|move|p1a: OG|Crunch|p2a: Sableye","|-damage|p2a: Sableye|151/304","|-unboost|p2a: Sableye|def|1","|move|p2a: Sableye|Calm Mind|p2a: Sableye","|-boost|p2a: Sableye|spa|1","|-boost|p2a: Sableye|spd|1","|","|-heal|p1a: OG|155/271 brn|[from] item: Leftovers","|-damage|p1a: OG|122/271 brn|[from] brn","|turn|15","|","|move|p1a: OG|Crunch|p2a: Sableye","|-damage|p2a: Sableye|31/304","|-unboost|p2a: Sableye|def|1","|move|p2a: Sableye|Recover|p2a: Sableye","|-heal|p2a: Sableye|183/304","|","|-heal|p1a: OG|138/271 brn|[from] item: Leftovers","|-damage|p1a: OG|105/271 brn|[from] brn","|turn|16","|","|move|p1a: OG|Crunch|p2a: Sableye","|-damage|p2a: Sableye|0 fnt","|faint|p2a: Sableye","|","|-activate|p1a: OG|ability: Shed Skin","|-curestatus|p1a: OG|brn","|-heal|p1a: OG|121/271|[from] item: Leftovers","|","|switch|p2a: Crawdaunt|Crawdaunt, F|267/267","|turn|17","|","|move|p2a: Crawdaunt|Aqua Jet|p1a: OG","|-damage|p1a: OG|0 fnt","|-damage|p2a: Crawdaunt|241/267|[from] item: Life Orb","|faint|p1a: OG","|","|","|switch|p1a: FUCK U|Hawlucha, M|297/297","|turn|18","|","|move|p2a: Crawdaunt|Aqua Jet|p1a: FUCK U","|-damage|p1a: FUCK U|120/297","|-damage|p2a: Crawdaunt|215/267|[from] item: Life Orb","|move|p1a: FUCK U|Sky Attack|p2a: Crawdaunt|[still]","|-prepare|p1a: FUCK U|Sky Attack|p2a: Crawdaunt","|-enditem|p1a: FUCK U|Power Herb","|-anim|p1a: FUCK U|Sky Attack|p2a: Crawdaunt","|-damage|p2a: Crawdaunt|4/267","|","|turn|19","|","|move|p2a: Crawdaunt|Aqua Jet|p1a: FUCK U","|-damage|p1a: FUCK U|0 fnt","|-damage|p2a: Crawdaunt|0 fnt|[from] item: Life Orb","|faint|p1a: FUCK U","|faint|p2a: Crawdaunt","|","|","|switch|p1a: Fear me Imo|Cobalion|203/373","|switch|p2a: Bisharp|Bisharp, M, shiny|271/271","|turn|20","|","|move|p1a: Fear me Imo|Thunder Wave|p2a: Bisharp","|-status|p2a: Bisharp|par","|-enditem|p2a: Bisharp|Lum Berry|[eat]","|-curestatus|p2a: Bisharp|par","|move|p2a: Bisharp|Knock Off|p1a: Fear me Imo","|-resisted|p1a: Fear me Imo","|-damage|p1a: Fear me Imo|149/373","|-boost|p1a: Fear me Imo|atk|1|[from] ability: Justified","|-enditem|p1a: Fear me Imo|Leftovers|[from] move: Knock Off|[of] p2a: Bisharp","|","|turn|21","|","|move|p2a: Bisharp|Sucker Punch|p1a: Fear me Imo","|-fail|p2a: Bisharp","|move|p1a: Fear me Imo|Thunder Wave|p2a: Bisharp","|-status|p2a: Bisharp|par","|","|turn|22","|","|move|p1a: Fear me Imo|Stealth Rock|p2a: Bisharp","|-sidestart|p2: Cryѕtаl Rain|move: Stealth Rock","|move|p2a: Bisharp|Iron Head|p1a: Fear me Imo","|-resisted|p1a: Fear me Imo","|-damage|p1a: Fear me Imo|99/373","|","|turn|23","|","|move|p1a: Fear me Imo|Flash Cannon|p2a: Bisharp","|-resisted|p2a: Bisharp","|-damage|p2a: Bisharp|214/271 par","|move|p2a: Bisharp|Knock Off|p1a: Fear me Imo","|-resisted|p1a: Fear me Imo","|-damage|p1a: Fear me Imo|58/373","|-boost|p1a: Fear me Imo|atk|1|[from] ability: Justified","|","|turn|24","|","|move|p1a: Fear me Imo|Flash Cannon|p2a: Bisharp","|-resisted|p2a: Bisharp","|-damage|p2a: Bisharp|156/271 par","|move|p2a: Bisharp|Swords Dance|p2a: Bisharp","|-boost|p2a: Bisharp|atk|2","|","|turn|25","|","|move|p2a: Bisharp|Sucker Punch|p1a: Fear me Imo","|-resisted|p1a: Fear me Imo","|-damage|p1a: Fear me Imo|0 fnt","|faint|p1a: Fear me Imo","|","|","|switch|p1a: sableye :)|Keldeo|283/323","|turn|26","|","|move|p2a: Bisharp|Sucker Punch|p1a: sableye :)","|-resisted|p1a: sableye :)","|-damage|p1a: sableye :)|120/323","|-boost|p1a: sableye :)|atk|1|[from] ability: Justified","|move|p1a: sableye :)|Secret Sword|p2a: Bisharp","|-supereffective|p2a: Bisharp","|-damage|p2a: Bisharp|0 fnt","|faint|p2a: Bisharp","|","|","|switch|p2a: Hoopa-Unbound|Hoopa-Unbound|283/301","|-damage|p2a: Hoopa-Unbound|246/301|[from] Stealth Rock","|turn|27","|","|move|p2a: Hoopa-Unbound|Hyperspace Hole|p1a: sableye :)","|-supereffective|p1a: sableye :)","|-damage|p1a: sableye :)|0 fnt","|faint|p1a: sableye :)","|","|","|switch|p1a: CB God|Terrakion|323/323","|turn|28","|","|move|p1a: CB God|Close Combat|p2a: Hoopa-Unbound","|-damage|p2a: Hoopa-Unbound|0 fnt","|-unboost|p1a: CB God|def|1","|-unboost|p1a: CB God|spd|1","|faint|p2a: Hoopa-Unbound","|","|win|Guаrd Wսlf"],"p1rating":{"entryid":"63748","serverid":"eos","formatid":"monotype","userid":"gurdwlf","username":"Guаrd Wսlf","w":3,"l":"3","t":"0","gxe":50.1,"r":"1472.5525746283","rd":"103.57544065789","sigma":"0","rptime":"1440320400","rpr":1501.0258088523,"rprd":99.871903784446,"rpsigma":"0","acre":1112.4315308888,"lacre":1112.4315308888,"oldacre":"1084.4869164935"},"p2rating":{"entryid":"372740","serverid":"eos","formatid":"monotype","userid":"crytlrain","username":"Cryѕtаl Rain","w":"2","l":1,"t":"0","gxe":53,"r":"1500","rd":"130","sigma":"0","rptime":"1440320400","rpr":1523.8240775644,"rprd":110.48145299681,"rpsigma":"0","acre":1067.9508383599,"lacre":1067.9508383599,"oldacre":"1092.3410932124"},"endType":"normal"}