{"seed":[40395,6326,757,6329],"turns":34,"p1":"Twizz","p2":"GL♅Reshiram","p1team":[{"name":"Togekiss","species":"Togekiss","item":"assaultvest","ability":"Serene Grace","moves":["flamethrower","airslash","dazzlinggleam","aurasphere"],"nature":"Modest","evs":{"hp":4,"atk":0,"def":0,"spa":252,"spd":252,"spe":0},"ivs":{"hp":31,"atk":31,"def":31,"spa":31,"spd":31,"spe":31}},{"name":"Dragonite","species":"Dragonite","item":"weaknesspolicy","ability":"Multiscale","moves":["dragondance","dragonclaw","earthquake","extremespeed"],"nature":"Adamant","evs":{"hp":0,"atk":252,"def":0,"spa":0,"spd":4,"spe":252},"ivs":{"hp":31,"atk":31,"def":31,"spa":31,"spd":31,"spe":31}},{"name":"Skarmory","species":"Skarmory","item":"rockyhelmet","ability":"Sturdy","moves":["bravebird","stealthrock","roost","whirlwind"],"nature":"Impish","evs":{"hp":248,"atk":0,"def":236,"spa":0,"spd":0,"spe":24},"ivs":{"hp":31,"atk":31,"def":31,"spa":31,"spd":31,"spe":31}},{"name":"Gyarados","species":"Gyarados","item":"gyaradosite","ability":"Intimidate","moves":["waterfall","dragondance","earthquake","crunch"],"nature":"Adamant","evs":{"hp":0,"atk":252,"def":0,"spa":0,"spd":4,"spe":252},"ivs":{"hp":31,"atk":31,"def":31,"spa":31,"spd":31,"spe":31}},{"name":"Landorus","species":"Landorus","item":"choiceband","ability":"Sheer Force","moves":["earthquake","knockoff","uturn","rockslide"],"nature":"Jolly","evs":{"hp":0,"atk":252,"def":0,"spa":0,"spd":4,"spe":252},"ivs":{"hp":31,"atk":31,"def":31,"spa":31,"spd":31,"spe":31}},{"name":"Honchkrow","species":"Honchkrow","item":"lifeorb","ability":"Moxie","moves":["suckerpunch","heatwave","bravebird","nightslash"],"nature":"Hasty","evs":{"hp":0,"atk":252,"def":0,"spa":4,"spd":0,"spe":252},"ivs":{"hp":31,"atk":31,"def":31,"spa":31,"spd":31,"spe":31}}],"p2team":[{"name":"Conductor","species":"heatran","item":"assaultvest","ability":"Flash Fire","moves":["lavaplume","earthpower","dragonpulse","flashcannon"],"nature":"Mild","evs":{"hp":4,"atk":0,"def":0,"spa":252,"spd":252,"spe":0},"ivs":{"hp":31,"atk":31,"def":31,"spa":31,"spd":31,"spe":31}},{"name":"Ninetales","species":"Ninetales","item":"focussash","ability":"Drought","moves":["flamethrower","solarbeam","roar","nastyplot"],"nature":"Timid","evs":{"hp":0,"atk":0,"def":0,"spa":252,"spd":4,"spe":252},"ivs":{"hp":31,"atk":31,"def":31,"spa":31,"spd":31,"spe":31}},{"name":"Torkoal","species":"Torkoal","item":"leftovers","ability":"Shell Armor","moves":["protect","willowisp","clearsmog","rapidspin"],"nature":"Bold","evs":{"hp":252,"atk":0,"def":252,"spa":4,"spd":0,"spe":0},"ivs":{"hp":31,"atk":31,"def":31,"spa":31,"spd":31,"spe":31}},{"name":"Rotom-Heat","species":"Rotom-Heat","item":"lightclay","ability":"Levitate","moves":["voltswitch","painsplit","reflect","lightscreen"],"nature":"Timid","evs":{"hp":236,"atk":0,"def":8,"spa":4,"spd":8,"spe":252},"ivs":{"hp":31,"atk":31,"def":31,"spa":31,"spd":31,"spe":31}},{"name":"Swordsman","species":"infernape","item":"focussash","ability":"Iron Fist","moves":["firepunch","machpunch","thunderpunch","swordsdance"],"nature":"Jolly","evs":{"hp":4,"atk":252,"def":0,"spa":0,"spd":0,"spe":252},"ivs":{"hp":31,"atk":31,"def":31,"spa":31,"spd":31,"spe":31}},{"name":"Charizard","species":"Charizard","item":"charizarditey","ability":"Blaze","moves":["fireblast","solarbeam","airslash","roost"],"nature":"Timid","evs":{"hp":0,"atk":0,"def":0,"spa":252,"spd":4,"spe":252},"ivs":{"hp":31,"atk":31,"def":31,"spa":31,"spd":31,"spe":31}}],"log":["|player|p1|Twizz|264","|player|p2|GL♅Reshiram|163","|gametype|singles","|gen|6","|tier|Monotype","|rated","|rule|Baton Pass Clause: Limit one Baton Passer, can't pass Spe and other stats simultaneously","|rule|Swagger Clause: Swagger is banned","|rule|Same Type Clause: Pokémon in a team must share a type","|clearpoke","|poke|p1|Togekiss, F","|poke|p1|Dragonite, M","|poke|p1|Skarmory, M","|poke|p1|Gyarados, M","|poke|p1|Landorus, M","|poke|p1|Honchkrow, F","|poke|p2|Heatran, M","|poke|p2|Ninetales, F","|poke|p2|Torkoal, M","|poke|p2|Rotom-Heat","|poke|p2|Infernape, F","|poke|p2|Charizard, F","|rule|Sleep Clause Mod: Limit one foe put to sleep","|rule|Species Clause: Limit one of each Pokémon","|rule|OHKO Clause: OHKO moves are banned","|rule|Moody Clause: Moody is banned","|rule|Evasion Moves Clause: Evasion moves are banned","|rule|Endless Battle Clause: Forcing endless battles is banned","|rule|HP Percentage Mod: HP is shown in percentages","|teampreview","|","|start","|switch|p1a: Skarmory|Skarmory, M|333/333","|switch|p2a: Rotom-Heat|Rotom-Heat|300/300","|turn|1","|","|move|p2a: Rotom-Heat|Volt Switch|p1a: Skarmory","|-crit|p1a: Skarmory","|-supereffective|p1a: Skarmory","|-ability|p1a: Skarmory|Sturdy","|-damage|p1a: Skarmory|1/333","|","|switch|p2a: Torkoal|Torkoal, M|344/344","|move|p1a: Skarmory|Stealth Rock|p2a: Torkoal","|-sidestart|p2: GL♅Reshiram|move: Stealth Rock","|","|turn|2","|","|switch|p1a: Gyarados|Gyarados, M|331/331","|-ability|p1a: Gyarados|Intimidate","|-unboost|p2a: Torkoal|atk|1","|move|p2a: Torkoal|Rapid Spin|p1a: Gyarados","|-damage|p1a: Gyarados|321/331","|-sideend|p2: GL♅Reshiram|Stealth Rock|[from] move: Rapid Spin|[of] p2a: Torkoal","|","|turn|3","|","|switch|p1a: Skarmory|Skarmory, M|1/333","|move|p2a: Torkoal|Will-O-Wisp|p1a: Skarmory","|-status|p1a: Skarmory|brn","|","|-damage|p1a: Skarmory|0 fnt|[from] brn","|faint|p1a: Skarmory","|","|switch|p1a: Togekiss|Togekiss, F|312/312","|turn|4","|","|switch|p2a: Conductor|Heatran, M|324/324","|move|p1a: Togekiss|Air Slash|p2a: Conductor","|-resisted|p2a: Conductor","|-damage|p2a: Conductor|291/324","|","|turn|5","|","|switch|p1a: Gyarados|Gyarados, M|321/331","|-ability|p1a: Gyarados|Intimidate","|-unboost|p2a: Conductor|atk|1","|move|p2a: Conductor|Flash Cannon|p1a: Gyarados","|-resisted|p1a: Gyarados","|-damage|p1a: Gyarados|248/331","|","|turn|6","|","|switch|p2a: Torkoal|Torkoal, M|344/344","|detailschange|p1a: Gyarados|Gyarados-Mega, M","|-mega|p1a: Gyarados|Gyarados|Gyaradosite","|-ability|p1a: Gyarados|Mold Breaker","|move|p1a: Gyarados|Dragon Dance|p1a: Gyarados","|-boost|p1a: Gyarados|atk|1","|-boost|p1a: Gyarados|spe|1","|","|turn|7","|","|switch|p1a: Togekiss|Togekiss, F|312/312","|move|p2a: Torkoal|Will-O-Wisp|p1a: Togekiss","|-status|p1a: Togekiss|brn","|","|-damage|p1a: Togekiss|273/312 brn|[from] brn","|turn|8","|","|move|p2a: Torkoal|Protect|p2a: Torkoal","|-singleturn|p2a: Torkoal|Protect","|move|p1a: Togekiss|Aura Sphere|p2a: Torkoal","|-activate|p2a: Torkoal|Protect","|","|-damage|p1a: Togekiss|234/312 brn|[from] brn","|turn|9","|","|switch|p2a: Rotom-Heat|Rotom-Heat|300/300","|move|p1a: Togekiss|Air Slash|p2a: Rotom-Heat","|-resisted|p2a: Rotom-Heat","|-damage|p2a: Rotom-Heat|231/300","|","|-damage|p1a: Togekiss|195/312 brn|[from] brn","|turn|10","|","|switch|p1a: Landorus|Landorus, M|319/319","|move|p2a: Rotom-Heat|Light Screen|p2a: Rotom-Heat","|-sidestart|p2: GL♅Reshiram|move: Light Screen","|","|turn|11","|","|move|p1a: Landorus|Knock Off|p2a: Rotom-Heat","|-damage|p2a: Rotom-Heat|66/300","|-enditem|p2a: Rotom-Heat|Light Clay|[from] move: Knock Off|[of] p1a: Landorus","|move|p2a: Rotom-Heat|Reflect|p2a: Rotom-Heat","|-sidestart|p2: GL♅Reshiram|Reflect","|","|turn|12","|","|switch|p1a: Dragonite|Dragonite, M|323/323","|switch|p2a: Torkoal|Torkoal, M|344/344","|","|turn|13","|","|switch|p1a: Togekiss|Togekiss, F|195/312 brn","|move|p2a: Torkoal|Clear Smog|p1a: Togekiss","|-supereffective|p1a: Togekiss","|-damage|p1a: Togekiss|163/312 brn","|-clearboost|p1a: Togekiss","|","|-damage|p1a: Togekiss|124/312 brn|[from] brn","|turn|14","|","|move|p2a: Torkoal|Protect|p2a: Torkoal","|-singleturn|p2a: Torkoal|Protect","|move|p1a: Togekiss|Air Slash|p2a: Torkoal","|-activate|p2a: Torkoal|Protect","|","|-damage|p1a: Togekiss|85/312 brn|[from] brn","|turn|15","|","|move|p1a: Togekiss|Air Slash|p2a: Torkoal","|-damage|p2a: Torkoal|251/344","|cant|p2a: Torkoal|flinch","|","|-heal|p2a: Torkoal|272/344|[from] item: Leftovers","|-damage|p1a: Togekiss|46/312 brn|[from] brn","|-sideend|p2: GL♅Reshiram|Reflect","|turn|16","|","|move|p2a: Torkoal|Protect|p2a: Torkoal","|-singleturn|p2a: Torkoal|Protect","|move|p1a: Togekiss|Air Slash|p2a: Torkoal","|-activate|p2a: Torkoal|Protect","|","|-heal|p2a: Torkoal|293/344|[from] item: Leftovers","|-damage|p1a: Togekiss|7/312 brn|[from] brn","|turn|17","|","|move|p1a: Togekiss|Air Slash|p2a: Torkoal","|-damage|p2a: Torkoal|203/344","|cant|p2a: Torkoal|flinch","|","|-heal|p2a: Torkoal|224/344|[from] item: Leftovers","|-damage|p1a: Togekiss|0 fnt|[from] brn","|-sideend|p2: GL♅Reshiram|move: Light Screen","|faint|p1a: Togekiss","|","|switch|p1a: Gyarados|Gyarados-Mega, M|248/331","|-ability|p1a: Gyarados|Mold Breaker","|turn|18","|","|move|p1a: Gyarados|Waterfall|p2a: Torkoal","|-crit|p2a: Torkoal","|-supereffective|p2a: Torkoal","|-damage|p2a: Torkoal|0 fnt","|faint|p2a: Torkoal","|","|","|switch|p2a: Ninetales|Ninetales, F|287/287","|-weather|SunnyDay","|turn|19","|","|switch|p1a: Dragonite|Dragonite, M|323/323","|move|p2a: Ninetales|Solar Beam|p1a: Dragonite|[still]","|-prepare|p2a: Ninetales|Solar Beam|p1a: Dragonite","|-anim|p2a: Ninetales|Solar Beam|p1a: Dragonite","|-resisted|p1a: Dragonite","|-damage|p1a: Dragonite|311/323","|","|-weather|SunnyDay|[upkeep]","|turn|20","|","|move|p1a: Dragonite|Dragon Dance|p1a: Dragonite","|-boost|p1a: Dragonite|atk|1","|-boost|p1a: Dragonite|spe|1","|move|p2a: Ninetales|Roar|p1a: Dragonite","|drag|p1a: Gyarados|Gyarados-Mega, M|248/331","|-ability|p1a: Gyarados|Mold Breaker","|","|-weather|SunnyDay|[upkeep]","|turn|21","|","|move|p2a: Ninetales|Nasty Plot|p2a: Ninetales","|-boost|p2a: Ninetales|spa|2","|move|p1a: Gyarados|Earthquake|p2a: Ninetales","|-supereffective|p2a: Ninetales","|-enditem|p2a: Ninetales|Focus Sash","|-damage|p2a: Ninetales|1/287","|","|-weather|SunnyDay|[upkeep]","|turn|22","|","|switch|p1a: Dragonite|Dragonite, M|311/323","|move|p2a: Ninetales|Solar Beam|p1a: Dragonite|[still]","|-prepare|p2a: Ninetales|Solar Beam|p1a: Dragonite","|-anim|p2a: Ninetales|Solar Beam|p1a: Dragonite","|-resisted|p1a: Dragonite","|-damage|p1a: Dragonite|261/323","|","|-weather|SunnyDay|[upkeep]","|turn|23","|","|move|p1a: Dragonite|Extreme Speed|p2a: Ninetales","|-damage|p2a: Ninetales|0 fnt","|faint|p2a: Ninetales","|","|-weather|none","|","|switch|p2a: Rotom-Heat|Rotom-Heat|66/300","|turn|24","|","|move|p2a: Rotom-Heat|Reflect|p2a: Rotom-Heat","|-sidestart|p2: GL♅Reshiram|Reflect","|move|p1a: Dragonite|Dragon Dance|p1a: Dragonite","|-boost|p1a: Dragonite|atk|1","|-boost|p1a: Dragonite|spe|1","|","|turn|25","|","|move|p1a: Dragonite|Dragon Dance|p1a: Dragonite","|-boost|p1a: Dragonite|atk|1","|-boost|p1a: Dragonite|spe|1","|move|p2a: Rotom-Heat|Pain Split|p1a: Dragonite","|-sethp|p1a: Dragonite|163/323|p2a: Rotom-Heat|163/300|[from] move: Pain Split","|","|turn|26","|","|move|p1a: Dragonite|Dragon Dance|p1a: Dragonite","|-boost|p1a: Dragonite|atk|1","|-boost|p1a: Dragonite|spe|1","|move|p2a: Rotom-Heat|Volt Switch|p1a: Dragonite","|-damage|p1a: Dragonite|78/323","|","|switch|p2a: Conductor|Heatran, M|291/324","|","|turn|27","|","|move|p1a: Dragonite|Earthquake|p2a: Conductor","|-supereffective|p2a: Conductor","|-damage|p2a: Conductor|0 fnt","|faint|p2a: Conductor","|","|","|switch|p2a: Swordsman|Infernape, F|294/294","|turn|28","|","|move|p1a: Dragonite|Earthquake|p2a: Swordsman","|-supereffective|p2a: Swordsman","|-enditem|p2a: Swordsman|Focus Sash","|-damage|p2a: Swordsman|1/294","|move|p2a: Swordsman|Thunder Punch|p1a: Dragonite","|-damage|p1a: Dragonite|0 fnt","|faint|p1a: Dragonite","|","|-sideend|p2: GL♅Reshiram|Reflect","|","|switch|p1a: Honchkrow|Honchkrow, F|341/341","|turn|29","|","|switch|p2a: Rotom-Heat|Rotom-Heat|163/300","|move|p1a: Honchkrow|Sucker Punch|p2a: Rotom-Heat","|-fail|p1a: Honchkrow","|","|turn|30","|","|move|p2a: Rotom-Heat|Reflect|p2a: Rotom-Heat","|-sidestart|p2: GL♅Reshiram|Reflect","|move|p1a: Honchkrow|Night Slash|p2a: Rotom-Heat","|-damage|p2a: Rotom-Heat|88/300","|-damage|p1a: Honchkrow|307/341|[from] item: Life Orb","|","|turn|31","|","|switch|p1a: Landorus|Landorus, M|319/319","|move|p2a: Rotom-Heat|Light Screen|p2a: Rotom-Heat","|-sidestart|p2: GL♅Reshiram|move: Light Screen","|","|turn|32","|","|move|p1a: Landorus|Rock Slide|p2a: Rotom-Heat","|-supereffective|p2a: Rotom-Heat","|-damage|p2a: Rotom-Heat|0 fnt","|faint|p2a: Rotom-Heat","|","|","|switch|p2a: Charizard|Charizard, F|297/297","|turn|33","|","|detailschange|p2a: Charizard|Charizard-Mega-Y, F","|-mega|p2a: Charizard|Charizard|Charizardite Y","|-weather|SunnyDay","|move|p1a: Landorus|Rock Slide|p2a: Charizard","|-supereffective|p2a: Charizard","|-damage|p2a: Charizard|0 fnt","|faint|p2a: Charizard","|","|-weather|SunnyDay|[upkeep]","|","|switch|p2a: Swordsman|Infernape, F|1/294","|turn|34","|","|move|p2a: Swordsman|Fire Punch|p1a: Landorus","|-damage|p1a: Landorus|102/319","|move|p1a: Landorus|Rock Slide|p2a: Swordsman","|-damage|p2a: Swordsman|0 fnt","|faint|p2a: Swordsman","|","|win|Twizz"],"p1rating":{"entryid":"66045","serverid":"eos","formatid":"monotype","userid":"twizz","username":"Twizz","w":9,"l":"4","t":"0","gxe":58.6,"r":"1551.22661504","rd":"84.745850539346","sigma":"0","rptime":"1440320400","rpr":1567.5079840202,"rprd":82.588769841635,"rpsigma":"0","acre":1165.5874546669,"lacre":1165.5874546669,"oldacre":"1146.7742850133"},"p2rating":{"entryid":"319032","serverid":"eos","formatid":"monotype","userid":"glreshiram","username":"GL♅Reshiram","w":"4","l":5,"t":"0","gxe":45.8,"r":"1504.2504998354","rd":"102.54067115159","sigma":"0","rptime":"1440320400","rpr":1467.0590986551,"rprd":89.625645166482,"rpsigma":"0","acre":1044.7887698011,"lacre":1044.7887698011,"oldacre":"1058.9705786689"},"endType":"normal"}