{"seed":[5004,19750,51929,8379],"turns":115,"p1":"Seven Swell","p2":"Crystal Blade64","p1team":[{"name":"Mew","species":"Mew","item":"leftovers","ability":"Synchronize","moves":["roost","toxic","healbell","aurasphere"],"nature":"Calm","evs":{"hp":252,"atk":0,"def":0,"spa":4,"spd":252,"spe":0},"ivs":{"hp":31,"atk":0,"def":31,"spa":31,"spd":31,"spe":31}},{"name":"Slowbro","species":"Slowbro","item":"rockyhelmet","ability":"Regenerator","moves":["scald","yawn","flamethrower","slackoff"],"nature":"Bold","evs":{"hp":252,"atk":0,"def":252,"spa":4,"spd":0,"spe":0},"ivs":{"hp":31,"atk":0,"def":31,"spa":31,"spd":31,"spe":31}},{"name":"Deoxys-Speed","species":"Deoxys-Speed","item":"focussash","ability":"Pressure","moves":["stealthrock","thunderbolt","thunderwave","icebeam"],"nature":"Timid","evs":{"hp":252,"atk":0,"def":0,"spa":44,"spd":0,"spe":212},"ivs":{"hp":31,"atk":0,"def":31,"spa":31,"spd":31,"spe":31}},{"name":"Latias","species":"Latias","item":"leftovers","ability":"Levitate","moves":["dracometeor","psyshock","roost","defog"],"nature":"Timid","evs":{"hp":252,"atk":0,"def":0,"spa":4,"spd":0,"spe":252},"ivs":{"hp":31,"atk":0,"def":31,"spa":31,"spd":31,"spe":31}},{"name":"Hoopa-Unbound","species":"Hoopa-Unbound","item":"focussash","ability":"Magician","moves":["hyperspacefury","drainpunch","firepunch","gunkshot"],"nature":"Adamant","evs":{"hp":0,"atk":252,"def":0,"spa":0,"spd":4,"spe":252},"ivs":{"hp":31,"atk":31,"def":31,"spa":31,"spd":31,"spe":31}},{"name":"Gardevoir","species":"Gardevoir","item":"gardevoirite","ability":"Trace","moves":["hypervoice","psyshock","shadowball","taunt"],"nature":"Timid","evs":{"hp":0,"atk":0,"def":0,"spa":252,"spd":4,"spe":252},"ivs":{"hp":31,"atk":0,"def":31,"spa":31,"spd":31,"spe":31}}],"p2team":[{"name":"Mew","species":"Mew","item":"leftovers","ability":"Synchronize","moves":["roost","willowisp","defog","knockoff"],"nature":"Careful","evs":{"hp":252,"atk":0,"def":4,"spa":0,"spd":252,"spe":0},"ivs":{"hp":31,"atk":31,"def":31,"spa":31,"spd":31,"spe":31}},{"name":"Medicham","species":"Medicham","item":"medichamite","ability":"Pure Power","moves":["fakeout","psychocut","highjumpkick","icepunch"],"nature":"Jolly","evs":{"hp":0,"atk":252,"def":0,"spa":0,"spd":4,"spe":252},"ivs":{"hp":31,"atk":31,"def":31,"spa":31,"spd":31,"spe":31}},{"name":"Hoopa-Unbound","species":"Hoopa-Unbound","item":"choicescarf","ability":"Magician","moves":["drainpunch","hyperspacefury","gunkshot","zenheadbutt"],"nature":"Jolly","evs":{"hp":0,"atk":252,"def":0,"spa":0,"spd":4,"spe":252},"ivs":{"hp":31,"atk":31,"def":31,"spa":31,"spd":31,"spe":31}},{"name":"Latios","species":"Latios","item":"choicescarf","ability":"Levitate","moves":["dracometeor","psyshock","energyball","thunderbolt"],"nature":"Timid","evs":{"hp":0,"atk":0,"def":0,"spa":252,"spd":4,"spe":252},"ivs":{"hp":31,"atk":31,"def":31,"spa":31,"spd":31,"spe":31}},{"name":"Victini","species":"Victini","item":"choicescarf","ability":"Victory Star","moves":["vcreate","boltstrike","zenheadbutt","uturn"],"nature":"Jolly","evs":{"hp":0,"atk":252,"def":0,"spa":0,"spd":4,"spe":252},"ivs":{"hp":31,"atk":31,"def":31,"spa":31,"spd":31,"spe":31}},{"name":"Slowbro","species":"Slowbro","item":"leftovers","ability":"Regenerator","moves":["thunderwave","scald","slackoff","fireblast"],"nature":"Bold","evs":{"hp":252,"atk":0,"def":252,"spa":4,"spd":0,"spe":0},"ivs":{"hp":31,"atk":31,"def":31,"spa":31,"spd":31,"spe":31}}],"log":["|player|p1|Seven Swell|sevenswell.png","|player|p2|Crystal Blade64|165","|gametype|singles","|gen|6","|tier|Monotype","|rated","|rule|Baton Pass Clause: Limit one Baton Passer, can't pass Spe and other stats simultaneously","|rule|Swagger Clause: Swagger is banned","|rule|Same Type Clause: Pokémon in a team must share a type","|clearpoke","|poke|p1|Mew","|poke|p1|Slowbro, M","|poke|p1|Deoxys-Speed","|poke|p1|Latias, F","|poke|p1|Hoopa-Unbound","|poke|p1|Gardevoir, F","|poke|p2|Mew","|poke|p2|Medicham, M","|poke|p2|Hoopa-Unbound","|poke|p2|Latios, M","|poke|p2|Victini","|poke|p2|Slowbro, M","|rule|Sleep Clause Mod: Limit one foe put to sleep","|rule|Species Clause: Limit one of each Pokémon","|rule|OHKO Clause: OHKO moves are banned","|rule|Moody Clause: Moody is banned","|rule|Evasion Moves Clause: Evasion moves are banned","|rule|Endless Battle Clause: Forcing endless battles is banned","|rule|HP Percentage Mod: HP is shown in percentages","|teampreview","|","|start","|switch|p1a: Hoopa-Unbound|Hoopa-Unbound|301/301","|switch|p2a: Victini|Victini|341/341","|turn|1","|","|switch|p1a: Slowbro|Slowbro, M|394/394","|move|p2a: Victini|U-turn|p1a: Slowbro","|-supereffective|p1a: Slowbro","|-damage|p1a: Slowbro|302/394","|-damage|p2a: Victini|285/341|[from] item: Rocky Helmet|[of] p1a: Slowbro","|","|switch|p2a: Latios|Latios, M|301/301","|","|turn|2","|","|switch|p1a: Mew|Mew|404/404","|move|p2a: Latios|Thunderbolt|p1a: Mew","|-damage|p1a: Mew|328/404","|","|-heal|p1a: Mew|353/404|[from] item: Leftovers","|turn|3","|","|switch|p2a: Mew|Mew|404/404","|move|p1a: Mew|Toxic|p2a: Mew","|-status|p2a: Mew|tox","|-status|p1a: Mew|tox","|","|-heal|p1a: Mew|378/404 tox|[from] item: Leftovers","|-damage|p2a: Mew|379/404 tox|[from] psn","|-damage|p1a: Mew|353/404 tox|[from] psn","|turn|4","|","|move|p1a: Mew|Heal Bell|p1a: Mew","|-cureteam|p1a: Mew|[from] move: HealBell","|move|p2a: Mew|Knock Off|p1a: Mew","|-supereffective|p1a: Mew","|-damage|p1a: Mew|209/404","|-enditem|p1a: Mew|Leftovers|[from] move: Knock Off|[of] p2a: Mew","|","|-heal|p2a: Mew|404/404 tox|[from] item: Leftovers","|-damage|p2a: Mew|354/404 tox|[from] psn","|turn|5","|","|switch|p2a: Victini|Victini|285/341","|move|p1a: Mew|Roost|p1a: Mew","|-heal|p1a: Mew|404/404","|","|turn|6","|","|switch|p1a: Slowbro|Slowbro, M|394/394","|move|p2a: Victini|U-turn|p1a: Slowbro","|-supereffective|p1a: Slowbro","|-damage|p1a: Slowbro|306/394","|-damage|p2a: Victini|229/341|[from] item: Rocky Helmet|[of] p1a: Slowbro","|","|switch|p2a: Hoopa-Unbound|Hoopa-Unbound|301/301","|","|turn|7","|","|move|p2a: Hoopa-Unbound|Hyperspace Fury|p1a: Slowbro","|-supereffective|p1a: Slowbro","|-damage|p1a: Slowbro|34/394","|-unboost|p2a: Hoopa-Unbound|def|1","|move|p1a: Slowbro|Yawn|p2a: Hoopa-Unbound","|-start|p2a: Hoopa-Unbound|move: Yawn|[of] p1a: Slowbro","|","|turn|8","|","|switch|p2a: Latios|Latios, M|301/301","|move|p1a: Slowbro|Slack Off|p1a: Slowbro","|-heal|p1a: Slowbro|231/394","|","|turn|9","|","|switch|p1a: Mew|Mew|404/404","|move|p2a: Latios|Energy Ball|p1a: Mew","|-damage|p1a: Mew|325/404","|","|turn|10","|","|switch|p2a: Mew|Mew|354/404 tox","|move|p1a: Mew|Toxic|p2a: Mew","|-fail|p2a: Mew|tox","|","|-heal|p2a: Mew|379/404 tox|[from] item: Leftovers","|-damage|p2a: Mew|354/404 tox|[from] psn","|turn|11","|","|switch|p1a: Gardevoir|Gardevoir, F|277/277","|-ability|p1a: Gardevoir|Synchronize|[from] ability: Trace|[of] p2a: Mew","|move|p2a: Mew|Knock Off|p1a: Gardevoir","|-damage|p1a: Gardevoir|206/277","|","|-heal|p2a: Mew|379/404 tox|[from] item: Leftovers","|-damage|p2a: Mew|329/404 tox|[from] psn","|turn|12","|","|detailschange|p1a: Gardevoir|Gardevoir-Mega, F","|-mega|p1a: Gardevoir|Gardevoir|Gardevoirite","|move|p1a: Gardevoir|Shadow Ball|p2a: Mew","|-supereffective|p2a: Mew","|-damage|p2a: Mew|157/404 tox","|-unboost|p2a: Mew|spd|1","|move|p2a: Mew|Knock Off|p1a: Gardevoir","|-damage|p1a: Gardevoir|135/277","|","|-heal|p2a: Mew|182/404 tox|[from] item: Leftovers","|-damage|p2a: Mew|107/404 tox|[from] psn","|turn|13","|","|move|p1a: Gardevoir|Hyper Voice|p2a: Mew","|-damage|p2a: Mew|0 fnt","|faint|p2a: Mew","|","|","|switch|p2a: Victini|Victini|229/341","|turn|14","|","|move|p2a: Victini|U-turn|p1a: Gardevoir","|-crit|p1a: Gardevoir","|-damage|p1a: Gardevoir|0 fnt","|faint|p1a: Gardevoir","|","|switch|p2a: Latios|Latios, M|301/301","|","|","|switch|p1a: Deoxys-Speed|Deoxys-Speed|304/304","|-ability|p1a: Deoxys-Speed|Pressure","|turn|15","|","|switch|p1a: Mew|Mew|325/404","|move|p2a: Latios|Draco Meteor|p1a: Mew","|-damage|p1a: Mew|148/404","|-unboost|p2a: Latios|spa|2","|","|turn|16","|","|switch|p2a: Victini|Victini|229/341","|move|p1a: Mew|Roost|p1a: Mew","|-heal|p1a: Mew|350/404","|","|turn|17","|","|switch|p1a: Slowbro|Slowbro, M|362/394","|move|p2a: Victini|Bolt Strike|p1a: Slowbro|[miss]","|-miss|p2a: Victini|p1a: Slowbro","|","|turn|18","|","|move|p2a: Victini|Bolt Strike|p1a: Slowbro","|-supereffective|p1a: Slowbro","|-damage|p1a: Slowbro|184/394","|-damage|p2a: Victini|173/341|[from] item: Rocky Helmet|[of] p1a: Slowbro","|-status|p1a: Slowbro|par","|move|p1a: Slowbro|Scald|p2a: Victini","|-supereffective|p2a: Victini","|-damage|p2a: Victini|0 fnt","|faint|p2a: Victini","|","|","|switch|p2a: Hoopa-Unbound|Hoopa-Unbound|301/301","|turn|19","|","|switch|p1a: Deoxys-Speed|Deoxys-Speed|304/304","|-ability|p1a: Deoxys-Speed|Pressure","|move|p2a: Hoopa-Unbound|Hyperspace Fury|p1a: Deoxys-Speed","|-supereffective|p1a: Deoxys-Speed","|-enditem|p1a: Deoxys-Speed|Focus Sash","|-damage|p1a: Deoxys-Speed|1/304","|-unboost|p2a: Hoopa-Unbound|def|1","|","|turn|20","|","|switch|p2a: Slowbro|Slowbro, M|394/394","|move|p1a: Deoxys-Speed|Thunder Wave|p2a: Slowbro","|-status|p2a: Slowbro|par","|","|turn|21","|","|switch|p1a: Mew|Mew|350/404","|move|p2a: Slowbro|Scald|p1a: Mew","|-damage|p1a: Mew|286/404","|","|turn|22","|","|move|p1a: Mew|Heal Bell|p1a: Mew","|-cureteam|p1a: Mew|[from] move: HealBell","|move|p2a: Slowbro|Thunder Wave|p1a: Mew","|-status|p1a: Mew|par","|","|turn|23","|","|switch|p2a: Hoopa-Unbound|Hoopa-Unbound|301/301","|move|p1a: Mew|Roost|p1a: Mew","|-heal|p1a: Mew|404/404 par","|","|turn|24","|","|move|p2a: Hoopa-Unbound|Hyperspace Fury|p1a: Mew","|-supereffective|p1a: Mew","|-damage|p1a: Mew|0 fnt","|-unboost|p2a: Hoopa-Unbound|def|1","|faint|p1a: Mew","|","|","|switch|p1a: Hoopa-Unbound|Hoopa-Unbound|301/301","|turn|25","|","|move|p2a: Hoopa-Unbound|Hyperspace Fury|p1a: Hoopa-Unbound","|-enditem|p1a: Hoopa-Unbound|Focus Sash","|-damage|p1a: Hoopa-Unbound|1/301","|-unboost|p2a: Hoopa-Unbound|def|1","|move|p1a: Hoopa-Unbound|Hyperspace Fury|p2a: Hoopa-Unbound","|-crit|p2a: Hoopa-Unbound","|-damage|p2a: Hoopa-Unbound|0 fnt","|-item|p1a: Hoopa-Unbound|Choice Scarf|[from] ability: Magician|[of] p2a: Hoopa-Unbound","|-unboost|p1a: Hoopa-Unbound|def|1","|faint|p2a: Hoopa-Unbound","|","|","|switch|p2a: Medicham|Medicham, M|261/261","|turn|26","|","|switch|p1a: Slowbro|Slowbro, M|315/394","|detailschange|p2a: Medicham|Medicham-Mega, M","|-mega|p2a: Medicham|Medicham|Medichamite","|move|p2a: Medicham|Fake Out|p1a: Slowbro","|-damage|p1a: Slowbro|257/394","|-damage|p2a: Medicham|218/261|[from] item: Rocky Helmet|[of] p1a: Slowbro","|","|turn|27","|","|switch|p2a: Slowbro|Slowbro, M|394/394 par","|move|p1a: Slowbro|Slack Off|p1a: Slowbro","|-heal|p1a: Slowbro|394/394","|","|turn|28","|","|move|p1a: Slowbro|Flamethrower|p2a: Slowbro","|-resisted|p2a: Slowbro","|-damage|p2a: Slowbro|348/394 par","|move|p2a: Slowbro|Thunder Wave|p1a: Slowbro","|-status|p1a: Slowbro|par","|","|-heal|p2a: Slowbro|372/394 par|[from] item: Leftovers","|turn|29","|","|switch|p2a: Latios|Latios, M|301/301","|move|p1a: Slowbro|Scald|p2a: Latios","|-resisted|p2a: Latios","|-damage|p2a: Latios|254/301","|-status|p2a: Latios|brn","|","|-damage|p2a: Latios|217/301 brn|[from] brn","|turn|30","|","|switch|p1a: Latias|Latias, F|364/364","|move|p2a: Latios|Energy Ball|p1a: Latias","|-resisted|p1a: Latias","|-damage|p1a: Latias|325/364","|","|-heal|p1a: Latias|347/364|[from] item: Leftovers","|-damage|p2a: Latios|180/301 brn|[from] brn","|turn|31","|","|switch|p2a: Slowbro|Slowbro, M|394/394 par","|move|p1a: Latias|Draco Meteor|p2a: Slowbro","|-damage|p2a: Slowbro|180/394 par","|-unboost|p1a: Latias|spa|2","|","|-heal|p1a: Latias|364/364|[from] item: Leftovers","|-heal|p2a: Slowbro|204/394 par|[from] item: Leftovers","|turn|32","|","|switch|p2a: Medicham|Medicham-Mega, M|218/261","|move|p1a: Latias|Draco Meteor|p2a: Medicham","|-damage|p2a: Medicham|125/261","|-unboost|p1a: Latias|spa|2","|","|turn|33","|","|switch|p1a: Slowbro|Slowbro, M|394/394 par","|move|p2a: Medicham|Fake Out|p1a: Slowbro","|-damage|p1a: Slowbro|342/394 par","|-damage|p2a: Medicham|82/261|[from] item: Rocky Helmet|[of] p1a: Slowbro","|","|turn|34","|","|switch|p2a: Latios|Latios, M|180/301 brn","|switch|p1a: Deoxys-Speed|Deoxys-Speed|1/304","|-ability|p1a: Deoxys-Speed|Pressure","|","|-damage|p2a: Latios|143/301 brn|[from] brn","|turn|35","|","|move|p2a: Latios|Thunderbolt|p1a: Deoxys-Speed","|-damage|p1a: Deoxys-Speed|0 fnt","|faint|p1a: Deoxys-Speed","|","|-damage|p2a: Latios|106/301 brn|[from] brn","|","|switch|p1a: Latias|Latias, F|364/364","|turn|36","|","|switch|p2a: Slowbro|Slowbro, M|335/394 par","|move|p1a: Latias|Draco Meteor|p2a: Slowbro","|-damage|p2a: Slowbro|127/394 par","|-unboost|p1a: Latias|spa|2","|","|-heal|p2a: Slowbro|151/394 par|[from] item: Leftovers","|turn|37","|","|move|p1a: Latias|Draco Meteor|p2a: Slowbro","|-damage|p2a: Slowbro|58/394 par","|-unboost|p1a: Latias|spa|2","|cant|p2a: Slowbro|par","|","|-heal|p2a: Slowbro|82/394 par|[from] item: Leftovers","|turn|38","|","|move|p1a: Latias|Draco Meteor|p2a: Slowbro","|-damage|p2a: Slowbro|9/394 par","|-unboost|p1a: Latias|spa|2","|move|p2a: Slowbro|Slack Off|p2a: Slowbro","|-heal|p2a: Slowbro|206/394 par","|","|-heal|p2a: Slowbro|230/394 par|[from] item: Leftovers","|turn|39","|","|switch|p1a: Slowbro|Slowbro, M|394/394 par","|cant|p2a: Slowbro|par","|","|-heal|p2a: Slowbro|254/394 par|[from] item: Leftovers","|turn|40","|","|move|p2a: Slowbro|Slack Off|p2a: Slowbro","|-heal|p2a: Slowbro|394/394 par","|move|p1a: Slowbro|Scald|p2a: Slowbro","|-resisted|p2a: Slowbro","|-damage|p2a: Slowbro|334/394 par","|","|-heal|p2a: Slowbro|358/394 par|[from] item: Leftovers","|turn|41","|","|move|p1a: Slowbro|Scald|p2a: Slowbro","|-resisted|p2a: Slowbro","|-damage|p2a: Slowbro|298/394 par","|move|p2a: Slowbro|Scald|p1a: Slowbro","|-resisted|p1a: Slowbro","|-damage|p1a: Slowbro|339/394 par","|","|-heal|p2a: Slowbro|322/394 par|[from] item: Leftovers","|turn|42","|","|move|p1a: Slowbro|Yawn|p2a: Slowbro","|-fail|p2a: Slowbro","|move|p2a: Slowbro|Scald|p1a: Slowbro","|-resisted|p1a: Slowbro","|-damage|p1a: Slowbro|280/394 par","|","|-heal|p2a: Slowbro|346/394 par|[from] item: Leftovers","|turn|43","|","|move|p2a: Slowbro|Scald|p1a: Slowbro","|-resisted|p1a: Slowbro","|-damage|p1a: Slowbro|225/394 par","|move|p1a: Slowbro|Yawn|p2a: Slowbro","|-fail|p2a: Slowbro","|","|-heal|p2a: Slowbro|370/394 par|[from] item: Leftovers","|turn|44","|","|move|p1a: Slowbro|Slack Off|p1a: Slowbro","|-heal|p1a: Slowbro|394/394 par","|move|p2a: Slowbro|Scald|p1a: Slowbro","|-resisted|p1a: Slowbro","|-damage|p1a: Slowbro|336/394 par","|","|-heal|p2a: Slowbro|394/394 par|[from] item: Leftovers","|turn|45","|","|cant|p1a: Slowbro|par","|move|p2a: Slowbro|Scald|p1a: Slowbro","|-resisted|p1a: Slowbro","|-damage|p1a: Slowbro|275/394 par","|","|turn|46","|","|move|p2a: Slowbro|Scald|p1a: Slowbro","|-resisted|p1a: Slowbro","|-damage|p1a: Slowbro|221/394 par","|move|p1a: Slowbro|Slack Off|p1a: Slowbro","|-heal|p1a: Slowbro|394/394 par","|","|turn|47","|","|move|p1a: Slowbro|Scald|p2a: Slowbro","|-resisted|p2a: Slowbro","|-damage|p2a: Slowbro|340/394 par","|cant|p2a: Slowbro|par","|","|-heal|p2a: Slowbro|364/394 par|[from] item: Leftovers","|turn|48","|","|move|p2a: Slowbro|Scald|p1a: Slowbro","|-resisted|p1a: Slowbro","|-damage|p1a: Slowbro|332/394 par","|move|p1a: Slowbro|Flamethrower|p2a: Slowbro","|-resisted|p2a: Slowbro","|-damage|p2a: Slowbro|319/394 par","|","|-heal|p2a: Slowbro|343/394 par|[from] item: Leftovers","|turn|49","|","|move|p1a: Slowbro|Scald|p2a: Slowbro","|-resisted|p2a: Slowbro","|-damage|p2a: Slowbro|284/394 par","|move|p2a: Slowbro|Fire Blast|p1a: Slowbro","|-resisted|p1a: Slowbro","|-damage|p1a: Slowbro|284/394 par","|","|-heal|p2a: Slowbro|308/394 par|[from] item: Leftovers","|turn|50","|","|cant|p1a: Slowbro|par","|move|p2a: Slowbro|Scald|p1a: Slowbro","|-resisted|p1a: Slowbro","|-damage|p1a: Slowbro|228/394 par","|","|-heal|p2a: Slowbro|332/394 par|[from] item: Leftovers","|turn|51","|","|switch|p2a: Latios|Latios, M|106/301 brn","|move|p1a: Slowbro|Yawn|p2a: Latios","|-fail|p2a: Latios","|","|-damage|p2a: Latios|69/301 brn|[from] brn","|turn|52","|","|switch|p1a: Latias|Latias, F|364/364","|move|p2a: Latios|Draco Meteor|p1a: Latias","|-supereffective|p1a: Latias","|-damage|p1a: Latias|0 fnt","|-unboost|p2a: Latios|spa|2","|faint|p1a: Latias","|","|-damage|p2a: Latios|32/301 brn|[from] brn","|","|switch|p1a: Slowbro|Slowbro, M|359/394 par","|turn|53","|","|switch|p2a: Slowbro|Slowbro, M|394/394 par","|move|p1a: Slowbro|Slack Off|p1a: Slowbro","|-heal|p1a: Slowbro|394/394 par","|","|turn|54","|","|move|p2a: Slowbro|Scald|p1a: Slowbro","|-resisted|p1a: Slowbro","|-damage|p1a: Slowbro|334/394 par","|move|p1a: Slowbro|Flamethrower|p2a: Slowbro","|-resisted|p2a: Slowbro","|-damage|p2a: Slowbro|355/394 par","|","|-heal|p2a: Slowbro|379/394 par|[from] item: Leftovers","|turn|55","|","|move|p2a: Slowbro|Scald|p1a: Slowbro","|-resisted|p1a: Slowbro","|-damage|p1a: Slowbro|274/394 par","|move|p1a: Slowbro|Flamethrower|p2a: Slowbro","|-resisted|p2a: Slowbro","|-damage|p2a: Slowbro|336/394 par","|","|-heal|p2a: Slowbro|360/394 par|[from] item: Leftovers","|turn|56","|","|move|p2a: Slowbro|Scald|p1a: Slowbro","|-resisted|p1a: Slowbro","|-damage|p1a: Slowbro|219/394 par","|cant|p1a: Slowbro|par","|","|-heal|p2a: Slowbro|384/394 par|[from] item: Leftovers","|turn|57","|","|move|p1a: Slowbro|Scald|p2a: Slowbro","|-resisted|p2a: Slowbro","|-damage|p2a: Slowbro|328/394 par","|move|p2a: Slowbro|Scald|p1a: Slowbro","|-resisted|p1a: Slowbro","|-damage|p1a: Slowbro|165/394 par","|","|-heal|p2a: Slowbro|352/394 par|[from] item: Leftovers","|turn|58","|","|cant|p1a: Slowbro|par","|cant|p2a: Slowbro|par","|","|-heal|p2a: Slowbro|376/394 par|[from] item: Leftovers","|turn|59","|","|move|p1a: Slowbro|Slack Off|p1a: Slowbro","|-heal|p1a: Slowbro|362/394 par","|move|p2a: Slowbro|Scald|p1a: Slowbro","|-resisted|p1a: Slowbro","|-damage|p1a: Slowbro|305/394 par","|","|-heal|p2a: Slowbro|394/394 par|[from] item: Leftovers","|turn|60","|","|move|p1a: Slowbro|Yawn|p2a: Slowbro","|-fail|p2a: Slowbro","|move|p2a: Slowbro|Thunder Wave|p1a: Slowbro","|-fail|p1a: Slowbro|par","|","|turn|61","|","|move|p2a: Slowbro|Thunder Wave|p1a: Slowbro","|-fail|p1a: Slowbro|par","|move|p1a: Slowbro|Yawn|p2a: Slowbro","|-fail|p2a: Slowbro","|","|turn|62","|","|cant|p2a: Slowbro|par","|move|p1a: Slowbro|Flamethrower|p2a: Slowbro","|-resisted|p2a: Slowbro","|-damage|p2a: Slowbro|354/394 par","|","|-heal|p2a: Slowbro|378/394 par|[from] item: Leftovers","|turn|63","|","|move|p2a: Slowbro|Thunder Wave|p1a: Slowbro","|-fail|p1a: Slowbro|par","|cant|p1a: Slowbro|par","|","|-heal|p2a: Slowbro|394/394 par|[from] item: Leftovers","|turn|64","|","|move|p1a: Slowbro|Flamethrower|p2a: Slowbro","|-resisted|p2a: Slowbro","|-damage|p2a: Slowbro|348/394 par","|cant|p2a: Slowbro|par","|","|-heal|p2a: Slowbro|372/394 par|[from] item: Leftovers","|turn|65","|","|move|p2a: Slowbro|Thunder Wave|p1a: Slowbro","|-fail|p1a: Slowbro|par","|move|p1a: Slowbro|Flamethrower|p2a: Slowbro","|-resisted|p2a: Slowbro","|-damage|p2a: Slowbro|330/394 par","|","|-heal|p2a: Slowbro|354/394 par|[from] item: Leftovers","|turn|66","|","|cant|p2a: Slowbro|par","|cant|p1a: Slowbro|par","|","|-heal|p2a: Slowbro|378/394 par|[from] item: Leftovers","|turn|67","|","|move|p2a: Slowbro|Thunder Wave|p1a: Slowbro","|-fail|p1a: Slowbro|par","|move|p1a: Slowbro|Flamethrower|p2a: Slowbro","|-resisted|p2a: Slowbro","|-damage|p2a: Slowbro|332/394 par","|","|-heal|p2a: Slowbro|356/394 par|[from] item: Leftovers","|turn|68","|","|move|p2a: Slowbro|Thunder Wave|p1a: Slowbro","|-fail|p1a: Slowbro|par","|move|p1a: Slowbro|Flamethrower|p2a: Slowbro","|-resisted|p2a: Slowbro","|-damage|p2a: Slowbro|316/394 par","|","|-heal|p2a: Slowbro|340/394 par|[from] item: Leftovers","|turn|69","|","|move|p2a: Slowbro|Fire Blast|p1a: Slowbro","|-resisted|p1a: Slowbro","|-damage|p1a: Slowbro|251/394 par","|move|p1a: Slowbro|Flamethrower|p2a: Slowbro","|-resisted|p2a: Slowbro","|-damage|p2a: Slowbro|295/394 par","|","|-heal|p2a: Slowbro|319/394 par|[from] item: Leftovers","|turn|70","|","|move|p2a: Slowbro|Fire Blast|p1a: Slowbro","|-resisted|p1a: Slowbro","|-damage|p1a: Slowbro|203/394 par","|move|p1a: Slowbro|Slack Off|p1a: Slowbro","|-heal|p1a: Slowbro|394/394 par","|","|-heal|p2a: Slowbro|343/394 par|[from] item: Leftovers","|turn|71","|","|move|p2a: Slowbro|Fire Blast|p1a: Slowbro|[miss]","|-miss|p2a: Slowbro|p1a: Slowbro","|move|p1a: Slowbro|Flamethrower|p2a: Slowbro","|-resisted|p2a: Slowbro","|-damage|p2a: Slowbro|297/394 par","|","|-heal|p2a: Slowbro|321/394 par|[from] item: Leftovers","|turn|72","|","|move|p2a: Slowbro|Fire Blast|p1a: Slowbro","|-resisted|p1a: Slowbro","|-damage|p1a: Slowbro|342/394 par","|move|p1a: Slowbro|Flamethrower|p2a: Slowbro","|-resisted|p2a: Slowbro","|-damage|p2a: Slowbro|281/394 par","|","|-heal|p2a: Slowbro|305/394 par|[from] item: Leftovers","|turn|73","|","|cant|p2a: Slowbro|par","|move|p1a: Slowbro|Flamethrower|p2a: Slowbro","|-resisted|p2a: Slowbro","|-damage|p2a: Slowbro|259/394 par","|","|-heal|p2a: Slowbro|283/394 par|[from] item: Leftovers","|turn|74","|","|move|p2a: Slowbro|Fire Blast|p1a: Slowbro","|-resisted|p1a: Slowbro","|-damage|p1a: Slowbro|286/394 par","|move|p1a: Slowbro|Flamethrower|p2a: Slowbro","|-resisted|p2a: Slowbro","|-damage|p2a: Slowbro|239/394 par","|","|-heal|p2a: Slowbro|263/394 par|[from] item: Leftovers","|turn|75","|","|move|p1a: Slowbro|Flamethrower|p2a: Slowbro","|-resisted|p2a: Slowbro","|-damage|p2a: Slowbro|218/394 par","|move|p2a: Slowbro|Fire Blast|p1a: Slowbro","|-resisted|p1a: Slowbro","|-damage|p1a: Slowbro|235/394 par","|","|-heal|p2a: Slowbro|242/394 par|[from] item: Leftovers","|turn|76","|","|move|p2a: Slowbro|Slack Off|p2a: Slowbro","|-heal|p2a: Slowbro|394/394 par","|move|p1a: Slowbro|Flamethrower|p2a: Slowbro","|-resisted|p2a: Slowbro","|-damage|p2a: Slowbro|353/394 par","|","|-heal|p2a: Slowbro|377/394 par|[from] item: Leftovers","|turn|77","|","|move|p2a: Slowbro|Thunder Wave|p1a: Slowbro","|-fail|p1a: Slowbro|par","|move|p1a: Slowbro|Slack Off|p1a: Slowbro","|-heal|p1a: Slowbro|394/394 par","|","|-heal|p2a: Slowbro|394/394 par|[from] item: Leftovers","|turn|78","|","|move|p1a: Slowbro|Yawn|p2a: Slowbro","|-fail|p2a: Slowbro","|move|p2a: Slowbro|Thunder Wave|p1a: Slowbro","|-fail|p1a: Slowbro|par","|","|turn|79","|","|move|p2a: Slowbro|Thunder Wave|p1a: Slowbro","|-fail|p1a: Slowbro|par","|cant|p1a: Slowbro|par","|","|turn|80","|","|move|p1a: Slowbro|Yawn|p2a: Slowbro","|-fail|p2a: Slowbro","|move|p2a: Slowbro|Thunder Wave|p1a: Slowbro","|-fail|p1a: Slowbro|par","|","|turn|81","|","|move|p1a: Slowbro|Yawn|p2a: Slowbro","|-fail|p2a: Slowbro","|move|p2a: Slowbro|Thunder Wave|p1a: Slowbro","|-fail|p1a: Slowbro|par","|","|turn|82","|","|move|p2a: Slowbro|Thunder Wave|p1a: Slowbro","|-fail|p1a: Slowbro|par","|move|p1a: Slowbro|Yawn|p2a: Slowbro","|-fail|p2a: Slowbro","|","|turn|83","|","|move|p2a: Slowbro|Thunder Wave|p1a: Slowbro","|-fail|p1a: Slowbro|par","|move|p1a: Slowbro|Yawn|p2a: Slowbro","|-fail|p2a: Slowbro","|","|turn|84","|","|cant|p1a: Slowbro|par","|move|p2a: Slowbro|Thunder Wave|p1a: Slowbro","|-fail|p1a: Slowbro|par","|","|turn|85","|","|move|p2a: Slowbro|Thunder Wave|p1a: Slowbro","|-fail|p1a: Slowbro|par","|move|p1a: Slowbro|Yawn|p2a: Slowbro","|-fail|p2a: Slowbro","|","|turn|86","|","|move|p2a: Slowbro|Thunder Wave|p1a: Slowbro","|-fail|p1a: Slowbro|par","|move|p1a: Slowbro|Flamethrower|p2a: Slowbro","|-resisted|p2a: Slowbro","|-damage|p2a: Slowbro|351/394 par","|","|-heal|p2a: Slowbro|375/394 par|[from] item: Leftovers","|turn|87","|","|move|p1a: Slowbro|Flamethrower|p2a: Slowbro","|-resisted|p2a: Slowbro","|-damage|p2a: Slowbro|335/394 par","|move|p2a: Slowbro|Thunder Wave|p1a: Slowbro","|-fail|p1a: Slowbro|par","|","|-heal|p2a: Slowbro|359/394 par|[from] item: Leftovers","|turn|88","|","|cant|p1a: Slowbro|par","|move|p2a: Slowbro|Thunder Wave|p1a: Slowbro","|-fail|p1a: Slowbro|par","|","|-heal|p2a: Slowbro|383/394 par|[from] item: Leftovers","|turn|89","|","|move|p2a: Slowbro|Thunder Wave|p1a: Slowbro","|-fail|p1a: Slowbro|par","|move|p1a: Slowbro|Yawn|p2a: Slowbro","|-fail|p2a: Slowbro","|","|-heal|p2a: Slowbro|394/394 par|[from] item: Leftovers","|turn|90","|","|switch|p1a: Hoopa-Unbound|Hoopa-Unbound|1/301","|move|p2a: Slowbro|Fire Blast|p1a: Hoopa-Unbound","|-damage|p1a: Hoopa-Unbound|0 fnt","|faint|p1a: Hoopa-Unbound","|","|","|switch|p1a: Slowbro|Slowbro, M|394/394 par","|turn|91","|","|move|p2a: Slowbro|Thunder Wave|p1a: Slowbro","|-fail|p1a: Slowbro|par","|move|p1a: Slowbro|Flamethrower|p2a: Slowbro","|-resisted|p2a: Slowbro","|-damage|p2a: Slowbro|355/394 par","|","|-heal|p2a: Slowbro|379/394 par|[from] item: Leftovers","|turn|92","|","|switch|p2a: Medicham|Medicham-Mega, M|82/261","|move|p1a: Slowbro|Yawn|p2a: Medicham","|-start|p2a: Medicham|move: Yawn|[of] p1a: Slowbro","|","|turn|93","|","|switch|p2a: Slowbro|Slowbro, M|394/394 par","|move|p1a: Slowbro|Scald|p2a: Slowbro","|-resisted|p2a: Slowbro","|-damage|p2a: Slowbro|340/394 par","|","|-heal|p2a: Slowbro|364/394 par|[from] item: Leftovers","|turn|94","|","|move|p2a: Slowbro|Thunder Wave|p1a: Slowbro","|-fail|p1a: Slowbro|par","|move|p1a: Slowbro|Yawn|p2a: Slowbro","|-fail|p2a: Slowbro","|","|-heal|p2a: Slowbro|388/394 par|[from] item: Leftovers","|turn|95","|","|cant|p2a: Slowbro|par","|move|p1a: Slowbro|Yawn|p2a: Slowbro","|-fail|p2a: Slowbro","|","|-heal|p2a: Slowbro|394/394 par|[from] item: Leftovers","|turn|96","|","|move|p2a: Slowbro|Thunder Wave|p1a: Slowbro","|-fail|p1a: Slowbro|par","|cant|p1a: Slowbro|par","|","|turn|97","|","|move|p2a: Slowbro|Thunder Wave|p1a: Slowbro","|-fail|p1a: Slowbro|par","|move|p1a: Slowbro|Flamethrower|p2a: Slowbro","|-resisted|p2a: Slowbro","|-damage|p2a: Slowbro|350/394 par","|","|-heal|p2a: Slowbro|374/394 par|[from] item: Leftovers","|turn|98","|","|cant|p2a: Slowbro|par","|move|p1a: Slowbro|Flamethrower|p2a: Slowbro","|-resisted|p2a: Slowbro","|-damage|p2a: Slowbro|334/394 par","|","|-heal|p2a: Slowbro|358/394 par|[from] item: Leftovers","|turn|99","|","|move|p1a: Slowbro|Flamethrower|p2a: Slowbro","|-resisted|p2a: Slowbro","|-damage|p2a: Slowbro|315/394 par","|move|p2a: Slowbro|Thunder Wave|p1a: Slowbro","|-fail|p1a: Slowbro|par","|","|-heal|p2a: Slowbro|339/394 par|[from] item: Leftovers","|turn|100","|","|move|p2a: Slowbro|Thunder Wave|p1a: Slowbro","|-fail|p1a: Slowbro|par","|move|p1a: Slowbro|Flamethrower|p2a: Slowbro","|-resisted|p2a: Slowbro","|-damage|p2a: Slowbro|296/394 par","|","|-heal|p2a: Slowbro|320/394 par|[from] item: Leftovers","|turn|101","|","|move|p2a: Slowbro|Scald|p1a: Slowbro","|-resisted|p1a: Slowbro","|-damage|p1a: Slowbro|332/394 par","|move|p1a: Slowbro|Scald|p2a: Slowbro","|-resisted|p2a: Slowbro","|-damage|p2a: Slowbro|262/394 par","|","|-heal|p2a: Slowbro|286/394 par|[from] item: Leftovers","|turn|102","|","|move|p1a: Slowbro|Scald|p2a: Slowbro","|-resisted|p2a: Slowbro","|-damage|p2a: Slowbro|232/394 par","|move|p2a: Slowbro|Scald|p1a: Slowbro","|-resisted|p1a: Slowbro","|-damage|p1a: Slowbro|272/394 par","|","|-heal|p2a: Slowbro|256/394 par|[from] item: Leftovers","|turn|103","|","|cant|p2a: Slowbro|par","|move|p1a: Slowbro|Scald|p2a: Slowbro","|-resisted|p2a: Slowbro","|-damage|p2a: Slowbro|198/394 par","|","|-heal|p2a: Slowbro|222/394 par|[from] item: Leftovers","|turn|104","|","|move|p1a: Slowbro|Scald|p2a: Slowbro","|-resisted|p2a: Slowbro","|-damage|p2a: Slowbro|169/394 par","|move|p2a: Slowbro|Slack Off|p2a: Slowbro","|-heal|p2a: Slowbro|366/394 par","|","|-heal|p2a: Slowbro|390/394 par|[from] item: Leftovers","|turn|105","|","|move|p2a: Slowbro|Thunder Wave|p1a: Slowbro","|-fail|p1a: Slowbro|par","|move|p1a: Slowbro|Flamethrower|p2a: Slowbro","|-resisted|p2a: Slowbro","|-damage|p2a: Slowbro|345/394 par","|","|-heal|p2a: Slowbro|369/394 par|[from] item: Leftovers","|turn|106","|","|move|p2a: Slowbro|Thunder Wave|p1a: Slowbro","|-fail|p1a: Slowbro|par","|cant|p1a: Slowbro|par","|","|-heal|p2a: Slowbro|393/394 par|[from] item: Leftovers","|turn|107","|","|move|p1a: Slowbro|Scald|p2a: Slowbro","|-resisted|p2a: Slowbro","|-damage|p2a: Slowbro|337/394 par","|move|p2a: Slowbro|Scald|p1a: Slowbro","|-resisted|p1a: Slowbro","|-damage|p1a: Slowbro|215/394 par","|","|-heal|p2a: Slowbro|361/394 par|[from] item: Leftovers","|turn|108","|","|cant|p2a: Slowbro|par","|cant|p1a: Slowbro|par","|","|-heal|p2a: Slowbro|385/394 par|[from] item: Leftovers","|turn|109","|","|move|p2a: Slowbro|Thunder Wave|p1a: Slowbro","|-fail|p1a: Slowbro|par","|move|p1a: Slowbro|Scald|p2a: Slowbro","|-resisted|p2a: Slowbro","|-damage|p2a: Slowbro|326/394 par","|","|-heal|p2a: Slowbro|350/394 par|[from] item: Leftovers","|turn|110","|","|move|p1a: Slowbro|Scald|p2a: Slowbro","|-resisted|p2a: Slowbro","|-damage|p2a: Slowbro|290/394 par","|move|p2a: Slowbro|Thunder Wave|p1a: Slowbro","|-fail|p1a: Slowbro|par","|","|-heal|p2a: Slowbro|314/394 par|[from] item: Leftovers","|turn|111","|","|move|p2a: Slowbro|Thunder Wave|p1a: Slowbro","|-fail|p1a: Slowbro|par","|cant|p1a: Slowbro|par","|","|-heal|p2a: Slowbro|338/394 par|[from] item: Leftovers","|turn|112","|","|move|p1a: Slowbro|Scald|p2a: Slowbro","|-resisted|p2a: Slowbro","|-damage|p2a: Slowbro|283/394 par","|move|p2a: Slowbro|Scald|p1a: Slowbro","|-resisted|p1a: Slowbro","|-damage|p1a: Slowbro|157/394 par","|","|-heal|p2a: Slowbro|307/394 par|[from] item: Leftovers","|turn|113","|","|move|p1a: Slowbro|Scald|p2a: Slowbro","|-resisted|p2a: Slowbro","|-damage|p2a: Slowbro|249/394 par","|cant|p2a: Slowbro|par","|","|-heal|p2a: Slowbro|273/394 par|[from] item: Leftovers","|turn|114","|","|move|p1a: Slowbro|Slack Off|p1a: Slowbro","|-heal|p1a: Slowbro|354/394 par","|move|p2a: Slowbro|Slack Off|p2a: Slowbro","|-heal|p2a: Slowbro|394/394 par","|","|turn|115","|","|win|Crystal Blade64"],"p1rating":{"entryid":"86214","serverid":"eos","formatid":"monotype","userid":"sevenswell","username":"Seven Swell","w":"35","l":13,"t":"0","gxe":70.6,"r":"1674.9231258289","rd":"52.257078854739","sigma":"0","rptime":"1440320400","rpr":1666.2391800889,"rprd":51.728222403778,"rpsigma":"0","acre":1252.2968157109,"lacre":1252.2968157109,"oldacre":"1286.274103181"},"p2rating":{"entryid":"73557","serverid":"eos","formatid":"monotype","userid":"crystalblade64","username":"Crystal Blade64","w":10,"l":"3","t":"0","gxe":67,"r":"1614.5236825605","rd":"83.506730541154","sigma":"0","rptime":"1440320400","rpr":1636.4878418364,"rprd":81.316269161317,"rpsigma":"0","acre":1189.670325166,"lacre":1189.670325166,"oldacre":"1155.6930376959"},"endType":"forfeit"}