{"seed":[56680,63404,51687,54933],"turns":23,"p1":"Guard Wanderer","p2":"Crystal Umaan","p1team":[{"name":"Ferrothorn","species":"Ferrothorn","item":"rockyhelmet","ability":"Iron Barbs","moves":["knockoff","stealthrock","thunderwave","sunnyday"],"nature":"Relaxed","evs":{"hp":248,"atk":8,"def":252,"spa":0,"spd":0,"spe":0},"ivs":{"hp":31,"atk":31,"def":31,"spa":31,"spd":31,"spe":0}},{"name":"Rotom-Mow","species":"Rotom-Mow","item":"choicescarf","ability":"Levitate","moves":["trick","hex","discharge","voltswitch"],"nature":"Timid","evs":{"hp":0,"atk":0,"def":0,"spa":252,"spd":4,"spe":252},"ivs":{"hp":31,"atk":31,"def":31,"spa":31,"spd":31,"spe":31}},{"name":"Ludicolo","species":"Ludicolo","item":"bindingband","ability":"Swift Swim","moves":["raindance","scald","leechseed","whirlpool"],"nature":"Modest","evs":{"hp":248,"atk":0,"def":0,"spa":252,"spd":8,"spe":0},"ivs":{"hp":31,"atk":31,"def":31,"spa":31,"spd":31,"spe":31}},{"name":"Gogoat","species":"Gogoat","item":"bigroot","ability":"Sap Sipper","moves":["hornleech","rockslide","milkdrink","bulkup"],"nature":"Adamant","evs":{"hp":248,"atk":160,"def":0,"spa":0,"spd":100,"spe":0},"ivs":{"hp":31,"atk":31,"def":31,"spa":31,"spd":31,"spe":31}},{"name":"Sawsbuck","species":"Sawsbuck","item":"silkscarf","ability":"Chlorophyll","moves":["return","seedbomb","retaliate","thunderwave"],"nature":"Adamant","evs":{"hp":0,"atk":252,"def":0,"spa":0,"spd":4,"spe":252},"ivs":{"hp":31,"atk":31,"def":31,"spa":31,"spd":31,"spe":31}},{"name":"Venusaur","species":"Venusaur","item":"venusaurite","ability":"Overgrow","moves":["grassyterrain","charm","amnesia","toxic"],"nature":"Calm","evs":{"hp":248,"atk":0,"def":8,"spa":0,"spd":252,"spe":0},"ivs":{"hp":31,"atk":31,"def":31,"spa":31,"spd":31,"spe":31}}],"p2team":[{"name":"Wobs","species":"latios","item":"latiosite","ability":"Levitate","moves":["dragonpulse","psyshock","earthquake","defog"],"nature":"Hasty","evs":{"hp":0,"atk":4,"def":0,"spa":252,"spd":0,"spe":252},"ivs":{"hp":31,"atk":31,"def":31,"spa":31,"spd":31,"spe":31}},{"name":"Maj","species":"dragonite","item":"lumberry","ability":"Multiscale","moves":["outrage","extremespeed","ironhead","dragondance"],"nature":"Adamant","evs":{"hp":0,"atk":252,"def":0,"spa":0,"spd":4,"spe":252},"gender":"F","ivs":{"hp":31,"atk":31,"def":31,"spa":31,"spd":31,"spe":31}},{"name":"Nom","species":"garchomp","item":"focussash","ability":"Rough Skin","moves":["dragonclaw","earthquake","ironhead","stealthrock"],"nature":"Jolly","evs":{"hp":0,"atk":252,"def":0,"spa":0,"spd":4,"spe":252},"gender":"F","ivs":{"hp":31,"atk":31,"def":31,"spa":31,"spd":31,"spe":31}},{"name":"Danson","species":"goodra","item":"assaultvest","ability":"Gooey","moves":["dragonpulse","flamethrower","thunderbolt","sludgewave"],"nature":"Modest","evs":{"hp":248,"atk":0,"def":0,"spa":252,"spd":8,"spe":0},"gender":"M","ivs":{"hp":31,"atk":31,"def":31,"spa":31,"spd":31,"spe":31}},{"name":"Mickey","species":"noivern","item":"lifeorb","ability":"Infiltrator","moves":["focusblast","dragonpulse","hurricane","flamethrower"],"nature":"Timid","evs":{"hp":0,"atk":0,"def":0,"spa":252,"spd":4,"spe":252},"gender":"M","shiny":true,"ivs":{"hp":31,"atk":31,"def":31,"spa":31,"spd":31,"spe":31}},{"name":"Haxing N00b","species":"haxorus","item":"focussash","ability":"Mold Breaker","moves":["dragondance","dragonclaw","earthquake","poisonjab"],"nature":"Adamant","evs":{"hp":0,"atk":252,"def":0,"spa":0,"spd":36,"spe":220},"shiny":true,"ivs":{"hp":31,"atk":31,"def":31,"spa":31,"spd":31,"spe":31}}],"log":["|player|p1|Guard Wanderer|235","|player|p2|Crystal Umaan|105","|gametype|singles","|gen|6","|tier|Monotype","|rated","|rule|Baton Pass Clause: Limit one Baton Passer, can't pass Spe and other stats simultaneously","|rule|Swagger Clause: Swagger is banned","|rule|Same Type Clause: Pokémon in a team must share a type","|clearpoke","|poke|p1|Ferrothorn, F","|poke|p1|Rotom-Mow","|poke|p1|Ludicolo, F","|poke|p1|Gogoat, M","|poke|p1|Sawsbuck, F","|poke|p1|Venusaur, M","|poke|p2|Latios, M","|poke|p2|Dragonite, F","|poke|p2|Garchomp, F","|poke|p2|Goodra, M","|poke|p2|Noivern, M, shiny","|poke|p2|Haxorus, F, shiny","|rule|Sleep Clause Mod: Limit one foe put to sleep","|rule|Species Clause: Limit one of each Pokémon","|rule|OHKO Clause: OHKO moves are banned","|rule|Moody Clause: Moody is banned","|rule|Evasion Moves Clause: Evasion moves are banned","|rule|Endless Battle Clause: Forcing endless battles is banned","|rule|HP Percentage Mod: HP is shown in percentages","|teampreview","|","|start","|switch|p1a: Rotom-Mow|Rotom-Mow|241/241","|switch|p2a: Danson|Goodra, M|383/383","|turn|1","|","|move|p1a: Rotom-Mow|Trick|p2a: Danson","|-activate|p1a: Rotom-Mow|move: Trick|[of] p2a: Danson","|-item|p2a: Danson|Choice Scarf|[from] move: Trick","|-item|p1a: Rotom-Mow|Assault Vest|[from] move: Trick","|move|p2a: Danson|Flamethrower|p1a: Rotom-Mow","|-supereffective|p1a: Rotom-Mow","|-damage|p1a: Rotom-Mow|103/241","|-status|p1a: Rotom-Mow|brn","|","|-damage|p1a: Rotom-Mow|73/241 brn|[from] brn","|turn|2","|player|p2","|player|p2|Crystal Umaan|105","|","|move|p1a: Rotom-Mow|Volt Switch|p2a: Danson","|-resisted|p2a: Danson","|-damage|p2a: Danson|349/383","|","|switch|p1a: Ludicolo|Ludicolo, F|363/363","|move|p2a: Danson|Flamethrower|p1a: Ludicolo","|-damage|p1a: Ludicolo|267/363","|","|turn|3","|","|switch|p2a: Mickey|Noivern, M, shiny|311/311","|move|p1a: Ludicolo|Rain Dance|p1a: Ludicolo","|-weather|RainDance","|","|-weather|RainDance|[upkeep]","|turn|4","|","|switch|p1a: Ferrothorn|Ferrothorn, F|351/351","|move|p2a: Mickey|Hurricane|p1a: Ferrothorn","|-damage|p1a: Ferrothorn|151/351","|-start|p1a: Ferrothorn|confusion","|-damage|p2a: Mickey|280/311|[from] item: Life Orb","|","|-weather|RainDance|[upkeep]","|turn|5","|","|move|p2a: Mickey|Flamethrower|p1a: Ferrothorn","|-crit|p1a: Ferrothorn","|-supereffective|p1a: Ferrothorn","|-damage|p1a: Ferrothorn|0 fnt","|-damage|p2a: Mickey|249/311|[from] item: Life Orb","|faint|p1a: Ferrothorn","|","|-weather|RainDance|[upkeep]","|","|switch|p1a: Rotom-Mow|Rotom-Mow|73/241 brn","|turn|6","|","|move|p2a: Mickey|Flamethrower|p1a: Rotom-Mow","|-supereffective|p1a: Rotom-Mow","|-damage|p1a: Rotom-Mow|3/241 brn","|-damage|p2a: Mickey|218/311|[from] item: Life Orb","|move|p1a: Rotom-Mow|Discharge|p2a: Mickey","|-damage|p2a: Mickey|68/311","|","|-weather|RainDance|[upkeep]","|-damage|p1a: Rotom-Mow|0 fnt|[from] brn","|faint|p1a: Rotom-Mow","|","|switch|p1a: Ludicolo|Ludicolo, F|267/363","|turn|7","|","|move|p2a: Mickey|Hurricane|p1a: Ludicolo","|-supereffective|p1a: Ludicolo","|-damage|p1a: Ludicolo|0 fnt","|-damage|p2a: Mickey|37/311|[from] item: Life Orb","|faint|p1a: Ludicolo","|","|-weather|none","|","|switch|p1a: Sawsbuck|Sawsbuck, F|301/301","|turn|8","|","|move|p2a: Mickey|Hurricane|p1a: Sawsbuck|[miss]","|-miss|p2a: Mickey|p1a: Sawsbuck","|move|p1a: Sawsbuck|Thunder Wave|p2a: Mickey","|-status|p2a: Mickey|par","|","|turn|9","|","|move|p1a: Sawsbuck|Return|p2a: Mickey","|-damage|p2a: Mickey|0 fnt","|faint|p2a: Mickey","|","|","|switch|p2a: Danson|Goodra, M|349/383","|turn|10","|","|move|p2a: Danson|Flamethrower|p1a: Sawsbuck","|-supereffective|p1a: Sawsbuck","|-damage|p1a: Sawsbuck|37/301","|move|p1a: Sawsbuck|Return|p2a: Danson","|-damage|p2a: Danson|85/383","|-unboost|p1a: Sawsbuck|spe|1","|","|turn|11","|","|move|p2a: Danson|Flamethrower|p1a: Sawsbuck","|-supereffective|p1a: Sawsbuck","|-damage|p1a: Sawsbuck|0 fnt","|faint|p1a: Sawsbuck","|","|","|switch|p1a: Venusaur|Venusaur, M|363/363","|turn|12","|","|detailschange|p1a: Venusaur|Venusaur-Mega, M","|-mega|p1a: Venusaur|Venusaur|Venusaurite","|move|p2a: Danson|Flamethrower|p1a: Venusaur","|-crit|p1a: Venusaur","|-supereffective|p1a: Venusaur","|-damage|p1a: Venusaur|263/363","|move|p1a: Venusaur|Amnesia|p1a: Venusaur","|-boost|p1a: Venusaur|spd|2","|","|turn|13","|","|move|p2a: Danson|Flamethrower|p1a: Venusaur","|-supereffective|p1a: Venusaur","|-damage|p1a: Venusaur|231/363","|move|p1a: Venusaur|Charm|p2a: Danson","|-unboost|p2a: Danson|atk|2","|","|turn|14","|","|move|p2a: Danson|Flamethrower|p1a: Venusaur","|-supereffective|p1a: Venusaur","|-damage|p1a: Venusaur|199/363","|move|p1a: Venusaur|Grassy Terrain|p1a: Venusaur","|-fieldstart|move: Grassy Terrain","|","|-heal|p1a: Venusaur|221/363|[from] Grassy Terrain","|-heal|p2a: Danson|108/383|[from] Grassy Terrain","|turn|15","|","|move|p2a: Danson|Flamethrower|p1a: Venusaur","|-supereffective|p1a: Venusaur","|-damage|p1a: Venusaur|185/363","|move|p1a: Venusaur|Amnesia|p1a: Venusaur","|-boost|p1a: Venusaur|spd|2","|","|-heal|p1a: Venusaur|207/363|[from] Grassy Terrain","|-heal|p2a: Danson|131/383|[from] Grassy Terrain","|turn|16","|","|move|p2a: Danson|Flamethrower|p1a: Venusaur","|-supereffective|p1a: Venusaur","|-damage|p1a: Venusaur|183/363","|move|p1a: Venusaur|Toxic|p2a: Danson","|-status|p2a: Danson|tox","|","|-heal|p1a: Venusaur|205/363|[from] Grassy Terrain","|-heal|p2a: Danson|154/383 tox|[from] Grassy Terrain","|-damage|p2a: Danson|131/383 tox|[from] psn","|turn|17","|","|move|p2a: Danson|Flamethrower|p1a: Venusaur","|-supereffective|p1a: Venusaur","|-damage|p1a: Venusaur|183/363","|move|p1a: Venusaur|Amnesia|p1a: Venusaur","|-boost|p1a: Venusaur|spd|2","|","|-heal|p1a: Venusaur|205/363|[from] Grassy Terrain","|-heal|p2a: Danson|154/383 tox|[from] Grassy Terrain","|-damage|p2a: Danson|108/383 tox|[from] psn","|turn|18","|","|move|p2a: Danson|Flamethrower|p1a: Venusaur","|-supereffective|p1a: Venusaur","|-damage|p1a: Venusaur|187/363","|move|p1a: Venusaur|Toxic|p2a: Danson","|-fail|p2a: Danson|tox","|","|-fieldend|move: Grassy Terrain","|-damage|p2a: Danson|39/383 tox|[from] psn","|turn|19","|","|move|p2a: Danson|Flamethrower|p1a: Venusaur","|-supereffective|p1a: Venusaur","|-damage|p1a: Venusaur|169/363","|move|p1a: Venusaur|Grassy Terrain|p1a: Venusaur","|-fieldstart|move: Grassy Terrain","|","|-heal|p1a: Venusaur|191/363|[from] Grassy Terrain","|-heal|p2a: Danson|62/383 tox|[from] Grassy Terrain","|-damage|p2a: Danson|0 fnt|[from] psn","|faint|p2a: Danson","|","|switch|p2a: Wobs|Latios, M|301/301","|turn|20","|","|detailschange|p2a: Wobs|Latios-Mega, M","|-mega|p2a: Wobs|Latios|Latiosite","|move|p2a: Wobs|Psyshock|p1a: Venusaur","|-supereffective|p1a: Venusaur","|-damage|p1a: Venusaur|0 fnt","|faint|p1a: Venusaur","|","|","|switch|p1a: Gogoat|Gogoat, M|449/449","|turn|21","|","|move|p2a: Wobs|Dragon Pulse|p1a: Gogoat","|-damage|p1a: Gogoat|253/449","|move|p1a: Gogoat|Bulk Up|p1a: Gogoat","|-boost|p1a: Gogoat|atk|1","|-boost|p1a: Gogoat|def|1","|","|-heal|p1a: Gogoat|281/449|[from] Grassy Terrain","|turn|22","|","|move|p2a: Wobs|Dragon Pulse|p1a: Gogoat","|-damage|p1a: Gogoat|92/449","|move|p1a: Gogoat|Rock Slide|p2a: Wobs","|-damage|p2a: Wobs|170/301","|","|-heal|p1a: Gogoat|120/449|[from] Grassy Terrain","|turn|23","|","|move|p2a: Wobs|Dragon Pulse|p1a: Gogoat","|-damage|p1a: Gogoat|0 fnt","|faint|p1a: Gogoat","|","|win|Crystal Umaan"],"p1rating":{"entryid":"9966","serverid":"eos","formatid":"monotype","userid":"guardwanderer","username":"Guard Wanderer","w":"8","l":17,"t":"0","gxe":37.3,"r":"1517.3894601343","rd":"81.691557977629","sigma":"0","rptime":"1440320400","rpr":1400.2217379778,"rprd":65.196979044106,"rpsigma":"0","acre":1000,"lacre":1000,"oldacre":"1000"},"p2rating":{"entryid":"3483","serverid":"eos","formatid":"monotype","userid":"crystalumaan","username":"Crystal Umaan","w":7,"l":"18","t":"0","gxe":33.5,"r":"1351.249462571","rd":"67.453665137066","sigma":"0","rptime":"1440320400","rpr":1368.9012865735,"rprd":66.505586516672,"rpsigma":"0","acre":1119.7517569572,"lacre":1119.7517569572,"oldacre":"1101.8794414512"},"endType":"normal"}