{"seed":[29063,36626,21369,22461],"turns":24,"p1":"GL ♅ JGT","p2":"GTX♅Bzumzum","p1team":[{"name":"Diggersby","species":"Diggersby","item":"focussash","ability":"Huge Power","moves":["earthquake","knockoff","swordsdance","quickattack"],"nature":"Adamant","evs":{"hp":0,"atk":252,"def":0,"spa":0,"spd":0,"spe":252},"gender":"M","ivs":{"hp":31,"atk":31,"def":31,"spa":31,"spd":31,"spe":31}},{"name":"Lopunny","species":"Lopunny","item":"lopunnite","ability":"Cute Charm","moves":["fakeout","return","highjumpkick","icepunch"],"nature":"Adamant","evs":{"hp":0,"atk":252,"def":0,"spa":0,"spd":0,"spe":252},"gender":"F","ivs":{"hp":31,"atk":31,"def":31,"spa":31,"spd":31,"spe":31}},{"name":"Meloetta","species":"Meloetta","item":"choicescarf","ability":"Serene Grace","moves":["focusblast","psychic","shadowball","thunderbolt"],"nature":"Modest","evs":{"hp":0,"atk":0,"def":0,"spa":252,"spd":4,"spe":252},"ivs":{"hp":31,"atk":31,"def":31,"spa":31,"spd":31,"spe":31}},{"name":"Slaking","species":"Slaking","item":"choicescarf","ability":"Truant","moves":["retaliate","earthquake","shadowclaw","gunkshot"],"nature":"Adamant","evs":{"hp":0,"atk":252,"def":0,"spa":0,"spd":0,"spe":252},"gender":"M","shiny":true,"ivs":{"hp":31,"atk":31,"def":31,"spa":31,"spd":31,"spe":31}},{"name":"Ditto","species":"Ditto","item":"choicescarf","ability":"Imposter","moves":["transform"],"nature":"Naive","evs":{"hp":0,"atk":128,"def":0,"spa":128,"spd":0,"spe":252},"shiny":true,"ivs":{"hp":31,"atk":31,"def":31,"spa":31,"spd":31,"spe":31}},{"name":"Snorlax","species":"Snorlax","item":"leftovers","ability":"Immunity","moves":["curse","bodyslam","brickbreak","crunch"],"nature":"Adamant","evs":{"hp":80,"atk":176,"def":252,"spa":0,"spd":0,"spe":0},"gender":"M","shiny":true,"ivs":{"hp":31,"atk":31,"def":31,"spa":31,"spd":31,"spe":31}}],"p2team":[{"name":"Thorns","species":"ferrothorn","item":"leftovers","ability":"Iron Barbs","moves":["stealthrock","gyroball","leechseed","protect"],"nature":"Jolly","evs":{"hp":128,"atk":100,"def":116,"spa":0,"spd":120,"spe":44},"gender":"M","ivs":{"hp":31,"atk":31,"def":31,"spa":31,"spd":31,"spe":0}},{"name":"Brawloom","species":"breloom","item":"focussash","ability":"Technician","moves":["bulletseed","forcepalm","machpunch","spore"],"nature":"Jolly","evs":{"hp":4,"atk":252,"def":0,"spa":0,"spd":0,"spe":252},"gender":"M","shiny":true,"ivs":{"hp":31,"atk":31,"def":31,"spa":31,"spd":31,"spe":31}},{"name":"Celebrity","species":"celebi","item":"leftovers","ability":"Natural Cure","moves":["waterpulse","calmmind","gigadrain","healbell"],"nature":"Calm","evs":{"hp":220,"atk":0,"def":0,"spa":252,"spd":0,"spe":36},"ivs":{"hp":31,"atk":31,"def":31,"spa":31,"spd":31,"spe":31}},{"name":"Ludicool","species":"ludicolo","item":"leftovers","ability":"Rain Dish","moves":["icebeam","scald","gigadrain","raindance"],"nature":"Modest","evs":{"hp":200,"atk":0,"def":0,"spa":184,"spd":4,"spe":120},"gender":"M","shiny":true,"ivs":{"hp":31,"atk":31,"def":31,"spa":31,"spd":31,"spe":31}},{"name":"Great-ily","species":"cradily","item":"leftovers","ability":"Storm Drain","moves":["ancientpower","sludgewave","recover","toxic"],"nature":"Calm","evs":{"hp":232,"atk":24,"def":0,"spa":0,"spd":252,"spe":0},"gender":"M","shiny":true,"ivs":{"hp":31,"atk":31,"def":31,"spa":31,"spd":31,"spe":31}},{"name":"Plantasaurus","species":"venusaur","item":"venusaurite","ability":"Chlorophyll","moves":["gigadrain","hiddenpowerrock","sludgebomb","synthesis"],"nature":"Modest","evs":{"hp":0,"atk":0,"def":68,"spa":188,"spd":0,"spe":252},"gender":"M","ivs":{"hp":31,"atk":31,"def":30,"spa":31,"spd":30,"spe":30},"shiny":true}],"log":["|player|p1|GL ♅ JGT|80","|player|p2|GTX♅Bzumzum|225","|gametype|singles","|gen|6","|tier|Monotype","|rated","|rule|Baton Pass Clause: Limit one Baton Passer, can't pass Spe and other stats simultaneously","|rule|Swagger Clause: Swagger is banned","|rule|Same Type Clause: Pokémon in a team must share a type","|clearpoke","|poke|p1|Diggersby, M","|poke|p1|Lopunny, F","|poke|p1|Meloetta","|poke|p1|Slaking, M, shiny","|poke|p1|Ditto, shiny","|poke|p1|Snorlax, M, shiny","|poke|p2|Ferrothorn, M","|poke|p2|Breloom, M, shiny","|poke|p2|Celebi","|poke|p2|Ludicolo, M, shiny","|poke|p2|Cradily, M, shiny","|poke|p2|Venusaur, M, shiny","|rule|Sleep Clause Mod: Limit one foe put to sleep","|rule|Species Clause: Limit one of each Pokémon","|rule|OHKO Clause: OHKO moves are banned","|rule|Moody Clause: Moody is banned","|rule|Evasion Moves Clause: Evasion moves are banned","|rule|Endless Battle Clause: Forcing endless battles is banned","|rule|HP Percentage Mod: HP is shown in percentages","|teampreview","|","|start","|switch|p1a: Diggersby|Diggersby, M|311/311","|switch|p2a: Brawloom|Breloom, M, shiny|262/262","|turn|1","|","|switch|p2a: Thorns|Ferrothorn, M|321/321","|move|p1a: Diggersby|Quick Attack|p2a: Thorns","|-resisted|p2a: Thorns","|-damage|p2a: Thorns|285/321","|-damage|p1a: Diggersby|273/311|[from] ability: Iron Barbs|[of] p2a: Thorns","|","|-heal|p2a: Thorns|305/321|[from] item: Leftovers","|turn|2","|","|move|p1a: Diggersby|Knock Off|p2a: Thorns","|-damage|p2a: Thorns|188/321","|-damage|p1a: Diggersby|235/311|[from] ability: Iron Barbs|[of] p2a: Thorns","|-enditem|p2a: Thorns|Leftovers|[from] move: Knock Off|[of] p1a: Diggersby","|move|p2a: Thorns|Gyro Ball|p1a: Diggersby","|-damage|p1a: Diggersby|69/311","|","|turn|3","|","|move|p1a: Diggersby|Earthquake|p2a: Thorns","|-damage|p2a: Thorns|28/321","|move|p2a: Thorns|Leech Seed|p1a: Diggersby","|-start|p1a: Diggersby|move: Leech Seed","|","|-damage|p1a: Diggersby|31/311|[from] Leech Seed|[of] p2a: Thorns","|-heal|p2a: Thorns|66/321|[silent]","|turn|4","|","|move|p2a: Thorns|Protect|p2a: Thorns","|-singleturn|p2a: Thorns|Protect","|move|p1a: Diggersby|Earthquake|p2a: Thorns","|-activate|p2a: Thorns|Protect","|","|-damage|p1a: Diggersby|0 fnt|[from] Leech Seed|[of] p2a: Thorns","|-heal|p2a: Thorns|97/321|[silent]","|faint|p1a: Diggersby","|","|switch|p1a: Snorlax|Snorlax, M, shiny|481/481","|turn|5","|","|move|p1a: Snorlax|Brick Break|p2a: Thorns","|-supereffective|p2a: Thorns","|-damage|p2a: Thorns|0 fnt","|-damage|p1a: Snorlax|421/481|[from] ability: Iron Barbs|[of] p2a: Thorns","|faint|p2a: Thorns","|","|-heal|p1a: Snorlax|451/481|[from] item: Leftovers","|","|switch|p2a: Brawloom|Breloom, M, shiny|262/262","|turn|6","|","|move|p2a: Brawloom|Force Palm|p1a: Snorlax","|-supereffective|p1a: Snorlax","|-damage|p1a: Snorlax|125/481","|move|p1a: Snorlax|Body Slam|p2a: Brawloom","|-damage|p2a: Brawloom|85/262","|","|-heal|p1a: Snorlax|155/481|[from] item: Leftovers","|turn|7","|","|move|p2a: Brawloom|Force Palm|p1a: Snorlax","|-supereffective|p1a: Snorlax","|-damage|p1a: Snorlax|0 fnt","|faint|p1a: Snorlax","|","|","|switch|p1a: Ditto|Ditto, shiny|237/237","|-transform|p1a: Ditto|p2a: Brawloom","|turn|8","|","|switch|p2a: Celebrity|Celebi|396/396","|move|p1a: Ditto|Force Palm|p2a: Celebrity","|-resisted|p2a: Celebrity","|-damage|p2a: Celebrity|312/396","|","|-heal|p2a: Celebrity|336/396|[from] item: Leftovers","|turn|9","|","|move|p1a: Ditto|Force Palm|p2a: Celebrity","|-resisted|p2a: Celebrity","|-damage|p2a: Celebrity|262/396","|move|p2a: Celebrity|Calm Mind|p2a: Celebrity","|-boost|p2a: Celebrity|spa|1","|-boost|p2a: Celebrity|spd|1","|","|-heal|p2a: Celebrity|286/396|[from] item: Leftovers","|turn|10","|","|move|p1a: Ditto|Force Palm|p2a: Celebrity","|-resisted|p2a: Celebrity","|-damage|p2a: Celebrity|201/396","|-status|p2a: Celebrity|par","|move|p2a: Celebrity|Calm Mind|p2a: Celebrity","|-boost|p2a: Celebrity|spa|1","|-boost|p2a: Celebrity|spd|1","|","|-heal|p2a: Celebrity|225/396 par|[from] item: Leftovers","|turn|11","|","|switch|p1a: Meloetta|Meloetta|341/341","|move|p2a: Celebrity|Heal Bell|p2a: Celebrity","|-cureteam|p2a: Celebrity|[from] move: HealBell","|","|-heal|p2a: Celebrity|249/396|[from] item: Leftovers","|turn|12","|","|move|p1a: Meloetta|Shadow Ball|p2a: Celebrity","|-supereffective|p2a: Celebrity","|-damage|p2a: Celebrity|153/396","|-unboost|p2a: Celebrity|spd|1","|move|p2a: Celebrity|Giga Drain|p1a: Meloetta","|-damage|p1a: Meloetta|149/341","|-heal|p2a: Celebrity|249/396|[from] drain|[of] p1a: Meloetta","|","|-heal|p2a: Celebrity|273/396|[from] item: Leftovers","|turn|13","|","|move|p1a: Meloetta|Shadow Ball|p2a: Celebrity","|-supereffective|p2a: Celebrity","|-damage|p2a: Celebrity|145/396","|-unboost|p2a: Celebrity|spd|1","|move|p2a: Celebrity|Giga Drain|p1a: Meloetta","|-damage|p1a: Meloetta|0 fnt","|-heal|p2a: Celebrity|220/396|[from] drain|[of] p1a: Meloetta","|faint|p1a: Meloetta","|","|-heal|p2a: Celebrity|244/396|[from] item: Leftovers","|","|switch|p1a: Slaking|Slaking, M, shiny|441/441","|turn|14","|","|move|p1a: Slaking|Retaliate|p2a: Celebrity","|-damage|p2a: Celebrity|0 fnt","|faint|p2a: Celebrity","|","|","|switch|p2a: Brawloom|Breloom, M, shiny|85/262","|turn|15","|","|switch|p1a: Ditto|Ditto, shiny|237/237","|-transform|p1a: Ditto|p2a: Brawloom","|move|p2a: Brawloom|Force Palm|p1a: Ditto","|-damage|p1a: Ditto|30/237","|","|turn|16","|","|move|p1a: Ditto|Mach Punch|p2a: Brawloom","|-damage|p2a: Brawloom|0 fnt","|faint|p2a: Brawloom","|","|","|switch|p2a: Ludicool|Ludicolo, M, shiny|351/351","|turn|17","|","|move|p1a: Ditto|Mach Punch|p2a: Ludicool","|-damage|p2a: Ludicool|200/351","|move|p2a: Ludicool|Ice Beam|p1a: Ditto","|-supereffective|p1a: Ditto","|-damage|p1a: Ditto|0 fnt","|faint|p1a: Ditto","|","|-heal|p2a: Ludicool|221/351|[from] item: Leftovers","|","|switch|p1a: Slaking|Slaking, M, shiny|441/441","|turn|18","|","|switch|p2a: Great-ily|Cradily, M, shiny|371/371","|move|p1a: Slaking|Retaliate|p2a: Great-ily","|-resisted|p2a: Great-ily","|-damage|p2a: Great-ily|214/371","|","|-heal|p2a: Great-ily|237/371|[from] item: Leftovers","|turn|19","|","|switch|p1a: Lopunny|Lopunny, F|271/271","|move|p2a: Great-ily|Toxic|p1a: Lopunny","|-status|p1a: Lopunny|tox","|","|-heal|p2a: Great-ily|260/371|[from] item: Leftovers","|-damage|p1a: Lopunny|255/271 tox|[from] psn","|turn|20","|","|detailschange|p1a: Lopunny|Lopunny-Mega, F","|-mega|p1a: Lopunny|Lopunny|Lopunnite","|move|p1a: Lopunny|Fake Out|p2a: Great-ily","|-resisted|p2a: Great-ily","|-damage|p2a: Great-ily|221/371","|cant|p2a: Great-ily|flinch","|","|-heal|p2a: Great-ily|244/371|[from] item: Leftovers","|-damage|p1a: Lopunny|223/271 tox|[from] psn","|turn|21","|","|move|p1a: Lopunny|High Jump Kick|p2a: Great-ily","|-supereffective|p2a: Great-ily","|-damage|p2a: Great-ily|0 fnt","|faint|p2a: Great-ily","|","|-damage|p1a: Lopunny|175/271 tox|[from] psn","|","|switch|p2a: Ludicool|Ludicolo, M, shiny|221/351","|turn|22","|","|move|p1a: Lopunny|Return|p2a: Ludicool","|-damage|p2a: Ludicool|0 fnt","|faint|p2a: Ludicool","|","|-damage|p1a: Lopunny|111/271 tox|[from] psn","|","|switch|p2a: Plantasaurus|Venusaur, M, shiny|301/301","|turn|23","|","|detailschange|p2a: Plantasaurus|Venusaur-Mega, M, shiny","|-mega|p2a: Plantasaurus|Venusaur|Venusaurite","|move|p1a: Lopunny|Return|p2a: Plantasaurus","|-damage|p2a: Plantasaurus|123/301","|move|p2a: Plantasaurus|Giga Drain|p1a: Lopunny","|-damage|p1a: Lopunny|0 fnt","|-heal|p2a: Plantasaurus|179/301|[from] drain|[of] p1a: Lopunny","|faint|p1a: Lopunny","|","|","|switch|p1a: Slaking|Slaking, M, shiny|441/441","|turn|24","|","|move|p1a: Slaking|Retaliate|p2a: Plantasaurus","|-damage|p2a: Plantasaurus|0 fnt","|faint|p2a: Plantasaurus","|","|win|GL ♅ JGT"],"p1rating":{"entryid":"30716","serverid":"eos","formatid":"monotype","userid":"gljgt","username":"GL ♅ JGT","w":7,"l":"1","t":"0","gxe":65.1,"r":"1542.4384535955","rd":"111.65898603754","sigma":"0","rptime":"1440234000","rpr":1621.3148783454,"rprd":94.353991528035,"rpsigma":"0","acre":1169.7005186906,"lacre":1169.7005186906,"oldacre":"1150.1744520869"},"p2rating":{"entryid":"1463","serverid":"eos","formatid":"monotype","userid":"gtxbzumzum","username":"GTX♅Bzumzum","w":"11","l":31,"t":"0","gxe":29.4,"r":"1339.7443087109","rd":"62.238830549052","sigma":"0","rptime":"1440234000","rpr":1333.4473999464,"rprd":55.482396837135,"rpsigma":"0","acre":1056.5038053299,"lacre":1056.5038053299,"oldacre":"1072.848953024"},"endType":"normal"}