{"seed":[44173,49716,12752,50678],"turns":55,"p1":"GL♅Reshiram","p2":"SL Xex♥","p1team":[{"name":"Conductor","species":"heatran","item":"assaultvest","ability":"Flash Fire","moves":["lavaplume","earthpower","dragonpulse","flashcannon"],"nature":"Mild","evs":{"hp":4,"atk":0,"def":0,"spa":252,"spd":252,"spe":0},"ivs":{"hp":31,"atk":31,"def":31,"spa":31,"spd":31,"spe":31}},{"name":"Ninetales","species":"Ninetales","item":"focussash","ability":"Drought","moves":["flamethrower","solarbeam","roar","nastyplot"],"nature":"Timid","evs":{"hp":0,"atk":0,"def":0,"spa":252,"spd":4,"spe":252},"ivs":{"hp":31,"atk":31,"def":31,"spa":31,"spd":31,"spe":31}},{"name":"Torkoal","species":"Torkoal","item":"leftovers","ability":"Shell Armor","moves":["protect","willowisp","clearsmog","rapidspin"],"nature":"Bold","evs":{"hp":252,"atk":0,"def":252,"spa":4,"spd":0,"spe":0},"ivs":{"hp":31,"atk":31,"def":31,"spa":31,"spd":31,"spe":31}},{"name":"Rotom-Heat","species":"Rotom-Heat","item":"lightclay","ability":"Levitate","moves":["voltswitch","painsplit","reflect","lightscreen"],"nature":"Timid","evs":{"hp":236,"atk":0,"def":8,"spa":4,"spd":8,"spe":252},"ivs":{"hp":31,"atk":31,"def":31,"spa":31,"spd":31,"spe":31}},{"name":"Swordsman","species":"infernape","item":"focussash","ability":"Iron Fist","moves":["firepunch","machpunch","thunderpunch","swordsdance"],"nature":"Jolly","evs":{"hp":4,"atk":252,"def":0,"spa":0,"spd":0,"spe":252},"ivs":{"hp":31,"atk":31,"def":31,"spa":31,"spd":31,"spe":31}},{"name":"Charizard","species":"Charizard","item":"charizarditey","ability":"Blaze","moves":["fireblast","solarbeam","airslash","roost"],"nature":"Timid","evs":{"hp":0,"atk":0,"def":0,"spa":252,"spd":4,"spe":252},"ivs":{"hp":31,"atk":31,"def":31,"spa":31,"spd":31,"spe":31}}],"p2team":[{"name":"Smeargle","species":"Smeargle","item":"focussash","ability":"Own Tempo","moves":["darkvoid","topsyturvy","stealthrock","stickyweb"],"nature":"Timid","evs":{"hp":248,"atk":0,"def":0,"spa":0,"spd":8,"spe":252},"ivs":{"hp":31,"atk":31,"def":31,"spa":31,"spd":31,"spe":31}},{"name":"Staraptor","species":"Staraptor","item":"leftovers","ability":"Intimidate","moves":["closecombat","bravebird","roost","uturn"],"nature":"Impish","evs":{"hp":248,"atk":8,"def":252,"spa":0,"spd":0,"spe":0},"shiny":true,"ivs":{"hp":31,"atk":31,"def":31,"spa":31,"spd":31,"spe":31}},{"name":"Lopunny","species":"Lopunny","item":"lopunnite","ability":"Cute Charm","moves":["highjumpkick","fakeout","return","icepunch"],"nature":"Jolly","evs":{"hp":0,"atk":252,"def":0,"spa":0,"spd":4,"spe":252},"ivs":{"hp":31,"atk":31,"def":31,"spa":31,"spd":31,"spe":31}},{"name":"Meloetta","species":"Meloetta","item":"lifeorb","ability":"Serene Grace","moves":["psyshock","focusblast","energyball","dazzlinggleam"],"nature":"Modest","evs":{"hp":248,"atk":0,"def":0,"spa":252,"spd":8,"spe":0},"ivs":{"hp":31,"atk":30,"def":31,"spa":30,"spd":31,"spe":30}},{"name":"Porygon2","species":"Porygon2","item":"eviolite","ability":"Trace","moves":["icebeam","triattack","magiccoat","recover"],"nature":"Bold","evs":{"hp":252,"atk":0,"def":252,"spa":4,"spd":0,"spe":0},"ivs":{"hp":31,"atk":31,"def":31,"spa":31,"spd":31,"spe":31}},{"name":"Blissey","species":"Blissey","item":"leftovers","ability":"Natural Cure","moves":["wish","toxic","seismictoss","healbell"],"nature":"Bold","evs":{"hp":252,"atk":0,"def":252,"spa":0,"spd":4,"spe":0},"ivs":{"hp":31,"atk":31,"def":31,"spa":31,"spd":31,"spe":31}}],"log":["|player|p1|GL♅Reshiram|163","|player|p2|SL Xex♥|226","|gametype|singles","|gen|6","|tier|Monotype","|rated","|rule|Baton Pass Clause: Limit one Baton Passer, can't pass Spe and other stats simultaneously","|rule|Swagger Clause: Swagger is banned","|rule|Same Type Clause: Pokémon in a team must share a type","|clearpoke","|poke|p1|Heatran, M","|poke|p1|Ninetales, M","|poke|p1|Torkoal, M","|poke|p1|Rotom-Heat","|poke|p1|Infernape, F","|poke|p1|Charizard, M","|poke|p2|Smeargle, F","|poke|p2|Staraptor, M, shiny","|poke|p2|Lopunny, M","|poke|p2|Meloetta","|poke|p2|Porygon2","|poke|p2|Blissey, F","|rule|Sleep Clause Mod: Limit one foe put to sleep","|rule|Species Clause: Limit one of each Pokémon","|rule|OHKO Clause: OHKO moves are banned","|rule|Moody Clause: Moody is banned","|rule|Evasion Moves Clause: Evasion moves are banned","|rule|Endless Battle Clause: Forcing endless battles is banned","|rule|HP Percentage Mod: HP is shown in percentages","|teampreview","|","|start","|switch|p1a: Torkoal|Torkoal, M|344/344","|switch|p2a: Porygon2|Porygon2|374/374","|-ability|p2a: Porygon2|Shell Armor|[from] ability: Trace|[of] p1a: Torkoal","|turn|1","|","|switch|p1a: Conductor|Heatran, M|324/324","|move|p2a: Porygon2|Magic Coat|p2a: Porygon2","|-singleturn|p2a: Porygon2|move: Magic Coat","|","|turn|2","|","|switch|p2a: Blissey|Blissey, F|714/714","|move|p1a: Conductor|Lava Plume|p2a: Blissey","|-damage|p2a: Blissey|591/714","|","|-heal|p2a: Blissey|635/714|[from] item: Leftovers","|turn|3","|","|switch|p2a: Porygon2|Porygon2|374/374","|-ability|p2a: Porygon2|Flash Fire|[from] ability: Trace|[of] p1a: Conductor","|move|p1a: Conductor|Lava Plume|p2a: Porygon2","|-start|p2a: Porygon2|ability: Flash Fire","|","|turn|4","|","|move|p1a: Conductor|Earth Power|p2a: Porygon2","|-damage|p2a: Porygon2|299/374","|move|p2a: Porygon2|Tri Attack|p1a: Conductor","|-resisted|p1a: Conductor","|-damage|p1a: Conductor|298/324","|","|turn|5","|","|move|p1a: Conductor|Flash Cannon|p2a: Porygon2","|-damage|p2a: Porygon2|194/374","|move|p2a: Porygon2|Recover|p2a: Porygon2","|-heal|p2a: Porygon2|374/374","|","|turn|6","|","|move|p1a: Conductor|Flash Cannon|p2a: Porygon2","|-damage|p2a: Porygon2|266/374","|move|p2a: Porygon2|Tri Attack|p1a: Conductor","|-resisted|p1a: Conductor","|-damage|p1a: Conductor|273/324","|","|turn|7","|","|-end|p2a: Porygon2|ability: Flash Fire|[silent]","|switch|p2a: Blissey|Blissey, F|635/714","|move|p1a: Conductor|Flash Cannon|p2a: Blissey","|-damage|p2a: Blissey|512/714","|","|-heal|p2a: Blissey|556/714|[from] item: Leftovers","|turn|8","|","|move|p1a: Conductor|Flash Cannon|p2a: Blissey","|-damage|p2a: Blissey|432/714","|move|p2a: Blissey|Wish|p2a: Blissey","|","|-heal|p2a: Blissey|476/714|[from] item: Leftovers","|turn|9","|","|switch|p1a: Ninetales|Ninetales, M|287/287","|-weather|SunnyDay","|move|p2a: Blissey|Seismic Toss|p1a: Ninetales","|-damage|p1a: Ninetales|187/287","|","|-weather|SunnyDay|[upkeep]","|-heal|p2a: Blissey|714/714|[from] move: Wish|[wisher] Blissey","|turn|10","|","|move|p2a: Blissey|Toxic|p1a: Ninetales","|-status|p1a: Ninetales|tox","|move|p1a: Ninetales|Roar|p2a: Blissey","|drag|p2a: Porygon2|Porygon2|266/374","|-ability|p2a: Porygon2|Drought|[from] ability: Trace|[of] p1a: Ninetales","|","|-weather|SunnyDay|[upkeep]","|-damage|p1a: Ninetales|170/287 tox|[from] psn","|turn|11","|","|switch|p1a: Conductor|Heatran, M|273/324","|move|p2a: Porygon2|Tri Attack|p1a: Conductor","|-resisted|p1a: Conductor","|-damage|p1a: Conductor|248/324","|","|-weather|SunnyDay|[upkeep]","|turn|12","|","|switch|p2a: Blissey|Blissey, F|714/714","|move|p1a: Conductor|Lava Plume|p2a: Blissey","|-damage|p2a: Blissey|534/714","|","|-weather|SunnyDay|[upkeep]","|-heal|p2a: Blissey|578/714|[from] item: Leftovers","|turn|13","|","|switch|p1a: Rotom-Heat|Rotom-Heat|300/300","|move|p2a: Blissey|Wish|p2a: Blissey","|","|-weather|none","|-heal|p2a: Blissey|622/714|[from] item: Leftovers","|turn|14","|","|move|p1a: Rotom-Heat|Light Screen|p1a: Rotom-Heat","|-sidestart|p1: GL♅Reshiram|move: Light Screen","|move|p2a: Blissey|Toxic|p1a: Rotom-Heat","|-status|p1a: Rotom-Heat|tox","|","|-heal|p2a: Blissey|714/714|[from] move: Wish|[wisher] Blissey","|-damage|p1a: Rotom-Heat|282/300 tox|[from] psn","|turn|15","|","|move|p1a: Rotom-Heat|Reflect|p1a: Rotom-Heat","|-sidestart|p1: GL♅Reshiram|Reflect","|move|p2a: Blissey|Seismic Toss|p1a: Rotom-Heat","|-damage|p1a: Rotom-Heat|182/300 tox","|","|-damage|p1a: Rotom-Heat|146/300 tox|[from] psn","|turn|16","|","|move|p1a: Rotom-Heat|Pain Split|p2a: Blissey","|-sethp|p2a: Blissey|430/714|p1a: Rotom-Heat|300/300 tox|[from] move: Pain Split","|move|p2a: Blissey|Seismic Toss|p1a: Rotom-Heat","|-damage|p1a: Rotom-Heat|200/300 tox","|","|-heal|p2a: Blissey|474/714|[from] item: Leftovers","|-damage|p1a: Rotom-Heat|146/300 tox|[from] psn","|turn|17","|","|move|p1a: Rotom-Heat|Volt Switch|p2a: Blissey","|-damage|p2a: Blissey|401/714","|","|switch|p1a: Conductor|Heatran, M|248/324","|move|p2a: Blissey|Wish|p2a: Blissey","|","|-heal|p2a: Blissey|445/714|[from] item: Leftovers","|turn|18","|","|move|p1a: Conductor|Lava Plume|p2a: Blissey","|-damage|p2a: Blissey|325/714","|move|p2a: Blissey|Seismic Toss|p1a: Conductor","|-damage|p1a: Conductor|148/324","|","|-heal|p2a: Blissey|682/714|[from] move: Wish|[wisher] Blissey","|-heal|p2a: Blissey|714/714|[from] item: Leftovers","|turn|19","|","|switch|p1a: Rotom-Heat|Rotom-Heat|146/300 tox","|move|p2a: Blissey|Seismic Toss|p1a: Rotom-Heat","|-damage|p1a: Rotom-Heat|46/300 tox","|","|-damage|p1a: Rotom-Heat|28/300 tox|[from] psn","|turn|20","|","|switch|p2a: Porygon2|Porygon2|266/374","|-ability|p2a: Porygon2|Levitate|[from] ability: Trace|[of] p1a: Rotom-Heat","|move|p1a: Rotom-Heat|Pain Split|p2a: Porygon2","|-sethp|p2a: Porygon2|147/374|p1a: Rotom-Heat|147/300 tox|[from] move: Pain Split","|","|-damage|p1a: Rotom-Heat|111/300 tox|[from] psn","|turn|21","|","|move|p1a: Rotom-Heat|Volt Switch|p2a: Porygon2","|-damage|p2a: Porygon2|86/374","|","|switch|p1a: Ninetales|Ninetales, M|170/287 tox","|-weather|SunnyDay","|move|p2a: Porygon2|Recover|p2a: Porygon2","|-heal|p2a: Porygon2|273/374","|","|-weather|SunnyDay|[upkeep]","|-damage|p1a: Ninetales|153/287 tox|[from] psn","|-sideend|p1: GL♅Reshiram|move: Light Screen","|turn|22","|","|move|p1a: Ninetales|Flamethrower|p2a: Porygon2","|-damage|p2a: Porygon2|158/374","|move|p2a: Porygon2|Tri Attack|p1a: Ninetales","|-damage|p1a: Ninetales|47/287 tox","|","|-weather|SunnyDay|[upkeep]","|-damage|p1a: Ninetales|13/287 tox|[from] psn","|-sideend|p1: GL♅Reshiram|Reflect","|turn|23","|","|move|p1a: Ninetales|Flamethrower|p2a: Porygon2","|-damage|p2a: Porygon2|37/374","|move|p2a: Porygon2|Recover|p2a: Porygon2","|-heal|p2a: Porygon2|224/374","|","|-weather|SunnyDay|[upkeep]","|-damage|p1a: Ninetales|0 fnt|[from] psn","|faint|p1a: Ninetales","|","|switch|p1a: Rotom-Heat|Rotom-Heat|111/300 tox","|turn|24","|","|move|p1a: Rotom-Heat|Light Screen|p1a: Rotom-Heat","|-sidestart|p1: GL♅Reshiram|move: Light Screen","|move|p2a: Porygon2|Tri Attack|p1a: Rotom-Heat","|-damage|p1a: Rotom-Heat|62/300 tox","|","|-weather|SunnyDay|[upkeep]","|-damage|p1a: Rotom-Heat|44/300 tox|[from] psn","|turn|25","|","|move|p1a: Rotom-Heat|Volt Switch|p2a: Porygon2","|-damage|p2a: Porygon2|164/374","|","|switch|p1a: Charizard|Charizard, M|297/297","|move|p2a: Porygon2|Recover|p2a: Porygon2","|-heal|p2a: Porygon2|351/374","|","|-weather|none","|turn|26","|","|switch|p1a: Swordsman|Infernape, F|294/294","|move|p2a: Porygon2|Tri Attack|p1a: Swordsman","|-crit|p1a: Swordsman","|-damage|p1a: Swordsman|84/294","|","|turn|27","|","|move|p1a: Swordsman|Mach Punch|p2a: Porygon2","|-supereffective|p2a: Porygon2","|-damage|p2a: Porygon2|277/374","|move|p2a: Porygon2|Tri Attack|p1a: Swordsman","|-damage|p1a: Swordsman|15/294","|","|turn|28","|","|move|p1a: Swordsman|Mach Punch|p2a: Porygon2","|-supereffective|p2a: Porygon2","|-damage|p2a: Porygon2|203/374","|move|p2a: Porygon2|Tri Attack|p1a: Swordsman","|-damage|p1a: Swordsman|0 fnt","|faint|p1a: Swordsman","|","|","|switch|p1a: Charizard|Charizard, M|297/297","|turn|29","|","|detailschange|p1a: Charizard|Charizard-Mega-Y, M","|-mega|p1a: Charizard|Charizard|Charizardite Y","|-weather|SunnyDay","|move|p1a: Charizard|Fire Blast|p2a: Porygon2|[miss]","|-miss|p1a: Charizard|p2a: Porygon2","|move|p2a: Porygon2|Tri Attack|p1a: Charizard","|-damage|p1a: Charizard|256/297","|","|-weather|SunnyDay|[upkeep]","|turn|30","|","|switch|p2a: Blissey|Blissey, F|714/714","|move|p1a: Charizard|Fire Blast|p2a: Blissey","|-damage|p2a: Blissey|435/714","|","|-weather|SunnyDay|[upkeep]","|-heal|p2a: Blissey|479/714|[from] item: Leftovers","|turn|31","|","|switch|p1a: Conductor|Heatran, M|148/324","|move|p2a: Blissey|Wish|p2a: Blissey","|","|-weather|SunnyDay|[upkeep]","|-heal|p2a: Blissey|523/714|[from] item: Leftovers","|-sideend|p1: GL♅Reshiram|move: Light Screen","|turn|32","|","|move|p1a: Conductor|Lava Plume|p2a: Blissey","|-damage|p2a: Blissey|333/714","|-status|p2a: Blissey|brn","|move|p2a: Blissey|Seismic Toss|p1a: Conductor","|-damage|p1a: Conductor|48/324","|","|-weather|SunnyDay|[upkeep]","|-heal|p2a: Blissey|690/714 brn|[from] move: Wish|[wisher] Blissey","|-heal|p2a: Blissey|714/714 brn|[from] item: Leftovers","|-damage|p2a: Blissey|625/714 brn|[from] brn","|turn|33","|","|move|p1a: Conductor|Dragon Pulse|p2a: Blissey","|-damage|p2a: Blissey|537/714 brn","|move|p2a: Blissey|Wish|p2a: Blissey","|","|-weather|none","|-heal|p2a: Blissey|581/714 brn|[from] item: Leftovers","|-damage|p2a: Blissey|492/714 brn|[from] brn","|turn|34","|","|switch|p1a: Rotom-Heat|Rotom-Heat|44/300 tox","|move|p2a: Blissey|Heal Bell|p2a: Blissey","|-cureteam|p2a: Blissey|[from] move: HealBell","|","|-heal|p2a: Blissey|714/714|[from] move: Wish|[wisher] Blissey","|-damage|p1a: Rotom-Heat|26/300 tox|[from] psn","|turn|35","|","|move|p1a: Rotom-Heat|Pain Split|p2a: Blissey","|-sethp|p2a: Blissey|370/714|p1a: Rotom-Heat|300/300 tox|[from] move: Pain Split","|move|p2a: Blissey|Seismic Toss|p1a: Rotom-Heat","|-damage|p1a: Rotom-Heat|200/300 tox","|","|-heal|p2a: Blissey|414/714|[from] item: Leftovers","|-damage|p1a: Rotom-Heat|164/300 tox|[from] psn","|turn|36","|","|move|p1a: Rotom-Heat|Volt Switch|p2a: Blissey","|-damage|p2a: Blissey|341/714","|","|switch|p1a: Charizard|Charizard-Mega-Y, M|256/297","|-weather|SunnyDay","|move|p2a: Blissey|Wish|p2a: Blissey","|","|-weather|SunnyDay|[upkeep]","|-heal|p2a: Blissey|385/714|[from] item: Leftovers","|turn|37","|","|move|p1a: Charizard|Fire Blast|p2a: Blissey","|-damage|p2a: Blissey|121/714","|-status|p2a: Blissey|brn","|move|p2a: Blissey|Toxic|p1a: Charizard","|-status|p1a: Charizard|tox","|","|-weather|SunnyDay|[upkeep]","|-heal|p2a: Blissey|478/714 brn|[from] move: Wish|[wisher] Blissey","|-heal|p2a: Blissey|522/714 brn|[from] item: Leftovers","|-damage|p1a: Charizard|238/297 tox|[from] psn","|-damage|p2a: Blissey|433/714 brn|[from] brn","|turn|38","|","|switch|p1a: Rotom-Heat|Rotom-Heat|164/300 tox","|switch|p2a: Meloetta|Meloetta|403/403","|","|-weather|SunnyDay|[upkeep]","|-damage|p1a: Rotom-Heat|146/300 tox|[from] psn","|turn|39","|","|move|p1a: Rotom-Heat|Light Screen|p1a: Rotom-Heat","|-sidestart|p1: GL♅Reshiram|move: Light Screen","|move|p2a: Meloetta|Psyshock|p1a: Rotom-Heat","|-damage|p1a: Rotom-Heat|44/300 tox","|-damage|p2a: Meloetta|363/403|[from] item: Life Orb","|","|-weather|SunnyDay|[upkeep]","|-damage|p1a: Rotom-Heat|8/300 tox|[from] psn","|turn|40","|","|move|p1a: Rotom-Heat|Pain Split|p2a: Meloetta","|-sethp|p2a: Meloetta|185/403|p1a: Rotom-Heat|185/300 tox|[from] move: Pain Split","|move|p2a: Meloetta|Psyshock|p1a: Rotom-Heat","|-damage|p1a: Rotom-Heat|89/300 tox","|-damage|p2a: Meloetta|145/403|[from] item: Life Orb","|","|-weather|none","|-damage|p1a: Rotom-Heat|35/300 tox|[from] psn","|turn|41","|","|move|p1a: Rotom-Heat|Reflect|p1a: Rotom-Heat","|-sidestart|p1: GL♅Reshiram|Reflect","|move|p2a: Meloetta|Psyshock|p1a: Rotom-Heat","|-damage|p1a: Rotom-Heat|0 fnt","|-damage|p2a: Meloetta|105/403|[from] item: Life Orb","|faint|p1a: Rotom-Heat","|","|","|switch|p1a: Conductor|Heatran, M|48/324","|turn|42","|","|move|p2a: Meloetta|Focus Blast|p1a: Conductor|[miss]","|-miss|p2a: Meloetta|p1a: Conductor","|move|p1a: Conductor|Lava Plume|p2a: Meloetta","|-damage|p2a: Meloetta|0 fnt","|faint|p2a: Meloetta","|","|","|switch|p2a: Blissey|Blissey, F|433/714","|turn|43","|","|move|p1a: Conductor|Flash Cannon|p2a: Blissey","|-damage|p2a: Blissey|313/714","|move|p2a: Blissey|Wish|p2a: Blissey","|","|-heal|p2a: Blissey|357/714|[from] item: Leftovers","|turn|44","|","|move|p1a: Conductor|Flash Cannon|p2a: Blissey","|-damage|p2a: Blissey|245/714","|move|p2a: Blissey|Seismic Toss|p1a: Conductor","|-damage|p1a: Conductor|0 fnt","|faint|p1a: Conductor","|","|-heal|p2a: Blissey|602/714|[from] move: Wish|[wisher] Blissey","|-heal|p2a: Blissey|646/714|[from] item: Leftovers","|","|switch|p1a: Torkoal|Torkoal, M|344/344","|turn|45","|","|move|p2a: Blissey|Toxic|p1a: Torkoal|[miss]","|-miss|p2a: Blissey|p1a: Torkoal","|move|p1a: Torkoal|Will-O-Wisp|p2a: Blissey|[miss]","|-miss|p1a: Torkoal|p2a: Blissey","|","|-heal|p2a: Blissey|690/714|[from] item: Leftovers","|turn|46","|","|switch|p1a: Charizard|Charizard-Mega-Y, M|238/297 tox","|-weather|SunnyDay","|move|p2a: Blissey|Toxic|p1a: Charizard","|-fail|p1a: Charizard|tox","|","|-weather|SunnyDay|[upkeep]","|-heal|p2a: Blissey|714/714|[from] item: Leftovers","|-damage|p1a: Charizard|220/297 tox|[from] psn","|-sideend|p1: GL♅Reshiram|move: Light Screen","|turn|47","|","|move|p1a: Charizard|Fire Blast|p2a: Blissey","|-damage|p2a: Blissey|470/714","|move|p2a: Blissey|Wish|p2a: Blissey","|","|-weather|SunnyDay|[upkeep]","|-heal|p2a: Blissey|514/714|[from] item: Leftovers","|-damage|p1a: Charizard|184/297 tox|[from] psn","|turn|48","|","|move|p1a: Charizard|Fire Blast|p2a: Blissey","|-damage|p2a: Blissey|244/714","|move|p2a: Blissey|Seismic Toss|p1a: Charizard","|-damage|p1a: Charizard|84/297 tox","|","|-weather|SunnyDay|[upkeep]","|-heal|p2a: Blissey|601/714|[from] move: Wish|[wisher] Blissey","|-heal|p2a: Blissey|645/714|[from] item: Leftovers","|-damage|p1a: Charizard|30/297 tox|[from] psn","|-sideend|p1: GL♅Reshiram|Reflect","|turn|49","|","|switch|p1a: Torkoal|Torkoal, M|344/344","|move|p2a: Blissey|Wish|p2a: Blissey","|","|-weather|SunnyDay|[upkeep]","|-heal|p2a: Blissey|689/714|[from] item: Leftovers","|turn|50","|","|move|p2a: Blissey|Toxic|p1a: Torkoal","|-status|p1a: Torkoal|tox","|move|p1a: Torkoal|Will-O-Wisp|p2a: Blissey|[miss]","|-miss|p1a: Torkoal|p2a: Blissey","|","|-weather|none","|-heal|p2a: Blissey|714/714|[from] move: Wish|[wisher] Blissey","|-damage|p1a: Torkoal|323/344 tox|[from] psn","|turn|51","|","|move|p2a: Blissey|Seismic Toss|p1a: Torkoal","|-damage|p1a: Torkoal|223/344 tox","|move|p1a: Torkoal|Will-O-Wisp|p2a: Blissey","|-status|p2a: Blissey|brn","|","|-heal|p1a: Torkoal|244/344 tox|[from] item: Leftovers","|-damage|p2a: Blissey|625/714 brn|[from] brn","|-damage|p1a: Torkoal|202/344 tox|[from] psn","|turn|52","|","|move|p1a: Torkoal|Protect|p1a: Torkoal","|-singleturn|p1a: Torkoal|Protect","|move|p2a: Blissey|Seismic Toss|p1a: Torkoal","|-activate|p1a: Torkoal|Protect","|","|-heal|p2a: Blissey|669/714 brn|[from] item: Leftovers","|-heal|p1a: Torkoal|223/344 tox|[from] item: Leftovers","|-damage|p2a: Blissey|580/714 brn|[from] brn","|-damage|p1a: Torkoal|160/344 tox|[from] psn","|turn|53","|","|move|p2a: Blissey|Seismic Toss|p1a: Torkoal","|-damage|p1a: Torkoal|60/344 tox","|move|p1a: Torkoal|Clear Smog|p2a: Blissey","|-damage|p2a: Blissey|552/714 brn","|-clearboost|p2a: Blissey","|","|-heal|p2a: Blissey|596/714 brn|[from] item: Leftovers","|-heal|p1a: Torkoal|81/344 tox|[from] item: Leftovers","|-damage|p2a: Blissey|507/714 brn|[from] brn","|-damage|p1a: Torkoal|0 fnt|[from] psn","|faint|p1a: Torkoal","|","|switch|p1a: Charizard|Charizard-Mega-Y, M|30/297 tox","|-weather|SunnyDay","|turn|54","|","|move|p1a: Charizard|Fire Blast|p2a: Blissey","|-damage|p2a: Blissey|266/714 brn","|move|p2a: Blissey|Wish|p2a: Blissey","|","|-weather|SunnyDay|[upkeep]","|-heal|p2a: Blissey|310/714 brn|[from] item: Leftovers","|-damage|p1a: Charizard|12/297 tox|[from] psn","|-damage|p2a: Blissey|221/714 brn|[from] brn","|turn|55","|","|switch|p2a: Porygon2|Porygon2|203/374","|-ability|p2a: Porygon2|Drought|[from] ability: Trace|[of] p1a: Charizard","|move|p1a: Charizard|Fire Blast|p2a: Porygon2","|-damage|p2a: Porygon2|0 fnt","|faint|p2a: Porygon2","|","|-weather|SunnyDay|[upkeep]","|-damage|p1a: Charizard|0 fnt|[from] psn","|faint|p1a: Charizard","|","|win|SL Xex♥"],"p1rating":{"entryid":"319032","serverid":"eos","formatid":"monotype","userid":"glreshiram","username":"GL♅Reshiram","w":"3","l":3,"t":"0","gxe":47.2,"r":"1504.2504998354","rd":"102.54067115159","sigma":"0","rptime":"1440320400","rpr":1477.9180537677,"rprd":98.925461704603,"rpsigma":"0","acre":1036.1356437112,"lacre":1036.1356437112,"oldacre":"1057.9077396107"},"p2rating":{"entryid":353077,"formatid":"monotype","userid":"slxex","username":"SL Xex♥","r":1500,"rd":130,"sigma":0,"rpr":1541.5350240864,"rprd":122.47926795705,"rpsigma":0,"rptime":1440320400,"w":1,"l":0,"t":0,"gxe":55.2,"acre":1046.6058190712,"lacre":1046.6058190712,"oldacre":1000},"endType":"normal"}