{"seed":[43519,13661,12963,29604],"turns":28,"p1":"Void Who","p2":"LightOfAKnowing","p1team":[{"name":"Gallade","species":"Gallade","item":"galladite","ability":"Justified","moves":["shadowsneak","drainpunch","psychocut","thunderwave"],"nature":"Adamant","evs":{"hp":248,"atk":252,"def":0,"spa":0,"spd":8,"spe":0},"ivs":{"hp":31,"atk":31,"def":31,"spa":31,"spd":31,"spe":31}},{"name":"Jirachi","species":"Jirachi","item":"assaultvest","ability":"Serene Grace","moves":["bodyslam","ironhead","drainpunch","zenheadbutt"],"nature":"Adamant","evs":{"hp":224,"atk":252,"def":0,"spa":0,"spd":0,"spe":32},"ivs":{"hp":31,"atk":31,"def":31,"spa":31,"spd":31,"spe":31}},{"name":"Meloetta","species":"Meloetta","item":"choicespecs","ability":"Serene Grace","moves":["hypervoice","focusblast","psychic","energyball"],"nature":"Modest","evs":{"hp":248,"atk":0,"def":0,"spa":252,"spd":8,"spe":0},"ivs":{"hp":31,"atk":31,"def":31,"spa":31,"spd":31,"spe":31}},{"name":"Mew","species":"Mew","item":"leftovers","ability":"Synchronize","moves":["defog","stealthrock","roost","knockoff"],"nature":"Careful","evs":{"hp":252,"atk":4,"def":0,"spa":0,"spd":252,"spe":0},"ivs":{"hp":31,"atk":31,"def":31,"spa":31,"spd":31,"spe":31}},{"name":"Slowbro","species":"Slowbro","item":"rockyhelmet","ability":"Regenerator","moves":["calmmind","slackoff","scald","flamethrower"],"nature":"Bold","evs":{"hp":248,"atk":0,"def":252,"spa":8,"spd":0,"spe":0},"ivs":{"hp":31,"atk":31,"def":31,"spa":31,"spd":31,"spe":31}},{"name":"Hoopa-Unbound","species":"Hoopa-Unbound","item":"choicescarf","ability":"Magician","moves":["hyperspacehole","hyperspacefury","firepunch","drainpunch"],"nature":"Hasty","evs":{"hp":0,"atk":252,"def":0,"spa":4,"spd":0,"spe":252},"ivs":{"hp":31,"atk":31,"def":31,"spa":31,"spd":31,"spe":31}}],"p2team":[{"name":"Exploud","species":"Exploud","item":"wiseglasses","ability":"Scrappy","moves":["boomburst","icebeam","flamethrower","shadowball"],"nature":"Modest","evs":{"hp":248,"atk":0,"def":0,"spa":252,"spd":8,"spe":0},"ivs":{"hp":31,"atk":31,"def":31,"spa":31,"spd":31,"spe":31}},{"name":"Chansey","species":"Chansey","item":"eviolite","ability":"Natural Cure","moves":["healbell","wish","toxic","seismictoss"],"nature":"Bold","evs":{"hp":248,"atk":0,"def":252,"spa":0,"spd":8,"spe":0},"ivs":{"hp":31,"atk":31,"def":31,"spa":31,"spd":31,"spe":31}},{"name":"Braviary","species":"Braviary","item":"choicescarf","ability":"Sheer Force","moves":["bravebird","rockslide","thrash","steelwing"],"nature":"Jolly","evs":{"hp":0,"atk":252,"def":0,"spa":0,"spd":4,"spe":252},"shiny":true,"ivs":{"hp":31,"atk":31,"def":31,"spa":31,"spd":31,"spe":31}},{"name":"Meloetta","species":"Meloetta","item":"assaultvest","ability":"Serene Grace","moves":["shadowball","psychic","energyball","hypervoice"],"nature":"Modest","evs":{"hp":248,"atk":0,"def":0,"spa":252,"spd":8,"spe":0},"ivs":{"hp":31,"atk":31,"def":31,"spa":31,"spd":31,"spe":31}},{"name":"Lopunny","species":"Lopunny","item":"lopunnite","ability":"Cute Charm","moves":["fakeout","drainpunch","frustration","icepunch"],"nature":"Jolly","evs":{"hp":0,"atk":252,"def":0,"spa":0,"spd":4,"spe":252},"happiness":0,"ivs":{"hp":31,"atk":31,"def":31,"spa":31,"spd":31,"spe":31}},{"name":"Snorlax","species":"Snorlax","item":"weaknesspolicy","ability":"Thick Fat","moves":["curse","rest","frustration","zenheadbutt"],"nature":"Adamant","evs":{"hp":248,"atk":252,"def":0,"spa":0,"spd":8,"spe":0},"happiness":0,"ivs":{"hp":31,"atk":31,"def":31,"spa":31,"spd":31,"spe":31}}],"log":["|player|p1|Void Who|voidwho.gif","|player|p2|LightOfAKnowing|lightofaknowing.gif","|gametype|singles","|gen|6","|tier|Monotype","|rated","|rule|Baton Pass Clause: Limit one Baton Passer, can't pass Spe and other stats simultaneously","|rule|Swagger Clause: Swagger is banned","|rule|Same Type Clause: Pokémon in a team must share a type","|clearpoke","|poke|p1|Gallade, M","|poke|p1|Jirachi","|poke|p1|Meloetta","|poke|p1|Mew","|poke|p1|Slowbro, M","|poke|p1|Hoopa-Unbound","|poke|p2|Exploud, M","|poke|p2|Chansey, F","|poke|p2|Braviary, M, shiny","|poke|p2|Meloetta","|poke|p2|Lopunny, F","|poke|p2|Snorlax, M","|rule|Sleep Clause Mod: Limit one foe put to sleep","|rule|Species Clause: Limit one of each Pokémon","|rule|OHKO Clause: OHKO moves are banned","|rule|Moody Clause: Moody is banned","|rule|Evasion Moves Clause: Evasion moves are banned","|rule|Endless Battle Clause: Forcing endless battles is banned","|rule|HP Percentage Mod: HP is shown in percentages","|teampreview","|","|start","|switch|p1a: Slowbro|Slowbro, M|393/393","|switch|p2a: Exploud|Exploud, M|411/411","|turn|1","|","|switch|p1a: Meloetta|Meloetta|403/403","|move|p2a: Exploud|Boomburst|p1a: Meloetta","|-damage|p1a: Meloetta|214/403","|","|turn|2","|","|switch|p2a: Braviary|Braviary, M, shiny|341/341","|move|p1a: Meloetta|Focus Blast|p2a: Braviary","|-damage|p2a: Braviary|31/341","|","|turn|3","|","|switch|p1a: Jirachi|Jirachi|397/397","|move|p2a: Braviary|Thrash|p1a: Jirachi","|-resisted|p1a: Jirachi","|-damage|p1a: Jirachi|298/397","|","|turn|4","|","|move|p2a: Braviary|Thrash|p1a: Jirachi|[from]lockedmove","|-resisted|p1a: Jirachi","|-damage|p1a: Jirachi|198/397","|-start|p2a: Braviary|confusion|[fatigue]","|move|p1a: Jirachi|Body Slam|p2a: Braviary","|-crit|p2a: Braviary","|-damage|p2a: Braviary|0 fnt","|faint|p2a: Braviary","|","|","|switch|p2a: Snorlax|Snorlax, M|523/523","|turn|5","|","|move|p1a: Jirachi|Body Slam|p2a: Snorlax","|-damage|p2a: Snorlax|382/523","|move|p2a: Snorlax|Curse|p2a: Snorlax","|-unboost|p2a: Snorlax|spe|1","|-boost|p2a: Snorlax|atk|1","|-boost|p2a: Snorlax|def|1","|","|turn|6","|","|move|p1a: Jirachi|Drain Punch|p2a: Snorlax","|-supereffective|p2a: Snorlax","|-damage|p2a: Snorlax|236/523","|-heal|p1a: Jirachi|271/397|[from] drain|[of] p2a: Snorlax","|-enditem|p2a: Snorlax|Weakness Policy","|-boost|p2a: Snorlax|atk|2|[from] item: Weakness Policy","|-boost|p2a: Snorlax|spa|2|[from] item: Weakness Policy","|move|p2a: Snorlax|Curse|p2a: Snorlax","|-unboost|p2a: Snorlax|spe|1","|-boost|p2a: Snorlax|atk|1","|-boost|p2a: Snorlax|def|1","|","|turn|7","|","|move|p1a: Jirachi|Body Slam|p2a: Snorlax","|-damage|p2a: Snorlax|170/523","|move|p2a: Snorlax|Rest|p2a: Snorlax","|-status|p2a: Snorlax|slp","|-heal|p2a: Snorlax|523/523 slp|[silent]","|-status|p2a: Snorlax|slp|[from] move: Rest","|","|turn|8","|","|switch|p1a: Meloetta|Meloetta|214/403","|cant|p2a: Snorlax|slp","|","|turn|9","|","|move|p1a: Meloetta|Focus Blast|p2a: Snorlax|[miss]","|-miss|p1a: Meloetta|p2a: Snorlax","|cant|p2a: Snorlax|slp","|","|turn|10","|","|move|p1a: Meloetta|Focus Blast|p2a: Snorlax","|-supereffective|p2a: Snorlax","|-damage|p2a: Snorlax|105/523 slp","|-curestatus|p2a: Snorlax|slp","|move|p2a: Snorlax|Frustration|p1a: Meloetta","|-damage|p1a: Meloetta|0 fnt","|faint|p1a: Meloetta","|","|","|switch|p1a: Hoopa-Unbound|Hoopa-Unbound|301/301","|turn|11","|","|move|p1a: Hoopa-Unbound|Hyperspace Hole|p2a: Snorlax","|-damage|p2a: Snorlax|0 fnt","|faint|p2a: Snorlax","|","|","|switch|p2a: Lopunny|Lopunny, F|271/271","|turn|12","|","|switch|p1a: Slowbro|Slowbro, M|393/393","|detailschange|p2a: Lopunny|Lopunny-Mega, F","|-mega|p2a: Lopunny|Lopunny|Lopunnite","|move|p2a: Lopunny|Frustration|p1a: Slowbro","|-crit|p1a: Slowbro","|-damage|p1a: Slowbro|201/393","|-damage|p2a: Lopunny|226/271|[from] item: Rocky Helmet|[of] p1a: Slowbro","|","|turn|13","|","|switch|p2a: Exploud|Exploud, M|411/411","|move|p1a: Slowbro|Slack Off|p1a: Slowbro","|-heal|p1a: Slowbro|393/393","|","|turn|14","|","|switch|p1a: Mew|Mew|404/404","|move|p2a: Exploud|Shadow Ball|p1a: Mew","|-supereffective|p1a: Mew","|-damage|p1a: Mew|262/404","|","|-heal|p1a: Mew|287/404|[from] item: Leftovers","|turn|15","|","|switch|p2a: Chansey|Chansey, F|703/703","|move|p1a: Mew|Knock Off|p2a: Chansey","|-damage|p2a: Chansey|595/703","|-enditem|p2a: Chansey|Eviolite|[from] move: Knock Off|[of] p1a: Mew","|","|-heal|p1a: Mew|312/404|[from] item: Leftovers","|turn|16","|","|move|p1a: Mew|Stealth Rock|p2a: Chansey","|-sidestart|p2: LightOfAKnowing|move: Stealth Rock","|move|p2a: Chansey|Seismic Toss|p1a: Mew","|-damage|p1a: Mew|212/404","|","|-heal|p1a: Mew|237/404|[from] item: Leftovers","|turn|17","|","|switch|p1a: Gallade|Gallade, M|339/339","|move|p2a: Chansey|Seismic Toss|p1a: Gallade","|-damage|p1a: Gallade|239/339","|","|turn|18","|","|detailschange|p1a: Gallade|Gallade-Mega, M","|-mega|p1a: Gallade|Gallade|Galladite","|move|p1a: Gallade|Drain Punch|p2a: Chansey","|-supereffective|p2a: Chansey","|-damage|p2a: Chansey|0 fnt","|-heal|p1a: Gallade|339/339|[from] drain|[of] p2a: Chansey","|faint|p2a: Chansey","|","|","|switch|p2a: Meloetta|Meloetta|403/403","|-damage|p2a: Meloetta|353/403|[from] Stealth Rock","|turn|19","|","|switch|p1a: Mew|Mew|237/404","|move|p2a: Meloetta|Shadow Ball|p1a: Mew","|-supereffective|p1a: Mew","|-damage|p1a: Mew|93/404","|","|-heal|p1a: Mew|118/404|[from] item: Leftovers","|turn|20","|","|move|p1a: Mew|Knock Off|p2a: Meloetta","|-supereffective|p2a: Meloetta","|-damage|p2a: Meloetta|177/403","|-enditem|p2a: Meloetta|Assault Vest|[from] move: Knock Off|[of] p1a: Mew","|move|p2a: Meloetta|Shadow Ball|p1a: Mew","|-supereffective|p1a: Mew","|-damage|p1a: Mew|0 fnt","|faint|p1a: Mew","|","|","|switch|p1a: Hoopa-Unbound|Hoopa-Unbound|301/301","|turn|21","|","|move|p1a: Hoopa-Unbound|Hyperspace Fury|p2a: Meloetta","|-supereffective|p2a: Meloetta","|-damage|p2a: Meloetta|0 fnt","|-unboost|p1a: Hoopa-Unbound|def|1","|faint|p2a: Meloetta","|","|","|switch|p2a: Lopunny|Lopunny-Mega, F|226/271","|-damage|p2a: Lopunny|210/271|[from] Stealth Rock","|turn|22","|","|switch|p1a: Slowbro|Slowbro, M|393/393","|move|p2a: Lopunny|Drain Punch|p1a: Slowbro","|-resisted|p1a: Slowbro","|-damage|p1a: Slowbro|345/393","|-heal|p2a: Lopunny|234/271|[from] drain|[of] p1a: Slowbro","|-damage|p2a: Lopunny|189/271|[from] item: Rocky Helmet|[of] p1a: Slowbro","|","|turn|23","|","|switch|p2a: Exploud|Exploud, M|411/411","|-damage|p2a: Exploud|360/411|[from] Stealth Rock","|move|p1a: Slowbro|Scald|p2a: Exploud","|-damage|p2a: Exploud|245/411","|","|turn|24","|","|switch|p1a: Jirachi|Jirachi|271/397","|move|p2a: Exploud|Shadow Ball|p1a: Jirachi","|-supereffective|p1a: Jirachi","|-damage|p1a: Jirachi|159/397","|","|turn|25","|","|move|p1a: Jirachi|Drain Punch|p2a: Exploud","|-crit|p2a: Exploud","|-supereffective|p2a: Exploud","|-damage|p2a: Exploud|0 fnt","|-heal|p1a: Jirachi|282/397|[from] drain|[of] p2a: Exploud","|faint|p2a: Exploud","|","|","|switch|p2a: Lopunny|Lopunny-Mega, F|189/271","|-damage|p2a: Lopunny|173/271|[from] Stealth Rock","|turn|26","|","|move|p2a: Lopunny|Fake Out|p1a: Jirachi","|-resisted|p1a: Jirachi","|-damage|p1a: Jirachi|249/397","|cant|p1a: Jirachi|flinch","|","|turn|27","|","|move|p2a: Lopunny|Drain Punch|p1a: Jirachi","|-damage|p1a: Jirachi|116/397","|-heal|p2a: Lopunny|240/271|[from] drain|[of] p1a: Jirachi","|move|p1a: Jirachi|Drain Punch|p2a: Lopunny","|-supereffective|p2a: Lopunny","|-damage|p2a: Lopunny|60/271","|-heal|p1a: Jirachi|206/397|[from] drain|[of] p2a: Lopunny","|","|turn|28","|","|move|p2a: Lopunny|Drain Punch|p1a: Jirachi","|-damage|p1a: Jirachi|79/397","|-heal|p2a: Lopunny|124/271|[from] drain|[of] p1a: Jirachi","|move|p1a: Jirachi|Drain Punch|p2a: Lopunny","|-supereffective|p2a: Lopunny","|-damage|p2a: Lopunny|0 fnt","|-heal|p1a: Jirachi|141/397|[from] drain|[of] p2a: Lopunny","|faint|p2a: Lopunny","|","|win|Void Who"],"p1rating":{"entryid":"114352","serverid":"eos","formatid":"monotype","userid":"voidwho","username":"Void Who","w":10,"l":"5","t":"0","gxe":60.7,"r":"1497.3189220233","rd":"92.310157241326","sigma":"0","rptime":"1440320400","rpr":1583.5595946221,"rprd":77.501397358518,"rpsigma":"0","acre":1197.7087879389,"lacre":1197.7087879389,"oldacre":"1181.2876700847"},"p2rating":{"entryid":"386","serverid":"eos","formatid":"monotype","userid":"lightofaknowing","username":"LightOfAKnowing","w":"14","l":26,"t":"0","gxe":38.7,"r":"1419.9952408759","rd":"58.070774011908","sigma":"0","rptime":"1440320400","rpr":1412.3681357142,"rprd":55.586811869946,"rpsigma":"0","acre":1044.8356006056,"lacre":1044.8356006056,"oldacre":"1057.022263614"},"endType":"normal"}