{"seed":[2756,35553,2369,44890],"turns":26,"p1":"Rain ☆ S.Herbs","p2":"Void Who","p1team":[{"name":"Hippowdon","species":"Hippowdon","item":"leftovers","ability":"Sand Stream","moves":["earthquake","stealthrock","slackoff","toxic"],"nature":"Careful","evs":{"hp":252,"atk":4,"def":252,"spa":0,"spd":0,"spe":0},"shiny":true,"ivs":{"hp":31,"atk":31,"def":31,"spa":31,"spd":31,"spe":31}},{"name":"Landorus","species":"Landorus","item":"assaultvest","ability":"Sheer Force","moves":["sludgewave","earthpower","stoneedge","grassknot"],"nature":"Naive","evs":{"hp":0,"atk":4,"def":0,"spa":252,"spd":0,"spe":252},"shiny":true,"ivs":{"hp":31,"atk":31,"def":31,"spa":31,"spd":31,"spe":31}},{"name":"Mamoswine","species":"Mamoswine","item":"assaultvest","ability":"Thick Fat","moves":["iceshard","earthquake","ironhead","iciclecrash"],"nature":"Adamant","evs":{"hp":248,"atk":252,"def":0,"spa":0,"spd":8,"spe":0},"ivs":{"hp":31,"atk":31,"def":31,"spa":31,"spd":31,"spe":31}},{"name":"Garchomp","species":"Garchomp","item":"garchompite","ability":"Rough Skin","moves":["dracometeor","earthquake","flamethrower","ironhead"],"nature":"Naive","evs":{"hp":0,"atk":4,"def":0,"spa":252,"spd":0,"spe":252},"shiny":true,"ivs":{"hp":31,"atk":31,"def":31,"spa":31,"spd":31,"spe":31}},{"name":"Excadrill","species":"Excadrill","item":"airballoon","ability":"Sand Rush","moves":["ironhead","swordsdance","earthquake","rockslide"],"nature":"Adamant","evs":{"hp":0,"atk":252,"def":0,"spa":0,"spd":4,"spe":252},"shiny":true,"ivs":{"hp":31,"atk":31,"def":31,"spa":31,"spd":31,"spe":31}},{"name":"Gastrodon","species":"Gastrodon","item":"leftovers","ability":"Storm Drain","moves":["scald","earthpower","toxic","recover"],"nature":"Sassy","evs":{"hp":252,"atk":0,"def":252,"spa":0,"spd":4,"spe":0},"shiny":true,"ivs":{"hp":31,"atk":31,"def":31,"spa":31,"spd":31,"spe":31}}],"p2team":[{"name":"Gallade","species":"Gallade","item":"galladite","ability":"Justified","moves":["shadowsneak","drainpunch","psychocut","thunderwave"],"nature":"Adamant","evs":{"hp":248,"atk":252,"def":0,"spa":0,"spd":8,"spe":0},"ivs":{"hp":31,"atk":31,"def":31,"spa":31,"spd":31,"spe":31}},{"name":"Jirachi","species":"Jirachi","item":"assaultvest","ability":"Serene Grace","moves":["bodyslam","ironhead","drainpunch","zenheadbutt"],"nature":"Adamant","evs":{"hp":224,"atk":252,"def":0,"spa":0,"spd":0,"spe":32},"ivs":{"hp":31,"atk":31,"def":31,"spa":31,"spd":31,"spe":31}},{"name":"Meloetta","species":"Meloetta","item":"choicespecs","ability":"Serene Grace","moves":["hypervoice","focusblast","psychic","shadowball"],"nature":"Modest","evs":{"hp":248,"atk":0,"def":0,"spa":252,"spd":8,"spe":0},"ivs":{"hp":31,"atk":31,"def":31,"spa":31,"spd":31,"spe":31}},{"name":"Mew","species":"Mew","item":"leftovers","ability":"Synchronize","moves":["defog","stealthrock","roost","knockoff"],"nature":"Careful","evs":{"hp":252,"atk":4,"def":0,"spa":0,"spd":252,"spe":0},"ivs":{"hp":31,"atk":31,"def":31,"spa":31,"spd":31,"spe":31}},{"name":"Slowbro","species":"Slowbro","item":"rockyhelmet","ability":"Regenerator","moves":["calmmind","slackoff","scald","flamethrower"],"nature":"Bold","evs":{"hp":248,"atk":0,"def":252,"spa":8,"spd":0,"spe":0},"ivs":{"hp":31,"atk":31,"def":31,"spa":31,"spd":31,"spe":31}},{"name":"Hoopa-Unbound","species":"Hoopa-Unbound","item":"choicescarf","ability":"Magician","moves":["hyperspacehole","hyperspacefury","firepunch","drainpunch"],"nature":"Hasty","evs":{"hp":0,"atk":252,"def":0,"spa":4,"spd":0,"spe":252},"ivs":{"hp":31,"atk":31,"def":31,"spa":31,"spd":31,"spe":31}}],"log":["|player|p1|Rain ☆ S.Herbs|154","|player|p2|Void Who|voidwho.gif","|gametype|singles","|gen|6","|tier|Monotype","|rated","|rule|Baton Pass Clause: Limit one Baton Passer, can't pass Spe and other stats simultaneously","|rule|Swagger Clause: Swagger is banned","|rule|Same Type Clause: Pokémon in a team must share a type","|clearpoke","|poke|p1|Hippowdon, M, shiny","|poke|p1|Landorus, M, shiny","|poke|p1|Mamoswine, M","|poke|p1|Garchomp, M, shiny","|poke|p1|Excadrill, F, shiny","|poke|p1|Gastrodon, F, shiny","|poke|p2|Gallade, M","|poke|p2|Jirachi","|poke|p2|Meloetta","|poke|p2|Mew","|poke|p2|Slowbro, F","|poke|p2|Hoopa-Unbound","|rule|Sleep Clause Mod: Limit one foe put to sleep","|rule|Species Clause: Limit one of each Pokémon","|rule|OHKO Clause: OHKO moves are banned","|rule|Moody Clause: Moody is banned","|rule|Evasion Moves Clause: Evasion moves are banned","|rule|Endless Battle Clause: Forcing endless battles is banned","|rule|HP Percentage Mod: HP is shown in percentages","|teampreview","|","|start","|switch|p1a: Hippowdon|Hippowdon, M, shiny|420/420","|switch|p2a: Gallade|Gallade, M|339/339","|-weather|Sandstorm","|turn|1","|","|detailschange|p2a: Gallade|Gallade-Mega, M","|-mega|p2a: Gallade|Gallade|Galladite","|move|p2a: Gallade|Psycho Cut|p1a: Hippowdon","|-damage|p1a: Hippowdon|309/420","|move|p1a: Hippowdon|Toxic|p2a: Gallade","|-status|p2a: Gallade|tox","|","|-weather|Sandstorm|[upkeep]","|-damage|p2a: Gallade|318/339 tox|[from] sandstorm","|-heal|p1a: Hippowdon|335/420|[from] item: Leftovers","|-damage|p2a: Gallade|297/339 tox|[from] psn","|turn|2","|","|switch|p2a: Jirachi|Jirachi|397/397","|move|p1a: Hippowdon|Earthquake|p2a: Jirachi","|-supereffective|p2a: Jirachi","|-damage|p2a: Jirachi|137/397","|","|-weather|Sandstorm|[upkeep]","|-heal|p1a: Hippowdon|361/420|[from] item: Leftovers","|turn|3","|","|move|p2a: Jirachi|Body Slam|p1a: Hippowdon","|-damage|p1a: Hippowdon|293/420","|-status|p1a: Hippowdon|par","|cant|p1a: Hippowdon|par","|","|-weather|Sandstorm|[upkeep]","|-heal|p1a: Hippowdon|319/420 par|[from] item: Leftovers","|turn|4","|","|switch|p1a: Gastrodon|Gastrodon, F, shiny|426/426","|move|p2a: Jirachi|Iron Head|p1a: Gastrodon","|-resisted|p1a: Gastrodon","|-damage|p1a: Gastrodon|364/426","|","|-weather|Sandstorm|[upkeep]","|-heal|p1a: Gastrodon|390/426|[from] item: Leftovers","|turn|5","|","|move|p2a: Jirachi|Body Slam|p1a: Gastrodon","|-damage|p1a: Gastrodon|297/426","|move|p1a: Gastrodon|Earth Power|p2a: Jirachi","|-supereffective|p2a: Jirachi","|-damage|p2a: Jirachi|3/397","|","|-weather|none","|-heal|p1a: Gastrodon|323/426|[from] item: Leftovers","|turn|6","|","|move|p2a: Jirachi|Body Slam|p1a: Gastrodon","|-damage|p1a: Gastrodon|236/426","|-status|p1a: Gastrodon|par","|move|p1a: Gastrodon|Earth Power|p2a: Jirachi","|-supereffective|p2a: Jirachi","|-damage|p2a: Jirachi|0 fnt","|faint|p2a: Jirachi","|","|-heal|p1a: Gastrodon|262/426 par|[from] item: Leftovers","|","|switch|p2a: Meloetta|Meloetta|403/403","|turn|7","|","|switch|p1a: Hippowdon|Hippowdon, M, shiny|319/420 par","|-weather|Sandstorm","|move|p2a: Meloetta|Hyper Voice|p1a: Hippowdon","|-damage|p1a: Hippowdon|16/420 par","|","|-weather|Sandstorm|[upkeep]","|-damage|p2a: Meloetta|378/403|[from] sandstorm","|-heal|p1a: Hippowdon|42/420 par|[from] item: Leftovers","|turn|8","|","|move|p2a: Meloetta|Hyper Voice|p1a: Hippowdon","|-damage|p1a: Hippowdon|0 fnt","|faint|p1a: Hippowdon","|","|-weather|Sandstorm|[upkeep]","|-damage|p2a: Meloetta|353/403|[from] sandstorm","|","|switch|p1a: Excadrill|Excadrill, F, shiny|361/361","|-item|p1a: Excadrill|Air Balloon","|turn|9","|","|switch|p2a: Slowbro|Slowbro, F|393/393","|move|p1a: Excadrill|Earthquake|p2a: Slowbro","|-damage|p2a: Slowbro|261/393","|","|-weather|Sandstorm|[upkeep]","|-damage|p2a: Slowbro|237/393|[from] sandstorm","|turn|10","|","|switch|p1a: Gastrodon|Gastrodon, F, shiny|262/426 par","|move|p2a: Slowbro|Slack Off|p2a: Slowbro","|-heal|p2a: Slowbro|393/393","|","|-weather|Sandstorm|[upkeep]","|-damage|p2a: Slowbro|369/393|[from] sandstorm","|-heal|p1a: Gastrodon|288/426 par|[from] item: Leftovers","|turn|11","|","|switch|p2a: Mew|Mew|404/404","|cant|p1a: Gastrodon|par","|","|-weather|none","|-heal|p1a: Gastrodon|314/426 par|[from] item: Leftovers","|turn|12","|","|switch|p1a: Excadrill|Excadrill, F, shiny|361/361","|-item|p1a: Excadrill|Air Balloon","|move|p2a: Mew|Stealth Rock|p1a: Excadrill","|-sidestart|p1: Rain ☆ S.Herbs|move: Stealth Rock","|","|turn|13","|","|switch|p1a: Landorus|Landorus, M, shiny|319/319","|-damage|p1a: Landorus|280/319|[from] Stealth Rock","|move|p2a: Mew|Knock Off|p1a: Landorus","|-damage|p1a: Landorus|200/319","|-enditem|p1a: Landorus|Assault Vest|[from] move: Knock Off|[of] p2a: Mew","|","|turn|14","|","|switch|p2a: Meloetta|Meloetta|353/403","|move|p1a: Landorus|Earth Power|p2a: Meloetta","|-damage|p2a: Meloetta|191/403","|","|turn|15","|","|move|p1a: Landorus|Sludge Wave|p2a: Meloetta","|-damage|p2a: Meloetta|85/403","|move|p2a: Meloetta|Hyper Voice|p1a: Landorus","|-damage|p1a: Landorus|0 fnt","|faint|p1a: Landorus","|","|","|switch|p1a: Mamoswine|Mamoswine, M|423/423","|-damage|p1a: Mamoswine|371/423|[from] Stealth Rock","|turn|16","|","|switch|p2a: Slowbro|Slowbro, F|393/393","|move|p1a: Mamoswine|Ice Shard|p2a: Slowbro","|-resisted|p2a: Slowbro","|-damage|p2a: Slowbro|364/393","|","|turn|17","|","|move|p1a: Mamoswine|Earthquake|p2a: Slowbro","|-damage|p2a: Slowbro|228/393","|move|p2a: Slowbro|Calm Mind|p2a: Slowbro","|-boost|p2a: Slowbro|spa|1","|-boost|p2a: Slowbro|spd|1","|","|turn|18","|","|switch|p1a: Gastrodon|Gastrodon, F, shiny|314/426 par","|-damage|p1a: Gastrodon|288/426 par|[from] Stealth Rock","|move|p2a: Slowbro|Calm Mind|p2a: Slowbro","|-boost|p2a: Slowbro|spa|1","|-boost|p2a: Slowbro|spd|1","|","|-heal|p1a: Gastrodon|314/426 par|[from] item: Leftovers","|turn|19","|","|move|p2a: Slowbro|Flamethrower|p1a: Gastrodon","|-resisted|p1a: Gastrodon","|-damage|p1a: Gastrodon|234/426 par","|cant|p1a: Gastrodon|par","|","|-heal|p1a: Gastrodon|260/426 par|[from] item: Leftovers","|turn|20","|","|switch|p2a: Gallade|Gallade-Mega, M|297/339 tox","|move|p1a: Gastrodon|Recover|p1a: Gastrodon","|-heal|p1a: Gastrodon|426/426 par","|","|-damage|p2a: Gallade|276/339 tox|[from] psn","|turn|21","|","|move|p2a: Gallade|Psycho Cut|p1a: Gastrodon","|-damage|p1a: Gastrodon|272/426 par","|cant|p1a: Gastrodon|par","|","|-heal|p1a: Gastrodon|298/426 par|[from] item: Leftovers","|-damage|p2a: Gallade|234/339 tox|[from] psn","|turn|22","|","|move|p2a: Gallade|Psycho Cut|p1a: Gastrodon","|-damage|p1a: Gastrodon|136/426 par","|move|p1a: Gastrodon|Recover|p1a: Gastrodon","|-heal|p1a: Gastrodon|349/426 par","|","|-heal|p1a: Gastrodon|375/426 par|[from] item: Leftovers","|-damage|p2a: Gallade|171/339 tox|[from] psn","|turn|23","|","|switch|p2a: Meloetta|Meloetta|85/403","|move|p1a: Gastrodon|Toxic|p2a: Meloetta","|-status|p2a: Meloetta|tox","|","|-heal|p1a: Gastrodon|401/426 par|[from] item: Leftovers","|-damage|p2a: Meloetta|60/403 tox|[from] psn","|turn|24","|","|switch|p1a: Excadrill|Excadrill, F, shiny|361/361","|-damage|p1a: Excadrill|350/361|[from] Stealth Rock","|-item|p1a: Excadrill|Air Balloon","|move|p2a: Meloetta|Hyper Voice|p1a: Excadrill","|-resisted|p1a: Excadrill","|-damage|p1a: Excadrill|151/361","|-enditem|p1a: Excadrill|Air Balloon","|","|-damage|p2a: Meloetta|10/403 tox|[from] psn","|turn|25","|","|switch|p1a: Gastrodon|Gastrodon, F, shiny|401/426 par","|-damage|p1a: Gastrodon|375/426 par|[from] Stealth Rock","|switch|p2a: Gallade|Gallade-Mega, M|171/339 tox","|","|-heal|p1a: Gastrodon|401/426 par|[from] item: Leftovers","|-damage|p2a: Gallade|150/339 tox|[from] psn","|turn|26","|","|win|Void Who"],"p1rating":{"entryid":"61538","serverid":"eos","formatid":"monotype","userid":"rainsherbs","username":"Rain ☆ S.Herbs","w":"10","l":12,"t":"0","gxe":45,"r":"1473.5345307422","rd":"69.234878645915","sigma":"0","rptime":"1440320400","rpr":1461.5975660564,"rprd":68.007737173078,"rpsigma":"0","acre":1049.6269333634,"lacre":1049.6269333634,"oldacre":"1064.4434635325"},"p2rating":{"entryid":"114352","serverid":"eos","formatid":"monotype","userid":"voidwho","username":"Void Who","w":12,"l":"7","t":"0","gxe":58.8,"r":"1497.3189220233","rd":"92.310157241326","sigma":"0","rptime":"1440320400","rpr":1568.0194151043,"rprd":71.234747456565,"rpsigma":"0","acre":1170.76302381,"lacre":1170.76302381,"oldacre":"1151.9283106486"},"endType":"forfeit"}