{"seed":[58506,1347,54044,49939],"turns":40,"p1":"Doctor Glumanda","p2":"Rain ☆ Colress","p1team":[{"name":"Supa Hero","species":"gallade","item":"galladite","ability":"Steadfast","moves":["shadowsneak","drainpunch","icepunch","earthquake"],"nature":"Jolly","evs":{"hp":0,"atk":252,"def":0,"spa":0,"spd":4,"spe":252},"ivs":{"hp":31,"atk":31,"def":31,"spa":31,"spd":31,"spe":31}},{"name":"Handy man","species":"hoopaunbound","item":"choicescarf","ability":"Magician","moves":["thunderbolt","hyperspacehole","darkpulse","focusblast"],"nature":"Timid","evs":{"hp":0,"atk":0,"def":0,"spa":252,"spd":4,"spe":252},"ivs":{"hp":31,"atk":31,"def":31,"spa":31,"spd":31,"spe":31}},{"name":"Mewderator","species":"mew","item":"leftovers","ability":"Synchronize","moves":["roost","willowisp","knockoff","defog"],"nature":"Impish","evs":{"hp":248,"atk":0,"def":252,"spa":0,"spd":8,"spe":0},"ivs":{"hp":31,"atk":31,"def":31,"spa":31,"spd":31,"spe":31}},{"name":"Astral","species":"jirachi","item":"choicescarf","ability":"Serene Grace","moves":["uturn","trick","healingwish","ironhead"],"nature":"Jolly","evs":{"hp":0,"atk":252,"def":0,"spa":0,"spd":4,"spe":252},"ivs":{"hp":31,"atk":31,"def":31,"spa":31,"spd":31,"spe":31}},{"name":"Sheep","species":"slowbro","item":"rockyhelmet","ability":"Regenerator","moves":["slackoff","flamethrower","scald","thunderwave"],"nature":"Bold","evs":{"hp":252,"atk":0,"def":252,"spa":4,"spd":0,"spe":0},"ivs":{"hp":31,"atk":0,"def":31,"spa":31,"spd":31,"spe":31}},{"name":"Melee","species":"meloetta","item":"assaultvest","ability":"Serene Grace","moves":["energyball","psyshock","dazzlinggleam","shadowball"],"nature":"Modest","evs":{"hp":248,"atk":0,"def":0,"spa":212,"spd":48,"spe":0},"ivs":{"hp":31,"atk":0,"def":31,"spa":31,"spd":31,"spe":31}}],"p2team":[{"name":"Tylacto","species":"luxray","item":"choiceband","ability":"Guts","moves":["crunch","wildcharge","superpower","quickattack"],"nature":"Adamant","evs":{"hp":248,"atk":252,"def":0,"spa":0,"spd":8,"spe":0},"gender":"M","shiny":true,"ivs":{"hp":31,"atk":31,"def":31,"spa":31,"spd":31,"spe":31}},{"name":"Washington","species":"rotomwash","item":"leftovers","ability":"Levitate","moves":["hydropump","voltswitch","willowisp","painsplit"],"nature":"Bold","evs":{"hp":252,"atk":0,"def":252,"spa":4,"spd":0,"spe":0},"shiny":true,"ivs":{"hp":31,"atk":31,"def":31,"spa":31,"spd":31,"spe":31}},{"name":"Amaan","species":"zapdos","item":"leftovers","ability":"Pressure","moves":["discharge","heatwave","roost","defog"],"nature":"Calm","evs":{"hp":252,"atk":0,"def":0,"spa":4,"spd":252,"spe":0},"shiny":true,"ivs":{"hp":31,"atk":31,"def":31,"spa":31,"spd":31,"spe":31}},{"name":"Genie","species":"thundurus","item":"lifeorb","ability":"Prankster","moves":["thunderwave","thunderbolt","taunt","hiddenpowerice"],"nature":"Timid","evs":{"hp":0,"atk":0,"def":0,"spa":252,"spd":4,"spe":252},"ivs":{"hp":31,"atk":30,"def":30,"spa":31,"spd":31,"spe":31},"shiny":true},{"name":"Bolt","species":"manectric","item":"manectite","ability":"Lightning Rod","moves":["thunderbolt","hiddenpowerice","voltswitch","flamethrower"],"nature":"Timid","evs":{"hp":0,"atk":0,"def":0,"spa":252,"spd":4,"spe":252},"gender":"M","ivs":{"hp":31,"atk":30,"def":30,"spa":31,"spd":31,"spe":31},"shiny":true},{"name":"Magneto's Balls","species":"magnezone","item":"choicespecs","ability":"Sturdy","moves":["flashcannon","thunderbolt","voltswitch","hiddenpowergrass"],"nature":"Modest","evs":{"hp":248,"atk":0,"def":0,"spa":252,"spd":8,"spe":0},"ivs":{"hp":31,"atk":30,"def":31,"spa":30,"spd":31,"spe":31},"shiny":true}],"log":["|player|p1|Doctor Glumanda|doctorglumanda.gif","|player|p2|Rain ☆ Colress|190","|gametype|singles","|gen|6","|tier|Monotype","|rated","|rule|Baton Pass Clause: Limit one Baton Passer, can't pass Spe and other stats simultaneously","|rule|Swagger Clause: Swagger is banned","|rule|Same Type Clause: Pokémon in a team must share a type","|clearpoke","|poke|p1|Gallade, M","|poke|p1|Hoopa-Unbound","|poke|p1|Mew","|poke|p1|Jirachi","|poke|p1|Slowbro, M","|poke|p1|Meloetta","|poke|p2|Luxray, M, shiny","|poke|p2|Rotom-Wash, shiny","|poke|p2|Zapdos, shiny","|poke|p2|Thundurus, M, shiny","|poke|p2|Manectric, M, shiny","|poke|p2|Magnezone, shiny","|rule|Sleep Clause Mod: Limit one foe put to sleep","|rule|Species Clause: Limit one of each Pokémon","|rule|OHKO Clause: OHKO moves are banned","|rule|Moody Clause: Moody is banned","|rule|Evasion Moves Clause: Evasion moves are banned","|rule|Endless Battle Clause: Forcing endless battles is banned","|rule|HP Percentage Mod: HP is shown in percentages","|teampreview","|","|start","|switch|p1a: Mewderator|Mew|403/403","|switch|p2a: Genie|Thundurus, M, shiny|299/299","|turn|1","|","|move|p2a: Genie|Taunt|p1a: Mewderator","|-start|p1a: Mewderator|move: Taunt","|cant|p1a: Mewderator|move: Taunt|Will-O-Wisp","|","|turn|2","|","|move|p2a: Genie|Thunder Wave|p1a: Mewderator","|-status|p1a: Mewderator|par","|cant|p1a: Mewderator|par","|","|turn|3","|","|switch|p2a: Magneto's Balls|Magnezone, shiny|343/343","|move|p1a: Mewderator|Knock Off|p2a: Magneto's Balls","|-damage|p2a: Magneto's Balls|277/343","|-enditem|p2a: Magneto's Balls|Choice Specs|[from] move: Knock Off|[of] p1a: Mewderator","|","|-end|p1a: Mewderator|move: Taunt","|turn|4","|","|switch|p2a: Tylacto|Luxray, M, shiny|363/363","|switch|p1a: Melee|Meloetta|403/403","|","|turn|5","|","|switch|p1a: Mewderator|Mew|403/403 par","|move|p2a: Tylacto|Crunch|p1a: Mewderator","|-supereffective|p1a: Mewderator","|-damage|p1a: Mewderator|179/403 par","|","|-heal|p1a: Mewderator|204/403 par|[from] item: Leftovers","|turn|6","|","|move|p2a: Tylacto|Crunch|p1a: Mewderator","|-supereffective|p1a: Mewderator","|-damage|p1a: Mewderator|0 fnt","|faint|p1a: Mewderator","|","|","|switch|p1a: Sheep|Slowbro, M|394/394","|turn|7","|","|switch|p2a: Washington|Rotom-Wash, shiny|304/304","|move|p1a: Sheep|Scald|p2a: Washington","|-resisted|p2a: Washington","|-damage|p2a: Washington|263/304","|","|-heal|p2a: Washington|282/304|[from] item: Leftovers","|turn|8","|","|switch|p1a: Melee|Meloetta|403/403","|move|p2a: Washington|Will-O-Wisp|p1a: Melee","|-status|p1a: Melee|brn","|","|-heal|p2a: Washington|301/304|[from] item: Leftovers","|-damage|p1a: Melee|353/403 brn|[from] brn","|turn|9","|","|switch|p2a: Magneto's Balls|Magnezone, shiny|277/343","|move|p1a: Melee|Energy Ball|p2a: Magneto's Balls","|-resisted|p2a: Magneto's Balls","|-damage|p2a: Magneto's Balls|218/343","|","|-damage|p1a: Melee|303/403 brn|[from] brn","|turn|10","|","|move|p1a: Melee|Shadow Ball|p2a: Magneto's Balls","|-damage|p2a: Magneto's Balls|113/343","|-unboost|p2a: Magneto's Balls|spd|1","|move|p2a: Magneto's Balls|Volt Switch|p1a: Melee","|-damage|p1a: Melee|231/403 brn","|","|switch|p2a: Tylacto|Luxray, M, shiny|363/363","|","|-damage|p1a: Melee|181/403 brn|[from] brn","|turn|11","|","|switch|p1a: Sheep|Slowbro, M|394/394","|move|p2a: Tylacto|Wild Charge|p1a: Sheep","|-supereffective|p1a: Sheep","|-damage|p1a: Sheep|68/394","|-damage|p2a: Tylacto|303/363|[from] item: Rocky Helmet|[of] p1a: Sheep","|-damage|p2a: Tylacto|221/363|[from] recoil|[of] p1a: Sheep","|","|turn|12","|","|move|p2a: Tylacto|Wild Charge|p1a: Sheep","|-supereffective|p1a: Sheep","|-damage|p1a: Sheep|0 fnt","|-damage|p2a: Tylacto|161/363|[from] item: Rocky Helmet|[of] p1a: Sheep","|-damage|p2a: Tylacto|144/363|[from] recoil|[of] p1a: Sheep","|faint|p1a: Sheep","|","|","|switch|p1a: Astral|Jirachi|341/341","|turn|13","|","|switch|p2a: Magneto's Balls|Magnezone, shiny|113/343","|move|p1a: Astral|Iron Head|p2a: Magneto's Balls","|-resisted|p2a: Magneto's Balls","|-damage|p2a: Magneto's Balls|85/343","|","|turn|14","|","|move|p1a: Astral|Iron Head|p2a: Magneto's Balls","|-resisted|p2a: Magneto's Balls","|-damage|p2a: Magneto's Balls|59/343","|cant|p2a: Magneto's Balls|flinch","|","|turn|15","|","|move|p1a: Astral|Iron Head|p2a: Magneto's Balls","|-resisted|p2a: Magneto's Balls","|-damage|p2a: Magneto's Balls|33/343","|cant|p2a: Magneto's Balls|flinch","|","|turn|16","|","|move|p1a: Astral|Iron Head|p2a: Magneto's Balls","|-resisted|p2a: Magneto's Balls","|-damage|p2a: Magneto's Balls|8/343","|move|p2a: Magneto's Balls|Volt Switch|p1a: Astral","|-damage|p1a: Astral|215/341","|","|switch|p2a: Genie|Thundurus, M, shiny|299/299","|","|turn|17","|","|move|p2a: Genie|Thunder Wave|p1a: Astral","|-status|p1a: Astral|par","|cant|p1a: Astral|par","|","|turn|18","|","|switch|p2a: Washington|Rotom-Wash, shiny|301/304","|move|p1a: Astral|Iron Head|p2a: Washington","|-resisted|p2a: Washington","|-damage|p2a: Washington|280/304","|","|-heal|p2a: Washington|299/304|[from] item: Leftovers","|turn|19","|","|switch|p1a: Supa Hero|Gallade, M|277/277","|move|p2a: Washington|Volt Switch|p1a: Supa Hero","|-damage|p1a: Supa Hero|202/277","|","|switch|p2a: Genie|Thundurus, M, shiny|299/299","|","|turn|20","|","|switch|p1a: Astral|Jirachi|215/341 par","|move|p2a: Genie|Thunder Wave|p1a: Astral","|-fail|p1a: Astral|par","|","|turn|21","|","|switch|p2a: Washington|Rotom-Wash, shiny|299/304","|move|p1a: Astral|Trick|p2a: Washington","|-activate|p1a: Astral|move: Trick|[of] p2a: Washington","|-item|p2a: Washington|Choice Scarf|[from] move: Trick","|-item|p1a: Astral|Leftovers|[from] move: Trick","|","|-heal|p1a: Astral|236/341 par|[from] item: Leftovers","|turn|22","|","|move|p2a: Washington|Hydro Pump|p1a: Astral","|-damage|p1a: Astral|92/341 par","|move|p1a: Astral|Healing Wish|p1a: Astral","|faint|p1a: Astral","|","|","|switch|p1a: Melee|Meloetta|181/403 brn","|-heal|p1a: Melee|403/403|[from] move: Healing Wish","|turn|23","|","|switch|p2a: Magneto's Balls|Magnezone, shiny|8/343","|move|p1a: Melee|Energy Ball|p2a: Magneto's Balls","|-resisted|p2a: Magneto's Balls","|-damage|p2a: Magneto's Balls|0 fnt","|faint|p2a: Magneto's Balls","|","|","|switch|p2a: Tylacto|Luxray, M, shiny|144/363","|turn|24","|","|move|p1a: Melee|Psyshock|p2a: Tylacto","|-damage|p2a: Tylacto|0 fnt","|faint|p2a: Tylacto","|","|","|switch|p2a: Washington|Rotom-Wash, shiny|299/304","|turn|25","|","|move|p2a: Washington|Will-O-Wisp|p1a: Melee","|-status|p1a: Melee|brn","|move|p1a: Melee|Energy Ball|p2a: Washington","|-supereffective|p2a: Washington","|-damage|p2a: Washington|101/304","|-unboost|p2a: Washington|spd|1","|","|-damage|p1a: Melee|353/403 brn|[from] brn","|turn|26","|","|switch|p2a: Amaan|Zapdos, shiny|384/384","|-ability|p2a: Amaan|Pressure","|move|p1a: Melee|Energy Ball|p2a: Amaan","|-resisted|p2a: Amaan","|-damage|p2a: Amaan|338/384","|","|-heal|p2a: Amaan|362/384|[from] item: Leftovers","|-damage|p1a: Melee|303/403 brn|[from] brn","|turn|27","|","|move|p2a: Amaan|Discharge|p1a: Melee","|-damage|p1a: Melee|243/403 brn","|move|p1a: Melee|Shadow Ball|p2a: Amaan","|-damage|p2a: Amaan|281/384","|","|-heal|p2a: Amaan|305/384|[from] item: Leftovers","|-damage|p1a: Melee|193/403 brn|[from] brn","|turn|28","|","|move|p2a: Amaan|Heat Wave|p1a: Melee","|-damage|p1a: Melee|149/403 brn","|move|p1a: Melee|Shadow Ball|p2a: Amaan","|-damage|p2a: Amaan|226/384","|","|-heal|p2a: Amaan|250/384|[from] item: Leftovers","|-damage|p1a: Melee|99/403 brn|[from] brn","|turn|29","|","|move|p2a: Amaan|Roost|p2a: Amaan","|-heal|p2a: Amaan|384/384","|move|p1a: Melee|Psyshock|p2a: Amaan","|-damage|p2a: Amaan|216/384","|","|-heal|p2a: Amaan|240/384|[from] item: Leftovers","|-damage|p1a: Melee|49/403 brn|[from] brn","|turn|30","|","|move|p2a: Amaan|Discharge|p1a: Melee","|-damage|p1a: Melee|0 fnt","|faint|p1a: Melee","|","|-heal|p2a: Amaan|264/384|[from] item: Leftovers","|","|switch|p1a: Supa Hero|Gallade, M|202/277","|turn|31","|","|detailschange|p1a: Supa Hero|Gallade-Mega, M","|-mega|p1a: Supa Hero|Gallade|Galladite","|move|p1a: Supa Hero|Ice Punch|p2a: Amaan","|-supereffective|p2a: Amaan","|-damage|p2a: Amaan|2/384","|move|p2a: Amaan|Discharge|p1a: Supa Hero","|-damage|p1a: Supa Hero|91/277","|","|-heal|p2a: Amaan|26/384|[from] item: Leftovers","|turn|32","|","|switch|p2a: Washington|Rotom-Wash, shiny|101/304","|move|p1a: Supa Hero|Ice Punch|p2a: Washington","|-resisted|p2a: Washington","|-damage|p2a: Washington|67/304","|","|turn|33","|","|move|p1a: Supa Hero|Shadow Sneak|p2a: Washington","|-damage|p2a: Washington|24/304","|move|p2a: Washington|Will-O-Wisp|p1a: Supa Hero","|-status|p1a: Supa Hero|brn","|","|-damage|p1a: Supa Hero|57/277 brn|[from] brn","|turn|34","|","|move|p1a: Supa Hero|Shadow Sneak|p2a: Washington","|-damage|p2a: Washington|6/304","|move|p2a: Washington|Will-O-Wisp|p1a: Supa Hero","|-fail|p1a: Supa Hero|brn","|","|-damage|p1a: Supa Hero|23/277 brn|[from] brn","|turn|35","|","|move|p1a: Supa Hero|Drain Punch|p2a: Washington","|-damage|p2a: Washington|0 fnt","|-heal|p1a: Supa Hero|26/277 brn|[from] drain|[of] p2a: Washington","|faint|p2a: Washington","|","|-damage|p1a: Supa Hero|0 fnt|[from] brn","|faint|p1a: Supa Hero","|","|switch|p1a: Handy man|Hoopa-Unbound|301/301","|switch|p2a: Amaan|Zapdos, shiny|26/384","|-ability|p2a: Amaan|Pressure","|turn|36","|","|move|p1a: Handy man|Hyperspace Hole|p2a: Amaan","|-crit|p2a: Amaan","|-damage|p2a: Amaan|0 fnt","|faint|p2a: Amaan","|","|","|switch|p2a: Genie|Thundurus, M, shiny|299/299","|turn|37","|","|move|p2a: Genie|Thunder Wave|p1a: Handy man","|-status|p1a: Handy man|par","|move|p1a: Handy man|Hyperspace Hole|p2a: Genie","|-damage|p2a: Genie|79/299","|","|turn|38","|","|move|p2a: Genie|Thunderbolt|p1a: Handy man","|-damage|p1a: Handy man|141/301 par","|-damage|p2a: Genie|50/299|[from] item: Life Orb","|move|p1a: Handy man|Hyperspace Hole|p2a: Genie","|-damage|p2a: Genie|0 fnt","|faint|p2a: Genie","|","|","|switch|p2a: Bolt|Manectric, M, shiny|281/281","|turn|39","|","|detailschange|p2a: Bolt|Manectric-Mega, M, shiny","|-mega|p2a: Bolt|Manectric|Manectite","|-ability|p2a: Bolt|Intimidate","|-unboost|p1a: Handy man|atk|1","|move|p2a: Bolt|Thunderbolt|p1a: Handy man","|-damage|p1a: Handy man|21/301 par","|move|p1a: Handy man|Hyperspace Hole|p2a: Bolt","|-damage|p2a: Bolt|65/281","|","|turn|40","|","|move|p2a: Bolt|Thunderbolt|p1a: Handy man","|-damage|p1a: Handy man|0 fnt","|faint|p1a: Handy man","|","|win|Rain ☆ Colress"],"p1rating":{"entryid":363533,"formatid":"monotype","userid":"doctorglumanda","username":"Doctor Glumanda","r":1500,"rd":130,"sigma":0,"rpr":1459.8393856612,"rprd":122.8583080769,"rpsigma":0,"rptime":1440320400,"w":0,"l":1,"t":0,"gxe":45,"acre":1000,"lacre":1000,"oldacre":1000},"p2rating":{"entryid":363534,"formatid":"monotype","userid":"raincolress","username":"Rain ☆ Colress","r":1500,"rd":130,"sigma":0,"rpr":1540.1606143388,"rprd":122.8583080769,"rpsigma":0,"rptime":1440320400,"w":1,"l":0,"t":0,"gxe":55,"acre":1040,"lacre":1040,"oldacre":1000},"endType":"normal"}