{"seed":[53817,39865,35510,13409],"turns":28,"p1":"TIL4-Emil","p2":"Alliance - Asurax","p1team":[{"name":"Volcarona","species":"Volcarona","item":"focussash","ability":"Flame Body","moves":["quiverdance","hiddenpowerground","bugbuzz","fierydance"],"nature":"Timid","evs":{"hp":0,"atk":0,"def":4,"spa":252,"spd":0,"spe":252},"ivs":{"hp":31,"atk":31,"def":31,"spa":30,"spd":30,"spe":31}},{"name":"Galvantula","species":"Galvantula","item":"focussash","ability":"Compound Eyes","moves":["thunder","thunderwave","stickyweb","gigadrain"],"nature":"Timid","evs":{"hp":4,"atk":0,"def":0,"spa":252,"spd":0,"spe":252},"ivs":{"hp":31,"atk":31,"def":31,"spa":31,"spd":31,"spe":31}},{"name":"Pinsir","species":"Pinsir","item":"pinsirite","ability":"Hyper Cutter","moves":["earthquake","frustration","quickattack","swordsdance"],"nature":"Jolly","evs":{"hp":0,"atk":252,"def":0,"spa":0,"spd":4,"spe":252},"happiness":0,"ivs":{"hp":31,"atk":31,"def":31,"spa":31,"spd":31,"spe":31}},{"name":"Scizor","species":"Scizor","item":"choicescarf","ability":"Technician","moves":["metalclaw","knockoff","superpower","bugbite"],"nature":"Jolly","evs":{"hp":0,"atk":252,"def":0,"spa":0,"spd":4,"spe":252},"ivs":{"hp":31,"atk":31,"def":31,"spa":31,"spd":31,"spe":31}},{"name":"Heracross","species":"Heracross","item":"choicescarf","ability":"Moxie","moves":["closecombat","stoneedge","earthquake","megahorn"],"nature":"Adamant","evs":{"hp":0,"atk":252,"def":4,"spa":0,"spd":0,"spe":252},"ivs":{"hp":31,"atk":31,"def":31,"spa":31,"spd":31,"spe":31}},{"name":"Forretress","species":"Forretress","item":"custapberry","ability":"Sturdy","moves":["endure","stealthrock","gyroball","rapidspin"],"nature":"Gentle","evs":{"hp":252,"atk":4,"def":0,"spa":0,"spd":252,"spe":0},"ivs":{"hp":31,"atk":31,"def":31,"spa":31,"spd":31,"spe":0}}],"p2team":[{"name":"Skarmory","species":"Skarmory","item":"rockyhelmet","ability":"Sturdy","moves":["roost","stealthrock","bravebird","whirlwind"],"nature":"Impish","evs":{"hp":248,"atk":0,"def":252,"spa":0,"spd":0,"spe":8},"ivs":{"hp":31,"atk":31,"def":31,"spa":31,"spd":31,"spe":31}},{"name":"Heatran","species":"Heatran","item":"airballoon","ability":"Flash Fire","moves":["lavaplume","earthpower","flashcannon","toxic"],"nature":"Calm","evs":{"hp":248,"atk":0,"def":0,"spa":0,"spd":192,"spe":68},"ivs":{"hp":31,"atk":31,"def":31,"spa":31,"spd":31,"spe":31}},{"name":"Ferrothorn","species":"Ferrothorn","item":"rockyhelmet","ability":"Iron Barbs","moves":["leechseed","spikes","protect","powerwhip"],"nature":"Careful","evs":{"hp":248,"atk":0,"def":88,"spa":0,"spd":172,"spe":0},"ivs":{"hp":31,"atk":31,"def":31,"spa":31,"spd":31,"spe":31}},{"name":"Scizor","species":"Scizor","item":"scizorite","ability":"Technician","moves":["swordsdance","bulletpunch","roost","knockoff"],"nature":"Impish","evs":{"hp":248,"atk":44,"def":16,"spa":0,"spd":200,"spe":0},"ivs":{"hp":31,"atk":31,"def":31,"spa":31,"spd":31,"spe":31}},{"name":"Magnezone","species":"Magnezone","item":"choicescarf","ability":"Sturdy","moves":["thunderbolt","voltswitch","flashcannon","hiddenpowerice"],"nature":"Timid","evs":{"hp":0,"atk":0,"def":0,"spa":252,"spd":4,"spe":252},"ivs":{"hp":31,"atk":30,"def":30,"spa":31,"spd":31,"spe":31}},{"name":"Jirachi","species":"Jirachi","item":"choicescarf","ability":"Serene Grace","moves":["ironhead","zenheadbutt","uturn","firepunch"],"nature":"Jolly","evs":{"hp":0,"atk":252,"def":0,"spa":0,"spd":4,"spe":252},"ivs":{"hp":31,"atk":31,"def":31,"spa":31,"spd":31,"spe":31}}],"log":["|player|p1|TIL4-Emil|til4emil.gif","|player|p2|Alliance - Asurax|allianceasurax.png","|gametype|singles","|gen|6","|tier|Monotype","|rated","|rule|Baton Pass Clause: Limit one Baton Passer, can't pass Spe and other stats simultaneously","|rule|Swagger Clause: Swagger is banned","|rule|Same Type Clause: Pokémon in a team must share a type","|clearpoke","|poke|p1|Volcarona, F","|poke|p1|Galvantula, F","|poke|p1|Pinsir, M","|poke|p1|Scizor, M","|poke|p1|Heracross, M","|poke|p1|Forretress, M","|poke|p2|Skarmory, M","|poke|p2|Heatran, F","|poke|p2|Ferrothorn, F","|poke|p2|Scizor, M","|poke|p2|Magnezone","|poke|p2|Jirachi","|rule|Sleep Clause Mod: Limit one foe put to sleep","|rule|Species Clause: Limit one of each Pokémon","|rule|OHKO Clause: OHKO moves are banned","|rule|Moody Clause: Moody is banned","|rule|Evasion Moves Clause: Evasion moves are banned","|rule|Endless Battle Clause: Forcing endless battles is banned","|rule|HP Percentage Mod: HP is shown in percentages","|teampreview","|","|start","|switch|p1a: Galvantula|Galvantula, F|282/282","|switch|p2a: Jirachi|Jirachi|341/341","|turn|1","|","|move|p2a: Jirachi|Zen Headbutt|p1a: Galvantula","|-damage|p1a: Galvantula|107/282","|move|p1a: Galvantula|Sticky Web|p2a: Jirachi","|-sidestart|p2: Alliance - Asurax|move: Sticky Web","|","|turn|2","|","|move|p2a: Jirachi|Zen Headbutt|p1a: Galvantula","|-damage|p1a: Galvantula|0 fnt","|faint|p1a: Galvantula","|","|","|switch|p1a: Forretress|Forretress, M|354/354","|turn|3","|","|switch|p2a: Magnezone|Magnezone|281/281","|-activate|p2a: Magnezone|move: Sticky Web","|-unboost|p2a: Magnezone|spe|1","|move|p1a: Forretress|Stealth Rock|p2a: Magnezone","|-sidestart|p2: Alliance - Asurax|move: Stealth Rock","|","|turn|4","|","|switch|p1a: Heracross|Heracross, M|301/301","|move|p2a: Magnezone|Volt Switch|p1a: Heracross","|-damage|p1a: Heracross|159/301","|","|switch|p2a: Skarmory|Skarmory, M|333/333","|-damage|p2a: Skarmory|292/333|[from] Stealth Rock","|","|turn|5","|","|move|p1a: Heracross|Close Combat|p2a: Skarmory","|-damage|p2a: Skarmory|166/333","|-damage|p1a: Heracross|109/301|[from] item: Rocky Helmet|[of] p2a: Skarmory","|-unboost|p1a: Heracross|def|1","|-unboost|p1a: Heracross|spd|1","|move|p2a: Skarmory|Stealth Rock|p1a: Heracross","|-sidestart|p1: TIL4-Emil|move: Stealth Rock","|","|turn|6","|","|move|p1a: Heracross|Close Combat|p2a: Skarmory","|-damage|p2a: Skarmory|30/333","|-damage|p1a: Heracross|59/301|[from] item: Rocky Helmet|[of] p2a: Skarmory","|-unboost|p1a: Heracross|def|1","|-unboost|p1a: Heracross|spd|1","|move|p2a: Skarmory|Roost|p2a: Skarmory","|-heal|p2a: Skarmory|197/333","|","|turn|7","|","|switch|p1a: Forretress|Forretress, M|354/354","|-damage|p1a: Forretress|310/354|[from] Stealth Rock","|move|p2a: Skarmory|Roost|p2a: Skarmory","|-heal|p2a: Skarmory|333/333","|","|turn|8","|","|move|p1a: Forretress|Rapid Spin|p2a: Skarmory","|-resisted|p2a: Skarmory","|-damage|p2a: Skarmory|329/333","|-damage|p1a: Forretress|251/354|[from] item: Rocky Helmet|[of] p2a: Skarmory","|-sideend|p1: TIL4-Emil|Stealth Rock|[from] move: Rapid Spin|[of] p1a: Forretress","|move|p2a: Skarmory|Whirlwind|p1a: Forretress","|drag|p1a: Scizor|Scizor, M|281/281","|","|turn|9","|","|move|p1a: Scizor|Knock Off|p2a: Skarmory","|-damage|p2a: Skarmory|260/333","|-damage|p1a: Scizor|235/281|[from] item: Rocky Helmet|[of] p2a: Skarmory","|-enditem|p2a: Skarmory|Rocky Helmet|[from] move: Knock Off|[of] p1a: Scizor","|move|p2a: Skarmory|Stealth Rock|p1a: Scizor","|-sidestart|p1: TIL4-Emil|move: Stealth Rock","|","|turn|10","|","|switch|p1a: Forretress|Forretress, M|251/354","|-damage|p1a: Forretress|207/354|[from] Stealth Rock","|move|p2a: Skarmory|Whirlwind|p1a: Forretress","|drag|p1a: Scizor|Scizor, M|235/281","|-damage|p1a: Scizor|200/281|[from] Stealth Rock","|","|turn|11","|","|move|p1a: Scizor|Superpower|p2a: Skarmory","|-damage|p2a: Skarmory|180/333","|-unboost|p1a: Scizor|atk|1","|-unboost|p1a: Scizor|def|1","|move|p2a: Skarmory|Whirlwind|p1a: Scizor","|drag|p1a: Volcarona|Volcarona, F|311/311","|-damage|p1a: Volcarona|156/311|[from] Stealth Rock","|","|turn|12","|","|switch|p2a: Heatran|Heatran, F|385/385","|-damage|p2a: Heatran|337/385|[from] Stealth Rock","|-item|p2a: Heatran|Air Balloon","|move|p1a: Volcarona|Fiery Dance|p2a: Heatran","|-start|p2a: Heatran|ability: Flash Fire","|","|turn|13","|","|move|p1a: Volcarona|Quiver Dance|p1a: Volcarona","|-boost|p1a: Volcarona|spa|1","|-boost|p1a: Volcarona|spd|1","|-boost|p1a: Volcarona|spe|1","|move|p2a: Heatran|Lava Plume|p1a: Volcarona","|-damage|p1a: Volcarona|45/311","|","|turn|14","|","|move|p1a: Volcarona|Bug Buzz|p2a: Heatran","|-resisted|p2a: Heatran","|-damage|p2a: Heatran|293/385","|-enditem|p2a: Heatran|Air Balloon","|move|p2a: Heatran|Toxic|p1a: Volcarona","|-status|p1a: Volcarona|tox","|","|-damage|p1a: Volcarona|26/311 tox|[from] psn","|turn|15","|","|move|p1a: Volcarona|Hidden Power|p2a: Heatran","|-supereffective|p2a: Heatran","|-damage|p2a: Heatran|0 fnt","|faint|p2a: Heatran","|","|-damage|p1a: Volcarona|0 fnt|[from] psn","|faint|p1a: Volcarona","|","|switch|p2a: Magnezone|Magnezone|281/281","|switch|p1a: Forretress|Forretress, M|207/354","|-damage|p2a: Magnezone|264/281|[from] Stealth Rock","|-activate|p2a: Magnezone|move: Sticky Web","|-unboost|p2a: Magnezone|spe|1","|-damage|p1a: Forretress|163/354|[from] Stealth Rock","|turn|16","|","|move|p2a: Magnezone|Volt Switch|p1a: Forretress","|-damage|p1a: Forretress|45/354","|","|switch|p2a: Ferrothorn|Ferrothorn, F|351/351","|-damage|p2a: Ferrothorn|330/351|[from] Stealth Rock","|-activate|p2a: Ferrothorn|move: Sticky Web","|-unboost|p2a: Ferrothorn|spe|1","|move|p1a: Forretress|Rapid Spin|p2a: Ferrothorn","|-resisted|p2a: Ferrothorn","|-damage|p2a: Ferrothorn|324/351","|-damage|p1a: Forretress|1/354|[from] ability: Iron Barbs|[of] p2a: Ferrothorn","|-damage|p1a: Forretress|0 fnt|[from] item: Rocky Helmet|[of] p2a: Ferrothorn","|faint|p1a: Forretress","|","|","|switch|p1a: Pinsir|Pinsir, M|271/271","|-damage|p1a: Pinsir|204/271|[from] Stealth Rock","|turn|17","|","|detailschange|p1a: Pinsir|Pinsir-Mega, M","|-mega|p1a: Pinsir|Pinsir|Pinsirite","|move|p1a: Pinsir|Swords Dance|p1a: Pinsir","|-boost|p1a: Pinsir|atk|2","|move|p2a: Ferrothorn|Leech Seed|p1a: Pinsir","|-start|p1a: Pinsir|move: Leech Seed","|","|-damage|p1a: Pinsir|171/271|[from] Leech Seed|[of] p2a: Ferrothorn","|-heal|p2a: Ferrothorn|351/351|[silent]","|turn|18","|","|move|p2a: Ferrothorn|Protect|p2a: Ferrothorn","|-singleturn|p2a: Ferrothorn|Protect","|move|p1a: Pinsir|Earthquake|p2a: Ferrothorn","|-activate|p2a: Ferrothorn|Protect","|","|-damage|p1a: Pinsir|138/271|[from] Leech Seed|[of] p2a: Ferrothorn","|turn|19","|","|switch|p2a: Skarmory|Skarmory, M|180/333","|-damage|p2a: Skarmory|139/333|[from] Stealth Rock","|move|p1a: Pinsir|Earthquake|p2a: Skarmory","|-immune|p2a: Skarmory|[msg]","|","|-damage|p1a: Pinsir|105/271|[from] Leech Seed|[of] p2a: Skarmory","|-heal|p2a: Skarmory|172/333|[silent]","|turn|20","|","|move|p1a: Pinsir|Frustration|p2a: Skarmory","|-resisted|p2a: Skarmory","|-damage|p2a: Skarmory|32/333","|move|p2a: Skarmory|Roost|p2a: Skarmory","|-heal|p2a: Skarmory|199/333","|","|-damage|p1a: Pinsir|72/271|[from] Leech Seed|[of] p2a: Skarmory","|-heal|p2a: Skarmory|232/333|[silent]","|turn|21","|","|move|p1a: Pinsir|Swords Dance|p1a: Pinsir","|-boost|p1a: Pinsir|atk|2","|move|p2a: Skarmory|Roost|p2a: Skarmory","|-heal|p2a: Skarmory|333/333","|","|-damage|p1a: Pinsir|39/271|[from] Leech Seed|[of] p2a: Skarmory","|turn|22","|","|move|p1a: Pinsir|Frustration|p2a: Skarmory","|-resisted|p2a: Skarmory","|-damage|p2a: Skarmory|118/333","|move|p2a: Skarmory|Roost|p2a: Skarmory","|-heal|p2a: Skarmory|285/333","|","|-damage|p1a: Pinsir|6/271|[from] Leech Seed|[of] p2a: Skarmory","|-heal|p2a: Skarmory|318/333|[silent]","|turn|23","|","|move|p1a: Pinsir|Frustration|p2a: Skarmory","|-resisted|p2a: Skarmory","|-damage|p2a: Skarmory|70/333","|move|p2a: Skarmory|Roost|p2a: Skarmory","|-heal|p2a: Skarmory|237/333","|","|-damage|p1a: Pinsir|0 fnt|[from] Leech Seed|[of] p2a: Skarmory","|-heal|p2a: Skarmory|243/333|[silent]","|faint|p1a: Pinsir","|","|switch|p1a: Heracross|Heracross, M|59/301","|-damage|p1a: Heracross|22/301|[from] Stealth Rock","|turn|24","|","|switch|p2a: Scizor|Scizor, M|343/343","|-damage|p2a: Scizor|301/343|[from] Stealth Rock","|-activate|p2a: Scizor|move: Sticky Web","|-unboost|p2a: Scizor|spe|1","|move|p1a: Heracross|Stone Edge|p2a: Scizor","|-damage|p2a: Scizor|191/343","|","|turn|25","|","|detailschange|p2a: Scizor|Scizor-Mega, M","|-mega|p2a: Scizor|Scizor|Scizorite","|move|p2a: Scizor|Bullet Punch|p1a: Heracross","|-damage|p1a: Heracross|0 fnt","|faint|p1a: Heracross","|","|","|switch|p1a: Scizor|Scizor, M|200/281","|-damage|p1a: Scizor|165/281|[from] Stealth Rock","|turn|26","|","|move|p1a: Scizor|Knock Off|p2a: Scizor","|-damage|p2a: Scizor|140/343","|move|p2a: Scizor|Knock Off|p1a: Scizor","|-damage|p1a: Scizor|52/281","|-enditem|p1a: Scizor|Choice Scarf|[from] move: Knock Off|[of] p2a: Scizor","|","|turn|27","|","|move|p1a: Scizor|Superpower|p2a: Scizor","|-crit|p2a: Scizor","|-damage|p2a: Scizor|0 fnt","|-unboost|p1a: Scizor|atk|1","|-unboost|p1a: Scizor|def|1","|faint|p2a: Scizor","|","|","|switch|p2a: Jirachi|Jirachi|341/341","|-activate|p2a: Jirachi|move: Sticky Web","|-unboost|p2a: Jirachi|spe|1","|-damage|p2a: Jirachi|320/341|[from] Stealth Rock","|turn|28","|","|move|p2a: Jirachi|Fire Punch|p1a: Scizor","|-supereffective|p1a: Scizor","|-damage|p1a: Scizor|0 fnt","|faint|p1a: Scizor","|","|win|Alliance - Asurax"],"p1rating":{"entryid":"32190","serverid":"eos","formatid":"monotype","userid":"til4emil","username":"TIL4-Emil","w":"4","l":3,"t":"0","gxe":54.7,"r":"1558.5515116803","rd":"99.984676201086","sigma":"0","rptime":"1440320400","rpr":1537.1670533148,"rprd":96.355758660392,"rpsigma":"0","acre":1070.1932375292,"lacre":1070.1932375292,"oldacre":"1084.5967115096"},"p2rating":{"entryid":"36158","serverid":"eos","formatid":"monotype","userid":"allianceasurax","username":"Alliance - Asurax","w":19,"l":"8","t":"0","gxe":66.8,"r":"1624.1132426597","rd":"65.449858066739","sigma":"0","rptime":"1440320400","rpr":1633.4814771726,"rprd":64.451513686402,"rpsigma":"0","acre":1233.4875550153,"lacre":1233.4875550153,"oldacre":"1217.6173620732"},"endType":"normal"}