{"seed":[14444,38239,442,26400],"turns":41,"p1":"Knight Miku","p2":"Guard Wanderer","p1team":[{"name":"Victini","species":"Victini","item":"choicescarf","ability":"Victory Star","moves":["vcreate","boltstrike","uturn","zenheadbutt"],"nature":"Jolly","evs":{"hp":0,"atk":252,"def":0,"spa":0,"spd":4,"spe":252},"ivs":{"hp":31,"atk":31,"def":31,"spa":31,"spd":31,"spe":31}},{"name":"Y U UNBAN!!!!!","species":"gallade","item":"galladite","ability":"Justified","moves":["closecombat","bulkup","shadowsneak","knockoff"],"nature":"Jolly","evs":{"hp":0,"atk":252,"def":0,"spa":0,"spd":4,"spe":252},"ivs":{"hp":31,"atk":31,"def":31,"spa":31,"spd":31,"spe":31}},{"name":"Hoopa-Unbound","species":"Hoopa-Unbound","item":"choicescarf","ability":"Magician","moves":["drainpunch","gunkshot","hyperspacefury","firepunch"],"nature":"Jolly","evs":{"hp":0,"atk":252,"def":0,"spa":0,"spd":4,"spe":252},"ivs":{"hp":31,"atk":31,"def":31,"spa":31,"spd":31,"spe":31}},{"name":"Mew","species":"Mew","item":"leftovers","ability":"Synchronize","moves":["roost","defog","rockslide","willowisp"],"nature":"Careful","evs":{"hp":248,"atk":8,"def":0,"spa":0,"spd":252,"spe":0},"ivs":{"hp":31,"atk":31,"def":31,"spa":31,"spd":31,"spe":31}},{"name":"Slowbro","species":"Slowbro","item":"leftovers","ability":"Regenerator","moves":["scald","grassknot","slackoff","thunderwave"],"nature":"Bold","evs":{"hp":252,"atk":0,"def":252,"spa":4,"spd":0,"spe":0},"ivs":{"hp":31,"atk":31,"def":31,"spa":31,"spd":31,"spe":31}},{"name":"Meloetta","species":"Meloetta","item":"leftovers","ability":"Serene Grace","moves":["dazzlinggleam","calmmind","psyshock","substitute"],"nature":"Calm","evs":{"hp":248,"atk":0,"def":200,"spa":0,"spd":60,"spe":0},"ivs":{"hp":31,"atk":0,"def":31,"spa":31,"spd":31,"spe":31}}],"p2team":[{"name":"Ferrothorn","species":"Ferrothorn","item":"rockyhelmet","ability":"Iron Barbs","moves":["knockoff","stealthrock","thunderwave","sunnyday"],"nature":"Relaxed","evs":{"hp":248,"atk":8,"def":252,"spa":0,"spd":0,"spe":0},"ivs":{"hp":31,"atk":31,"def":31,"spa":31,"spd":31,"spe":0}},{"name":"Rotom-Mow","species":"Rotom-Mow","item":"choicescarf","ability":"Levitate","moves":["trick","willowisp","discharge","voltswitch"],"nature":"Timid","evs":{"hp":0,"atk":0,"def":0,"spa":252,"spd":4,"spe":252},"ivs":{"hp":31,"atk":31,"def":31,"spa":31,"spd":31,"spe":31}},{"name":"Ludicolo","species":"Ludicolo","item":"bindingband","ability":"Swift Swim","moves":["raindance","scald","leechseed","whirlpool"],"nature":"Modest","evs":{"hp":248,"atk":0,"def":0,"spa":252,"spd":8,"spe":0},"ivs":{"hp":31,"atk":31,"def":31,"spa":31,"spd":31,"spe":31}},{"name":"Sawsbuck","species":"Sawsbuck","item":"silkscarf","ability":"Chlorophyll","moves":["return","seedbomb","retaliate","thunderwave"],"nature":"Adamant","evs":{"hp":0,"atk":252,"def":0,"spa":0,"spd":4,"spe":252},"ivs":{"hp":31,"atk":31,"def":31,"spa":31,"spd":31,"spe":31}},{"name":"Serperior","species":"Serperior","item":"miracleseed","ability":"Contrary","moves":["substitute","dragonpulse","leafstorm","grassyterrain"],"nature":"Timid","evs":{"hp":0,"atk":0,"def":0,"spa":252,"spd":4,"spe":252},"ivs":{"hp":31,"atk":31,"def":31,"spa":31,"spd":31,"spe":31}},{"name":"Cacturne","species":"Cacturne","item":"focussash","ability":"Sand Veil","moves":["suckerpunch","spikyshield","swordsdance","drainpunch"],"nature":"Adamant","evs":{"hp":248,"atk":252,"def":0,"spa":0,"spd":8,"spe":0},"ivs":{"hp":31,"atk":31,"def":31,"spa":31,"spd":31,"spe":31}}],"log":["|player|p1|Knight Miku|23","|player|p2|Guard Wanderer|235","|gametype|singles","|gen|6","|tier|Monotype","|rated","|rule|Baton Pass Clause: Limit one Baton Passer, can't pass Spe and other stats simultaneously","|rule|Swagger Clause: Swagger is banned","|rule|Same Type Clause: Pokémon in a team must share a type","|clearpoke","|poke|p1|Victini","|poke|p1|Gallade, M","|poke|p1|Hoopa-Unbound","|poke|p1|Mew","|poke|p1|Slowbro, F","|poke|p1|Meloetta","|poke|p2|Ferrothorn, M","|poke|p2|Rotom-Mow","|poke|p2|Ludicolo, F","|poke|p2|Sawsbuck, F","|poke|p2|Serperior, F","|poke|p2|Cacturne, F","|rule|Sleep Clause Mod: Limit one foe put to sleep","|rule|Species Clause: Limit one of each Pokémon","|rule|OHKO Clause: OHKO moves are banned","|rule|Moody Clause: Moody is banned","|rule|Evasion Moves Clause: Evasion moves are banned","|rule|Endless Battle Clause: Forcing endless battles is banned","|rule|HP Percentage Mod: HP is shown in percentages","|teampreview","|","|start","|switch|p1a: Victini|Victini|341/341","|switch|p2a: Ludicolo|Ludicolo, F|363/363","|turn|1","|","|move|p1a: Victini|U-turn|p2a: Ludicolo","|-supereffective|p2a: Ludicolo","|-damage|p2a: Ludicolo|181/363","|","|switch|p1a: Hoopa-Unbound|Hoopa-Unbound|301/301","|move|p2a: Ludicolo|Rain Dance|p2a: Ludicolo","|-weather|RainDance","|","|-weather|RainDance|[upkeep]","|turn|2","|","|move|p1a: Hoopa-Unbound|Gunk Shot|p2a: Ludicolo","|-supereffective|p2a: Ludicolo","|-damage|p2a: Ludicolo|0 fnt","|faint|p2a: Ludicolo","|","|-weather|RainDance|[upkeep]","|","|switch|p2a: Sawsbuck|Sawsbuck, F|301/301","|turn|3","|","|move|p1a: Hoopa-Unbound|Gunk Shot|p2a: Sawsbuck","|-supereffective|p2a: Sawsbuck","|-damage|p2a: Sawsbuck|0 fnt","|faint|p2a: Sawsbuck","|","|-weather|RainDance|[upkeep]","|","|switch|p2a: Ferrothorn|Ferrothorn, M|351/351","|turn|4","|","|switch|p1a: Mew|Mew|403/403","|move|p2a: Ferrothorn|Thunder Wave|p1a: Mew","|-status|p1a: Mew|par","|-status|p2a: Ferrothorn|par","|","|-weather|RainDance|[upkeep]","|turn|5","|","|move|p1a: Mew|Will-O-Wisp|p2a: Ferrothorn|[miss]","|-miss|p1a: Mew|p2a: Ferrothorn","|cant|p2a: Ferrothorn|par","|","|-weather|none","|turn|6","|","|switch|p1a: Victini|Victini|341/341","|move|p2a: Ferrothorn|Stealth Rock|p1a: Victini","|-sidestart|p1: Knight Miku|move: Stealth Rock","|","|turn|7","|","|move|p1a: Victini|V-create|p2a: Ferrothorn","|-supereffective|p2a: Ferrothorn","|-damage|p2a: Ferrothorn|0 fnt","|-damage|p1a: Victini|299/341|[from] ability: Iron Barbs|[of] p2a: Ferrothorn","|-damage|p1a: Victini|243/341|[from] item: Rocky Helmet|[of] p2a: Ferrothorn","|-unboost|p1a: Victini|spe|1","|-unboost|p1a: Victini|def|1","|-unboost|p1a: Victini|spd|1","|faint|p2a: Ferrothorn","|","|","|switch|p2a: Cacturne|Cacturne, F|343/343","|turn|8","|","|switch|p1a: Mew|Mew|403/403 par","|-damage|p1a: Mew|353/403 par|[from] Stealth Rock","|move|p2a: Cacturne|Spiky Shield|p2a: Cacturne","|-fail|p2a: Cacturne","|","|-heal|p1a: Mew|378/403 par|[from] item: Leftovers","|turn|9","|","|move|p2a: Cacturne|Swords Dance|p2a: Cacturne","|-boost|p2a: Cacturne|atk|2","|cant|p1a: Mew|par","|","|-heal|p1a: Mew|403/403 par|[from] item: Leftovers","|turn|10","|","|switch|p2a: Rotom-Mow|Rotom-Mow|241/241","|move|p1a: Mew|Will-O-Wisp|p2a: Rotom-Mow","|-status|p2a: Rotom-Mow|brn","|","|-damage|p2a: Rotom-Mow|211/241 brn|[from] brn","|turn|11","|","|move|p2a: Rotom-Mow|Volt Switch|p1a: Mew","|-damage|p1a: Mew|328/403 par","|","|switch|p2a: Serperior|Serperior, F|291/291","|move|p1a: Mew|Defog|p2a: Serperior","|-boost|p2a: Serperior|evasion|1","|-sideend|p1: Knight Miku|Stealth Rock|[from] move: Defog|[of] p1a: Mew","|","|-heal|p1a: Mew|353/403 par|[from] item: Leftovers","|turn|12","|","|switch|p1a: Slowbro|Slowbro, F|394/394","|move|p2a: Serperior|Substitute|p2a: Serperior","|-start|p2a: Serperior|Substitute","|-damage|p2a: Serperior|219/291","|","|turn|13","|","|move|p2a: Serperior|Grassy Terrain|p2a: Serperior","|-fieldstart|move: Grassy Terrain","|move|p1a: Slowbro|Scald|p2a: Serperior","|-resisted|p2a: Serperior","|-activate|p2a: Serperior|Substitute|[damage]","|","|-heal|p2a: Serperior|237/291|[from] Grassy Terrain","|turn|14","|","|move|p2a: Serperior|Leaf Storm|p1a: Slowbro|[miss]","|-miss|p2a: Serperior|p1a: Slowbro","|move|p1a: Slowbro|Scald|p2a: Serperior","|-resisted|p2a: Serperior","|-end|p2a: Serperior|Substitute","|","|-heal|p2a: Serperior|255/291|[from] Grassy Terrain","|turn|15","|","|move|p2a: Serperior|Substitute|p2a: Serperior","|-start|p2a: Serperior|Substitute","|-damage|p2a: Serperior|183/291","|move|p1a: Slowbro|Scald|p2a: Serperior","|-resisted|p2a: Serperior","|-activate|p2a: Serperior|Substitute|[damage]","|","|-heal|p2a: Serperior|201/291|[from] Grassy Terrain","|turn|16","|","|move|p2a: Serperior|Leaf Storm|p1a: Slowbro","|-supereffective|p1a: Slowbro","|-damage|p1a: Slowbro|0 fnt","|-boost|p2a: Serperior|spa|2","|faint|p1a: Slowbro","|","|-heal|p2a: Serperior|219/291|[from] Grassy Terrain","|","|switch|p1a: Victini|Victini|243/341","|turn|17","|","|move|p1a: Victini|U-turn|p2a: Serperior","|-supereffective|p2a: Serperior","|-end|p2a: Serperior|Substitute","|","|switch|p1a: Meloetta|Meloetta|403/403","|move|p2a: Serperior|Dragon Pulse|p1a: Meloetta","|-damage|p1a: Meloetta|302/403","|","|-heal|p1a: Meloetta|327/403|[from] item: Leftovers","|-fieldend|move: Grassy Terrain","|turn|18","|","|move|p2a: Serperior|Substitute|p2a: Serperior","|-start|p2a: Serperior|Substitute","|-damage|p2a: Serperior|147/291","|move|p1a: Meloetta|Substitute|p1a: Meloetta","|-start|p1a: Meloetta|Substitute","|-damage|p1a: Meloetta|227/403","|","|-heal|p1a: Meloetta|252/403|[from] item: Leftovers","|turn|19","|","|move|p2a: Serperior|Leaf Storm|p1a: Meloetta","|-end|p1a: Meloetta|Substitute","|-boost|p2a: Serperior|spa|2","|move|p1a: Meloetta|Calm Mind|p1a: Meloetta","|-boost|p1a: Meloetta|spa|1","|-boost|p1a: Meloetta|spd|1","|","|-heal|p1a: Meloetta|277/403|[from] item: Leftovers","|turn|20","|","|move|p2a: Serperior|Leaf Storm|p1a: Meloetta|[miss]","|-miss|p2a: Serperior|p1a: Meloetta","|move|p1a: Meloetta|Calm Mind|p1a: Meloetta","|-boost|p1a: Meloetta|spa|1","|-boost|p1a: Meloetta|spd|1","|","|-heal|p1a: Meloetta|302/403|[from] item: Leftovers","|turn|21","|","|move|p2a: Serperior|Leaf Storm|p1a: Meloetta","|-damage|p1a: Meloetta|91/403","|-boost|p2a: Serperior|spa|2","|move|p1a: Meloetta|Psyshock|p2a: Serperior","|-end|p2a: Serperior|Substitute","|","|-heal|p1a: Meloetta|116/403|[from] item: Leftovers","|turn|22","|","|move|p2a: Serperior|Substitute|p2a: Serperior","|-start|p2a: Serperior|Substitute","|-damage|p2a: Serperior|75/291","|move|p1a: Meloetta|Psyshock|p2a: Serperior|[miss]","|-miss|p1a: Meloetta|p2a: Serperior","|","|-heal|p1a: Meloetta|141/403|[from] item: Leftovers","|turn|23","|","|move|p2a: Serperior|Leaf Storm|p1a: Meloetta","|-crit|p1a: Meloetta","|-damage|p1a: Meloetta|0 fnt","|faint|p1a: Meloetta","|","|","|switch|p1a: Victini|Victini|243/341","|turn|24","|","|move|p1a: Victini|U-turn|p2a: Serperior","|-supereffective|p2a: Serperior","|-end|p2a: Serperior|Substitute","|","|switch|p1a: Y U UNBAN!!!!!|Gallade, M|277/277","|move|p2a: Serperior|Leaf Storm|p1a: Y U UNBAN!!!!!","|-damage|p1a: Y U UNBAN!!!!!|0 fnt","|faint|p1a: Y U UNBAN!!!!!","|","|","|switch|p1a: Victini|Victini|243/341","|turn|25","|","|move|p1a: Victini|U-turn|p2a: Serperior","|-supereffective|p2a: Serperior","|-damage|p2a: Serperior|0 fnt","|faint|p2a: Serperior","|","|switch|p1a: Mew|Mew|353/403 par","|","|-heal|p1a: Mew|378/403 par|[from] item: Leftovers","|","|switch|p2a: Rotom-Mow|Rotom-Mow|211/241 brn","|turn|26","|","|move|p2a: Rotom-Mow|Trick|p1a: Mew","|-activate|p2a: Rotom-Mow|move: Trick|[of] p1a: Mew","|-item|p1a: Mew|Choice Scarf|[from] move: Trick","|-item|p2a: Rotom-Mow|Leftovers|[from] move: Trick","|move|p1a: Mew|Will-O-Wisp|p2a: Rotom-Mow","|-fail|p2a: Rotom-Mow|brn","|","|-heal|p2a: Rotom-Mow|226/241 brn|[from] item: Leftovers","|-damage|p2a: Rotom-Mow|196/241 brn|[from] brn","|turn|27","|","|move|p2a: Rotom-Mow|Discharge|p1a: Mew","|-crit|p1a: Mew","|-damage|p1a: Mew|236/403 par","|move|p1a: Mew|Will-O-Wisp|p2a: Rotom-Mow","|-fail|p2a: Rotom-Mow|brn","|","|-heal|p2a: Rotom-Mow|211/241 brn|[from] item: Leftovers","|-damage|p2a: Rotom-Mow|181/241 brn|[from] brn","|turn|28","|","|switch|p1a: Hoopa-Unbound|Hoopa-Unbound|301/301","|move|p2a: Rotom-Mow|Discharge|p1a: Hoopa-Unbound","|-damage|p1a: Hoopa-Unbound|196/301","|","|-heal|p2a: Rotom-Mow|196/241 brn|[from] item: Leftovers","|-damage|p2a: Rotom-Mow|166/241 brn|[from] brn","|turn|29","|","|move|p1a: Hoopa-Unbound|Gunk Shot|p2a: Rotom-Mow","|-supereffective|p2a: Rotom-Mow","|-damage|p2a: Rotom-Mow|0 fnt","|faint|p2a: Rotom-Mow","|","|","|switch|p2a: Cacturne|Cacturne, F|343/343","|turn|30","|","|switch|p1a: Mew|Mew|236/403 par","|move|p2a: Cacturne|Swords Dance|p2a: Cacturne","|-boost|p2a: Cacturne|atk|2","|","|turn|31","|","|move|p2a: Cacturne|Swords Dance|p2a: Cacturne","|-boost|p2a: Cacturne|atk|2","|move|p1a: Mew|Will-O-Wisp|p2a: Cacturne|[miss]","|-miss|p1a: Mew|p2a: Cacturne","|","|turn|32","|","|move|p2a: Cacturne|Swords Dance|p2a: Cacturne","|-boost|p2a: Cacturne|atk|2","|move|p1a: Mew|Will-O-Wisp|p2a: Cacturne","|-status|p2a: Cacturne|brn","|","|-damage|p2a: Cacturne|301/343 brn|[from] brn","|turn|33","|","|move|p2a: Cacturne|Drain Punch|p1a: Mew","|-resisted|p1a: Mew","|-damage|p1a: Mew|140/403 par","|-heal|p2a: Cacturne|343/343 brn|[from] drain|[of] p1a: Mew","|move|p1a: Mew|Will-O-Wisp|p2a: Cacturne","|-fail|p2a: Cacturne|brn","|","|-damage|p2a: Cacturne|301/343 brn|[from] brn","|turn|34","|","|move|p2a: Cacturne|Drain Punch|p1a: Mew","|-resisted|p1a: Mew","|-damage|p1a: Mew|52/403 par","|-heal|p2a: Cacturne|343/343 brn|[from] drain|[of] p1a: Mew","|cant|p1a: Mew|par","|","|-damage|p2a: Cacturne|301/343 brn|[from] brn","|turn|35","|","|move|p2a: Cacturne|Drain Punch|p1a: Mew","|-crit|p1a: Mew","|-resisted|p1a: Mew","|-damage|p1a: Mew|0 fnt","|-heal|p2a: Cacturne|327/343 brn|[from] drain|[of] p1a: Mew","|faint|p1a: Mew","|","|-damage|p2a: Cacturne|285/343 brn|[from] brn","|","|switch|p1a: Victini|Victini|243/341","|turn|36","|","|switch|p1a: Hoopa-Unbound|Hoopa-Unbound|196/301","|move|p2a: Cacturne|Sucker Punch|p1a: Hoopa-Unbound","|-fail|p2a: Cacturne","|","|-damage|p2a: Cacturne|243/343 brn|[from] brn","|turn|37","|","|move|p2a: Cacturne|Spiky Shield|p2a: Cacturne","|-singleturn|p2a: Cacturne|move: Protect","|move|p1a: Hoopa-Unbound|Fire Punch|p2a: Cacturne","|-activate|p2a: Cacturne|Protect","|-damage|p1a: Hoopa-Unbound|159/301|[from] Spiky Shield|[of] p2a: Cacturne","|","|-damage|p2a: Cacturne|201/343 brn|[from] brn","|turn|38","|","|switch|p1a: Victini|Victini|243/341","|move|p2a: Cacturne|Drain Punch|p1a: Victini","|-resisted|p1a: Victini","|-damage|p1a: Victini|161/341","|-heal|p2a: Cacturne|242/343 brn|[from] drain|[of] p1a: Victini","|","|-damage|p2a: Cacturne|200/343 brn|[from] brn","|turn|39","|","|move|p2a: Cacturne|Sucker Punch|p1a: Victini","|-supereffective|p1a: Victini","|-damage|p1a: Victini|0 fnt","|faint|p1a: Victini","|","|-damage|p2a: Cacturne|158/343 brn|[from] brn","|","|switch|p1a: Hoopa-Unbound|Hoopa-Unbound|159/301","|turn|40","|","|move|p2a: Cacturne|Spiky Shield|p2a: Cacturne","|-singleturn|p2a: Cacturne|move: Protect","|move|p1a: Hoopa-Unbound|Fire Punch|p2a: Cacturne","|-activate|p2a: Cacturne|Protect","|-damage|p1a: Hoopa-Unbound|122/301|[from] Spiky Shield|[of] p2a: Cacturne","|","|-damage|p2a: Cacturne|116/343 brn|[from] brn","|turn|41","|","|move|p2a: Cacturne|Sucker Punch|p1a: Hoopa-Unbound","|-damage|p1a: Hoopa-Unbound|0 fnt","|faint|p1a: Hoopa-Unbound","|","|win|Guard Wanderer"],"p1rating":{"entryid":"161090","serverid":"eos","formatid":"monotype","userid":"knightmiku","username":"Knight Miku","w":"10","l":6,"t":"0","gxe":60.9,"r":"1608.8893408657","rd":"87.92912838374","sigma":"0","rptime":"1440320400","rpr":1585.3258234097,"rprd":76.508839456715,"rpsigma":"0","acre":1154.8069666727,"lacre":1154.8069666727,"oldacre":"1187.2602604217"},"p2rating":{"entryid":"9966","serverid":"eos","formatid":"monotype","userid":"guardwanderer","username":"Guard Wanderer","w":11,"l":"19","t":"0","gxe":40.7,"r":"1517.3894601343","rd":"81.691557977629","sigma":"0","rptime":"1440320400","rpr":1427.8752565003,"rprd":60.706866714637,"rpsigma":"0","acre":1116.6979781407,"lacre":1116.6979781407,"oldacre":"1080.4349903617"},"endType":"normal"}