{"seed":[58979,57867,62311,2573],"turns":20,"p1":"sovereign♕zoroark","p2":"Im Slash","p1team":[{"name":"Abomasnow","species":"Abomasnow","item":"abomasite","ability":"Snow Warning","moves":["blizzard","gigadrain","hiddenpowerfire","iceshard"],"nature":"Lax","evs":{"hp":0,"atk":0,"def":4,"spa":252,"spd":252,"spe":0},"ivs":{"hp":31,"atk":30,"def":31,"spa":30,"spd":31,"spe":30},"shiny":true},{"name":"Froslass","species":"Froslass","item":"leftovers","ability":"Snow Cloak","moves":["substitute","thunderbolt","icebeam","destinybond"],"nature":"Timid","evs":{"hp":4,"atk":0,"def":0,"spa":252,"spd":0,"spe":252},"ivs":{"hp":31,"atk":31,"def":31,"spa":31,"spd":31,"spe":31}},{"name":"Kyurem-Black","species":"Kyurem-Black","item":"choicescarf","ability":"Teravolt","moves":["outrage","fusionbolt","stoneedge","facade"],"nature":"Jolly","evs":{"hp":4,"atk":252,"def":0,"spa":0,"spd":0,"spe":252},"shiny":true,"ivs":{"hp":31,"atk":31,"def":31,"spa":31,"spd":31,"spe":31}},{"name":"Mamoswine","species":"Mamoswine","item":"lifeorb","ability":"Snow Cloak","moves":["stealthrock","earthquake","iceshard","stoneedge"],"nature":"Adamant","evs":{"hp":4,"atk":252,"def":0,"spa":0,"spd":0,"spe":252},"ivs":{"hp":31,"atk":31,"def":31,"spa":31,"spd":31,"spe":31}},{"name":"Walrein","species":"Walrein","item":"choicespecs","ability":"Thick Fat","moves":["surf","icebeam","signalbeam","hiddenpowerfire"],"nature":"Modest","evs":{"hp":252,"atk":0,"def":0,"spa":252,"spd":0,"spe":4},"ivs":{"hp":31,"atk":30,"def":31,"spa":30,"spd":31,"spe":30}},{"name":"Cloyster","species":"Cloyster","item":"focussash","ability":"Skill Link","moves":["shellsmash","iciclespear","rockblast","razorshell"],"nature":"Adamant","evs":{"hp":24,"atk":252,"def":0,"spa":0,"spd":0,"spe":232},"ivs":{"hp":31,"atk":31,"def":31,"spa":31,"spd":31,"spe":31}}],"p2team":[{"name":"Meloetta","species":"Meloetta","item":"choicespecs","ability":"Serene Grace","moves":["hypervoice","thunderbolt","shadowball","psyshock"],"nature":"Modest","evs":{"hp":248,"atk":0,"def":0,"spa":252,"spd":8,"spe":0},"ivs":{"hp":31,"atk":31,"def":31,"spa":31,"spd":31,"spe":31}},{"name":"Latias","species":"Latias","item":"lifeorb","ability":"Levitate","moves":["dracometeor","healingwish","psyshock","defog"],"nature":"Timid","evs":{"hp":0,"atk":0,"def":0,"spa":252,"spd":4,"spe":252},"ivs":{"hp":31,"atk":31,"def":31,"spa":31,"spd":31,"spe":31}},{"name":"Slowbro","species":"Slowbro","item":"rockyhelmet","ability":"Regenerator","moves":["scald","icebeam","slackoff","thunderwave"],"nature":"Bold","evs":{"hp":248,"atk":0,"def":252,"spa":8,"spd":0,"spe":0},"ivs":{"hp":31,"atk":31,"def":31,"spa":31,"spd":31,"spe":31}},{"name":"Metagross","species":"Metagross","item":"assaultvest","ability":"Clear Body","moves":["earthquake","meteormash","bulletpunch","zenheadbutt"],"nature":"Adamant","evs":{"hp":248,"atk":252,"def":0,"spa":0,"spd":8,"spe":0},"shiny":true,"ivs":{"hp":31,"atk":31,"def":31,"spa":31,"spd":31,"spe":31}},{"name":"Victini","species":"Victini","item":"choicescarf","ability":"Victory Star","moves":["brickbreak","vcreate","uturn","boltstrike"],"nature":"Hasty","evs":{"hp":0,"atk":252,"def":0,"spa":4,"spd":0,"spe":252},"ivs":{"hp":31,"atk":31,"def":31,"spa":31,"spd":31,"spe":31}},{"name":"Gardevoir","species":"Gardevoir","item":"gardevoirite","ability":"Trace","moves":["hypervoice","psyshock","calmmind","focusblast"],"nature":"Timid","evs":{"hp":0,"atk":0,"def":0,"spa":252,"spd":0,"spe":252},"ivs":{"hp":31,"atk":31,"def":31,"spa":31,"spd":31,"spe":31}}],"log":["|player|p1|sovereign♕zoroark|218","|player|p2|Im Slash|144","|gametype|singles","|gen|6","|tier|Monotype","|rated","|rule|Baton Pass Clause: Limit one Baton Passer, can't pass Spe and other stats simultaneously","|rule|Swagger Clause: Swagger is banned","|rule|Same Type Clause: Pokémon in a team must share a type","|clearpoke","|poke|p1|Abomasnow, F, shiny","|poke|p1|Froslass, F","|poke|p1|Kyurem-Black, shiny","|poke|p1|Mamoswine, M","|poke|p1|Walrein, M","|poke|p1|Cloyster, M","|poke|p2|Meloetta","|poke|p2|Latias, F","|poke|p2|Slowbro, M","|poke|p2|Metagross, shiny","|poke|p2|Victini","|poke|p2|Gardevoir, F","|rule|Sleep Clause Mod: Limit one foe put to sleep","|rule|Species Clause: Limit one of each Pokémon","|rule|OHKO Clause: OHKO moves are banned","|rule|Moody Clause: Moody is banned","|rule|Evasion Moves Clause: Evasion moves are banned","|rule|Endless Battle Clause: Forcing endless battles is banned","|rule|HP Percentage Mod: HP is shown in percentages","|teampreview","|","|start","|switch|p1a: Abomasnow|Abomasnow, F, shiny|321/321","|switch|p2a: Metagross|Metagross, shiny|363/363","|-weather|Hail","|turn|1","|","|detailschange|p1a: Abomasnow|Abomasnow-Mega, F, shiny","|-mega|p1a: Abomasnow|Abomasnow|Abomasite","|move|p2a: Metagross|Meteor Mash|p1a: Abomasnow","|-supereffective|p1a: Abomasnow","|-damage|p1a: Abomasnow|33/321","|move|p1a: Abomasnow|Hidden Power|p2a: Metagross","|-supereffective|p2a: Metagross","|-damage|p2a: Metagross|249/363","|","|-weather|Hail|[upkeep]","|-damage|p2a: Metagross|227/363|[from] hail","|turn|2","|","|move|p2a: Metagross|Bullet Punch|p1a: Abomasnow","|-supereffective|p1a: Abomasnow","|-damage|p1a: Abomasnow|0 fnt","|faint|p1a: Abomasnow","|","|-weather|Hail|[upkeep]","|-damage|p2a: Metagross|205/363|[from] hail","|","|switch|p1a: Froslass|Froslass, F|282/282","|turn|3","|","|move|p2a: Metagross|Bullet Punch|p1a: Froslass","|-supereffective|p1a: Froslass","|-damage|p1a: Froslass|58/282","|move|p1a: Froslass|Substitute|p1a: Froslass","|-fail|p1a: Froslass|move: Substitute|[weak]","|","|-weather|Hail|[upkeep]","|-damage|p2a: Metagross|183/363|[from] hail","|-heal|p1a: Froslass|75/282|[from] item: Leftovers","|turn|4","|","|move|p2a: Metagross|Bullet Punch|p1a: Froslass|[miss]","|-miss|p2a: Metagross|p1a: Froslass","|move|p1a: Froslass|Destiny Bond|p1a: Froslass","|-singlemove|p1a: Froslass|Destiny Bond","|","|-weather|Hail|[upkeep]","|-damage|p2a: Metagross|161/363|[from] hail","|-heal|p1a: Froslass|92/282|[from] item: Leftovers","|turn|5","|","|switch|p2a: Meloetta|Meloetta|403/403","|move|p1a: Froslass|Destiny Bond|p1a: Froslass","|-singlemove|p1a: Froslass|Destiny Bond","|","|-weather|none","|-heal|p1a: Froslass|109/282|[from] item: Leftovers","|turn|6","|","|switch|p2a: Victini|Victini|341/341","|move|p1a: Froslass|Substitute|p1a: Froslass","|-start|p1a: Froslass|Substitute","|-damage|p1a: Froslass|39/282","|","|-heal|p1a: Froslass|56/282|[from] item: Leftovers","|turn|7","|","|move|p2a: Victini|U-turn|p1a: Froslass","|-resisted|p1a: Froslass","|-activate|p1a: Froslass|Substitute|[damage]","|","|switch|p2a: Gardevoir|Gardevoir, F|277/277","|-ability|p2a: Gardevoir|Snow Cloak|[from] ability: Trace|[of] p1a: Froslass","|move|p1a: Froslass|Ice Beam|p2a: Gardevoir","|-damage|p2a: Gardevoir|178/277","|","|-heal|p1a: Froslass|73/282|[from] item: Leftovers","|turn|8","|","|detailschange|p2a: Gardevoir|Gardevoir-Mega, F","|-mega|p2a: Gardevoir|Gardevoir|Gardevoirite","|move|p1a: Froslass|Ice Beam|p2a: Gardevoir","|-damage|p2a: Gardevoir|90/277","|move|p2a: Gardevoir|Hyper Voice|p1a: Froslass","|-damage|p1a: Froslass|0 fnt","|faint|p1a: Froslass","|","|","|switch|p1a: Cloyster|Cloyster, M|247/247","|turn|9","|","|move|p2a: Gardevoir|Hyper Voice|p1a: Cloyster","|-enditem|p1a: Cloyster|Focus Sash","|-damage|p1a: Cloyster|1/247","|move|p1a: Cloyster|Icicle Spear|p2a: Gardevoir","|-damage|p2a: Gardevoir|32/277","|-damage|p2a: Gardevoir|0 fnt","|-hitcount|p2a: Gardevoir|2","|faint|p2a: Gardevoir","|","|","|switch|p2a: Victini|Victini|341/341","|turn|10","|","|move|p2a: Victini|U-turn|p1a: Cloyster","|-damage|p1a: Cloyster|0 fnt","|faint|p1a: Cloyster","|","|switch|p2a: Meloetta|Meloetta|403/403","|","|","|switch|p1a: Kyurem-Black|Kyurem-Black, shiny|392/392","|-ability|p1a: Kyurem-Black|Teravolt","|turn|11","|","|switch|p2a: Slowbro|Slowbro, M|393/393","|move|p1a: Kyurem-Black|Fusion Bolt|p2a: Slowbro","|-supereffective|p2a: Slowbro","|-damage|p2a: Slowbro|207/393","|","|turn|12","|","|move|p1a: Kyurem-Black|Fusion Bolt|p2a: Slowbro","|-crit|p2a: Slowbro","|-supereffective|p2a: Slowbro","|-damage|p2a: Slowbro|0 fnt","|faint|p2a: Slowbro","|","|","|switch|p2a: Latias|Latias, F|301/301","|turn|13","|","|move|p1a: Kyurem-Black|Fusion Bolt|p2a: Latias","|-resisted|p2a: Latias","|-damage|p2a: Latias|222/301","|move|p2a: Latias|Psyshock|p1a: Kyurem-Black","|-damage|p1a: Kyurem-Black|219/392","|-damage|p2a: Latias|192/301|[from] item: Life Orb","|","|turn|14","|","|move|p1a: Kyurem-Black|Fusion Bolt|p2a: Latias","|-resisted|p2a: Latias","|-damage|p2a: Latias|113/301","|move|p2a: Latias|Draco Meteor|p1a: Kyurem-Black","|-supereffective|p1a: Kyurem-Black","|-damage|p1a: Kyurem-Black|0 fnt","|-unboost|p2a: Latias|spa|2","|-damage|p2a: Latias|83/301|[from] item: Life Orb","|faint|p1a: Kyurem-Black","|","|","|switch|p1a: Mamoswine|Mamoswine, M|362/362","|turn|15","|","|switch|p2a: Meloetta|Meloetta|403/403","|move|p1a: Mamoswine|Ice Shard|p2a: Meloetta","|-damage|p2a: Meloetta|277/403","|-damage|p1a: Mamoswine|326/362|[from] item: Life Orb","|","|turn|16","|","|move|p1a: Mamoswine|Earthquake|p2a: Meloetta","|-damage|p2a: Meloetta|0 fnt","|-damage|p1a: Mamoswine|290/362|[from] item: Life Orb","|faint|p2a: Meloetta","|","|","|switch|p2a: Metagross|Metagross, shiny|161/363","|turn|17","|","|move|p2a: Metagross|Bullet Punch|p1a: Mamoswine","|-supereffective|p1a: Mamoswine","|-damage|p1a: Mamoswine|108/362","|move|p1a: Mamoswine|Earthquake|p2a: Metagross","|-supereffective|p2a: Metagross","|-damage|p2a: Metagross|0 fnt","|-damage|p1a: Mamoswine|72/362|[from] item: Life Orb","|faint|p2a: Metagross","|","|","|switch|p2a: Victini|Victini|341/341","|turn|18","|","|move|p1a: Mamoswine|Ice Shard|p2a: Victini","|-resisted|p2a: Victini","|-damage|p2a: Victini|288/341","|-damage|p1a: Mamoswine|36/362|[from] item: Life Orb","|move|p2a: Victini|U-turn|p1a: Mamoswine","|-damage|p1a: Mamoswine|0 fnt","|faint|p1a: Mamoswine","|","|switch|p2a: Latias|Latias, F|83/301","|","|","|switch|p1a: Walrein|Walrein, M|424/424","|turn|19","|","|move|p2a: Latias|Psyshock|p1a: Walrein","|-damage|p1a: Walrein|237/424","|-damage|p2a: Latias|53/301|[from] item: Life Orb","|move|p1a: Walrein|Ice Beam|p2a: Latias","|-supereffective|p2a: Latias","|-damage|p2a: Latias|0 fnt","|faint|p2a: Latias","|","|","|switch|p2a: Victini|Victini|288/341","|turn|20","|","|move|p2a: Victini|Bolt Strike|p1a: Walrein","|-supereffective|p1a: Walrein","|-damage|p1a: Walrein|0 fnt","|faint|p1a: Walrein","|","|win|Im Slash"],"p1rating":{"entryid":"313593","serverid":"eos","formatid":"monotype","userid":"sovereignzoroark","username":"sovereign♕zoroark","w":"5","l":19,"t":"0","gxe":27.5,"r":"1371.7471491143","rd":"74.50004825256","sigma":"0","rptime":"1440320400","rpr":1314.3682026095,"rprd":66.593046984838,"rpsigma":"0","acre":1000,"lacre":1000,"oldacre":"1000"},"p2rating":{"entryid":"75487","serverid":"eos","formatid":"monotype","userid":"imslash","username":"Im Slash","w":9,"l":"3","t":"0","gxe":63,"r":"1594.111505639","rd":"86.329073581336","sigma":"0","rptime":"1440320400","rpr":1603.0766399281,"rprd":84.628890590769,"rpsigma":"0","acre":1142.922421295,"lacre":1142.922421295,"oldacre":"1126.6524823975"},"endType":"normal"}