{"seed":[6306,28740,27810,13999],"turns":26,"p1":"slimshadyboi","p2":"DSV","p1team":[{"name":"Ditto","species":"Ditto","item":"choicescarf","ability":"Imposter","moves":["transform"],"nature":"Timid","evs":{"hp":252,"atk":0,"def":0,"spa":0,"spd":4,"spe":252},"ivs":{"hp":31,"atk":31,"def":31,"spa":31,"spd":31,"spe":31}},{"name":"Chansey","species":"Chansey","item":"eviolite","ability":"Natural Cure","moves":["toxic","seismictoss","healbell","softboiled"],"nature":"Bold","evs":{"hp":248,"atk":0,"def":252,"spa":0,"spd":8,"spe":0},"ivs":{"hp":31,"atk":31,"def":31,"spa":31,"spd":31,"spe":31}},{"name":"Lopunny","species":"Lopunny","item":"lopunnite","ability":"Limber","moves":["fakeout","firepunch","return","highjumpkick"],"nature":"Jolly","evs":{"hp":0,"atk":252,"def":0,"spa":0,"spd":4,"spe":252},"ivs":{"hp":31,"atk":31,"def":31,"spa":31,"spd":31,"spe":31}},{"name":"Staraptor","species":"Staraptor","item":"leftovers","ability":"Intimidate","moves":["bravebird","closecombat","roost","uturn"],"nature":"Impish","evs":{"hp":120,"atk":132,"def":252,"spa":0,"spd":4,"spe":0},"ivs":{"hp":31,"atk":31,"def":31,"spa":31,"spd":31,"spe":31}},{"name":"Smeargle","species":"Smeargle","item":"focussash","ability":"Own Tempo","moves":["spore","stickyweb","stealthrock","rapidspin"],"nature":"Timid","evs":{"hp":248,"atk":0,"def":0,"spa":0,"spd":8,"spe":252},"ivs":{"hp":31,"atk":31,"def":31,"spa":31,"spd":31,"spe":31}},{"name":"Diggersby","species":"Diggersby","item":"focussash","ability":"Huge Power","moves":["swordsdance","earthquake","quickattack","knockoff"],"nature":"Adamant","evs":{"hp":0,"atk":252,"def":0,"spa":0,"spd":8,"spe":242},"ivs":{"hp":31,"atk":31,"def":31,"spa":31,"spd":31,"spe":31}}],"p2team":[{"name":"Gallade","species":"Gallade","item":"galladite","ability":"Justified","moves":["swordsdance","drainpunch","knockoff","stoneedge"],"nature":"Jolly","evs":{"hp":0,"atk":252,"def":0,"spa":0,"spd":4,"spe":252},"ivs":{"hp":31,"atk":31,"def":31,"spa":31,"spd":31,"spe":31}},{"name":"Victini","species":"Victini","item":"choicescarf","ability":"Victory Star","moves":["vcreate","uturn","boltstrike","trick"],"nature":"Adamant","evs":{"hp":0,"atk":252,"def":0,"spa":0,"spd":4,"spe":252},"ivs":{"hp":31,"atk":31,"def":31,"spa":31,"spd":31,"spe":31}},{"name":"Meloetta","species":"Meloetta","item":"leftovers","ability":"Serene Grace","moves":["substitute","hypervoice","thunderbolt","calmmind"],"nature":"Bold","evs":{"hp":252,"atk":0,"def":252,"spa":0,"spd":4,"spe":0},"ivs":{"hp":31,"atk":31,"def":31,"spa":31,"spd":31,"spe":31}},{"name":"Mew","species":"Mew","item":"leftovers","ability":"Synchronize","moves":["willowisp","roost","defog","knockoff"],"nature":"Careful","evs":{"hp":252,"atk":0,"def":0,"spa":0,"spd":224,"spe":32},"ivs":{"hp":31,"atk":31,"def":31,"spa":31,"spd":31,"spe":31}},{"name":"Gardevoir","species":"Gardevoir","item":"choicescarf","ability":"Trace","moves":["moonblast","psyshock","focusblast","healingwish"],"nature":"Modest","evs":{"hp":0,"atk":0,"def":0,"spa":252,"spd":4,"spe":252},"ivs":{"hp":31,"atk":31,"def":31,"spa":31,"spd":31,"spe":31}},{"name":"Alakazam","species":"Alakazam","item":"focussash","ability":"Magic Guard","moves":["hiddenpowerfire","psyshock","encore","dazzlinggleam"],"nature":"Timid","evs":{"hp":0,"atk":0,"def":0,"spa":252,"spd":4,"spe":252},"ivs":{"hp":31,"atk":30,"def":31,"spa":30,"spd":31,"spe":30}}],"log":["|player|p1|slimshadyboi|224","|player|p2|DSV|dsv.png","|gametype|singles","|gen|6","|tier|Monotype","|rated","|rule|Baton Pass Clause: Limit one Baton Passer, can't pass Spe and other stats simultaneously","|rule|Swagger Clause: Swagger is banned","|rule|Same Type Clause: Pokémon in a team must share a type","|clearpoke","|poke|p1|Ditto","|poke|p1|Chansey, F","|poke|p1|Lopunny, M","|poke|p1|Staraptor, F","|poke|p1|Smeargle, M","|poke|p1|Diggersby, F","|poke|p2|Gallade, M","|poke|p2|Victini","|poke|p2|Meloetta","|poke|p2|Mew","|poke|p2|Gardevoir, M","|poke|p2|Alakazam, M","|rule|Sleep Clause Mod: Limit one foe put to sleep","|rule|Species Clause: Limit one of each Pokémon","|rule|OHKO Clause: OHKO moves are banned","|rule|Moody Clause: Moody is banned","|rule|Evasion Moves Clause: Evasion moves are banned","|rule|Endless Battle Clause: Forcing endless battles is banned","|rule|HP Percentage Mod: HP is shown in percentages","|teampreview","|","|start","|switch|p1a: Smeargle|Smeargle, M|313/313","|switch|p2a: Victini|Victini|341/341","|turn|1","|","|move|p2a: Victini|Trick|p1a: Smeargle","|-activate|p2a: Victini|move: Trick|[of] p1a: Smeargle","|-item|p1a: Smeargle|Choice Scarf|[from] move: Trick","|-item|p2a: Victini|Focus Sash|[from] move: Trick","|move|p1a: Smeargle|Spore|p2a: Victini","|-status|p2a: Victini|slp","|","|turn|2","|","|switch|p1a: Staraptor|Staraptor, F|341/341","|-ability|p1a: Staraptor|Intimidate","|-unboost|p2a: Victini|atk|1","|switch|p2a: Mew|Mew|404/404","|","|turn|3","|","|move|p2a: Mew|Will-O-Wisp|p1a: Staraptor","|-status|p1a: Staraptor|brn","|move|p1a: Staraptor|U-turn|p2a: Mew","|-supereffective|p2a: Mew","|-damage|p2a: Mew|328/404","|","|switch|p1a: Smeargle|Smeargle, M|313/313","|","|-heal|p2a: Mew|353/404|[from] item: Leftovers","|turn|4","|","|move|p1a: Smeargle|Sticky Web|p2a: Mew","|-sidestart|p2: DSV|move: Sticky Web","|move|p2a: Mew|Will-O-Wisp|p1a: Smeargle","|-status|p1a: Smeargle|brn","|","|-heal|p2a: Mew|378/404|[from] item: Leftovers","|-damage|p1a: Smeargle|274/313 brn|[from] brn","|turn|5","|","|switch|p1a: Chansey|Chansey, F|703/703","|move|p2a: Mew|Will-O-Wisp|p1a: Chansey","|-status|p1a: Chansey|brn","|","|-heal|p2a: Mew|403/404|[from] item: Leftovers","|-damage|p1a: Chansey|616/703 brn|[from] brn","|turn|6","|","|move|p2a: Mew|Knock Off|p1a: Chansey","|-damage|p1a: Chansey|521/703 brn","|-enditem|p1a: Chansey|Eviolite|[from] move: Knock Off|[of] p2a: Mew","|move|p1a: Chansey|Toxic|p2a: Mew","|-status|p2a: Mew|tox","|","|-heal|p2a: Mew|404/404 tox|[from] item: Leftovers","|-damage|p2a: Mew|379/404 tox|[from] psn","|-damage|p1a: Chansey|434/703 brn|[from] brn","|turn|7","|","|move|p2a: Mew|Defog|p1a: Chansey","|-unboost|p1a: Chansey|evasion|1","|-sideend|p2: DSV|Sticky Web|[from] move: Defog|[of] p2a: Mew","|move|p1a: Chansey|Heal Bell|p1a: Chansey","|-cureteam|p1a: Chansey|[from] move: HealBell","|","|-heal|p2a: Mew|404/404 tox|[from] item: Leftovers","|-damage|p2a: Mew|354/404 tox|[from] psn","|turn|8","|","|switch|p2a: Gallade|Gallade, M|277/277","|move|p1a: Chansey|Seismic Toss|p2a: Gallade","|-damage|p2a: Gallade|177/277","|","|turn|9","|","|switch|p1a: Staraptor|Staraptor, F|341/341","|-ability|p1a: Staraptor|Intimidate","|-unboost|p2a: Gallade|atk|1","|detailschange|p2a: Gallade|Gallade-Mega, M","|-mega|p2a: Gallade|Gallade|Galladite","|move|p2a: Gallade|Swords Dance|p2a: Gallade","|-boost|p2a: Gallade|atk|2","|","|turn|10","|","|switch|p1a: Smeargle|Smeargle, M|274/313","|move|p2a: Gallade|Stone Edge|p1a: Smeargle","|-damage|p1a: Smeargle|0 fnt","|faint|p1a: Smeargle","|","|","|switch|p1a: Ditto|Ditto|300/300","|-transform|p1a: Ditto|p2a: Gallade","|turn|11","|","|switch|p2a: Meloetta|Meloetta|404/404","|move|p1a: Ditto|Stone Edge|p2a: Meloetta","|-crit|p2a: Meloetta","|-damage|p2a: Meloetta|155/404","|","|-heal|p2a: Meloetta|180/404|[from] item: Leftovers","|turn|12","|","|move|p1a: Ditto|Stone Edge|p2a: Meloetta","|-damage|p2a: Meloetta|0 fnt","|faint|p2a: Meloetta","|","|","|switch|p2a: Gallade|Gallade-Mega, M|177/277","|turn|13","|","|move|p1a: Ditto|Stone Edge|p2a: Gallade","|-resisted|p2a: Gallade","|-damage|p2a: Gallade|67/277","|move|p2a: Gallade|Drain Punch|p1a: Ditto","|-resisted|p1a: Ditto","|-damage|p1a: Ditto|222/300","|-heal|p2a: Gallade|106/277|[from] drain|[of] p1a: Ditto","|","|turn|14","|","|switch|p2a: Mew|Mew|354/404 tox","|move|p1a: Ditto|Stone Edge|p2a: Mew","|-damage|p2a: Mew|129/404 tox","|","|-heal|p2a: Mew|154/404 tox|[from] item: Leftovers","|-damage|p2a: Mew|129/404 tox|[from] psn","|turn|15","|","|move|p1a: Ditto|Stone Edge|p2a: Mew|[miss]","|-miss|p1a: Ditto|p2a: Mew","|move|p2a: Mew|Will-O-Wisp|p1a: Ditto","|-status|p1a: Ditto|brn","|","|-heal|p2a: Mew|154/404 tox|[from] item: Leftovers","|-damage|p1a: Ditto|185/300 brn|[from] brn","|-damage|p2a: Mew|104/404 tox|[from] psn","|turn|16","|","|switch|p1a: Chansey|Chansey, F|434/703","|move|p2a: Mew|Roost|p2a: Mew","|-heal|p2a: Mew|306/404 tox","|","|-heal|p2a: Mew|331/404 tox|[from] item: Leftovers","|-damage|p2a: Mew|256/404 tox|[from] psn","|turn|17","|","|switch|p2a: Gallade|Gallade-Mega, M|106/277","|move|p1a: Chansey|Heal Bell|p1a: Chansey","|-cureteam|p1a: Chansey|[from] move: HealBell","|","|turn|18","|","|switch|p1a: Staraptor|Staraptor, F|341/341","|-ability|p1a: Staraptor|Intimidate","|-unboost|p2a: Gallade|atk|1","|move|p2a: Gallade|Drain Punch|p1a: Staraptor","|-damage|p1a: Staraptor|245/341","|-heal|p2a: Gallade|154/277|[from] drain|[of] p1a: Staraptor","|","|-heal|p1a: Staraptor|266/341|[from] item: Leftovers","|turn|19","|","|switch|p2a: Victini|Victini|341/341 slp","|move|p1a: Staraptor|U-turn|p2a: Victini","|-damage|p2a: Victini|263/341 slp","|","|switch|p1a: Diggersby|Diggersby, F|311/311","|","|turn|20","|","|cant|p2a: Victini|slp","|move|p1a: Diggersby|Swords Dance|p1a: Diggersby","|-boost|p1a: Diggersby|atk|2","|","|turn|21","|","|cant|p2a: Victini|slp","|move|p1a: Diggersby|Earthquake|p2a: Victini","|-supereffective|p2a: Victini","|-damage|p2a: Victini|0 fnt","|faint|p2a: Victini","|","|","|switch|p2a: Alakazam|Alakazam, M|251/251","|turn|22","|","|move|p2a: Alakazam|Psyshock|p1a: Diggersby","|-damage|p1a: Diggersby|130/311","|move|p1a: Diggersby|Earthquake|p2a: Alakazam","|-enditem|p2a: Alakazam|Focus Sash","|-damage|p2a: Alakazam|1/251","|","|turn|23","|","|move|p1a: Diggersby|Quick Attack|p2a: Alakazam","|-damage|p2a: Alakazam|0 fnt","|faint|p2a: Alakazam","|","|","|switch|p2a: Gardevoir|Gardevoir, M|277/277","|-ability|p2a: Gardevoir|Huge Power|[from] ability: Trace|[of] p1a: Diggersby","|turn|24","|","|move|p1a: Diggersby|Quick Attack|p2a: Gardevoir","|-crit|p2a: Gardevoir","|-damage|p2a: Gardevoir|0 fnt","|faint|p2a: Gardevoir","|","|","|switch|p2a: Mew|Mew|256/404 tox","|turn|25","|","|move|p1a: Diggersby|Knock Off|p2a: Mew","|-supereffective|p2a: Mew","|-damage|p2a: Mew|0 fnt","|-enditem|p2a: Mew|Leftovers|[from] move: Knock Off|[of] p1a: Diggersby","|faint|p2a: Mew","|","|","|switch|p2a: Gallade|Gallade-Mega, M|154/277","|turn|26","|","|move|p1a: Diggersby|Quick Attack|p2a: Gallade","|-crit|p2a: Gallade","|-damage|p2a: Gallade|0 fnt","|faint|p2a: Gallade","|","|win|slimshadyboi"],"p1rating":{"entryid":"330306","serverid":"eos","formatid":"monotype","userid":"slimshadyboi","username":"slimshadyboi","w":3,"l":"1","t":"0","gxe":55,"r":"1500","rd":"130","sigma":"0","rptime":"1440234000","rpr":1539.6547044861,"rprd":106.98450473708,"rpsigma":"0","acre":1100.7532577734,"lacre":1100.7532577734,"oldacre":"1071.7803227612"},"p2rating":{"entryid":"159982","serverid":"eos","formatid":"monotype","userid":"dsv","username":"DSV","w":"3","l":5,"t":"0","gxe":43.8,"r":"1479.2209682178","rd":"111.99302411103","sigma":"0","rptime":"1440234000","rpr":1451.4123467014,"rprd":92.93265230253,"rpsigma":"0","acre":1048.5670300741,"lacre":1048.5670300741,"oldacre":"1068.6899268861"},"endType":"normal"}