{"seed":[63285,24456,12149,35064],"turns":40,"p1":"bronzenya","p2":"Alliance Tsarina","p1team":[{"name":"Victini","species":"Victini","item":"choicescarf","ability":"Victory Star","moves":["vcreate","boltstrike","uturn","zenheadbutt"],"nature":"Jolly","evs":{"hp":0,"atk":252,"def":0,"spa":0,"spd":4,"spe":252},"ivs":{"hp":31,"atk":31,"def":31,"spa":31,"spd":31,"spe":31}},{"name":"Y U UNBAN!!!!!","species":"gallade","item":"galladite","ability":"Justified","moves":["closecombat","bulkup","shadowsneak","knockoff"],"nature":"Jolly","evs":{"hp":0,"atk":252,"def":0,"spa":0,"spd":4,"spe":252},"ivs":{"hp":31,"atk":31,"def":31,"spa":31,"spd":31,"spe":31}},{"name":"Hoopa-Unbound","species":"Hoopa-Unbound","item":"choicescarf","ability":"Magician","moves":["drainpunch","gunkshot","hyperspacefury","firepunch"],"nature":"Jolly","evs":{"hp":0,"atk":252,"def":0,"spa":0,"spd":4,"spe":252},"ivs":{"hp":31,"atk":31,"def":31,"spa":31,"spd":31,"spe":31}},{"name":"Mew","species":"Mew","item":"leftovers","ability":"Synchronize","moves":["roost","defog","rockslide","willowisp"],"nature":"Careful","evs":{"hp":248,"atk":8,"def":0,"spa":0,"spd":252,"spe":0},"ivs":{"hp":31,"atk":31,"def":31,"spa":31,"spd":31,"spe":31}},{"name":"Slowbro","species":"Slowbro","item":"leftovers","ability":"Regenerator","moves":["scald","grassknot","slackoff","thunderwave"],"nature":"Bold","evs":{"hp":252,"atk":0,"def":252,"spa":4,"spd":0,"spe":0},"ivs":{"hp":31,"atk":31,"def":31,"spa":31,"spd":31,"spe":31}},{"name":"Meloetta","species":"Meloetta","item":"leftovers","ability":"Serene Grace","moves":["dazzlinggleam","calmmind","psyshock","substitute"],"nature":"Calm","evs":{"hp":248,"atk":0,"def":200,"spa":0,"spd":60,"spe":0},"ivs":{"hp":31,"atk":0,"def":31,"spa":31,"spd":31,"spe":31}}],"p2team":[{"name":"Meloetta","species":"Meloetta","item":"choicespecs","ability":"Serene Grace","moves":["psyshock","hypervoice","thunderbolt","dazzlinggleam"],"nature":"Timid","evs":{"hp":0,"atk":0,"def":0,"spa":252,"spd":4,"spe":252},"ivs":{"hp":31,"atk":31,"def":31,"spa":31,"spd":31,"spe":31}},{"name":"Porygon2","species":"Porygon2","item":"eviolite","ability":"Trace","moves":["recover","discharge","toxic","icebeam"],"nature":"","evs":{"hp":0,"atk":0,"def":0,"spa":0,"spd":0,"spe":0},"ivs":{"hp":31,"atk":31,"def":31,"spa":31,"spd":31,"spe":31}},{"name":"Chansey","species":"Chansey","item":"eviolite","ability":"Natural Cure","moves":["aromatherapy","stealthrock","softboiled","seismictoss"],"nature":"Bold","evs":{"hp":248,"atk":0,"def":252,"spa":0,"spd":8,"spe":0},"ivs":{"hp":31,"atk":31,"def":31,"spa":31,"spd":31,"spe":31}},{"name":"Staraptor","species":"Staraptor","item":"leftovers","ability":"Intimidate","moves":["bravebird","roost","defog","uturn"],"nature":"","evs":{"hp":0,"atk":0,"def":0,"spa":0,"spd":0,"spe":0},"ivs":{"hp":31,"atk":31,"def":31,"spa":31,"spd":31,"spe":31}},{"name":"Lopunny","species":"Lopunny","item":"lopunnite","ability":"Cute Charm","moves":["fakeout","drainpunch","frustration","firepunch"],"nature":"Jolly","evs":{"hp":0,"atk":252,"def":0,"spa":0,"spd":4,"spe":252},"happiness":0,"ivs":{"hp":31,"atk":31,"def":31,"spa":31,"spd":31,"spe":31}},{"name":"Ditto","species":"Ditto","item":"choicescarf","ability":"Imposter","moves":["transform"],"nature":"Timid","evs":{"hp":248,"atk":0,"def":0,"spa":0,"spd":8,"spe":252},"ivs":{"hp":31,"atk":31,"def":31,"spa":31,"spd":31,"spe":31}}],"log":["|player|p1|bronzenya|23","|player|p2|Alliance Tsarina|260","|gametype|singles","|gen|6","|tier|Monotype","|rated","|rule|Baton Pass Clause: Limit one Baton Passer, can't pass Spe and other stats simultaneously","|rule|Swagger Clause: Swagger is banned","|rule|Same Type Clause: Pokémon in a team must share a type","|clearpoke","|poke|p1|Victini","|poke|p1|Gallade, M","|poke|p1|Hoopa-Unbound","|poke|p1|Mew","|poke|p1|Slowbro, F","|poke|p1|Meloetta","|poke|p2|Meloetta","|poke|p2|Porygon2","|poke|p2|Chansey, F","|poke|p2|Staraptor, M","|poke|p2|Lopunny, M","|poke|p2|Ditto","|rule|Sleep Clause Mod: Limit one foe put to sleep","|rule|Species Clause: Limit one of each Pokémon","|rule|OHKO Clause: OHKO moves are banned","|rule|Moody Clause: Moody is banned","|rule|Evasion Moves Clause: Evasion moves are banned","|rule|Endless Battle Clause: Forcing endless battles is banned","|rule|HP Percentage Mod: HP is shown in percentages","|teampreview","|","|start","|switch|p1a: Mew|Mew|403/403","|switch|p2a: Chansey|Chansey, F|703/703","|turn|1","|","|move|p1a: Mew|Rock Slide|p2a: Chansey","|-crit|p2a: Chansey","|-damage|p2a: Chansey|582/703","|move|p2a: Chansey|Stealth Rock|p1a: Mew","|-sidestart|p1: bronzenya|move: Stealth Rock","|","|turn|2","|","|move|p1a: Mew|Defog|p2a: Chansey","|-unboost|p2a: Chansey|evasion|1","|-sideend|p1: bronzenya|Stealth Rock|[from] move: Defog|[of] p1a: Mew","|move|p2a: Chansey|Seismic Toss|p1a: Mew","|-damage|p1a: Mew|303/403","|","|-heal|p1a: Mew|328/403|[from] item: Leftovers","|turn|3","|","|switch|p1a: Victini|Victini|341/341","|move|p2a: Chansey|Stealth Rock|p1a: Victini","|-sidestart|p1: bronzenya|move: Stealth Rock","|","|turn|4","|","|switch|p2a: Porygon2|Porygon2|311/311","|-ability|p2a: Porygon2|Victory Star|[from] ability: Trace|[of] p1a: Victini","|move|p1a: Victini|V-create|p2a: Porygon2","|-damage|p2a: Porygon2|113/311","|-unboost|p1a: Victini|spe|1","|-unboost|p1a: Victini|def|1","|-unboost|p1a: Victini|spd|1","|","|turn|5","|","|move|p1a: Victini|V-create|p2a: Porygon2","|-damage|p2a: Porygon2|0 fnt","|-unboost|p1a: Victini|spe|1","|-unboost|p1a: Victini|def|1","|-unboost|p1a: Victini|spd|1","|faint|p2a: Porygon2","|","|","|switch|p2a: Staraptor|Staraptor, M|311/311","|-ability|p2a: Staraptor|Intimidate","|-unboost|p1a: Victini|atk|1","|turn|6","|","|switch|p1a: Slowbro|Slowbro, F|394/394","|-damage|p1a: Slowbro|345/394|[from] Stealth Rock","|move|p2a: Staraptor|Brave Bird|p1a: Slowbro","|-damage|p1a: Slowbro|231/394","|-damage|p2a: Staraptor|273/311|[from] recoil|[of] p1a: Slowbro","|","|-heal|p2a: Staraptor|292/311|[from] item: Leftovers","|-heal|p1a: Slowbro|255/394|[from] item: Leftovers","|turn|7","|","|move|p2a: Staraptor|U-turn|p1a: Slowbro","|-supereffective|p1a: Slowbro","|-damage|p1a: Slowbro|171/394","|","|switch|p2a: Meloetta|Meloetta|341/341","|move|p1a: Slowbro|Thunder Wave|p2a: Meloetta","|-status|p2a: Meloetta|par","|","|-heal|p1a: Slowbro|195/394|[from] item: Leftovers","|turn|8","|","|switch|p1a: Mew|Mew|328/403","|-damage|p1a: Mew|278/403|[from] Stealth Rock","|move|p2a: Meloetta|Thunderbolt|p1a: Mew","|-damage|p1a: Mew|172/403","|","|-heal|p1a: Mew|197/403|[from] item: Leftovers","|turn|9","|","|switch|p2a: Ditto|Ditto|299/299","|-transform|p2a: Ditto|p1a: Mew","|move|p1a: Mew|Defog|p2a: Ditto","|-unboost|p2a: Ditto|evasion|1","|-sideend|p1: bronzenya|Stealth Rock|[from] move: Defog|[of] p1a: Mew","|","|-heal|p1a: Mew|222/403|[from] item: Leftovers","|turn|10","|","|switch|p2a: Lopunny|Lopunny, M|271/271","|switch|p1a: Victini|Victini|341/341","|","|turn|11","|","|detailschange|p2a: Lopunny|Lopunny-Mega, M","|-mega|p2a: Lopunny|Lopunny|Lopunnite","|move|p2a: Lopunny|Fake Out|p1a: Victini","|-damage|p1a: Victini|268/341","|cant|p1a: Victini|flinch","|","|turn|12","|","|switch|p2a: Chansey|Chansey, F|582/703","|move|p1a: Victini|U-turn|p2a: Chansey","|-damage|p2a: Chansey|491/703","|","|switch|p1a: Hoopa-Unbound|Hoopa-Unbound|301/301","|","|turn|13","|","|switch|p2a: Staraptor|Staraptor, M|292/311","|-ability|p2a: Staraptor|Intimidate","|-unboost|p1a: Hoopa-Unbound|atk|1","|move|p1a: Hoopa-Unbound|Drain Punch|p2a: Staraptor","|-damage|p2a: Staraptor|197/311","|","|-heal|p2a: Staraptor|216/311|[from] item: Leftovers","|turn|14","|","|switch|p1a: Slowbro|Slowbro, F|326/394","|move|p2a: Staraptor|U-turn|p1a: Slowbro","|-supereffective|p1a: Slowbro","|-damage|p1a: Slowbro|242/394","|","|switch|p2a: Meloetta|Meloetta|341/341 par","|","|-heal|p1a: Slowbro|266/394|[from] item: Leftovers","|turn|15","|","|switch|p1a: Hoopa-Unbound|Hoopa-Unbound|301/301","|move|p2a: Meloetta|Hyper Voice|p1a: Hoopa-Unbound","|-damage|p1a: Hoopa-Unbound|111/301","|","|turn|16","|","|switch|p2a: Chansey|Chansey, F|491/703","|move|p1a: Hoopa-Unbound|Hyperspace Fury|p2a: Chansey","|-damage|p2a: Chansey|217/703","|-unboost|p1a: Hoopa-Unbound|def|1","|","|turn|17","|","|switch|p2a: Staraptor|Staraptor, M|216/311","|-ability|p2a: Staraptor|Intimidate","|-unboost|p1a: Hoopa-Unbound|atk|1","|move|p1a: Hoopa-Unbound|Hyperspace Fury|p2a: Staraptor","|-damage|p2a: Staraptor|27/311","|-unboost|p1a: Hoopa-Unbound|def|1","|","|-heal|p2a: Staraptor|46/311|[from] item: Leftovers","|turn|18","|","|switch|p1a: Slowbro|Slowbro, F|394/394","|move|p2a: Staraptor|Roost|p2a: Staraptor","|-heal|p2a: Staraptor|202/311","|","|-heal|p2a: Staraptor|221/311|[from] item: Leftovers","|turn|19","|","|move|p2a: Staraptor|U-turn|p1a: Slowbro","|-supereffective|p1a: Slowbro","|-damage|p1a: Slowbro|310/394","|","|switch|p2a: Chansey|Chansey, F|217/703","|move|p1a: Slowbro|Thunder Wave|p2a: Chansey","|-status|p2a: Chansey|par","|","|-heal|p1a: Slowbro|334/394|[from] item: Leftovers","|turn|20","|","|switch|p1a: Victini|Victini|268/341","|cant|p2a: Chansey|par","|","|turn|21","|","|switch|p2a: Ditto|Ditto|299/299","|-transform|p2a: Ditto|p1a: Victini","|move|p1a: Victini|V-create|p2a: Ditto","|-crit|p2a: Ditto","|-resisted|p2a: Ditto","|-damage|p2a: Ditto|89/299","|-unboost|p1a: Victini|spe|1","|-unboost|p1a: Victini|def|1","|-unboost|p1a: Victini|spd|1","|","|turn|22","|","|switch|p1a: Slowbro|Slowbro, F|394/394","|move|p2a: Ditto|V-create|p1a: Slowbro","|-resisted|p1a: Slowbro","|-damage|p1a: Slowbro|298/394","|-unboost|p2a: Ditto|spe|1","|-unboost|p2a: Ditto|def|1","|-unboost|p2a: Ditto|spd|1","|","|-heal|p1a: Slowbro|322/394|[from] item: Leftovers","|turn|23","|","|switch|p2a: Chansey|Chansey, F|217/703","|switch|p1a: Hoopa-Unbound|Hoopa-Unbound|111/301","|","|turn|24","|","|switch|p2a: Lopunny|Lopunny-Mega, M|271/271","|move|p1a: Hoopa-Unbound|Hyperspace Fury|p2a: Lopunny","|-resisted|p2a: Lopunny","|-damage|p2a: Lopunny|169/271","|-unboost|p1a: Hoopa-Unbound|def|1","|","|turn|25","|","|switch|p1a: Slowbro|Slowbro, F|394/394","|move|p2a: Lopunny|Frustration|p1a: Slowbro","|-damage|p1a: Slowbro|256/394","|","|-heal|p1a: Slowbro|280/394|[from] item: Leftovers","|turn|26","|","|switch|p2a: Ditto|Ditto|89/299","|-transform|p2a: Ditto|p1a: Slowbro","|move|p1a: Slowbro|Thunder Wave|p2a: Ditto","|-status|p2a: Ditto|par","|","|-heal|p1a: Slowbro|304/394|[from] item: Leftovers","|turn|27","|","|move|p1a: Slowbro|Grass Knot|p2a: Ditto","|-supereffective|p2a: Ditto","|-damage|p2a: Ditto|0 fnt","|faint|p2a: Ditto","|","|-heal|p1a: Slowbro|328/394|[from] item: Leftovers","|","|switch|p2a: Meloetta|Meloetta|341/341 par","|turn|28","|","|switch|p1a: Meloetta|Meloetta|403/403","|move|p2a: Meloetta|Hyper Voice|p1a: Meloetta","|-damage|p1a: Meloetta|234/403","|","|-heal|p1a: Meloetta|259/403|[from] item: Leftovers","|turn|29","|","|move|p1a: Meloetta|Calm Mind|p1a: Meloetta","|-boost|p1a: Meloetta|spa|1","|-boost|p1a: Meloetta|spd|1","|cant|p2a: Meloetta|par","|","|-heal|p1a: Meloetta|284/403|[from] item: Leftovers","|turn|30","|","|switch|p2a: Staraptor|Staraptor, M|221/311","|-ability|p2a: Staraptor|Intimidate","|-unboost|p1a: Meloetta|atk|1","|move|p1a: Meloetta|Calm Mind|p1a: Meloetta","|-boost|p1a: Meloetta|spa|1","|-boost|p1a: Meloetta|spd|1","|","|-heal|p2a: Staraptor|240/311|[from] item: Leftovers","|-heal|p1a: Meloetta|309/403|[from] item: Leftovers","|turn|31","|","|switch|p1a: Victini|Victini|268/341","|move|p2a: Staraptor|U-turn|p1a: Victini","|-damage|p1a: Victini|205/341","|","|switch|p2a: Lopunny|Lopunny-Mega, M|169/271","|","|turn|32","|","|move|p2a: Lopunny|Fake Out|p1a: Victini","|-damage|p1a: Victini|124/341","|cant|p1a: Victini|flinch","|","|turn|33","|","|move|p1a: Victini|V-create|p2a: Lopunny","|-damage|p2a: Lopunny|0 fnt","|-unboost|p1a: Victini|spe|1","|-unboost|p1a: Victini|def|1","|-unboost|p1a: Victini|spd|1","|faint|p2a: Lopunny","|","|","|switch|p2a: Staraptor|Staraptor, M|240/311","|-ability|p2a: Staraptor|Intimidate","|-unboost|p1a: Victini|atk|1","|turn|34","|","|switch|p1a: Slowbro|Slowbro, F|394/394","|move|p2a: Staraptor|Brave Bird|p1a: Slowbro","|-damage|p1a: Slowbro|276/394","|-damage|p2a: Staraptor|201/311|[from] recoil|[of] p1a: Slowbro","|","|-heal|p2a: Staraptor|220/311|[from] item: Leftovers","|-heal|p1a: Slowbro|300/394|[from] item: Leftovers","|turn|35","|","|switch|p1a: Y U UNBAN!!!!!|Gallade, M|277/277","|move|p2a: Staraptor|U-turn|p1a: Y U UNBAN!!!!!","|-damage|p1a: Y U UNBAN!!!!!|186/277","|","|switch|p2a: Meloetta|Meloetta|341/341 par","|","|turn|36","|","|detailschange|p1a: Y U UNBAN!!!!!|Gallade-Mega, M","|-mega|p1a: Y U UNBAN!!!!!|Gallade|Galladite","|move|p1a: Y U UNBAN!!!!!|Knock Off|p2a: Meloetta","|-supereffective|p2a: Meloetta","|-damage|p2a: Meloetta|0 fnt","|-enditem|p2a: Meloetta|Choice Specs|[from] move: Knock Off|[of] p1a: Y U UNBAN!!!!!","|faint|p2a: Meloetta","|","|","|switch|p2a: Staraptor|Staraptor, M|220/311","|-ability|p2a: Staraptor|Intimidate","|-unboost|p1a: Y U UNBAN!!!!!|atk|1","|turn|37","|","|switch|p1a: Slowbro|Slowbro, F|394/394","|move|p2a: Staraptor|Brave Bird|p1a: Slowbro","|-damage|p1a: Slowbro|273/394","|-damage|p2a: Staraptor|180/311|[from] recoil|[of] p1a: Slowbro","|","|-heal|p2a: Staraptor|199/311|[from] item: Leftovers","|-heal|p1a: Slowbro|297/394|[from] item: Leftovers","|turn|38","|","|move|p2a: Staraptor|Brave Bird|p1a: Slowbro","|-damage|p1a: Slowbro|182/394","|-damage|p2a: Staraptor|161/311|[from] recoil|[of] p1a: Slowbro","|move|p1a: Slowbro|Scald|p2a: Staraptor","|-damage|p2a: Staraptor|28/311","|-status|p2a: Staraptor|brn","|","|-heal|p2a: Staraptor|47/311 brn|[from] item: Leftovers","|-heal|p1a: Slowbro|206/394|[from] item: Leftovers","|-damage|p2a: Staraptor|9/311 brn|[from] brn","|turn|39","|","|switch|p1a: Victini|Victini|124/341","|move|p2a: Staraptor|Brave Bird|p1a: Victini","|-damage|p1a: Victini|41/341","|-damage|p2a: Staraptor|0 fnt|[from] recoil|[of] p1a: Victini","|faint|p2a: Staraptor","|","|","|switch|p2a: Chansey|Chansey, F|217/703","|turn|40","|","|move|p1a: Victini|V-create|p2a: Chansey","|-damage|p2a: Chansey|0 fnt","|-unboost|p1a: Victini|spe|1","|-unboost|p1a: Victini|def|1","|-unboost|p1a: Victini|spd|1","|faint|p2a: Chansey","|","|win|bronzenya"],"p1rating":{"entryid":355977,"formatid":"monotype","userid":"bronzenya","username":"bronzenya","r":1500,"rd":130,"sigma":0,"rpr":1540.1606143388,"rprd":122.8583080769,"rpsigma":0,"rptime":1440320400,"w":1,"l":0,"t":0,"gxe":55,"acre":1040,"lacre":1040,"oldacre":1000},"p2rating":{"entryid":355978,"formatid":"monotype","userid":"alliancetsarina","username":"Alliance Tsarina","r":1500,"rd":130,"sigma":0,"rpr":1459.8393856612,"rprd":122.8583080769,"rpsigma":0,"rptime":1440320400,"w":0,"l":1,"t":0,"gxe":45,"acre":1000,"lacre":1000,"oldacre":1000},"endType":"normal"}