{"seed":[44745,11333,6625,16793],"turns":28,"p1":"SWL HB","p2":"DSV","p1team":[{"name":"Rhyperior","species":"Rhyperior","item":"rockyhelmet","ability":"Solid Rock","moves":["stealthrock","earthquake","rockblast","icepunch"],"nature":"Adamant","evs":{"hp":252,"atk":18,"def":238,"spa":0,"spd":0,"spe":0},"ivs":{"hp":31,"atk":31,"def":31,"spa":31,"spd":31,"spe":31}},{"name":"Seismitoad","species":"Seismitoad","item":"leftovers","ability":"Water Absorb","moves":["scald","earthquake","knockoff","grassknot"],"nature":"Serious","evs":{"hp":252,"atk":0,"def":200,"spa":0,"spd":0,"spe":56},"ivs":{"hp":31,"atk":31,"def":31,"spa":31,"spd":31,"spe":31}},{"name":"Zygarde","species":"Zygarde","item":"leftovers","ability":"Aura Break","moves":["coil","earthquake","dragontail","substitute"],"nature":"Careful","evs":{"hp":200,"atk":0,"def":0,"spa":0,"spd":252,"spe":56},"ivs":{"hp":31,"atk":31,"def":31,"spa":31,"spd":31,"spe":31}},{"name":"Garchomp","species":"Garchomp","item":"choiceband","ability":"Rough Skin","moves":["outrage","earthquake","ironhead","stoneedge"],"nature":"Jolly","evs":{"hp":0,"atk":252,"def":0,"spa":0,"spd":4,"spe":252},"ivs":{"hp":31,"atk":31,"def":31,"spa":31,"spd":31,"spe":31}},{"name":"Landorus","species":"Landorus","item":"lifeorb","ability":"Sheer Force","moves":["earthpower","psychic","sludgewave","focusblast"],"nature":"Timid","evs":{"hp":0,"atk":0,"def":0,"spa":252,"spd":4,"spe":252},"ivs":{"hp":31,"atk":31,"def":31,"spa":31,"spd":31,"spe":31}},{"name":"Camerupt","species":"Camerupt","item":"cameruptite","ability":"Solid Rock","moves":["willowisp","flamethrower","earthpower","ancientpower"],"nature":"Modest","evs":{"hp":248,"atk":0,"def":0,"spa":252,"spd":8,"spe":0},"ivs":{"hp":31,"atk":31,"def":31,"spa":31,"spd":31,"spe":31}}],"p2team":[{"name":"Gallade","species":"Gallade","item":"galladite","ability":"Justified","moves":["swordsdance","stoneedge","drainpunch","knockoff"],"nature":"Jolly","evs":{"hp":0,"atk":252,"def":0,"spa":0,"spd":4,"spe":252},"ivs":{"hp":31,"atk":31,"def":31,"spa":31,"spd":31,"spe":31}},{"name":"Metagross","species":"Metagross","item":"focussash","ability":"Clear Body","moves":["hammerarm","bulletpunch","stealthrock","explosion"],"nature":"Adamant","evs":{"hp":248,"atk":252,"def":0,"spa":0,"spd":8,"spe":0},"ivs":{"hp":31,"atk":31,"def":31,"spa":31,"spd":31,"spe":31}},{"name":"Espeon","species":"Espeon","item":"choicescarf","ability":"Magic Bounce","moves":["hiddenpowerice","psyshock","dazzlinggleam","shadowball"],"nature":"Timid","evs":{"hp":0,"atk":0,"def":0,"spa":252,"spd":4,"spe":252},"ivs":{"hp":31,"atk":30,"def":30,"spa":31,"spd":31,"spe":31}},{"name":"Slowbro","species":"Slowbro","item":"leftovers","ability":"Regenerator","moves":["scald","slackoff","calmmind","toxic"],"nature":"Bold","evs":{"hp":252,"atk":0,"def":252,"spa":0,"spd":4,"spe":0},"ivs":{"hp":31,"atk":31,"def":31,"spa":31,"spd":31,"spe":31}},{"name":"Alakazam","species":"Alakazam","item":"focussash","ability":"Magic Guard","moves":["hiddenpowerfire","energyball","psychic","encore"],"nature":"Timid","evs":{"hp":0,"atk":0,"def":0,"spa":252,"spd":4,"spe":252},"ivs":{"hp":31,"atk":30,"def":31,"spa":30,"spd":31,"spe":30}},{"name":"Gardevoir","species":"Gardevoir","item":"leftovers","ability":"Trace","moves":["moonblast","willowisp","wish","protect"],"nature":"Calm","evs":{"hp":252,"atk":0,"def":0,"spa":4,"spd":252,"spe":0},"ivs":{"hp":31,"atk":31,"def":31,"spa":31,"spd":31,"spe":31}}],"log":["|player|p1|SWL HB|swlhb.gif","|player|p2|DSV|dsv.png","|gametype|singles","|gen|6","|tier|Monotype","|rated","|rule|Baton Pass Clause: Limit one Baton Passer, can't pass Spe and other stats simultaneously","|rule|Swagger Clause: Swagger is banned","|rule|Same Type Clause: Pokémon in a team must share a type","|clearpoke","|poke|p1|Rhyperior, M","|poke|p1|Seismitoad, M","|poke|p1|Zygarde","|poke|p1|Garchomp, M","|poke|p1|Landorus, M","|poke|p1|Camerupt, M","|poke|p2|Gallade, M","|poke|p2|Metagross","|poke|p2|Espeon, F","|poke|p2|Slowbro, M","|poke|p2|Alakazam, F","|poke|p2|Gardevoir, M","|rule|Sleep Clause Mod: Limit one foe put to sleep","|rule|Species Clause: Limit one of each Pokémon","|rule|OHKO Clause: OHKO moves are banned","|rule|Moody Clause: Moody is banned","|rule|Evasion Moves Clause: Evasion moves are banned","|rule|Endless Battle Clause: Forcing endless battles is banned","|rule|HP Percentage Mod: HP is shown in percentages","|teampreview","|","|start","|switch|p1a: Zygarde|Zygarde|407/407","|switch|p2a: Metagross|Metagross|363/363","|-ability|p1a: Zygarde|Aura Break","|turn|1","|","|move|p1a: Zygarde|Coil|p1a: Zygarde","|-boost|p1a: Zygarde|atk|1","|-boost|p1a: Zygarde|def|1","|-boost|p1a: Zygarde|accuracy|1","|move|p2a: Metagross|Stealth Rock|p1a: Zygarde","|-sidestart|p1: SWL HB|move: Stealth Rock","|","|turn|2","|","|move|p1a: Zygarde|Coil|p1a: Zygarde","|-boost|p1a: Zygarde|atk|1","|-boost|p1a: Zygarde|def|1","|-boost|p1a: Zygarde|accuracy|1","|move|p2a: Metagross|Explosion|p1a: Zygarde","|-crit|p1a: Zygarde","|-damage|p1a: Zygarde|0 fnt","|faint|p2a: Metagross","|faint|p1a: Zygarde","|","|","|switch|p1a: Garchomp|Garchomp, M|357/357","|switch|p2a: Slowbro|Slowbro, M|394/394","|-damage|p1a: Garchomp|335/357|[from] Stealth Rock","|turn|3","|","|switch|p1a: Seismitoad|Seismitoad, M|414/414","|-damage|p1a: Seismitoad|389/414|[from] Stealth Rock","|move|p2a: Slowbro|Toxic|p1a: Seismitoad","|-status|p1a: Seismitoad|tox","|","|-heal|p1a: Seismitoad|414/414 tox|[from] item: Leftovers","|-damage|p1a: Seismitoad|389/414 tox|[from] psn","|turn|4","|","|switch|p2a: Alakazam|Alakazam, F|251/251","|move|p1a: Seismitoad|Knock Off|p2a: Alakazam","|-supereffective|p2a: Alakazam","|-enditem|p2a: Alakazam|Focus Sash","|-damage|p2a: Alakazam|1/251","|","|-heal|p1a: Seismitoad|414/414 tox|[from] item: Leftovers","|-damage|p1a: Seismitoad|364/414 tox|[from] psn","|turn|5","|","|switch|p1a: Camerupt|Camerupt, M|343/343","|-damage|p1a: Camerupt|301/343|[from] Stealth Rock","|move|p2a: Alakazam|Energy Ball|p1a: Camerupt","|-damage|p1a: Camerupt|173/343","|","|turn|6","|","|switch|p2a: Gardevoir|Gardevoir, M|340/340","|-ability|p2a: Gardevoir|Solid Rock|[from] ability: Trace|[of] p1a: Camerupt","|detailschange|p1a: Camerupt|Camerupt-Mega, M","|-mega|p1a: Camerupt|Camerupt|Cameruptite","|move|p1a: Camerupt|Flamethrower|p2a: Gardevoir","|-damage|p2a: Gardevoir|172/340","|","|-heal|p2a: Gardevoir|193/340|[from] item: Leftovers","|turn|7","|","|move|p2a: Gardevoir|Wish|p2a: Gardevoir","|move|p1a: Camerupt|Flamethrower|p2a: Gardevoir","|-damage|p2a: Gardevoir|36/340","|","|-heal|p2a: Gardevoir|57/340|[from] item: Leftovers","|turn|8","|","|move|p2a: Gardevoir|Protect|p2a: Gardevoir","|-singleturn|p2a: Gardevoir|Protect","|move|p1a: Camerupt|Will-O-Wisp|p2a: Gardevoir","|-activate|p2a: Gardevoir|Protect","|","|-heal|p2a: Gardevoir|227/340|[from] move: Wish|[wisher] Gardevoir","|-heal|p2a: Gardevoir|248/340|[from] item: Leftovers","|turn|9","|","|switch|p1a: Seismitoad|Seismitoad, M|364/414 tox","|-damage|p1a: Seismitoad|339/414 tox|[from] Stealth Rock","|move|p2a: Gardevoir|Moonblast|p1a: Seismitoad","|-damage|p1a: Seismitoad|180/414 tox","|-unboost|p1a: Seismitoad|spa|1","|","|-heal|p1a: Seismitoad|205/414 tox|[from] item: Leftovers","|-heal|p2a: Gardevoir|269/340|[from] item: Leftovers","|-damage|p1a: Seismitoad|180/414 tox|[from] psn","|turn|10","|","|move|p1a: Seismitoad|Knock Off|p2a: Gardevoir","|-crit|p2a: Gardevoir","|-damage|p2a: Gardevoir|103/340","|-enditem|p2a: Gardevoir|Leftovers|[from] move: Knock Off|[of] p1a: Seismitoad","|move|p2a: Gardevoir|Wish|p2a: Gardevoir","|","|-heal|p1a: Seismitoad|205/414 tox|[from] item: Leftovers","|-damage|p1a: Seismitoad|155/414 tox|[from] psn","|turn|11","|","|move|p1a: Seismitoad|Earthquake|p2a: Gardevoir","|-damage|p2a: Gardevoir|0 fnt","|faint|p2a: Gardevoir","|","|-heal|p1a: Seismitoad|180/414 tox|[from] item: Leftovers","|-damage|p1a: Seismitoad|105/414 tox|[from] psn","|","|switch|p2a: Gallade|Gallade, M|277/277","|turn|12","|","|detailschange|p2a: Gallade|Gallade-Mega, M","|-mega|p2a: Gallade|Gallade|Galladite","|move|p2a: Gallade|Swords Dance|p2a: Gallade","|-boost|p2a: Gallade|atk|2","|move|p1a: Seismitoad|Scald|p2a: Gallade","|-damage|p2a: Gallade|229/277","|","|-heal|p1a: Seismitoad|130/414 tox|[from] item: Leftovers","|-damage|p1a: Seismitoad|30/414 tox|[from] psn","|turn|13","|","|move|p2a: Gallade|Drain Punch|p1a: Seismitoad","|-damage|p1a: Seismitoad|0 fnt","|-heal|p2a: Gallade|244/277|[from] drain|[of] p1a: Seismitoad","|faint|p1a: Seismitoad","|","|","|switch|p1a: Garchomp|Garchomp, M|335/357","|-damage|p1a: Garchomp|313/357|[from] Stealth Rock","|turn|14","|","|switch|p2a: Slowbro|Slowbro, M|394/394","|move|p1a: Garchomp|Outrage|p2a: Slowbro","|-damage|p2a: Slowbro|189/394","|","|-heal|p2a: Slowbro|213/394|[from] item: Leftovers","|turn|15","|","|switch|p2a: Alakazam|Alakazam, F|1/251","|move|p1a: Garchomp|Outrage|p2a: Alakazam|[from]lockedmove","|-damage|p2a: Alakazam|0 fnt","|faint|p2a: Alakazam","|","|","|switch|p2a: Slowbro|Slowbro, M|344/394","|turn|16","|","|move|p1a: Garchomp|Outrage|p2a: Slowbro|[from]lockedmove","|-damage|p2a: Slowbro|139/394","|-start|p1a: Garchomp|confusion|[fatigue]","|move|p2a: Slowbro|Slack Off|p2a: Slowbro","|-heal|p2a: Slowbro|336/394","|","|-heal|p2a: Slowbro|360/394|[from] item: Leftovers","|turn|17","|","|switch|p1a: Camerupt|Camerupt-Mega, M|173/343","|-damage|p1a: Camerupt|131/343|[from] Stealth Rock","|move|p2a: Slowbro|Calm Mind|p2a: Slowbro","|-boost|p2a: Slowbro|spa|1","|-boost|p2a: Slowbro|spd|1","|","|-heal|p2a: Slowbro|384/394|[from] item: Leftovers","|turn|18","|","|move|p2a: Slowbro|Scald|p1a: Camerupt","|-supereffective|p1a: Camerupt","|-damage|p1a: Camerupt|0 fnt","|faint|p1a: Camerupt","|","|-heal|p2a: Slowbro|394/394|[from] item: Leftovers","|","|switch|p1a: Landorus|Landorus, M|319/319","|-damage|p1a: Landorus|280/319|[from] Stealth Rock","|turn|19","|","|move|p1a: Landorus|Earth Power|p2a: Slowbro","|-damage|p2a: Slowbro|190/394","|move|p2a: Slowbro|Slack Off|p2a: Slowbro","|-heal|p2a: Slowbro|387/394","|","|-heal|p2a: Slowbro|394/394|[from] item: Leftovers","|turn|20","|","|move|p1a: Landorus|Earth Power|p2a: Slowbro","|-damage|p2a: Slowbro|191/394","|move|p2a: Slowbro|Scald|p1a: Landorus","|-supereffective|p1a: Landorus","|-damage|p1a: Landorus|0 fnt","|faint|p1a: Landorus","|","|-heal|p2a: Slowbro|215/394|[from] item: Leftovers","|","|switch|p1a: Garchomp|Garchomp, M|313/357","|-damage|p1a: Garchomp|291/357|[from] Stealth Rock","|turn|21","|","|switch|p2a: Gallade|Gallade-Mega, M|244/277","|move|p1a: Garchomp|Outrage|p2a: Gallade","|-damage|p2a: Gallade|0 fnt","|faint|p2a: Gallade","|","|","|switch|p2a: Espeon|Espeon, F|271/271","|turn|22","|","|move|p2a: Espeon|Hidden Power|p1a: Garchomp","|-supereffective|p1a: Garchomp","|-damage|p1a: Garchomp|0 fnt","|faint|p1a: Garchomp","|","|","|switch|p1a: Rhyperior|Rhyperior, M|434/434","|-damage|p1a: Rhyperior|407/434|[from] Stealth Rock","|turn|23","|","|switch|p2a: Slowbro|Slowbro, M|346/394","|move|p1a: Rhyperior|Earthquake|p2a: Slowbro","|-damage|p2a: Slowbro|219/394","|","|-heal|p2a: Slowbro|243/394|[from] item: Leftovers","|turn|24","|","|move|p1a: Rhyperior|Earthquake|p2a: Slowbro","|-damage|p2a: Slowbro|122/394","|move|p2a: Slowbro|Slack Off|p2a: Slowbro","|-heal|p2a: Slowbro|319/394","|","|-heal|p2a: Slowbro|343/394|[from] item: Leftovers","|turn|25","|","|move|p1a: Rhyperior|Earthquake|p2a: Slowbro","|-crit|p2a: Slowbro","|-damage|p2a: Slowbro|156/394","|move|p2a: Slowbro|Calm Mind|p2a: Slowbro","|-boost|p2a: Slowbro|spa|1","|-boost|p2a: Slowbro|spd|1","|","|-heal|p2a: Slowbro|180/394|[from] item: Leftovers","|turn|26","|","|move|p1a: Rhyperior|Earthquake|p2a: Slowbro","|-crit|p2a: Slowbro","|-damage|p2a: Slowbro|0 fnt","|faint|p2a: Slowbro","|","|","|switch|p2a: Espeon|Espeon, F|271/271","|turn|27","|","|move|p2a: Espeon|Shadow Ball|p1a: Rhyperior","|-damage|p1a: Rhyperior|251/434","|move|p1a: Rhyperior|Earthquake|p2a: Espeon","|-damage|p2a: Espeon|24/271","|","|turn|28","|","|move|p2a: Espeon|Shadow Ball|p1a: Rhyperior","|-damage|p1a: Rhyperior|86/434","|move|p1a: Rhyperior|Earthquake|p2a: Espeon","|-damage|p2a: Espeon|0 fnt","|faint|p2a: Espeon","|","|win|SWL HB"],"p1rating":{"entryid":"2316","serverid":"eos","formatid":"monotype","userid":"swlhb","username":"SWL HB","w":2,"l":"4","t":"0","gxe":42,"r":"1500.029275973","rd":"117.41249930101","sigma":"0","rptime":"1440234000","rpr":1436.680569442,"rprd":99.403700556109,"rpsigma":"0","acre":1055.0204737267,"lacre":1055.0204737267,"oldacre":"1005.3690903709"},"p2rating":{"entryid":"159982","serverid":"eos","formatid":"monotype","userid":"dsv","username":"DSV","w":"3","l":4,"t":"0","gxe":46.5,"r":"1479.2209682178","rd":"111.99302411103","sigma":"0","rptime":"1440234000","rpr":1472.7261855827,"rprd":95.901319428484,"rpsigma":"0","acre":1068.6899268861,"lacre":1068.6899268861,"oldacre":"1100.3596831717"},"endType":"normal"}