{"seed":[3065,57089,51639,28036],"turns":22,"p1":"Shining Yin","p2":"Guard Wanderer","p1team":[{"name":"Chansey","species":"Chansey","item":"eviolite","ability":"Natural Cure","moves":["thunderwave","softboiled","seismictoss","stealthrock"],"nature":"Bold","evs":{"hp":0,"atk":0,"def":252,"spa":0,"spd":252,"spe":4},"ivs":{"hp":31,"atk":0,"def":31,"spa":31,"spd":31,"spe":31}},{"name":"Porygon2","species":"Porygon2","item":"eviolite","ability":"Download","moves":["icebeam","discharge","recover","toxic"],"nature":"Calm","evs":{"hp":248,"atk":0,"def":204,"spa":0,"spd":56,"spe":0},"ivs":{"hp":31,"atk":0,"def":31,"spa":31,"spd":31,"spe":31}},{"name":"Pidgeot","species":"Pidgeot","item":"pidgeotite","ability":"Keen Eye","moves":["hurricane","heatwave","defog","roost"],"nature":"Timid","evs":{"hp":0,"atk":0,"def":0,"spa":252,"spd":4,"spe":252},"ivs":{"hp":31,"atk":0,"def":31,"spa":31,"spd":31,"spe":31}},{"name":"Staraptor","species":"Staraptor","item":"choicescarf","ability":"Reckless","moves":["bravebird","uturn","doubleedge","closecombat"],"nature":"Jolly","evs":{"hp":0,"atk":252,"def":0,"spa":0,"spd":4,"spe":252},"ivs":{"hp":31,"atk":31,"def":31,"spa":31,"spd":31,"spe":31}},{"name":"Diggersby","species":"Diggersby","item":"choiceband","ability":"Huge Power","moves":["return","earthquake","knockoff","quickattack"],"nature":"Jolly","evs":{"hp":0,"atk":252,"def":0,"spa":0,"spd":4,"spe":252},"ivs":{"hp":31,"atk":31,"def":31,"spa":31,"spd":31,"spe":31}},{"name":"Heliolisk","species":"Heliolisk","item":"lifeorb","ability":"Dry Skin","moves":["grassknot","thunderbolt","surf","voltswitch"],"nature":"Timid","evs":{"hp":0,"atk":0,"def":0,"spa":252,"spd":4,"spe":252},"ivs":{"hp":31,"atk":0,"def":31,"spa":31,"spd":31,"spe":31}}],"p2team":[{"name":"Tangrowth","species":"Tangrowth","item":"leftovers","ability":"Regenerator","moves":["gigadrain","leechseed","grassyterrain","amnesia"],"nature":"Bold","evs":{"hp":248,"atk":0,"def":252,"spa":8,"spd":0,"spe":0},"shiny":true,"ivs":{"hp":31,"atk":31,"def":31,"spa":31,"spd":31,"spe":31}},{"name":"Ferrothorn","species":"Ferrothorn","item":"rockyhelmet","ability":"Iron Barbs","moves":["gravity","stealthrock","spikes","gyroball"],"nature":"Relaxed","evs":{"hp":248,"atk":8,"def":252,"spa":0,"spd":0,"spe":0},"ivs":{"hp":31,"atk":31,"def":31,"spa":31,"spd":31,"spe":0}},{"name":"Rotom-Mow","species":"Rotom-Mow","item":"ironball","ability":"Levitate","moves":["trick","chargebeam","leafstorm","voltswitch"],"nature":"Modest","evs":{"hp":248,"atk":0,"def":0,"spa":252,"spd":8,"spe":0},"ivs":{"hp":31,"atk":31,"def":31,"spa":31,"spd":31,"spe":31}},{"name":"Chesnaught","species":"Chesnaught","item":"bigroot","ability":"Bulletproof","moves":["drainpunch","leechseed","spikyshield","woodhammer"],"nature":"Impish","evs":{"hp":248,"atk":8,"def":252,"spa":0,"spd":0,"spe":0},"ivs":{"hp":31,"atk":31,"def":31,"spa":31,"spd":31,"spe":31}},{"name":"Meganium","species":"Meganium","item":"assaultvest","ability":"Overgrow","moves":["bodyslam","dragontail","petalblizzard","counter"],"nature":"Careful","evs":{"hp":248,"atk":0,"def":152,"spa":0,"spd":108,"spe":0},"ivs":{"hp":31,"atk":31,"def":31,"spa":31,"spd":31,"spe":31}},{"name":"Ludicolo","species":"Ludicolo","item":"bindingband","ability":"Rain Dish","moves":["raindance","scald","gigadrain","whirlpool"],"nature":"Modest","evs":{"hp":248,"atk":0,"def":0,"spa":252,"spd":8,"spe":0},"ivs":{"hp":31,"atk":31,"def":31,"spa":31,"spd":31,"spe":31}}],"log":["|player|p1|Shining Yin|277","|player|p2|Guard Wanderer|235","|gametype|singles","|gen|6","|tier|Monotype","|rated","|rule|Baton Pass Clause: Limit one Baton Passer, can't pass Spe and other stats simultaneously","|rule|Swagger Clause: Swagger is banned","|rule|Same Type Clause: Pokémon in a team must share a type","|clearpoke","|poke|p1|Chansey, F","|poke|p1|Porygon2","|poke|p1|Pidgeot, M","|poke|p1|Staraptor, F","|poke|p1|Diggersby, F","|poke|p1|Heliolisk, F","|poke|p2|Tangrowth, F, shiny","|poke|p2|Ferrothorn, M","|poke|p2|Rotom-Mow","|poke|p2|Chesnaught, F","|poke|p2|Meganium, F","|poke|p2|Ludicolo, F","|rule|Sleep Clause Mod: Limit one foe put to sleep","|rule|Species Clause: Limit one of each Pokémon","|rule|OHKO Clause: OHKO moves are banned","|rule|Moody Clause: Moody is banned","|rule|Evasion Moves Clause: Evasion moves are banned","|rule|Endless Battle Clause: Forcing endless battles is banned","|rule|HP Percentage Mod: HP is shown in percentages","|teampreview","|","|start","|switch|p1a: Heliolisk|Heliolisk, F|265/265","|switch|p2a: Rotom-Mow|Rotom-Mow|303/303","|turn|1","|","|switch|p1a: Chansey|Chansey, F|641/641","|move|p2a: Rotom-Mow|Trick|p1a: Chansey","|-activate|p2a: Rotom-Mow|move: Trick|[of] p1a: Chansey","|-item|p1a: Chansey|Iron Ball|[from] move: Trick","|-item|p2a: Rotom-Mow|Eviolite|[from] move: Trick","|","|turn|2","|","|move|p2a: Rotom-Mow|Volt Switch|p1a: Chansey","|-damage|p1a: Chansey|548/641","|","|switch|p2a: Chesnaught|Chesnaught, F|379/379","|move|p1a: Chansey|Stealth Rock|p2a: Chesnaught","|-sidestart|p2: Guard Wanderer|move: Stealth Rock","|","|turn|3","|","|move|p2a: Chesnaught|Leech Seed|p1a: Chansey|[miss]","|-miss|p2a: Chesnaught|p1a: Chansey","|move|p1a: Chansey|Seismic Toss|p2a: Chesnaught","|-damage|p2a: Chesnaught|279/379","|","|turn|4","|","|switch|p1a: Staraptor|Staraptor, F|311/311","|move|p2a: Chesnaught|Leech Seed|p1a: Staraptor","|-start|p1a: Staraptor|move: Leech Seed","|","|-damage|p1a: Staraptor|273/311|[from] Leech Seed|[of] p2a: Chesnaught","|-heal|p2a: Chesnaught|328/379|[silent]","|turn|5","|","|switch|p1a: Pidgeot|Pidgeot, M|307/307","|move|p2a: Chesnaught|Spiky Shield|p2a: Chesnaught","|-fail|p2a: Chesnaught","|","|turn|6","|","|detailschange|p1a: Pidgeot|Pidgeot-Mega, M","|-mega|p1a: Pidgeot|Pidgeot|Pidgeotite","|move|p1a: Pidgeot|Hurricane|p2a: Chesnaught","|-supereffective|p2a: Chesnaught","|-damage|p2a: Chesnaught|0 fnt","|faint|p2a: Chesnaught","|","|","|switch|p2a: Rotom-Mow|Rotom-Mow|303/303","|-damage|p2a: Rotom-Mow|266/303|[from] Stealth Rock","|turn|7","|","|switch|p1a: Chansey|Chansey, F|548/641","|move|p2a: Rotom-Mow|Charge Beam|p1a: Chansey|[miss]","|-miss|p2a: Rotom-Mow|p1a: Chansey","|","|turn|8","|","|move|p2a: Rotom-Mow|Volt Switch|p1a: Chansey","|-damage|p1a: Chansey|460/641","|","|switch|p2a: Ludicolo|Ludicolo, F|363/363","|-damage|p2a: Ludicolo|318/363|[from] Stealth Rock","|move|p1a: Chansey|Seismic Toss|p2a: Ludicolo","|-damage|p2a: Ludicolo|218/363","|","|turn|9","|","|move|p2a: Ludicolo|Whirlpool|p1a: Chansey","|-damage|p1a: Chansey|418/641","|-activate|p1a: Chansey|move: Whirlpool|[of] p2a: Ludicolo","|move|p1a: Chansey|Thunder Wave|p2a: Ludicolo","|-status|p2a: Ludicolo|par","|","|-damage|p1a: Chansey|312/641|[from] move: Whirlpool|[partiallytrapped]","|turn|10","|","|move|p1a: Chansey|Soft-Boiled|p1a: Chansey","|-heal|p1a: Chansey|633/641","|move|p2a: Ludicolo|Rain Dance|p2a: Ludicolo","|-weather|RainDance","|","|-weather|RainDance|[upkeep]","|-heal|p2a: Ludicolo|240/363 par|[from] ability: Rain Dish","|-damage|p1a: Chansey|527/641|[from] move: Whirlpool|[partiallytrapped]","|turn|11","|","|move|p1a: Chansey|Seismic Toss|p2a: Ludicolo","|-damage|p2a: Ludicolo|140/363 par","|cant|p2a: Ludicolo|par","|","|-weather|RainDance|[upkeep]","|-heal|p2a: Ludicolo|162/363 par|[from] ability: Rain Dish","|-damage|p1a: Chansey|421/641|[from] move: Whirlpool|[partiallytrapped]","|turn|12","|","|move|p1a: Chansey|Seismic Toss|p2a: Ludicolo","|-damage|p2a: Ludicolo|62/363 par","|cant|p2a: Ludicolo|par","|","|-weather|RainDance|[upkeep]","|-heal|p2a: Ludicolo|84/363 par|[from] ability: Rain Dish","|-damage|p1a: Chansey|315/641|[from] move: Whirlpool|[partiallytrapped]","|turn|13","|","|switch|p2a: Ferrothorn|Ferrothorn, M|351/351","|-damage|p2a: Ferrothorn|330/351|[from] Stealth Rock","|move|p1a: Chansey|Seismic Toss|p2a: Ferrothorn","|-damage|p2a: Ferrothorn|230/351","|-damage|p1a: Chansey|235/641|[from] ability: Iron Barbs|[of] p2a: Ferrothorn","|-damage|p1a: Chansey|129/641|[from] item: Rocky Helmet|[of] p2a: Ferrothorn","|","|-weather|RainDance|[upkeep]","|turn|14","|","|move|p1a: Chansey|Soft-Boiled|p1a: Chansey","|-heal|p1a: Chansey|450/641","|move|p2a: Ferrothorn|Stealth Rock|p1a: Chansey","|-sidestart|p1: Shining Yin|move: Stealth Rock","|","|-weather|none","|turn|15","|","|switch|p1a: Diggersby|Diggersby, F|311/311","|-damage|p1a: Diggersby|292/311|[from] Stealth Rock","|move|p2a: Ferrothorn|Spikes|p1a: Diggersby","|-sidestart|p1: Shining Yin|Spikes","|","|turn|16","|","|switch|p2a: Rotom-Mow|Rotom-Mow|266/303","|-damage|p2a: Rotom-Mow|229/303|[from] Stealth Rock","|move|p1a: Diggersby|Knock Off|p2a: Rotom-Mow","|-damage|p2a: Rotom-Mow|53/303","|-enditem|p2a: Rotom-Mow|Eviolite|[from] move: Knock Off|[of] p1a: Diggersby","|","|turn|17","|","|move|p1a: Diggersby|Knock Off|p2a: Rotom-Mow","|-damage|p2a: Rotom-Mow|0 fnt","|faint|p2a: Rotom-Mow","|","|","|switch|p2a: Meganium|Meganium, F|363/363","|-damage|p2a: Meganium|318/363|[from] Stealth Rock","|turn|18","|","|move|p1a: Diggersby|Knock Off|p2a: Meganium","|-damage|p2a: Meganium|138/363","|-enditem|p2a: Meganium|Assault Vest|[from] move: Knock Off|[of] p1a: Diggersby","|move|p2a: Meganium|Counter|p1a: Diggersby","|-damage|p1a: Diggersby|0 fnt","|faint|p1a: Diggersby","|","|","|switch|p1a: Pidgeot|Pidgeot-Mega, M|307/307","|-damage|p1a: Pidgeot|231/307|[from] Stealth Rock","|turn|19","|","|move|p1a: Pidgeot|Hurricane|p2a: Meganium","|-supereffective|p2a: Meganium","|-damage|p2a: Meganium|0 fnt","|faint|p2a: Meganium","|","|","|switch|p2a: Ferrothorn|Ferrothorn, M|230/351","|-damage|p2a: Ferrothorn|209/351|[from] Stealth Rock","|turn|20","|","|move|p1a: Pidgeot|Heat Wave|p2a: Ferrothorn","|-supereffective|p2a: Ferrothorn","|-damage|p2a: Ferrothorn|0 fnt","|faint|p2a: Ferrothorn","|","|","|switch|p2a: Tangrowth|Tangrowth, F, shiny|403/403","|-damage|p2a: Tangrowth|353/403|[from] Stealth Rock","|turn|21","|","|move|p1a: Pidgeot|Hurricane|p2a: Tangrowth","|-supereffective|p2a: Tangrowth","|-damage|p2a: Tangrowth|0 fnt","|faint|p2a: Tangrowth","|","|","|switch|p2a: Ludicolo|Ludicolo, F|84/363 par","|-damage|p2a: Ludicolo|39/363 par|[from] Stealth Rock","|turn|22","|","|move|p1a: Pidgeot|Hurricane|p2a: Ludicolo","|-supereffective|p2a: Ludicolo","|-damage|p2a: Ludicolo|0 fnt","|faint|p2a: Ludicolo","|","|win|Shining Yin"],"p1rating":{"entryid":"71235","serverid":"eos","formatid":"monotype","userid":"shiningyin","username":"Shining Yin","w":52,"l":"25","t":"0","gxe":64.5,"r":"1592.048577857","rd":"44.744883176766","sigma":"0","rptime":"1440320400","rpr":1613.2183921487,"rprd":42.277078586888,"rpsigma":"0","acre":1222.8500633398,"lacre":1222.8500633398,"oldacre":"1205.4232297681"},"p2rating":{"entryid":"9966","serverid":"eos","formatid":"monotype","userid":"guardwanderer","username":"Guard Wanderer","w":"7","l":7,"t":"0","gxe":50.4,"r":"1517.3894601343","rd":"81.691557977629","sigma":"0","rptime":"1440320400","rpr":1503.0987309196,"rprd":79.654126337583,"rpsigma":"0","acre":1079.677882557,"lacre":1079.677882557,"oldacre":"1096.7666319248"},"endType":"normal"}