{"seed":[2677,31042,17132,61755],"turns":24,"p1":"lsidiousl","p2":"SaNeski","p1team":[{"name":"Chandelure","species":"Chandelure","item":"choicescarf","ability":"Flash Fire","moves":["fireblast","darkpulse","energyball","shadowball"],"nature":"Timid","evs":{"hp":0,"atk":0,"def":0,"spa":252,"spd":4,"spe":252},"ivs":{"hp":31,"atk":31,"def":31,"spa":31,"spd":31,"spe":31}},{"name":"Gengar","species":"Gengar","item":"choicespecs","ability":"Levitate","moves":["sludgewave","shadowball","dazzlinggleam","focusblast"],"nature":"Timid","evs":{"hp":0,"atk":0,"def":0,"spa":252,"spd":4,"spe":252},"ivs":{"hp":31,"atk":31,"def":31,"spa":31,"spd":31,"spe":31}},{"name":"Dusclops","species":"Dusclops","item":"eviolite","ability":"Frisk","moves":["haze","willowisp","shadowsneak","hex"],"nature":"Bold","evs":{"hp":4,"atk":0,"def":252,"spa":0,"spd":252,"spe":0},"ivs":{"hp":31,"atk":31,"def":31,"spa":31,"spd":31,"spe":31}},{"name":"Jellicent","species":"Jellicent","item":"leftovers","ability":"Water Absorb","moves":["scald","recover","taunt","toxic"],"nature":"Calm","evs":{"hp":252,"atk":0,"def":0,"spa":4,"spd":252,"spe":0},"ivs":{"hp":31,"atk":31,"def":31,"spa":31,"spd":31,"spe":31}},{"name":"Banette","species":"Banette","item":"banettite","ability":"Frisk","moves":["gunkshot","foulplay","shadowsneak","suckerpunch"],"nature":"Adamant","evs":{"hp":0,"atk":252,"def":0,"spa":0,"spd":8,"spe":248},"ivs":{"hp":31,"atk":31,"def":31,"spa":31,"spd":31,"spe":31}},{"name":"Mismagius","species":"Mismagius","item":"leftovers","ability":"Levitate","moves":["healbell","calmmind","shadowball","confuseray"],"nature":"Timid","evs":{"hp":0,"atk":0,"def":0,"spa":252,"spd":4,"spe":252},"ivs":{"hp":31,"atk":31,"def":31,"spa":31,"spd":31,"spe":31}}],"p2team":[{"name":"Azumarill","species":"Azumarill","item":"sitrusberry","ability":"Huge Power","moves":["aquajet","playrough","knockoff","bellydrum"],"nature":"Adamant","evs":{"hp":244,"atk":252,"def":0,"spa":0,"spd":0,"spe":12},"ivs":{"hp":31,"atk":31,"def":31,"spa":31,"spd":31,"spe":31}},{"name":"Ludicolo","species":"Ludicolo","item":"assaultvest","ability":"Swift Swim","moves":["scald","icebeam","gigadrain","focusblast"],"nature":"Timid","evs":{"hp":0,"atk":0,"def":0,"spa":252,"spd":4,"spe":252},"ivs":{"hp":31,"atk":0,"def":31,"spa":31,"spd":31,"spe":31}},{"name":"Keldeo","species":"Keldeo","item":"focussash","ability":"Justified","moves":["taunt","scald","secretsword","endeavor"],"nature":"Timid","evs":{"hp":0,"atk":0,"def":0,"spa":252,"spd":4,"spe":252},"ivs":{"hp":31,"atk":0,"def":31,"spa":31,"spd":31,"spe":31}},{"name":"Seismitoad","species":"Seismitoad","item":"lifeorb","ability":"Swift Swim","moves":["stealthrock","earthquake","knockoff","scald"],"nature":"Lonely","evs":{"hp":0,"atk":252,"def":0,"spa":4,"spd":0,"spe":252},"ivs":{"hp":31,"atk":31,"def":31,"spa":31,"spd":31,"spe":31}},{"name":"Politoed","species":"Politoed","item":"choicescarf","ability":"Drizzle","moves":["hiddenpowerrock","icebeam","psychic","scald"],"nature":"Modest","evs":{"hp":0,"atk":0,"def":0,"spa":252,"spd":4,"spe":252},"ivs":{"hp":31,"atk":31,"def":30,"spa":31,"spd":30,"spe":30}},{"name":"Gyarados","species":"Gyarados","item":"gyaradosite","ability":"Intimidate","moves":["dragondance","earthquake","icefang","crunch"],"nature":"Adamant","evs":{"hp":0,"atk":252,"def":0,"spa":0,"spd":4,"spe":252},"ivs":{"hp":31,"atk":31,"def":31,"spa":31,"spd":31,"spe":31}}],"log":["|player|p1|lsidiousl|153","|player|p2|SaNeski|saneski.png","|gametype|singles","|gen|6","|tier|Monotype","|rated","|rule|Baton Pass Clause: Limit one Baton Passer, can't pass Spe and other stats simultaneously","|rule|Swagger Clause: Swagger is banned","|rule|Same Type Clause: Pokémon in a team must share a type","|clearpoke","|poke|p1|Chandelure, F","|poke|p1|Gengar, F","|poke|p1|Dusclops, F","|poke|p1|Jellicent, F","|poke|p1|Banette, F","|poke|p1|Mismagius, M","|poke|p2|Azumarill, F","|poke|p2|Ludicolo, M","|poke|p2|Keldeo","|poke|p2|Seismitoad, F","|poke|p2|Politoed, F","|poke|p2|Gyarados, M","|rule|Sleep Clause Mod: Limit one foe put to sleep","|rule|Species Clause: Limit one of each Pokémon","|rule|OHKO Clause: OHKO moves are banned","|rule|Moody Clause: Moody is banned","|rule|Evasion Moves Clause: Evasion moves are banned","|rule|Endless Battle Clause: Forcing endless battles is banned","|rule|HP Percentage Mod: HP is shown in percentages","|teampreview","|","|start","|switch|p1a: Mismagius|Mismagius, M|261/261","|switch|p2a: Keldeo|Keldeo|323/323","|turn|1","|","|move|p2a: Keldeo|Scald|p1a: Mismagius","|-damage|p1a: Mismagius|134/261","|move|p1a: Mismagius|Confuse Ray|p2a: Keldeo","|-start|p2a: Keldeo|confusion","|","|-heal|p1a: Mismagius|150/261|[from] item: Leftovers","|turn|2","|","|switch|p2a: Politoed|Politoed, F|321/321","|-weather|RainDance","|move|p1a: Mismagius|Calm Mind|p1a: Mismagius","|-boost|p1a: Mismagius|spa|1","|-boost|p1a: Mismagius|spd|1","|","|-weather|RainDance|[upkeep]","|-heal|p1a: Mismagius|166/261|[from] item: Leftovers","|turn|3","|","|move|p2a: Politoed|Scald|p1a: Mismagius","|-damage|p1a: Mismagius|51/261","|-status|p1a: Mismagius|brn","|move|p1a: Mismagius|Confuse Ray|p2a: Politoed","|-start|p2a: Politoed|confusion","|","|-weather|RainDance|[upkeep]","|-heal|p1a: Mismagius|67/261 brn|[from] item: Leftovers","|-damage|p1a: Mismagius|35/261 brn|[from] brn","|turn|4","|","|switch|p2a: Ludicolo|Ludicolo, M|301/301","|move|p1a: Mismagius|Heal Bell|p1a: Mismagius","|-cureteam|p1a: Mismagius|[from] move: HealBell","|","|-weather|RainDance|[upkeep]","|-heal|p1a: Mismagius|51/261|[from] item: Leftovers","|turn|5","|","|switch|p1a: Jellicent|Jellicent, F|404/404","|move|p2a: Ludicolo|Scald|p1a: Jellicent","|-immune|p1a: Jellicent|[msg]","|","|-weather|RainDance|[upkeep]","|turn|6","|","|move|p2a: Ludicolo|Giga Drain|p1a: Jellicent","|-supereffective|p1a: Jellicent","|-damage|p1a: Jellicent|264/404","|move|p1a: Jellicent|Toxic|p2a: Ludicolo","|-status|p2a: Ludicolo|tox","|","|-weather|none","|-heal|p1a: Jellicent|289/404|[from] item: Leftovers","|-damage|p2a: Ludicolo|283/301 tox|[from] psn","|turn|7","|","|switch|p2a: Seismitoad|Seismitoad, F|351/351","|move|p1a: Jellicent|Taunt|p2a: Seismitoad","|-start|p2a: Seismitoad|move: Taunt","|","|-heal|p1a: Jellicent|314/404|[from] item: Leftovers","|turn|8","|","|move|p2a: Seismitoad|Knock Off|p1a: Jellicent","|-supereffective|p1a: Jellicent","|-damage|p1a: Jellicent|0 fnt","|-enditem|p1a: Jellicent|Leftovers|[from] move: Knock Off|[of] p2a: Seismitoad","|-damage|p2a: Seismitoad|316/351|[from] item: Life Orb","|faint|p1a: Jellicent","|","|","|switch|p1a: Chandelure|Chandelure, F|261/261","|turn|9","|","|switch|p2a: Ludicolo|Ludicolo, M|283/301 tox","|move|p1a: Chandelure|Energy Ball|p2a: Ludicolo","|-damage|p2a: Ludicolo|209/301 tox","|","|-damage|p2a: Ludicolo|191/301 tox|[from] psn","|turn|10","|","|switch|p1a: Dusclops|Dusclops, F|222/222","|-item|p2a: Ludicolo|Assault Vest|[from] ability: Frisk|[of] p1a: Dusclops|[identify]","|switch|p2a: Politoed|Politoed, F|321/321","|-weather|RainDance","|","|-weather|RainDance|[upkeep]","|turn|11","|","|move|p2a: Politoed|Scald|p1a: Dusclops","|-damage|p1a: Dusclops|140/222","|move|p1a: Dusclops|Will-O-Wisp|p2a: Politoed","|-status|p2a: Politoed|brn","|","|-weather|RainDance|[upkeep]","|-damage|p2a: Politoed|281/321 brn|[from] brn","|turn|12","|","|move|p2a: Politoed|Scald|p1a: Dusclops","|-damage|p1a: Dusclops|58/222","|-status|p1a: Dusclops|brn","|move|p1a: Dusclops|Hex|p2a: Politoed","|-crit|p2a: Politoed","|-damage|p2a: Politoed|127/321 brn","|","|-weather|RainDance|[upkeep]","|-damage|p2a: Politoed|87/321 brn|[from] brn","|-damage|p1a: Dusclops|31/222 brn|[from] brn","|turn|13","|","|move|p1a: Dusclops|Shadow Sneak|p2a: Politoed","|-damage|p2a: Politoed|67/321 brn","|move|p2a: Politoed|Scald|p1a: Dusclops","|-damage|p1a: Dusclops|0 fnt","|faint|p1a: Dusclops","|","|-weather|RainDance|[upkeep]","|-damage|p2a: Politoed|27/321 brn|[from] brn","|","|switch|p1a: Banette|Banette, F|269/269","|-item|p2a: Politoed|Choice Scarf|[from] ability: Frisk|[of] p1a: Banette|[identify]","|turn|14","|","|switch|p2a: Ludicolo|Ludicolo, M|191/301 tox","|detailschange|p1a: Banette|Banette-Mega, F","|-mega|p1a: Banette|Banette|Banettite","|move|p1a: Banette|Sucker Punch|p2a: Ludicolo","|-fail|p1a: Banette","|","|-weather|none","|-damage|p2a: Ludicolo|173/301 tox|[from] psn","|turn|15","|","|switch|p2a: Politoed|Politoed, F|27/321 brn","|-weather|RainDance","|move|p1a: Banette|Gunk Shot|p2a: Politoed","|-damage|p2a: Politoed|0 fnt","|faint|p2a: Politoed","|","|-weather|RainDance|[upkeep]","|","|switch|p2a: Seismitoad|Seismitoad, F|316/351","|turn|16","|","|move|p2a: Seismitoad|Stealth Rock|p1a: Banette","|-sidestart|p1: lsidiousl|move: Stealth Rock","|move|p1a: Banette|Foul Play|p2a: Seismitoad","|-damage|p2a: Seismitoad|180/351","|","|-weather|RainDance|[upkeep]","|turn|17","|","|move|p2a: Seismitoad|Scald|p1a: Banette","|-damage|p1a: Banette|73/269","|-status|p1a: Banette|brn","|-damage|p2a: Seismitoad|145/351|[from] item: Life Orb","|move|p1a: Banette|Foul Play|p2a: Seismitoad","|-damage|p2a: Seismitoad|71/351","|","|-weather|RainDance|[upkeep]","|-damage|p1a: Banette|40/269 brn|[from] brn","|turn|18","|","|move|p2a: Seismitoad|Scald|p1a: Banette","|-damage|p1a: Banette|0 fnt","|-damage|p2a: Seismitoad|36/351|[from] item: Life Orb","|faint|p1a: Banette","|","|-weather|RainDance|[upkeep]","|","|switch|p1a: Mismagius|Mismagius, M|51/261","|-damage|p1a: Mismagius|19/261|[from] Stealth Rock","|turn|19","|","|move|p2a: Seismitoad|Knock Off|p1a: Mismagius","|-supereffective|p1a: Mismagius","|-damage|p1a: Mismagius|0 fnt","|-enditem|p1a: Mismagius|Leftovers|[from] move: Knock Off|[of] p2a: Seismitoad","|-damage|p2a: Seismitoad|1/351|[from] item: Life Orb","|faint|p1a: Mismagius","|","|-weather|none","|","|switch|p1a: Gengar|Gengar, F|261/261","|-damage|p1a: Gengar|229/261|[from] Stealth Rock","|turn|20","|","|move|p1a: Gengar|Sludge Wave|p2a: Seismitoad","|-resisted|p2a: Seismitoad","|-damage|p2a: Seismitoad|0 fnt","|faint|p2a: Seismitoad","|","|","|switch|p2a: Keldeo|Keldeo|323/323","|turn|21","|","|move|p1a: Gengar|Sludge Wave|p2a: Keldeo","|-damage|p2a: Keldeo|49/323","|move|p2a: Keldeo|Scald|p1a: Gengar","|-damage|p1a: Gengar|43/261","|","|turn|22","|","|move|p1a: Gengar|Sludge Wave|p2a: Keldeo","|-damage|p2a: Keldeo|0 fnt","|faint|p2a: Keldeo","|","|","|switch|p2a: Azumarill|Azumarill, F|402/402","|turn|23","|","|move|p2a: Azumarill|Aqua Jet|p1a: Gengar","|-damage|p1a: Gengar|0 fnt","|faint|p1a: Gengar","|","|","|switch|p1a: Chandelure|Chandelure, F|261/261","|-damage|p1a: Chandelure|196/261|[from] Stealth Rock","|turn|24","|","|move|p1a: Chandelure|Energy Ball|p2a: Azumarill","|-supereffective|p2a: Azumarill","|-damage|p2a: Azumarill|144/402","|-enditem|p2a: Azumarill|Sitrus Berry|[eat]","|-heal|p2a: Azumarill|244/402|[from] item: Sitrus Berry","|move|p2a: Azumarill|Knock Off|p1a: Chandelure","|-supereffective|p1a: Chandelure","|-damage|p1a: Chandelure|0 fnt","|-enditem|p1a: Chandelure|Choice Scarf|[from] move: Knock Off|[of] p2a: Azumarill","|faint|p1a: Chandelure","|","|win|SaNeski"],"p1rating":{"entryid":"328111","serverid":"eos","formatid":"monotype","userid":"lsidiousl","username":"lsidiousl","w":"1","l":3,"t":"0","gxe":40.7,"r":"1459.8393856612","rd":"122.8583080769","sigma":"0","rptime":"1440320400","rpr":1426.0405760149,"rprd":106.53951427129,"rpsigma":"0","acre":1018.4454888398,"lacre":1018.4454888398,"oldacre":"1035.2862995418"},"p2rating":{"entryid":372377,"formatid":"monotype","userid":"saneski","username":"SaNeski","r":1500,"rd":130,"sigma":0,"rpr":1536.1182879878,"rprd":122.83141802352,"rpsigma":0,"rptime":1440320400,"w":1,"l":0,"t":0,"gxe":54.5,"acre":1044.0485747583,"lacre":1044.0485747583,"oldacre":1000},"endType":"normal"}