{"seed":[56297,63614,22286,9111],"turns":22,"p1":"lsidiousl","p2":"Knight Applejack","p1team":[{"name":"Chandelure","species":"Chandelure","item":"choicescarf","ability":"Flash Fire","moves":["fireblast","darkpulse","energyball","shadowball"],"nature":"Timid","evs":{"hp":0,"atk":0,"def":0,"spa":252,"spd":4,"spe":252},"ivs":{"hp":31,"atk":31,"def":31,"spa":31,"spd":31,"spe":31}},{"name":"Gengar","species":"Gengar","item":"choicespecs","ability":"Levitate","moves":["sludgewave","shadowball","dazzlinggleam","focusblast"],"nature":"Timid","evs":{"hp":0,"atk":0,"def":0,"spa":252,"spd":4,"spe":252},"ivs":{"hp":31,"atk":31,"def":31,"spa":31,"spd":31,"spe":31}},{"name":"Dusclops","species":"Dusclops","item":"eviolite","ability":"Frisk","moves":["haze","willowisp","shadowsneak","hex"],"nature":"Bold","evs":{"hp":4,"atk":0,"def":252,"spa":0,"spd":252,"spe":0},"ivs":{"hp":31,"atk":31,"def":31,"spa":31,"spd":31,"spe":31}},{"name":"Golurk","species":"Golurk","item":"lifeorb","ability":"Iron Fist","moves":["drainpunch","earthquake","icepunch","thunderpunch"],"nature":"Adamant","evs":{"hp":252,"atk":252,"def":0,"spa":0,"spd":0,"spe":4},"ivs":{"hp":31,"atk":31,"def":31,"spa":31,"spd":31,"spe":31}},{"name":"Jellicent","species":"Jellicent","item":"leftovers","ability":"Water Absorb","moves":["scald","recover","taunt","toxic"],"nature":"Calm","evs":{"hp":252,"atk":0,"def":0,"spa":4,"spd":252,"spe":0},"ivs":{"hp":31,"atk":31,"def":31,"spa":31,"spd":31,"spe":31}},{"name":"Banette","species":"Banette","item":"banettite","ability":"Frisk","moves":["gunkshot","foulplay","shadowsneak","suckerpunch"],"nature":"Adamant","evs":{"hp":0,"atk":252,"def":0,"spa":0,"spd":8,"spe":248},"ivs":{"hp":31,"atk":31,"def":31,"spa":31,"spd":31,"spe":31}}],"p2team":[{"name":"Landorus-Therian","species":"Landorus-Therian","item":"choicescarf","ability":"Intimidate","moves":["earthquake","knockoff","stoneedge","uturn"],"nature":"Jolly","evs":{"hp":0,"atk":252,"def":0,"spa":0,"spd":4,"spe":252},"ivs":{"hp":31,"atk":31,"def":31,"spa":31,"spd":31,"spe":31}},{"name":"Aerodactyl","species":"Aerodactyl","item":"focussash","ability":"Rock Head","moves":["stealthrock","tailwind","taunt","stoneedge"],"nature":"Jolly","evs":{"hp":0,"atk":252,"def":0,"spa":0,"spd":0,"spe":252},"ivs":{"hp":31,"atk":31,"def":31,"spa":31,"spd":31,"spe":31}},{"name":"Pidgeot","species":"Pidgeot","item":"pidgeotite","ability":"Keen Eye","moves":["hurricane","roost","substitute","heatwave"],"nature":"Timid","evs":{"hp":0,"atk":0,"def":0,"spa":252,"spd":4,"spe":252},"ivs":{"hp":31,"atk":30,"def":30,"spa":31,"spd":31,"spe":31}},{"name":"Salamence","species":"Salamence","item":"assaultvest","ability":"Intimidate","moves":["dracometeor","dragonclaw","flamethrower","earthquake"],"nature":"Hasty","evs":{"hp":0,"atk":252,"def":0,"spa":4,"spd":0,"spe":252},"ivs":{"hp":31,"atk":31,"def":31,"spa":31,"spd":31,"spe":31}},{"name":"Thundurus-Therian","species":"Thundurus-Therian","item":"lifeorb","ability":"Volt Absorb","moves":["bulkup","wildcharge","knockoff","superpower"],"nature":"Jolly","evs":{"hp":0,"atk":252,"def":0,"spa":0,"spd":4,"spe":252},"ivs":{"hp":31,"atk":31,"def":31,"spa":31,"spd":31,"spe":31}},{"name":"Moltres","species":"Moltres","item":"lifeorb","ability":"Pressure","moves":["defog","fireblast","hurricane","roost"],"nature":"Serious","evs":{"hp":4,"atk":0,"def":0,"spa":252,"spd":0,"spe":252},"ivs":{"hp":31,"atk":31,"def":31,"spa":31,"spd":31,"spe":31}}],"log":["|player|p1|lsidiousl|153","|player|p2|Knight Applejack|27","|gametype|singles","|gen|6","|tier|Monotype","|rated","|rule|Baton Pass Clause: Limit one Baton Passer, can't pass Spe and other stats simultaneously","|rule|Swagger Clause: Swagger is banned","|rule|Same Type Clause: Pokémon in a team must share a type","|clearpoke","|poke|p1|Chandelure, M","|poke|p1|Gengar, M","|poke|p1|Dusclops, M","|poke|p1|Golurk","|poke|p1|Jellicent, M","|poke|p1|Banette, F","|poke|p2|Landorus-Therian, M","|poke|p2|Aerodactyl, F","|poke|p2|Pidgeot, F","|poke|p2|Salamence, F","|poke|p2|Thundurus-Therian, M","|poke|p2|Moltres","|rule|Sleep Clause Mod: Limit one foe put to sleep","|rule|Species Clause: Limit one of each Pokémon","|rule|OHKO Clause: OHKO moves are banned","|rule|Moody Clause: Moody is banned","|rule|Evasion Moves Clause: Evasion moves are banned","|rule|Endless Battle Clause: Forcing endless battles is banned","|rule|HP Percentage Mod: HP is shown in percentages","|teampreview","|","|start","|switch|p1a: Banette|Banette, F|269/269","|switch|p2a: Thundurus-Therian|Thundurus-Therian, M|299/299","|-item|p2a: Thundurus-Therian|Life Orb|[from] ability: Frisk|[of] p1a: Banette|[identify]","|turn|1","|","|switch|p2a: Salamence|Salamence, F|331/331","|-ability|p2a: Salamence|Intimidate","|-unboost|p1a: Banette|atk|1","|detailschange|p1a: Banette|Banette-Mega, F","|-mega|p1a: Banette|Banette|Banettite","|move|p1a: Banette|Gunk Shot|p2a: Salamence","|-damage|p2a: Salamence|178/331","|","|turn|2","|","|switch|p1a: Dusclops|Dusclops, M|222/222","|-item|p2a: Salamence|Assault Vest|[from] ability: Frisk|[of] p1a: Dusclops|[identify]","|move|p2a: Salamence|Dragon Claw|p1a: Dusclops","|-damage|p1a: Dusclops|165/222","|","|turn|3","|","|switch|p2a: Aerodactyl|Aerodactyl, F|301/301","|move|p1a: Dusclops|Will-O-Wisp|p2a: Aerodactyl","|-status|p2a: Aerodactyl|brn","|","|-damage|p2a: Aerodactyl|264/301 brn|[from] brn","|turn|4","|","|move|p2a: Aerodactyl|Taunt|p1a: Dusclops","|-start|p1a: Dusclops|move: Taunt","|move|p1a: Dusclops|Hex|p2a: Aerodactyl","|-damage|p2a: Aerodactyl|138/301 brn","|","|-damage|p2a: Aerodactyl|101/301 brn|[from] brn","|turn|5","|","|move|p2a: Aerodactyl|Stealth Rock|p1a: Dusclops","|-sidestart|p1: lsidiousl|move: Stealth Rock","|move|p1a: Dusclops|Hex|p2a: Aerodactyl","|-damage|p2a: Aerodactyl|0 fnt","|faint|p2a: Aerodactyl","|","|","|switch|p2a: Thundurus-Therian|Thundurus-Therian, M|299/299","|turn|6","|","|switch|p1a: Golurk|Golurk|382/382","|-damage|p1a: Golurk|359/382|[from] Stealth Rock","|move|p2a: Thundurus-Therian|Bulk Up|p2a: Thundurus-Therian","|-boost|p2a: Thundurus-Therian|atk|1","|-boost|p2a: Thundurus-Therian|def|1","|","|turn|7","|","|move|p2a: Thundurus-Therian|Knock Off|p1a: Golurk","|-supereffective|p1a: Golurk","|-damage|p1a: Golurk|0 fnt","|-enditem|p1a: Golurk|Life Orb|[from] move: Knock Off|[of] p2a: Thundurus-Therian","|-damage|p2a: Thundurus-Therian|270/299|[from] item: Life Orb","|faint|p1a: Golurk","|","|","|switch|p1a: Gengar|Gengar, M|261/261","|-damage|p1a: Gengar|229/261|[from] Stealth Rock","|turn|8","|","|switch|p2a: Moltres|Moltres|322/322","|-ability|p2a: Moltres|Pressure","|move|p1a: Gengar|Sludge Wave|p2a: Moltres","|-damage|p2a: Moltres|49/322","|","|turn|9","|","|move|p1a: Gengar|Sludge Wave|p2a: Moltres","|-damage|p2a: Moltres|0 fnt","|faint|p2a: Moltres","|","|","|switch|p2a: Landorus-Therian|Landorus-Therian, M|319/319","|-ability|p2a: Landorus-Therian|Intimidate","|-unboost|p1a: Gengar|atk|1","|turn|10","|","|move|p2a: Landorus-Therian|Knock Off|p1a: Gengar","|-supereffective|p1a: Gengar","|-damage|p1a: Gengar|0 fnt","|-enditem|p1a: Gengar|Choice Specs|[from] move: Knock Off|[of] p2a: Landorus-Therian","|faint|p1a: Gengar","|","|","|switch|p1a: Banette|Banette-Mega, F|269/269","|-damage|p1a: Banette|236/269|[from] Stealth Rock","|turn|11","|","|move|p2a: Landorus-Therian|Knock Off|p1a: Banette","|-supereffective|p1a: Banette","|-damage|p1a: Banette|40/269","|move|p1a: Banette|Foul Play|p2a: Landorus-Therian","|-damage|p2a: Landorus-Therian|186/319","|","|turn|12","|","|move|p1a: Banette|Sucker Punch|p2a: Landorus-Therian","|-damage|p2a: Landorus-Therian|58/319","|move|p2a: Landorus-Therian|Knock Off|p1a: Banette","|-supereffective|p1a: Banette","|-damage|p1a: Banette|0 fnt","|faint|p1a: Banette","|","|","|switch|p1a: Jellicent|Jellicent, M|404/404","|-damage|p1a: Jellicent|354/404|[from] Stealth Rock","|turn|13","|","|switch|p2a: Pidgeot|Pidgeot, F|307/307","|move|p1a: Jellicent|Scald|p2a: Pidgeot","|-damage|p2a: Pidgeot|198/307","|","|-heal|p1a: Jellicent|379/404|[from] item: Leftovers","|turn|14","|","|detailschange|p2a: Pidgeot|Pidgeot-Mega, F","|-mega|p2a: Pidgeot|Pidgeot|Pidgeotite","|move|p2a: Pidgeot|Hurricane|p1a: Jellicent","|-damage|p1a: Jellicent|237/404","|move|p1a: Jellicent|Toxic|p2a: Pidgeot","|-status|p2a: Pidgeot|tox","|","|-heal|p1a: Jellicent|262/404|[from] item: Leftovers","|-damage|p2a: Pidgeot|179/307 tox|[from] psn","|turn|15","|","|move|p2a: Pidgeot|Hurricane|p1a: Jellicent","|-damage|p1a: Jellicent|127/404","|move|p1a: Jellicent|Scald|p2a: Pidgeot","|-damage|p2a: Pidgeot|74/307 tox","|","|-heal|p1a: Jellicent|152/404|[from] item: Leftovers","|-damage|p2a: Pidgeot|36/307 tox|[from] psn","|turn|16","|","|move|p2a: Pidgeot|Hurricane|p1a: Jellicent","|-damage|p1a: Jellicent|20/404","|move|p1a: Jellicent|Recover|p1a: Jellicent","|-heal|p1a: Jellicent|222/404","|","|-heal|p1a: Jellicent|247/404|[from] item: Leftovers","|-damage|p2a: Pidgeot|0 fnt|[from] psn","|faint|p2a: Pidgeot","|","|switch|p2a: Landorus-Therian|Landorus-Therian, M|58/319","|-ability|p2a: Landorus-Therian|Intimidate","|-unboost|p1a: Jellicent|atk|1","|turn|17","|","|move|p2a: Landorus-Therian|Knock Off|p1a: Jellicent","|-supereffective|p1a: Jellicent","|-damage|p1a: Jellicent|0 fnt","|-enditem|p1a: Jellicent|Leftovers|[from] move: Knock Off|[of] p2a: Landorus-Therian","|faint|p1a: Jellicent","|","|","|switch|p1a: Dusclops|Dusclops, M|165/222","|-damage|p1a: Dusclops|138/222|[from] Stealth Rock","|-item|p2a: Landorus-Therian|Choice Scarf|[from] ability: Frisk|[of] p1a: Dusclops|[identify]","|turn|18","|","|switch|p2a: Salamence|Salamence, F|178/331","|-ability|p2a: Salamence|Intimidate","|-unboost|p1a: Dusclops|atk|1","|move|p1a: Dusclops|Will-O-Wisp|p2a: Salamence","|-status|p2a: Salamence|brn","|","|-damage|p2a: Salamence|137/331 brn|[from] brn","|turn|19","|","|move|p2a: Salamence|Draco Meteor|p1a: Dusclops","|-damage|p1a: Dusclops|71/222","|-unboost|p2a: Salamence|spa|2","|move|p1a: Dusclops|Hex|p2a: Salamence","|-damage|p2a: Salamence|52/331 brn","|","|-damage|p2a: Salamence|11/331 brn|[from] brn","|turn|20","|","|move|p1a: Dusclops|Shadow Sneak|p2a: Salamence","|-damage|p2a: Salamence|0 fnt","|faint|p2a: Salamence","|","|","|switch|p2a: Landorus-Therian|Landorus-Therian, M|58/319","|-ability|p2a: Landorus-Therian|Intimidate","|-unboost|p1a: Dusclops|atk|1","|turn|21","|","|move|p1a: Dusclops|Shadow Sneak|p2a: Landorus-Therian","|-damage|p2a: Landorus-Therian|40/319","|move|p2a: Landorus-Therian|Knock Off|p1a: Dusclops","|-supereffective|p1a: Dusclops","|-damage|p1a: Dusclops|0 fnt","|-enditem|p1a: Dusclops|Eviolite|[from] move: Knock Off|[of] p2a: Landorus-Therian","|faint|p1a: Dusclops","|","|","|switch|p1a: Chandelure|Chandelure, M|261/261","|-damage|p1a: Chandelure|196/261|[from] Stealth Rock","|turn|22","|","|move|p2a: Landorus-Therian|Knock Off|p1a: Chandelure","|-supereffective|p1a: Chandelure","|-damage|p1a: Chandelure|0 fnt","|-enditem|p1a: Chandelure|Choice Scarf|[from] move: Knock Off|[of] p2a: Landorus-Therian","|faint|p1a: Chandelure","|","|win|Knight Applejack"],"p1rating":{"entryid":328111,"formatid":"monotype","userid":"lsidiousl","username":"lsidiousl","r":1500,"rd":130,"sigma":0,"rpr":1459.8393856612,"rprd":122.8583080769,"rpsigma":0,"rptime":1440234000,"w":0,"l":1,"t":0,"gxe":45,"acre":1000,"lacre":1000,"oldacre":1000},"p2rating":{"entryid":"323490","serverid":"eos","formatid":"monotype","userid":"knightapplejack","username":"Knight Applejack","w":2,"l":"6","t":"0","gxe":36.4,"r":"1500","rd":"130","sigma":"0","rptime":"1440234000","rpr":1390.9917550341,"rprd":92.764062329559,"rpsigma":"0","acre":1045.0785743591,"lacre":1045.0785743591,"oldacre":"1006.8828708421"},"endType":"normal"}