{"seed":[9218,25268,23614,16643],"turns":31,"p1":"Knight Applejack","p2":"SWL HB","p1team":[{"name":"Landorus-Therian","species":"Landorus-Therian","item":"choicescarf","ability":"Intimidate","moves":["earthquake","knockoff","stoneedge","uturn"],"nature":"Jolly","evs":{"hp":0,"atk":252,"def":0,"spa":0,"spd":4,"spe":252},"ivs":{"hp":31,"atk":31,"def":31,"spa":31,"spd":31,"spe":31}},{"name":"Aerodactyl","species":"Aerodactyl","item":"focussash","ability":"Rock Head","moves":["stealthrock","tailwind","taunt","stoneedge"],"nature":"Jolly","evs":{"hp":0,"atk":252,"def":0,"spa":0,"spd":0,"spe":252},"ivs":{"hp":31,"atk":31,"def":31,"spa":31,"spd":31,"spe":31}},{"name":"Pidgeot","species":"Pidgeot","item":"pidgeotite","ability":"Keen Eye","moves":["hurricane","roost","substitute","heatwave"],"nature":"Timid","evs":{"hp":0,"atk":0,"def":0,"spa":252,"spd":4,"spe":252},"ivs":{"hp":31,"atk":30,"def":30,"spa":31,"spd":31,"spe":31}},{"name":"Salamence","species":"Salamence","item":"assaultvest","ability":"Intimidate","moves":["dracometeor","dragonclaw","flamethrower","earthquake"],"nature":"Hasty","evs":{"hp":0,"atk":252,"def":0,"spa":4,"spd":0,"spe":252},"ivs":{"hp":31,"atk":31,"def":31,"spa":31,"spd":31,"spe":31}},{"name":"Thundurus-Therian","species":"Thundurus-Therian","item":"lifeorb","ability":"Volt Absorb","moves":["bulkup","wildcharge","knockoff","superpower"],"nature":"Jolly","evs":{"hp":0,"atk":252,"def":0,"spa":0,"spd":4,"spe":252},"ivs":{"hp":31,"atk":31,"def":31,"spa":31,"spd":31,"spe":31}},{"name":"Togekiss","species":"Togekiss","item":"choicescarf","ability":"Serene Grace","moves":["airslash","dazzlinggleam","fireblast","aurasphere"],"nature":"Modest","evs":{"hp":0,"atk":0,"def":0,"spa":252,"spd":4,"spe":252},"ivs":{"hp":31,"atk":31,"def":31,"spa":31,"spd":31,"spe":31}}],"p2team":[{"name":"Rhyperior","species":"Rhyperior","item":"rockyhelmet","ability":"Solid Rock","moves":["stealthrock","earthquake","rockblast","icepunch"],"nature":"Adamant","evs":{"hp":252,"atk":18,"def":238,"spa":0,"spd":0,"spe":0},"ivs":{"hp":31,"atk":31,"def":31,"spa":31,"spd":31,"spe":31}},{"name":"Seismitoad","species":"Seismitoad","item":"leftovers","ability":"Water Absorb","moves":["scald","earthquake","knockoff","grassknot"],"nature":"Serious","evs":{"hp":252,"atk":0,"def":200,"spa":0,"spd":0,"spe":56},"ivs":{"hp":31,"atk":31,"def":31,"spa":31,"spd":31,"spe":31}},{"name":"Zygarde","species":"Zygarde","item":"leftovers","ability":"Aura Break","moves":["coil","earthquake","dragontail","substitute"],"nature":"Careful","evs":{"hp":200,"atk":0,"def":0,"spa":0,"spd":252,"spe":56},"ivs":{"hp":31,"atk":31,"def":31,"spa":31,"spd":31,"spe":31}},{"name":"Garchomp","species":"Garchomp","item":"choiceband","ability":"Rough Skin","moves":["outrage","earthquake","ironhead","stoneedge"],"nature":"Jolly","evs":{"hp":0,"atk":252,"def":0,"spa":0,"spd":4,"spe":252},"ivs":{"hp":31,"atk":31,"def":31,"spa":31,"spd":31,"spe":31}},{"name":"Landorus","species":"Landorus","item":"lifeorb","ability":"Sheer Force","moves":["earthpower","psychic","sludgewave","focusblast"],"nature":"Timid","evs":{"hp":0,"atk":0,"def":0,"spa":252,"spd":4,"spe":252},"ivs":{"hp":31,"atk":31,"def":31,"spa":31,"spd":31,"spe":31}},{"name":"Camerupt","species":"Camerupt","item":"cameruptite","ability":"Solid Rock","moves":["willowisp","flamethrower","earthpower","ancientpower"],"nature":"Modest","evs":{"hp":248,"atk":0,"def":0,"spa":252,"spd":8,"spe":0},"ivs":{"hp":31,"atk":31,"def":31,"spa":31,"spd":31,"spe":31}}],"log":["|player|p1|Knight Applejack|27","|player|p2|SWL HB|swlhb.gif","|gametype|singles","|gen|6","|tier|Monotype","|rated","|rule|Baton Pass Clause: Limit one Baton Passer, can't pass Spe and other stats simultaneously","|rule|Swagger Clause: Swagger is banned","|rule|Same Type Clause: Pokémon in a team must share a type","|clearpoke","|poke|p1|Landorus-Therian, M","|poke|p1|Aerodactyl, F","|poke|p1|Pidgeot, F","|poke|p1|Salamence, M","|poke|p1|Thundurus-Therian, M","|poke|p1|Togekiss, F","|poke|p2|Rhyperior, M","|poke|p2|Seismitoad, F","|poke|p2|Zygarde","|poke|p2|Garchomp, F","|poke|p2|Landorus, M","|poke|p2|Camerupt, F","|rule|Sleep Clause Mod: Limit one foe put to sleep","|rule|Species Clause: Limit one of each Pokémon","|rule|OHKO Clause: OHKO moves are banned","|rule|Moody Clause: Moody is banned","|rule|Evasion Moves Clause: Evasion moves are banned","|rule|Endless Battle Clause: Forcing endless battles is banned","|rule|HP Percentage Mod: HP is shown in percentages","|teampreview","|","|start","|switch|p1a: Togekiss|Togekiss, F|311/311","|switch|p2a: Rhyperior|Rhyperior, M|434/434","|turn|1","|","|move|p1a: Togekiss|Aura Sphere|p2a: Rhyperior","|-supereffective|p2a: Rhyperior","|-damage|p2a: Rhyperior|184/434","|move|p2a: Rhyperior|Stealth Rock|p1a: Togekiss","|-sidestart|p1: Knight Applejack|move: Stealth Rock","|","|turn|2","|","|switch|p2a: Garchomp|Garchomp, F|357/357","|move|p1a: Togekiss|Aura Sphere|p2a: Garchomp","|-damage|p2a: Garchomp|242/357","|","|turn|3","|","|switch|p1a: Aerodactyl|Aerodactyl, F|301/301","|-damage|p1a: Aerodactyl|226/301|[from] Stealth Rock","|move|p2a: Garchomp|Stone Edge|p1a: Aerodactyl","|-supereffective|p1a: Aerodactyl","|-damage|p1a: Aerodactyl|0 fnt","|faint|p1a: Aerodactyl","|","|","|switch|p1a: Togekiss|Togekiss, F|311/311","|-damage|p1a: Togekiss|234/311|[from] Stealth Rock","|turn|4","|","|switch|p2a: Camerupt|Camerupt, F|343/343","|move|p1a: Togekiss|Dazzling Gleam|p2a: Camerupt","|-resisted|p2a: Camerupt","|-damage|p2a: Camerupt|247/343","|","|turn|5","|","|switch|p1a: Salamence|Salamence, M|331/331","|-damage|p1a: Salamence|249/331|[from] Stealth Rock","|-ability|p1a: Salamence|Intimidate","|-unboost|p2a: Camerupt|atk|1","|detailschange|p2a: Camerupt|Camerupt-Mega, F","|-mega|p2a: Camerupt|Camerupt|Cameruptite","|move|p2a: Camerupt|Ancient Power|p1a: Salamence","|-supereffective|p1a: Salamence","|-damage|p1a: Salamence|63/331","|","|turn|6","|","|switch|p2a: Landorus|Landorus, M|319/319","|move|p1a: Salamence|Earthquake|p2a: Landorus","|-immune|p2a: Landorus|[msg]","|","|turn|7","|","|move|p2a: Landorus|Sludge Wave|p1a: Salamence","|-damage|p1a: Salamence|0 fnt","|faint|p1a: Salamence","|","|","|switch|p1a: Thundurus-Therian|Thundurus-Therian, M|299/299","|-damage|p1a: Thundurus-Therian|225/299|[from] Stealth Rock","|turn|8","|","|switch|p2a: Camerupt|Camerupt-Mega, F|247/343","|move|p1a: Thundurus-Therian|Knock Off|p2a: Camerupt","|-damage|p2a: Camerupt|164/343","|-damage|p1a: Thundurus-Therian|196/299|[from] item: Life Orb","|","|turn|9","|","|move|p1a: Thundurus-Therian|Superpower|p2a: Camerupt","|-damage|p2a: Camerupt|0 fnt","|-unboost|p1a: Thundurus-Therian|atk|1","|-unboost|p1a: Thundurus-Therian|def|1","|-damage|p1a: Thundurus-Therian|167/299|[from] item: Life Orb","|faint|p2a: Camerupt","|","|","|switch|p2a: Landorus|Landorus, M|319/319","|turn|10","|","|move|p2a: Landorus|Psychic|p1a: Thundurus-Therian","|-damage|p1a: Thundurus-Therian|0 fnt","|faint|p1a: Thundurus-Therian","|","|","|switch|p1a: Landorus-Therian|Landorus-Therian, M|319/319","|-damage|p1a: Landorus-Therian|280/319|[from] Stealth Rock","|-ability|p1a: Landorus-Therian|Intimidate","|-unboost|p2a: Landorus|atk|1","|turn|11","|","|switch|p2a: Rhyperior|Rhyperior, M|184/434","|move|p1a: Landorus-Therian|Knock Off|p2a: Rhyperior","|-damage|p2a: Rhyperior|102/434","|-damage|p1a: Landorus-Therian|227/319|[from] item: Rocky Helmet|[of] p2a: Rhyperior","|-enditem|p2a: Rhyperior|Rocky Helmet|[from] move: Knock Off|[of] p1a: Landorus-Therian","|","|turn|12","|","|move|p1a: Landorus-Therian|Knock Off|p2a: Rhyperior","|-damage|p2a: Rhyperior|47/434","|move|p2a: Rhyperior|Ice Punch|p1a: Landorus-Therian","|-supereffective|p1a: Landorus-Therian","|-damage|p1a: Landorus-Therian|0 fnt","|faint|p1a: Landorus-Therian","|","|","|switch|p1a: Pidgeot|Pidgeot, F|307/307","|-damage|p1a: Pidgeot|231/307|[from] Stealth Rock","|turn|13","|","|detailschange|p1a: Pidgeot|Pidgeot-Mega, F","|-mega|p1a: Pidgeot|Pidgeot|Pidgeotite","|move|p1a: Pidgeot|Hurricane|p2a: Rhyperior","|-resisted|p2a: Rhyperior","|-damage|p2a: Rhyperior|0 fnt","|faint|p2a: Rhyperior","|","|","|switch|p2a: Garchomp|Garchomp, F|242/357","|turn|14","|","|move|p1a: Pidgeot|Substitute|p1a: Pidgeot","|-start|p1a: Pidgeot|Substitute","|-damage|p1a: Pidgeot|155/307","|move|p2a: Garchomp|Stone Edge|p1a: Pidgeot","|-supereffective|p1a: Pidgeot","|-end|p1a: Pidgeot|Substitute","|","|turn|15","|","|move|p1a: Pidgeot|Substitute|p1a: Pidgeot","|-start|p1a: Pidgeot|Substitute","|-damage|p1a: Pidgeot|79/307","|move|p2a: Garchomp|Stone Edge|p1a: Pidgeot","|-supereffective|p1a: Pidgeot","|-end|p1a: Pidgeot|Substitute","|","|turn|16","|","|move|p1a: Pidgeot|Roost|p1a: Pidgeot","|-heal|p1a: Pidgeot|233/307","|move|p2a: Garchomp|Stone Edge|p1a: Pidgeot","|-damage|p1a: Pidgeot|14/307","|","|turn|17","|","|move|p1a: Pidgeot|Hurricane|p2a: Garchomp","|-damage|p2a: Garchomp|11/357","|move|p2a: Garchomp|Stone Edge|p1a: Pidgeot","|-supereffective|p1a: Pidgeot","|-damage|p1a: Pidgeot|0 fnt","|faint|p1a: Pidgeot","|","|","|switch|p1a: Togekiss|Togekiss, F|234/311","|-damage|p1a: Togekiss|157/311|[from] Stealth Rock","|turn|18","|","|move|p1a: Togekiss|Air Slash|p2a: Garchomp","|-damage|p2a: Garchomp|0 fnt","|faint|p2a: Garchomp","|","|","|switch|p2a: Landorus|Landorus, M|319/319","|turn|19","|","|move|p1a: Togekiss|Air Slash|p2a: Landorus","|-damage|p2a: Landorus|144/319","|cant|p2a: Landorus|flinch","|","|turn|20","|","|switch|p2a: Seismitoad|Seismitoad, F|414/414","|move|p1a: Togekiss|Air Slash|p2a: Seismitoad","|-damage|p2a: Seismitoad|239/414","|","|-heal|p2a: Seismitoad|264/414|[from] item: Leftovers","|turn|21","|","|move|p1a: Togekiss|Air Slash|p2a: Seismitoad","|-damage|p2a: Seismitoad|92/414","|cant|p2a: Seismitoad|flinch","|","|-heal|p2a: Seismitoad|117/414|[from] item: Leftovers","|turn|22","|","|move|p1a: Togekiss|Air Slash|p2a: Seismitoad","|-damage|p2a: Seismitoad|0 fnt","|faint|p2a: Seismitoad","|","|","|switch|p2a: Zygarde|Zygarde|407/407","|-ability|p2a: Zygarde|Aura Break","|turn|23","|","|move|p1a: Togekiss|Air Slash|p2a: Zygarde","|-damage|p2a: Zygarde|313/407","|move|p2a: Zygarde|Substitute|p2a: Zygarde","|-start|p2a: Zygarde|Substitute","|-damage|p2a: Zygarde|212/407","|","|-heal|p2a: Zygarde|237/407|[from] item: Leftovers","|turn|24","|","|move|p1a: Togekiss|Air Slash|p2a: Zygarde","|-activate|p2a: Zygarde|Substitute|[damage]","|move|p2a: Zygarde|Coil|p2a: Zygarde","|-boost|p2a: Zygarde|atk|1","|-boost|p2a: Zygarde|def|1","|-boost|p2a: Zygarde|accuracy|1","|","|-heal|p2a: Zygarde|262/407|[from] item: Leftovers","|turn|25","|","|move|p1a: Togekiss|Air Slash|p2a: Zygarde","|-end|p2a: Zygarde|Substitute","|move|p2a: Zygarde|Substitute|p2a: Zygarde","|-start|p2a: Zygarde|Substitute","|-damage|p2a: Zygarde|161/407","|","|-heal|p2a: Zygarde|186/407|[from] item: Leftovers","|turn|26","|","|move|p1a: Togekiss|Air Slash|p2a: Zygarde|[miss]","|-miss|p1a: Togekiss|p2a: Zygarde","|move|p2a: Zygarde|Earthquake|p1a: Togekiss","|-immune|p1a: Togekiss|[msg]","|","|-heal|p2a: Zygarde|211/407|[from] item: Leftovers","|turn|27","|","|move|p1a: Togekiss|Air Slash|p2a: Zygarde","|-end|p2a: Zygarde|Substitute","|move|p2a: Zygarde|Dragon Tail|p1a: Togekiss","|-immune|p1a: Togekiss|[msg]","|","|-heal|p2a: Zygarde|236/407|[from] item: Leftovers","|turn|28","|","|move|p1a: Togekiss|Air Slash|p2a: Zygarde","|-damage|p2a: Zygarde|133/407","|cant|p2a: Zygarde|flinch","|","|-heal|p2a: Zygarde|158/407|[from] item: Leftovers","|turn|29","|","|move|p1a: Togekiss|Air Slash|p2a: Zygarde","|-damage|p2a: Zygarde|59/407","|cant|p2a: Zygarde|flinch","|","|-heal|p2a: Zygarde|84/407|[from] item: Leftovers","|turn|30","|","|move|p1a: Togekiss|Air Slash|p2a: Zygarde","|-damage|p2a: Zygarde|0 fnt","|faint|p2a: Zygarde","|","|","|switch|p2a: Landorus|Landorus, M|144/319","|turn|31","|","|move|p1a: Togekiss|Air Slash|p2a: Landorus","|-damage|p2a: Landorus|0 fnt","|faint|p2a: Landorus","|","|win|Knight Applejack"],"p1rating":{"entryid":"323490","serverid":"eos","formatid":"monotype","userid":"knightapplejack","username":"Knight Applejack","w":10,"l":"8","t":"0","gxe":52.3,"r":"1500","rd":"130","sigma":"0","rptime":"1440234000","rpr":1517.3430347868,"rprd":73.235503060571,"rpsigma":"0","acre":1185.6956139804,"lacre":1185.6956139804,"oldacre":"1168.588356873"},"p2rating":{"entryid":"2316","serverid":"eos","formatid":"monotype","userid":"swlhb","username":"SWL HB","w":"2","l":5,"t":"0","gxe":39.4,"r":"1500.029275973","rd":"117.41249930101","sigma":"0","rptime":"1440234000","rpr":1416.2486260186,"rprd":96.099430119335,"rpsigma":"0","acre":1042.5300745424,"lacre":1042.5300745424,"oldacre":"1055.0204737267"},"endType":"normal"}