{"seed":[25139,38917,6214,50921],"turns":26,"p1":"Shining Yin","p2":"sovereign♕zoroark","p1team":[{"name":"Chansey","species":"Chansey","item":"eviolite","ability":"Natural Cure","moves":["thunderwave","softboiled","seismictoss","stealthrock"],"nature":"Bold","evs":{"hp":0,"atk":0,"def":252,"spa":0,"spd":252,"spe":4},"ivs":{"hp":31,"atk":0,"def":31,"spa":31,"spd":31,"spe":31}},{"name":"Porygon2","species":"Porygon2","item":"eviolite","ability":"Download","moves":["icebeam","discharge","recover","toxic"],"nature":"Calm","evs":{"hp":248,"atk":0,"def":204,"spa":0,"spd":56,"spe":0},"ivs":{"hp":31,"atk":0,"def":31,"spa":31,"spd":31,"spe":31}},{"name":"Pidgeot","species":"Pidgeot","item":"pidgeotite","ability":"Keen Eye","moves":["hurricane","heatwave","defog","roost"],"nature":"Timid","evs":{"hp":0,"atk":0,"def":0,"spa":252,"spd":4,"spe":252},"ivs":{"hp":31,"atk":0,"def":31,"spa":31,"spd":31,"spe":31}},{"name":"Staraptor","species":"Staraptor","item":"choicescarf","ability":"Reckless","moves":["bravebird","uturn","doubleedge","closecombat"],"nature":"Jolly","evs":{"hp":0,"atk":252,"def":0,"spa":0,"spd":4,"spe":252},"ivs":{"hp":31,"atk":31,"def":31,"spa":31,"spd":31,"spe":31}},{"name":"Diggersby","species":"Diggersby","item":"choiceband","ability":"Huge Power","moves":["return","earthquake","knockoff","quickattack"],"nature":"Jolly","evs":{"hp":0,"atk":252,"def":0,"spa":0,"spd":4,"spe":252},"ivs":{"hp":31,"atk":31,"def":31,"spa":31,"spd":31,"spe":31}},{"name":"Heliolisk","species":"Heliolisk","item":"lifeorb","ability":"Dry Skin","moves":["grassknot","thunderbolt","surf","voltswitch"],"nature":"Timid","evs":{"hp":0,"atk":0,"def":0,"spa":252,"spd":4,"spe":252},"ivs":{"hp":31,"atk":31,"def":31,"spa":31,"spd":31,"spe":31}}],"p2team":[{"name":"Infernape","species":"Infernape","item":"choicescarf","ability":"Iron Fist","moves":["firepunch","thunderpunch","closecombat","swordsdance"],"nature":"Adamant","evs":{"hp":4,"atk":252,"def":0,"spa":0,"spd":0,"spe":252},"ivs":{"hp":31,"atk":31,"def":31,"spa":31,"spd":31,"spe":31}},{"name":"Victini","species":"Victini","item":"choicescarf","ability":"Victory Star","moves":["boltstrike","uturn","zenheadbutt","vcreate"],"nature":"","evs":{"hp":0,"atk":252,"def":4,"spa":0,"spd":0,"spe":252},"ivs":{"hp":31,"atk":31,"def":31,"spa":31,"spd":31,"spe":31}},{"name":"Arcanine","species":"Arcanine","item":"choiceband","ability":"Intimidate","moves":["flareblitz","closecombat","extremespeed","wildcharge"],"nature":"","evs":{"hp":0,"atk":252,"def":4,"spa":0,"spd":0,"spe":252},"ivs":{"hp":31,"atk":31,"def":31,"spa":31,"spd":31,"spe":31}},{"name":"Volcarona","species":"Volcarona","item":"leftovers","ability":"Flame Body","moves":["bugbuzz","fierydance","quiverdance","hiddenpowerground"],"nature":"","evs":{"hp":4,"atk":0,"def":0,"spa":252,"spd":0,"spe":252},"ivs":{"hp":31,"atk":31,"def":31,"spa":30,"spd":30,"spe":31}},{"name":"Heatran","species":"Heatran","item":"leftovers","ability":"Flash Fire","moves":["lavaplume","protect","toxic","roar"],"nature":"Calm","evs":{"hp":252,"atk":0,"def":128,"spa":0,"spd":128,"spe":0},"ivs":{"hp":31,"atk":31,"def":31,"spa":31,"spd":31,"spe":31}},{"name":"Ninetales","species":"Ninetales","item":"leftovers","ability":"Drought","moves":["fireblast","energyball","calmmind","substitute"],"nature":"Modest","evs":{"hp":104,"atk":0,"def":0,"spa":212,"spd":0,"spe":192},"ivs":{"hp":31,"atk":31,"def":31,"spa":31,"spd":31,"spe":31}}],"log":["|player|p1|Shining Yin|277","|player|p2|sovereign♕zoroark|218","|gametype|singles","|gen|6","|tier|Monotype","|rated","|rule|Baton Pass Clause: Limit one Baton Passer, can't pass Spe and other stats simultaneously","|rule|Swagger Clause: Swagger is banned","|rule|Same Type Clause: Pokémon in a team must share a type","|clearpoke","|poke|p1|Chansey, F","|poke|p1|Porygon2","|poke|p1|Pidgeot, M","|poke|p1|Staraptor, M","|poke|p1|Diggersby, M","|poke|p1|Heliolisk, M","|poke|p2|Infernape, F","|poke|p2|Victini","|poke|p2|Arcanine, M","|poke|p2|Volcarona, F","|poke|p2|Heatran, M","|poke|p2|Ninetales, M","|rule|Sleep Clause Mod: Limit one foe put to sleep","|rule|Species Clause: Limit one of each Pokémon","|rule|OHKO Clause: OHKO moves are banned","|rule|Moody Clause: Moody is banned","|rule|Evasion Moves Clause: Evasion moves are banned","|rule|Endless Battle Clause: Forcing endless battles is banned","|rule|HP Percentage Mod: HP is shown in percentages","|teampreview","|","|start","|switch|p1a: Staraptor|Staraptor, M|311/311","|switch|p2a: Infernape|Infernape, F|294/294","|turn|1","|","|move|p1a: Staraptor|U-turn|p2a: Infernape","|-resisted|p2a: Infernape","|-damage|p2a: Infernape|267/294","|","|switch|p1a: Pidgeot|Pidgeot, M|307/307","|move|p2a: Infernape|Thunder Punch|p1a: Pidgeot","|-supereffective|p1a: Pidgeot","|-damage|p1a: Pidgeot|55/307","|","|turn|2","|","|detailschange|p1a: Pidgeot|Pidgeot-Mega, M","|-mega|p1a: Pidgeot|Pidgeot|Pidgeotite","|move|p2a: Infernape|Thunder Punch|p1a: Pidgeot","|-supereffective|p1a: Pidgeot","|-damage|p1a: Pidgeot|0 fnt","|faint|p1a: Pidgeot","|","|","|switch|p1a: Staraptor|Staraptor, M|311/311","|turn|3","|","|move|p1a: Staraptor|Brave Bird|p2a: Infernape","|-crit|p2a: Infernape","|-supereffective|p2a: Infernape","|-damage|p2a: Infernape|0 fnt","|-damage|p1a: Staraptor|223/311|[from] recoil|[of] p2a: Infernape","|faint|p2a: Infernape","|","|","|switch|p2a: Victini|Victini|341/341","|turn|4","|","|switch|p1a: Porygon2|Porygon2|373/373","|-boost|p1a: Porygon2|spa|1|[from] ability: Download","|move|p2a: Victini|Bolt Strike|p1a: Porygon2","|-damage|p1a: Porygon2|302/373","|","|turn|5","|","|move|p2a: Victini|Bolt Strike|p1a: Porygon2","|-damage|p1a: Porygon2|219/373","|move|p1a: Porygon2|Discharge|p2a: Victini","|-damage|p2a: Victini|236/341","|","|turn|6","|","|move|p2a: Victini|Bolt Strike|p1a: Porygon2","|-damage|p1a: Porygon2|137/373","|move|p1a: Porygon2|Recover|p1a: Porygon2","|-heal|p1a: Porygon2|324/373","|","|turn|7","|","|move|p2a: Victini|Bolt Strike|p1a: Porygon2|[miss]","|-miss|p2a: Victini|p1a: Porygon2","|move|p1a: Porygon2|Discharge|p2a: Victini","|-damage|p2a: Victini|137/341","|","|turn|8","|","|move|p2a: Victini|Bolt Strike|p1a: Porygon2","|-damage|p1a: Porygon2|245/373","|move|p1a: Porygon2|Discharge|p2a: Victini","|-damage|p2a: Victini|39/341","|-status|p2a: Victini|par","|","|turn|9","|","|move|p1a: Porygon2|Recover|p1a: Porygon2","|-heal|p1a: Porygon2|373/373","|move|p2a: Victini|Bolt Strike|p1a: Porygon2","|-damage|p1a: Porygon2|298/373","|","|turn|10","|","|move|p1a: Porygon2|Discharge|p2a: Victini","|-damage|p2a: Victini|0 fnt","|faint|p2a: Victini","|","|","|switch|p2a: Arcanine|Arcanine, M|321/321","|-ability|p2a: Arcanine|Intimidate","|-unboost|p1a: Porygon2|atk|1","|turn|11","|","|move|p2a: Arcanine|Close Combat|p1a: Porygon2","|-supereffective|p1a: Porygon2","|-damage|p1a: Porygon2|70/373","|-unboost|p2a: Arcanine|def|1","|-unboost|p2a: Arcanine|spd|1","|move|p1a: Porygon2|Toxic|p2a: Arcanine","|-status|p2a: Arcanine|tox","|","|-damage|p2a: Arcanine|301/321 tox|[from] psn","|turn|12","|","|move|p2a: Arcanine|Close Combat|p1a: Porygon2","|-supereffective|p1a: Porygon2","|-damage|p1a: Porygon2|0 fnt","|-unboost|p2a: Arcanine|def|1","|-unboost|p2a: Arcanine|spd|1","|faint|p1a: Porygon2","|","|-damage|p2a: Arcanine|261/321 tox|[from] psn","|","|switch|p1a: Heliolisk|Heliolisk, M|265/265","|turn|13","|","|move|p1a: Heliolisk|Surf|p2a: Arcanine","|-supereffective|p2a: Arcanine","|-damage|p2a: Arcanine|0 fnt","|-damage|p1a: Heliolisk|239/265|[from] item: Life Orb","|faint|p2a: Arcanine","|","|","|switch|p2a: Ninetales|Ninetales, M|313/313","|-weather|SunnyDay","|turn|14","|","|move|p1a: Heliolisk|Volt Switch|p2a: Ninetales","|-damage|p2a: Ninetales|165/313","|-damage|p1a: Heliolisk|213/265|[from] item: Life Orb","|","|switch|p1a: Chansey|Chansey, F|641/641","|move|p2a: Ninetales|Substitute|p2a: Ninetales","|-start|p2a: Ninetales|Substitute","|-damage|p2a: Ninetales|87/313","|","|-weather|SunnyDay|[upkeep]","|-heal|p2a: Ninetales|106/313|[from] item: Leftovers","|turn|15","|","|move|p2a: Ninetales|Calm Mind|p2a: Ninetales","|-boost|p2a: Ninetales|spa|1","|-boost|p2a: Ninetales|spd|1","|move|p1a: Chansey|Stealth Rock|p2a: Ninetales","|-sidestart|p2: sovereign♕zoroark|move: Stealth Rock","|","|-weather|SunnyDay|[upkeep]","|-heal|p2a: Ninetales|125/313|[from] item: Leftovers","|turn|16","|","|move|p2a: Ninetales|Fire Blast|p1a: Chansey","|-damage|p1a: Chansey|458/641","|move|p1a: Chansey|Seismic Toss|p2a: Ninetales","|-end|p2a: Ninetales|Substitute","|","|-weather|SunnyDay|[upkeep]","|-heal|p2a: Ninetales|144/313|[from] item: Leftovers","|turn|17","|","|move|p2a: Ninetales|Fire Blast|p1a: Chansey","|-damage|p1a: Chansey|290/641","|move|p1a: Chansey|Seismic Toss|p2a: Ninetales","|-damage|p2a: Ninetales|44/313","|","|-weather|SunnyDay|[upkeep]","|-heal|p2a: Ninetales|63/313|[from] item: Leftovers","|turn|18","|","|move|p2a: Ninetales|Fire Blast|p1a: Chansey","|-damage|p1a: Chansey|130/641","|move|p1a: Chansey|Soft-Boiled|p1a: Chansey","|-heal|p1a: Chansey|451/641","|","|-weather|none","|-heal|p2a: Ninetales|82/313|[from] item: Leftovers","|turn|19","|","|move|p2a: Ninetales|Fire Blast|p1a: Chansey","|-damage|p1a: Chansey|342/641","|move|p1a: Chansey|Seismic Toss|p2a: Ninetales","|-damage|p2a: Ninetales|0 fnt","|faint|p2a: Ninetales","|","|","|switch|p2a: Heatran|Heatran, M|386/386","|-damage|p2a: Heatran|338/386|[from] Stealth Rock","|turn|20","|","|move|p2a: Heatran|Toxic|p1a: Chansey","|-status|p1a: Chansey|tox","|move|p1a: Chansey|Soft-Boiled|p1a: Chansey","|-heal|p1a: Chansey|641/641 tox","|","|-heal|p2a: Heatran|362/386|[from] item: Leftovers","|-damage|p1a: Chansey|601/641 tox|[from] psn","|turn|21","|","|move|p1a: Chansey|Seismic Toss|p2a: Heatran","|-damage|p2a: Heatran|262/386","|move|p2a: Heatran|Roar|p1a: Chansey","|drag|p1a: Staraptor|Staraptor, M|223/311","|","|-heal|p2a: Heatran|286/386|[from] item: Leftovers","|turn|22","|","|move|p2a: Heatran|Protect|p2a: Heatran","|-singleturn|p2a: Heatran|Protect","|move|p1a: Staraptor|Close Combat|p2a: Heatran","|-activate|p2a: Heatran|Protect","|","|-heal|p2a: Heatran|310/386|[from] item: Leftovers","|turn|23","|","|move|p1a: Staraptor|Close Combat|p2a: Heatran","|-supereffective|p2a: Heatran","|-damage|p2a: Heatran|76/386","|-unboost|p1a: Staraptor|def|1","|-unboost|p1a: Staraptor|spd|1","|move|p2a: Heatran|Toxic|p1a: Staraptor","|-status|p1a: Staraptor|tox","|","|-heal|p2a: Heatran|100/386|[from] item: Leftovers","|-damage|p1a: Staraptor|204/311 tox|[from] psn","|turn|24","|","|switch|p1a: Heliolisk|Heliolisk, M|213/265","|move|p2a: Heatran|Protect|p2a: Heatran","|-fail|p2a: Heatran","|","|-heal|p2a: Heatran|124/386|[from] item: Leftovers","|turn|25","|","|move|p1a: Heliolisk|Surf|p2a: Heatran","|-supereffective|p2a: Heatran","|-damage|p2a: Heatran|0 fnt","|-damage|p1a: Heliolisk|187/265|[from] item: Life Orb","|faint|p2a: Heatran","|","|","|switch|p2a: Volcarona|Volcarona, F|312/312","|-damage|p2a: Volcarona|156/312|[from] Stealth Rock","|turn|26","|","|win|Shining Yin"],"p1rating":{"entryid":"71235","serverid":"eos","formatid":"monotype","userid":"shiningyin","username":"Shining Yin","w":46,"l":"24","t":"0","gxe":62.7,"r":"1592.048577857","rd":"44.744883176766","sigma":"0","rptime":"1440320400","rpr":1598.5215055816,"rprd":44.18704899937,"rpsigma":"0","acre":1145.8355037825,"lacre":1145.8355037825,"oldacre":"1129.761371565"},"p2rating":{"entryid":"313593","serverid":"eos","formatid":"monotype","userid":"sovereignzoroark","username":"sovereign♕zoroark","w":"5","l":15,"t":"0","gxe":31.1,"r":"1371.7471491143","rd":"74.50004825256","sigma":"0","rptime":"1440320400","rpr":1347.1538659839,"rprd":70.91082985137,"rpsigma":"0","acre":1000,"lacre":1000,"oldacre":"1000"},"endType":"forfeit"}