{"seed":[27989,1742,54410,53295],"turns":35,"p1":"SWL Jyph","p2":"SL~Kingdra","p1team":[{"name":"Dusknoir","species":"Dusknoir","item":"assaultvest","ability":"Pressure","moves":["earthquake","shadowsneak","suckerpunch","icepunch"],"nature":"Adamant","evs":{"hp":252,"atk":252,"def":4,"spa":0,"spd":0,"spe":0},"ivs":{"hp":31,"atk":31,"def":31,"spa":31,"spd":31,"spe":31}},{"name":"Froslass","species":"Froslass","item":"focussash","ability":"Cursed Body","moves":["spikes","taunt","destinybond","icebeam"],"nature":"Timid","evs":{"hp":252,"atk":0,"def":0,"spa":4,"spd":0,"spe":252},"ivs":{"hp":31,"atk":31,"def":31,"spa":31,"spd":31,"spe":31}},{"name":"Aegislash","species":"Aegislash","item":"airballoon","ability":"Stance Change","moves":["substitute","shadowball","shadowsneak","ironhead"],"nature":"Quiet","evs":{"hp":248,"atk":8,"def":0,"spa":252,"spd":0,"spe":0},"ivs":{"hp":31,"atk":31,"def":31,"spa":31,"spd":31,"spe":31}},{"name":"Gengar","species":"Gengar","item":"choicescarf","ability":"Levitate","moves":["shadowball","sludgewave","dazzlinggleam","focusblast"],"nature":"Timid","evs":{"hp":4,"atk":0,"def":0,"spa":252,"spd":0,"spe":252},"ivs":{"hp":31,"atk":31,"def":31,"spa":31,"spd":31,"spe":31}},{"name":"Spiritomb","species":"Spiritomb","item":"choiceband","ability":"Infiltrator","moves":["suckerpunch","shadowsneak","pursuit","trick"],"nature":"Adamant","evs":{"hp":252,"atk":252,"def":0,"spa":0,"spd":4,"spe":0},"ivs":{"hp":31,"atk":31,"def":31,"spa":31,"spd":31,"spe":31}},{"name":"Sableye","species":"Sableye","item":"leftovers","ability":"Prankster","moves":["willowisp","taunt","recover","foulplay"],"nature":"Calm","evs":{"hp":252,"atk":0,"def":4,"spa":0,"spd":252,"spe":0},"ivs":{"hp":31,"atk":31,"def":31,"spa":31,"spd":31,"spe":31}}],"p2team":[{"name":"Smegle","species":"smeargle","item":"focussash","ability":"Own Tempo","moves":["spore","stickyweb","stealthrock","magiccoat"],"nature":"Timid","evs":{"hp":252,"atk":0,"def":4,"spa":0,"spd":0,"spe":252},"ivs":{"hp":31,"atk":31,"def":31,"spa":31,"spd":31,"spe":31}},{"name":"Porygon2","species":"Porygon2","item":"eviolite","ability":"Trace","moves":["icebeam","discharge","recover","thunderwave"],"nature":"Bold","evs":{"hp":252,"atk":0,"def":252,"spa":0,"spd":4,"spe":0},"ivs":{"hp":31,"atk":31,"def":31,"spa":31,"spd":31,"spe":31}},{"name":"Mel-B","species":"meloetta","item":"leftovers","ability":"Serene Grace","moves":["psychic","shadowball","hypervoice","calmmind"],"nature":"Calm","evs":{"hp":252,"atk":0,"def":0,"spa":4,"spd":252,"spe":0},"ivs":{"hp":31,"atk":31,"def":30,"spa":30,"spd":30,"spe":31}},{"name":"Demolition","species":"diggersby","item":"lifeorb","ability":"Huge Power","moves":["earthquake","quickattack","return","firepunch"],"nature":"Adamant","evs":{"hp":4,"atk":252,"def":0,"spa":0,"spd":0,"spe":252},"ivs":{"hp":31,"atk":31,"def":31,"spa":31,"spd":31,"spe":31}},{"name":"Cute Blob","species":"ditto","item":"choicescarf","ability":"Imposter","moves":["transform"],"nature":"Timid","evs":{"hp":252,"atk":0,"def":4,"spa":0,"spd":0,"spe":252},"ivs":{"hp":31,"atk":31,"def":31,"spa":31,"spd":31,"spe":31}},{"name":"Corey","species":"porygonz","item":"choicespecs","ability":"Adaptability","moves":["triattack","icebeam","hiddenpowerfire","discharge"],"nature":"Timid","evs":{"hp":4,"atk":0,"def":0,"spa":252,"spd":0,"spe":252},"ivs":{"hp":31,"atk":30,"def":31,"spa":30,"spd":31,"spe":30}}],"log":["|player|p1|SWL Jyph|swljyph.png","|player|p2|SL~Kingdra|99","|gametype|singles","|gen|6","|tier|Monotype","|rated","|rule|Baton Pass Clause: Limit one Baton Passer, can't pass Spe and other stats simultaneously","|rule|Swagger Clause: Swagger is banned","|rule|Same Type Clause: Pokémon in a team must share a type","|clearpoke","|poke|p1|Dusknoir, M","|poke|p1|Froslass, F","|poke|p1|Aegislash, M","|poke|p1|Gengar, M","|poke|p1|Spiritomb, M","|poke|p1|Sableye, F","|poke|p2|Smeargle, M","|poke|p2|Porygon2","|poke|p2|Meloetta","|poke|p2|Diggersby, F","|poke|p2|Ditto","|poke|p2|Porygon-Z","|rule|Sleep Clause Mod: Limit one foe put to sleep","|rule|Species Clause: Limit one of each Pokémon","|rule|OHKO Clause: OHKO moves are banned","|rule|Moody Clause: Moody is banned","|rule|Evasion Moves Clause: Evasion moves are banned","|rule|Endless Battle Clause: Forcing endless battles is banned","|rule|HP Percentage Mod: HP is shown in percentages","|teampreview","|","|start","|switch|p1a: Froslass|Froslass, F|344/344","|switch|p2a: Smegle|Smeargle, M|314/314","|turn|1","|","|move|p2a: Smegle|Magic Coat|p2a: Smegle","|-singleturn|p2a: Smegle|move: Magic Coat","|move|p1a: Froslass|Taunt|p2a: Smegle","|move|p2a: Smegle|Taunt|p1a: Froslass|[from]Magic Coat","|-start|p1a: Froslass|move: Taunt","|","|turn|2","|","|move|p1a: Froslass|Ice Beam|p2a: Smegle","|-damage|p2a: Smegle|160/314","|move|p2a: Smegle|Sticky Web|p1a: Froslass","|-sidestart|p1: SWL Jyph|move: Sticky Web","|","|turn|3","|","|move|p1a: Froslass|Ice Beam|p2a: Smegle","|-damage|p2a: Smegle|1/314","|move|p2a: Smegle|Spore|p1a: Froslass","|-status|p1a: Froslass|slp","|","|turn|4","|","|switch|p1a: Gengar|Gengar, M|262/262","|move|p2a: Smegle|Stealth Rock|p1a: Gengar","|-sidestart|p1: SWL Jyph|move: Stealth Rock","|","|turn|5","|","|move|p1a: Gengar|Sludge Wave|p2a: Smegle","|-damage|p2a: Smegle|0 fnt","|faint|p2a: Smegle","|","|","|switch|p2a: Cute Blob|Ditto|300/300","|-transform|p2a: Cute Blob|p1a: Gengar","|turn|6","|","|switch|p1a: Froslass|Froslass, F|344/344 slp","|-activate|p1a: Froslass|move: Sticky Web","|-unboost|p1a: Froslass|spe|1","|-damage|p1a: Froslass|258/344 slp|[from] Stealth Rock","|move|p2a: Cute Blob|Shadow Ball|p1a: Froslass","|-supereffective|p1a: Froslass","|-damage|p1a: Froslass|0 fnt","|faint|p1a: Froslass","|","|","|switch|p1a: Sableye|Sableye, F|304/304","|-damage|p1a: Sableye|266/304|[from] Stealth Rock","|-activate|p1a: Sableye|move: Sticky Web","|-unboost|p1a: Sableye|spe|1","|turn|7","|","|move|p1a: Sableye|Will-O-Wisp|p2a: Cute Blob","|-status|p2a: Cute Blob|brn","|move|p2a: Cute Blob|Shadow Ball|p1a: Sableye","|-damage|p1a: Sableye|119/304","|","|-heal|p1a: Sableye|138/304|[from] item: Leftovers","|-damage|p2a: Cute Blob|263/300 brn|[from] brn","|turn|8","|","|move|p1a: Sableye|Recover|p1a: Sableye","|-heal|p1a: Sableye|290/304","|move|p2a: Cute Blob|Shadow Ball|p1a: Sableye","|-damage|p1a: Sableye|154/304","|","|-heal|p1a: Sableye|173/304|[from] item: Leftovers","|-damage|p2a: Cute Blob|226/300 brn|[from] brn","|turn|9","|","|move|p1a: Sableye|Recover|p1a: Sableye","|-heal|p1a: Sableye|304/304","|move|p2a: Cute Blob|Shadow Ball|p1a: Sableye","|-damage|p1a: Sableye|163/304","|","|-heal|p1a: Sableye|182/304|[from] item: Leftovers","|-damage|p2a: Cute Blob|189/300 brn|[from] brn","|turn|10","|","|move|p1a: Sableye|Recover|p1a: Sableye","|-heal|p1a: Sableye|304/304","|move|p2a: Cute Blob|Shadow Ball|p1a: Sableye","|-damage|p1a: Sableye|157/304","|","|-heal|p1a: Sableye|176/304|[from] item: Leftovers","|-damage|p2a: Cute Blob|152/300 brn|[from] brn","|turn|11","|","|move|p1a: Sableye|Recover|p1a: Sableye","|-heal|p1a: Sableye|304/304","|-activate|p2a: Cute Blob|move: Struggle","|move|p2a: Cute Blob|Struggle|p1a: Sableye","|-damage|p1a: Sableye|287/304","|-damage|p2a: Cute Blob|77/300 brn|[from] recoil","|","|-heal|p1a: Sableye|304/304|[from] item: Leftovers","|-damage|p2a: Cute Blob|40/300 brn|[from] brn","|turn|12","|","|move|p1a: Sableye|Will-O-Wisp|p2a: Cute Blob","|-fail|p2a: Cute Blob|brn","|-activate|p2a: Cute Blob|move: Struggle","|move|p2a: Cute Blob|Struggle|p1a: Sableye","|-damage|p1a: Sableye|288/304","|-damage|p2a: Cute Blob|0 fnt|[from] recoil","|faint|p2a: Cute Blob","|","|-heal|p1a: Sableye|304/304|[from] item: Leftovers","|","|switch|p2a: Mel-B|Meloetta|404/404","|turn|13","|","|move|p1a: Sableye|Will-O-Wisp|p2a: Mel-B","|-status|p2a: Mel-B|brn","|move|p2a: Mel-B|Calm Mind|p2a: Mel-B","|-boost|p2a: Mel-B|spa|1","|-boost|p2a: Mel-B|spd|1","|","|-damage|p2a: Mel-B|354/404 brn|[from] brn","|turn|14","|","|move|p1a: Sableye|Taunt|p2a: Mel-B","|-start|p2a: Mel-B|move: Taunt","|move|p2a: Mel-B|Shadow Ball|p1a: Sableye","|-damage|p1a: Sableye|188/304","|","|-heal|p2a: Mel-B|379/404 brn|[from] item: Leftovers","|-heal|p1a: Sableye|207/304|[from] item: Leftovers","|-damage|p2a: Mel-B|329/404 brn|[from] brn","|turn|15","|","|move|p2a: Mel-B|Shadow Ball|p1a: Sableye","|-damage|p1a: Sableye|105/304","|move|p1a: Sableye|Foul Play|p2a: Mel-B","|-supereffective|p2a: Mel-B","|-damage|p2a: Mel-B|117/404 brn","|","|-heal|p2a: Mel-B|142/404 brn|[from] item: Leftovers","|-heal|p1a: Sableye|124/304|[from] item: Leftovers","|-damage|p2a: Mel-B|92/404 brn|[from] brn","|turn|16","|","|move|p1a: Sableye|Recover|p1a: Sableye","|-heal|p1a: Sableye|276/304","|move|p2a: Mel-B|Shadow Ball|p1a: Sableye","|-damage|p1a: Sableye|175/304","|-unboost|p1a: Sableye|spd|1","|","|-heal|p2a: Mel-B|117/404 brn|[from] item: Leftovers","|-heal|p1a: Sableye|194/304|[from] item: Leftovers","|-damage|p2a: Mel-B|67/404 brn|[from] brn","|-end|p2a: Mel-B|move: Taunt","|turn|17","|","|switch|p1a: Spiritomb|Spiritomb, M|304/304","|-damage|p1a: Spiritomb|266/304|[from] Stealth Rock","|-activate|p1a: Spiritomb|move: Sticky Web","|-unboost|p1a: Spiritomb|spe|1","|move|p2a: Mel-B|Shadow Ball|p1a: Spiritomb","|-damage|p1a: Spiritomb|156/304","|","|-heal|p2a: Mel-B|92/404 brn|[from] item: Leftovers","|-damage|p2a: Mel-B|42/404 brn|[from] brn","|turn|18","|","|move|p1a: Spiritomb|Sucker Punch|p2a: Mel-B","|-supereffective|p2a: Mel-B","|-damage|p2a: Mel-B|0 fnt","|faint|p2a: Mel-B","|","|","|switch|p2a: Demolition|Diggersby, F|312/312","|turn|19","|","|switch|p1a: Dusknoir|Dusknoir, M|294/294","|-damage|p1a: Dusknoir|258/294|[from] Stealth Rock","|-activate|p1a: Dusknoir|move: Sticky Web","|-unboost|p1a: Dusknoir|spe|1","|-ability|p1a: Dusknoir|Pressure","|move|p2a: Demolition|Fire Punch|p1a: Dusknoir","|-damage|p1a: Dusknoir|141/294","|-damage|p2a: Demolition|281/312|[from] item: Life Orb","|","|turn|20","|","|move|p2a: Demolition|Earthquake|p1a: Dusknoir","|-damage|p1a: Dusknoir|0 fnt","|-damage|p2a: Demolition|250/312|[from] item: Life Orb","|faint|p1a: Dusknoir","|","|","|switch|p1a: Gengar|Gengar, M|262/262","|-damage|p1a: Gengar|230/262|[from] Stealth Rock","|turn|21","|","|move|p1a: Gengar|Focus Blast|p2a: Demolition","|-supereffective|p2a: Demolition","|-damage|p2a: Demolition|0 fnt","|faint|p2a: Demolition","|","|","|switch|p2a: Porygon2|Porygon2|374/374","|-ability|p2a: Porygon2|Levitate|[from] ability: Trace|[of] p1a: Gengar","|turn|22","|","|switch|p1a: Spiritomb|Spiritomb, M|156/304","|-damage|p1a: Spiritomb|118/304|[from] Stealth Rock","|-activate|p1a: Spiritomb|move: Sticky Web","|-unboost|p1a: Spiritomb|spe|1","|move|p2a: Porygon2|Thunder Wave|p1a: Spiritomb","|-status|p1a: Spiritomb|par","|","|turn|23","|","|move|p2a: Porygon2|Ice Beam|p1a: Spiritomb","|-damage|p1a: Spiritomb|49/304 par","|move|p1a: Spiritomb|Trick|p2a: Porygon2","|-activate|p1a: Spiritomb|move: Trick|[of] p2a: Porygon2","|-item|p2a: Porygon2|Choice Band|[from] move: Trick","|-item|p1a: Spiritomb|Eviolite|[from] move: Trick","|","|turn|24","|","|move|p1a: Spiritomb|Sucker Punch|p2a: Porygon2","|-crit|p2a: Porygon2","|-damage|p2a: Porygon2|239/374","|move|p2a: Porygon2|Ice Beam|p1a: Spiritomb","|-damage|p1a: Spiritomb|0 fnt","|faint|p1a: Spiritomb","|","|","|switch|p1a: Aegislash|Aegislash, M|323/323","|-damage|p1a: Aegislash|303/323|[from] Stealth Rock","|-item|p1a: Aegislash|Air Balloon","|turn|25","|","|switch|p2a: Corey|Porygon-Z|312/312","|move|p1a: Aegislash|Substitute|p1a: Aegislash","|-start|p1a: Aegislash|Substitute","|-damage|p1a: Aegislash|223/323","|","|turn|26","|","|move|p2a: Corey|Discharge|p1a: Aegislash","|-end|p1a: Aegislash|Substitute","|-enditem|p1a: Aegislash|Air Balloon","|-formechange|p1a: Aegislash|Aegislash-Blade","|move|p1a: Aegislash|Iron Head|p2a: Corey","|-crit|p2a: Corey","|-damage|p2a: Corey|33/312","|","|turn|27","|","|move|p2a: Corey|Discharge|p1a: Aegislash","|-crit|p1a: Aegislash","|-damage|p1a: Aegislash|0 fnt","|faint|p1a: Aegislash","|","|","|switch|p1a: Sableye|Sableye, F|194/304","|-activate|p1a: Sableye|move: Sticky Web","|-unboost|p1a: Sableye|spe|1","|-damage|p1a: Sableye|156/304|[from] Stealth Rock","|turn|28","|","|move|p1a: Sableye|Recover|p1a: Sableye","|-heal|p1a: Sableye|304/304","|move|p2a: Corey|Discharge|p1a: Sableye","|-damage|p1a: Sableye|164/304","|","|-heal|p1a: Sableye|183/304|[from] item: Leftovers","|turn|29","|","|move|p1a: Sableye|Will-O-Wisp|p2a: Corey","|-status|p2a: Corey|brn","|move|p2a: Corey|Discharge|p1a: Sableye","|-damage|p1a: Sableye|49/304","|","|-heal|p1a: Sableye|68/304|[from] item: Leftovers","|-damage|p2a: Corey|0 fnt|[from] brn","|faint|p2a: Corey","|","|switch|p2a: Porygon2|Porygon2|239/374","|-ability|p2a: Porygon2|Prankster|[from] ability: Trace|[of] p1a: Sableye","|turn|30","|","|move|p1a: Sableye|Recover|p1a: Sableye","|-heal|p1a: Sableye|220/304","|move|p2a: Porygon2|Discharge|p1a: Sableye","|-damage|p1a: Sableye|154/304","|","|-heal|p1a: Sableye|173/304|[from] item: Leftovers","|turn|31","|","|move|p1a: Sableye|Will-O-Wisp|p2a: Porygon2|[miss]","|-miss|p1a: Sableye|p2a: Porygon2","|move|p2a: Porygon2|Discharge|p1a: Sableye","|-damage|p1a: Sableye|106/304","|","|-heal|p1a: Sableye|125/304|[from] item: Leftovers","|turn|32","|","|move|p1a: Sableye|Will-O-Wisp|p2a: Porygon2","|-status|p2a: Porygon2|brn","|move|p2a: Porygon2|Discharge|p1a: Sableye","|-damage|p1a: Sableye|65/304","|","|-heal|p1a: Sableye|84/304|[from] item: Leftovers","|-damage|p2a: Porygon2|193/374 brn|[from] brn","|turn|33","|","|move|p1a: Sableye|Recover|p1a: Sableye","|-heal|p1a: Sableye|236/304","|move|p2a: Porygon2|Discharge|p1a: Sableye","|-damage|p1a: Sableye|177/304","|","|-heal|p1a: Sableye|196/304|[from] item: Leftovers","|-damage|p2a: Porygon2|147/374 brn|[from] brn","|turn|34","|","|move|p2a: Porygon2|Discharge|p1a: Sableye","|-damage|p1a: Sableye|134/304","|move|p1a: Sableye|Foul Play|p2a: Porygon2","|-damage|p2a: Porygon2|80/374 brn","|","|-heal|p1a: Sableye|153/304|[from] item: Leftovers","|-damage|p2a: Porygon2|34/374 brn|[from] brn","|turn|35","|","|move|p2a: Porygon2|Discharge|p1a: Sableye","|-damage|p1a: Sableye|91/304","|move|p1a: Sableye|Foul Play|p2a: Porygon2","|-damage|p2a: Porygon2|0 fnt","|faint|p2a: Porygon2","|","|win|SWL Jyph"],"p1rating":{"entryid":"10848","serverid":"eos","formatid":"monotype","userid":"swljyph","username":"SWL Jyph","w":6,"l":"4","t":"0","gxe":56.1,"r":"1545.9446440058","rd":"93.985353275131","sigma":"0","rptime":"1440320400","rpr":1547.240739842,"rprd":88.118469133943,"rpsigma":"0","acre":1106.7343597753,"lacre":1106.7343597753,"oldacre":"1068.7881739021"},"p2rating":{"entryid":"101024","serverid":"eos","formatid":"monotype","userid":"slkingdra","username":"SL~Kingdra","w":"18","l":11,"t":"0","gxe":58.9,"r":"1594.4848765261","rd":"68.245299105016","sigma":"0","rptime":"1440320400","rpr":1568.4134193036,"rprd":61.508711503496,"rpsigma":"0","acre":1136.1881878284,"lacre":1136.1881878284,"oldacre":"1168.1490352345"},"endType":"normal"}