{"seed":[22948,32823,61141,46452],"turns":29,"p1":"Guard Wanderer","p2":"Emg E4 Bit","p1team":[{"name":"Ferrothorn","species":"Ferrothorn","item":"rockyhelmet","ability":"Iron Barbs","moves":["knockoff","stealthrock","thunderwave","sunnyday"],"nature":"Relaxed","evs":{"hp":248,"atk":8,"def":252,"spa":0,"spd":0,"spe":0},"ivs":{"hp":31,"atk":31,"def":31,"spa":31,"spd":31,"spe":0}},{"name":"Rotom-Mow","species":"Rotom-Mow","item":"choicescarf","ability":"Levitate","moves":["trick","hex","discharge","voltswitch"],"nature":"Timid","evs":{"hp":0,"atk":0,"def":0,"spa":252,"spd":4,"spe":252},"ivs":{"hp":31,"atk":31,"def":31,"spa":31,"spd":31,"spe":31}},{"name":"Ludicolo","species":"Ludicolo","item":"bindingband","ability":"Swift Swim","moves":["raindance","scald","leechseed","whirlpool"],"nature":"Modest","evs":{"hp":248,"atk":0,"def":0,"spa":252,"spd":8,"spe":0},"ivs":{"hp":31,"atk":31,"def":31,"spa":31,"spd":31,"spe":31}},{"name":"Sawsbuck","species":"Sawsbuck","item":"silkscarf","ability":"Chlorophyll","moves":["return","seedbomb","retaliate","thunderwave"],"nature":"Adamant","evs":{"hp":0,"atk":252,"def":0,"spa":0,"spd":4,"spe":252},"ivs":{"hp":31,"atk":31,"def":31,"spa":31,"spd":31,"spe":31}},{"name":"Serperior","species":"Serperior","item":"miracleseed","ability":"Contrary","moves":["substitute","dragonpulse","leafstorm","snatch"],"nature":"Timid","evs":{"hp":0,"atk":0,"def":0,"spa":252,"spd":4,"spe":252},"ivs":{"hp":31,"atk":31,"def":31,"spa":31,"spd":31,"spe":31}},{"name":"Cacturne","species":"Cacturne","item":"focussash","ability":"Sand Veil","moves":["suckerpunch","spikyshield","swordsdance","thunderpunch"],"nature":"Adamant","evs":{"hp":248,"atk":252,"def":0,"spa":0,"spd":8,"spe":0},"ivs":{"hp":31,"atk":31,"def":31,"spa":31,"spd":31,"spe":31}}],"p2team":[{"name":"Tyranitar","species":"Tyranitar","item":"tyranitarite","ability":"Sand Stream","moves":["crunch","icepunch","earthquake","dragondance"],"nature":"Jolly","evs":{"hp":0,"atk":252,"def":0,"spa":0,"spd":4,"spe":252},"ivs":{"hp":31,"atk":31,"def":31,"spa":31,"spd":31,"spe":31}},{"name":"Unkillable","species":"rhyperior","item":"weaknesspolicy","ability":"Solid Rock","moves":["stoneedge","earthquake","firepunch","icepunch"],"nature":"Impish","evs":{"hp":252,"atk":4,"def":252,"spa":0,"spd":0,"spe":0},"ivs":{"hp":31,"atk":31,"def":31,"spa":31,"spd":31,"spe":31}},{"name":"Smash Hit","species":"omastar","item":"focussash","ability":"Weak Armor","moves":["surf","icebeam","hiddenpowergrass","shellsmash"],"nature":"Timid","evs":{"hp":0,"atk":0,"def":4,"spa":252,"spd":0,"spe":252},"ivs":{"hp":31,"atk":30,"def":31,"spa":30,"spd":31,"spe":31}},{"name":"Last Thing You See","species":"terrakion","item":"choiceband","ability":"Justified","moves":["stoneedge","closecombat","earthquake","quickattack"],"nature":"Jolly","evs":{"hp":0,"atk":252,"def":4,"spa":0,"spd":0,"spe":252},"ivs":{"hp":31,"atk":31,"def":31,"spa":31,"spd":31,"spe":31}},{"name":"Thirsty","species":"cradily","item":"leftovers","ability":"Storm Drain","moves":["gigadrain","toxic","recover","mirrorcoat"],"nature":"Calm","evs":{"hp":252,"atk":0,"def":32,"spa":0,"spd":224,"spe":0},"ivs":{"hp":31,"atk":31,"def":31,"spa":31,"spd":31,"spe":31}},{"name":"Nightmare","species":"shuckle","item":"mentalherb","ability":"Sturdy","moves":["stickyweb","stealthrock","encore","toxic"],"nature":"Relaxed","evs":{"hp":252,"atk":0,"def":156,"spa":0,"spd":100,"spe":0},"ivs":{"hp":31,"atk":31,"def":31,"spa":31,"spd":31,"spe":0}}],"log":["|player|p1|Guard Wanderer|235","|player|p2|Emg E4 Bit|154","|gametype|singles","|gen|6","|tier|Monotype","|rated","|rule|Baton Pass Clause: Limit one Baton Passer, can't pass Spe and other stats simultaneously","|rule|Swagger Clause: Swagger is banned","|rule|Same Type Clause: Pokémon in a team must share a type","|clearpoke","|poke|p1|Ferrothorn, M","|poke|p1|Rotom-Mow","|poke|p1|Ludicolo, F","|poke|p1|Sawsbuck, F","|poke|p1|Serperior, F","|poke|p1|Cacturne, F","|poke|p2|Tyranitar, F","|poke|p2|Rhyperior, F","|poke|p2|Omastar, M","|poke|p2|Terrakion","|poke|p2|Cradily, M","|poke|p2|Shuckle, F","|rule|Sleep Clause Mod: Limit one foe put to sleep","|rule|Species Clause: Limit one of each Pokémon","|rule|OHKO Clause: OHKO moves are banned","|rule|Moody Clause: Moody is banned","|rule|Evasion Moves Clause: Evasion moves are banned","|rule|Endless Battle Clause: Forcing endless battles is banned","|rule|HP Percentage Mod: HP is shown in percentages","|teampreview","|","|start","|switch|p1a: Rotom-Mow|Rotom-Mow|241/241","|switch|p2a: Last Thing You See|Terrakion|323/323","|turn|1","|","|switch|p2a: Nightmare|Shuckle, F|244/244","|move|p1a: Rotom-Mow|Discharge|p2a: Nightmare","|-damage|p2a: Nightmare|187/244","|","|turn|2","|","|switch|p1a: Ferrothorn|Ferrothorn, M|351/351","|move|p2a: Nightmare|Stealth Rock|p1a: Ferrothorn","|-sidestart|p1: Guard Wanderer|move: Stealth Rock","|","|turn|3","|","|switch|p2a: Last Thing You See|Terrakion|323/323","|move|p1a: Ferrothorn|Knock Off|p2a: Last Thing You See","|-resisted|p2a: Last Thing You See","|-damage|p2a: Last Thing You See|286/323","|-boost|p2a: Last Thing You See|atk|1|[from] ability: Justified","|-enditem|p2a: Last Thing You See|Choice Band|[from] move: Knock Off|[of] p1a: Ferrothorn","|","|turn|4","|","|move|p2a: Last Thing You See|Close Combat|p1a: Ferrothorn","|-supereffective|p1a: Ferrothorn","|-damage|p1a: Ferrothorn|0 fnt","|-damage|p2a: Last Thing You See|246/323|[from] ability: Iron Barbs|[of] p1a: Ferrothorn","|-damage|p2a: Last Thing You See|193/323|[from] item: Rocky Helmet|[of] p1a: Ferrothorn","|-unboost|p2a: Last Thing You See|def|1","|-unboost|p2a: Last Thing You See|spd|1","|faint|p1a: Ferrothorn","|","|","|switch|p1a: Rotom-Mow|Rotom-Mow|241/241","|-damage|p1a: Rotom-Mow|211/241|[from] Stealth Rock","|turn|5","|","|switch|p2a: Nightmare|Shuckle, F|187/244","|move|p1a: Rotom-Mow|Discharge|p2a: Nightmare","|-damage|p2a: Nightmare|132/244","|-status|p2a: Nightmare|par","|","|turn|6","|","|switch|p1a: Ludicolo|Ludicolo, F|363/363","|-damage|p1a: Ludicolo|318/363|[from] Stealth Rock","|move|p2a: Nightmare|Toxic|p1a: Ludicolo","|-status|p1a: Ludicolo|tox","|","|-damage|p1a: Ludicolo|296/363 tox|[from] psn","|turn|7","|","|move|p1a: Ludicolo|Rain Dance|p1a: Ludicolo","|-weather|RainDance","|move|p2a: Nightmare|Encore|p1a: Ludicolo","|-start|p1a: Ludicolo|Encore","|","|-weather|RainDance|[upkeep]","|-damage|p1a: Ludicolo|252/363 tox|[from] psn","|turn|8","|","|switch|p1a: Serperior|Serperior, F|291/291","|-damage|p1a: Serperior|255/291|[from] Stealth Rock","|switch|p2a: Smash Hit|Omastar, M|281/281","|","|-weather|RainDance|[upkeep]","|turn|9","|","|move|p1a: Serperior|Substitute|p1a: Serperior","|-start|p1a: Serperior|Substitute","|-damage|p1a: Serperior|183/291","|move|p2a: Smash Hit|Ice Beam|p1a: Serperior","|-supereffective|p1a: Serperior","|-end|p1a: Serperior|Substitute","|","|-weather|RainDance|[upkeep]","|turn|10","|","|move|p1a: Serperior|Leaf Storm|p2a: Smash Hit","|-supereffective|p2a: Smash Hit","|-enditem|p2a: Smash Hit|Focus Sash","|-damage|p2a: Smash Hit|1/281","|-boost|p1a: Serperior|spa|2","|move|p2a: Smash Hit|Ice Beam|p1a: Serperior","|-supereffective|p1a: Serperior","|-damage|p1a: Serperior|0 fnt","|faint|p1a: Serperior","|","|-weather|RainDance|[upkeep]","|","|switch|p1a: Cacturne|Cacturne, F|343/343","|-damage|p1a: Cacturne|301/343|[from] Stealth Rock","|turn|11","|","|switch|p2a: Last Thing You See|Terrakion|193/323","|move|p1a: Cacturne|Sucker Punch|p2a: Last Thing You See","|-fail|p1a: Cacturne","|","|-weather|none","|turn|12","|","|move|p1a: Cacturne|Spiky Shield|p1a: Cacturne","|-singleturn|p1a: Cacturne|move: Protect","|move|p2a: Last Thing You See|Close Combat|p1a: Cacturne","|-activate|p1a: Cacturne|Protect","|-damage|p2a: Last Thing You See|153/323|[from] Spiky Shield|[of] p1a: Cacturne","|","|turn|13","|","|switch|p1a: Ludicolo|Ludicolo, F|252/363 tox","|-damage|p1a: Ludicolo|207/363 tox|[from] Stealth Rock","|move|p2a: Last Thing You See|Close Combat|p1a: Ludicolo","|-damage|p1a: Ludicolo|0 fnt","|-unboost|p2a: Last Thing You See|def|1","|-unboost|p2a: Last Thing You See|spd|1","|faint|p1a: Ludicolo","|","|","|switch|p1a: Rotom-Mow|Rotom-Mow|211/241","|-damage|p1a: Rotom-Mow|181/241|[from] Stealth Rock","|turn|14","|","|switch|p1a: Sawsbuck|Sawsbuck, F|301/301","|-damage|p1a: Sawsbuck|264/301|[from] Stealth Rock","|switch|p2a: Nightmare|Shuckle, F|132/244 par","|","|turn|15","|","|move|p1a: Sawsbuck|Seed Bomb|p2a: Nightmare","|-damage|p2a: Nightmare|78/244 par","|move|p2a: Nightmare|Encore|p1a: Sawsbuck","|-start|p1a: Sawsbuck|Encore","|","|turn|16","|","|switch|p2a: Thirsty|Cradily, M|376/376","|move|p1a: Sawsbuck|Seed Bomb|p2a: Thirsty","|-damage|p2a: Thirsty|247/376","|","|-heal|p2a: Thirsty|270/376|[from] item: Leftovers","|turn|17","|","|switch|p1a: Rotom-Mow|Rotom-Mow|181/241","|-damage|p1a: Rotom-Mow|151/241|[from] Stealth Rock","|move|p2a: Thirsty|Toxic|p1a: Rotom-Mow","|-status|p1a: Rotom-Mow|tox","|","|-heal|p2a: Thirsty|293/376|[from] item: Leftovers","|-damage|p1a: Rotom-Mow|136/241 tox|[from] psn","|turn|18","|","|move|p1a: Rotom-Mow|Trick|p2a: Thirsty","|-activate|p1a: Rotom-Mow|move: Trick|[of] p2a: Thirsty","|-item|p2a: Thirsty|Choice Scarf|[from] move: Trick","|-item|p1a: Rotom-Mow|Leftovers|[from] move: Trick","|move|p2a: Thirsty|Recover|p2a: Thirsty","|-heal|p2a: Thirsty|376/376","|","|-heal|p1a: Rotom-Mow|151/241 tox|[from] item: Leftovers","|-damage|p1a: Rotom-Mow|121/241 tox|[from] psn","|turn|19","|","|switch|p2a: Last Thing You See|Terrakion|153/323","|move|p1a: Rotom-Mow|Discharge|p2a: Last Thing You See","|-damage|p2a: Last Thing You See|26/323","|-status|p2a: Last Thing You See|par","|","|-heal|p1a: Rotom-Mow|136/241 tox|[from] item: Leftovers","|-damage|p1a: Rotom-Mow|91/241 tox|[from] psn","|turn|20","|","|switch|p2a: Thirsty|Cradily, M|376/376","|move|p1a: Rotom-Mow|Volt Switch|p2a: Thirsty","|-resisted|p2a: Thirsty","|-damage|p2a: Thirsty|341/376","|","|switch|p1a: Cacturne|Cacturne, F|301/343","|-damage|p1a: Cacturne|259/343|[from] Stealth Rock","|","|turn|21","|","|move|p2a: Thirsty|Toxic|p1a: Cacturne","|-status|p1a: Cacturne|tox","|move|p1a: Cacturne|Swords Dance|p1a: Cacturne","|-boost|p1a: Cacturne|atk|2","|","|-damage|p1a: Cacturne|238/343 tox|[from] psn","|turn|22","|","|switch|p2a: Last Thing You See|Terrakion|26/323 par","|move|p1a: Cacturne|Swords Dance|p1a: Cacturne","|-boost|p1a: Cacturne|atk|2","|","|-damage|p1a: Cacturne|196/343 tox|[from] psn","|turn|23","|","|move|p1a: Cacturne|Sucker Punch|p2a: Last Thing You See","|-resisted|p2a: Last Thing You See","|-damage|p2a: Last Thing You See|0 fnt","|faint|p2a: Last Thing You See","|","|-damage|p1a: Cacturne|133/343 tox|[from] psn","|","|switch|p2a: Smash Hit|Omastar, M|1/281","|turn|24","|","|move|p1a: Cacturne|Spiky Shield|p1a: Cacturne","|-singleturn|p1a: Cacturne|move: Protect","|move|p2a: Smash Hit|Shell Smash|p2a: Smash Hit","|-unboost|p2a: Smash Hit|def|1","|-unboost|p2a: Smash Hit|spd|1","|-boost|p2a: Smash Hit|atk|2","|-boost|p2a: Smash Hit|spa|2","|-boost|p2a: Smash Hit|spe|2","|","|-damage|p1a: Cacturne|49/343 tox|[from] psn","|turn|25","|","|move|p2a: Smash Hit|Shell Smash|p2a: Smash Hit","|-unboost|p2a: Smash Hit|def|1","|-unboost|p2a: Smash Hit|spd|1","|-boost|p2a: Smash Hit|atk|2","|-boost|p2a: Smash Hit|spa|2","|-boost|p2a: Smash Hit|spe|2","|move|p1a: Cacturne|Thunder Punch|p2a: Smash Hit","|-supereffective|p2a: Smash Hit","|-damage|p2a: Smash Hit|0 fnt","|faint|p2a: Smash Hit","|","|-damage|p1a: Cacturne|0 fnt|[from] psn","|faint|p1a: Cacturne","|","|switch|p1a: Rotom-Mow|Rotom-Mow|91/241 tox","|switch|p2a: Unkillable|Rhyperior, F|434/434","|-damage|p1a: Rotom-Mow|61/241 tox|[from] Stealth Rock","|turn|26","|","|switch|p2a: Thirsty|Cradily, M|341/376","|move|p1a: Rotom-Mow|Trick|p2a: Thirsty","|-activate|p1a: Rotom-Mow|move: Trick|[of] p2a: Thirsty","|-item|p2a: Thirsty|Leftovers|[from] move: Trick","|-item|p1a: Rotom-Mow|Choice Scarf|[from] move: Trick","|","|-heal|p2a: Thirsty|364/376|[from] item: Leftovers","|-damage|p1a: Rotom-Mow|46/241 tox|[from] psn","|turn|27","|","|switch|p2a: Tyranitar|Tyranitar, F|341/341","|-weather|Sandstorm","|move|p1a: Rotom-Mow|Trick|p2a: Tyranitar","|-fail|p2a: Tyranitar","|","|-weather|Sandstorm|[upkeep]","|-damage|p1a: Rotom-Mow|31/241 tox|[from] sandstorm","|-damage|p1a: Rotom-Mow|1/241 tox|[from] psn","|turn|28","|","|detailschange|p2a: Tyranitar|Tyranitar-Mega, F","|-mega|p2a: Tyranitar|Tyranitar|Tyranitarite","|move|p1a: Rotom-Mow|Trick|p2a: Tyranitar","|-fail|p2a: Tyranitar","|move|p2a: Tyranitar|Dragon Dance|p2a: Tyranitar","|-boost|p2a: Tyranitar|atk|1","|-boost|p2a: Tyranitar|spe|1","|","|-weather|Sandstorm|[upkeep]","|-damage|p1a: Rotom-Mow|0 fnt|[from] sandstorm","|faint|p1a: Rotom-Mow","|","|switch|p1a: Sawsbuck|Sawsbuck, F|264/301","|-damage|p1a: Sawsbuck|227/301|[from] Stealth Rock","|turn|29","|","|move|p2a: Tyranitar|Ice Punch|p1a: Sawsbuck","|-supereffective|p1a: Sawsbuck","|-damage|p1a: Sawsbuck|0 fnt","|faint|p1a: Sawsbuck","|","|win|Emg E4 Bit"],"p1rating":{"entryid":"9966","serverid":"eos","formatid":"monotype","userid":"guardwanderer","username":"Guard Wanderer","w":"8","l":18,"t":"0","gxe":36.4,"r":"1517.3894601343","rd":"81.691557977629","sigma":"0","rptime":"1440320400","rpr":1393.5309035637,"rprd":64.201288445916,"rpsigma":"0","acre":1000,"lacre":1000,"oldacre":"1000"},"p2rating":{"entryid":"86213","serverid":"eos","formatid":"monotype","userid":"emge4bit","username":"Emg E4 Bit","w":6,"l":"3","t":"0","gxe":56.1,"r":"1549.4867669426","rd":"108.22243883912","sigma":"0","rptime":"1440320400","rpr":1547.9553366487,"rprd":91.78943432891,"rpsigma":"0","acre":1135.8120436605,"lacre":1135.8120436605,"oldacre":"1119.058707482"},"endType":"normal"}