{"seed":[32406,40230,14513,48610],"turns":31,"p1":"Guard Wanderer","p2":"BitTrippy","p1team":[{"name":"Ferrothorn","species":"Ferrothorn","item":"rockyhelmet","ability":"Iron Barbs","moves":["knockoff","stealthrock","thunderwave","sunnyday"],"nature":"Relaxed","evs":{"hp":248,"atk":8,"def":252,"spa":0,"spd":0,"spe":0},"ivs":{"hp":31,"atk":31,"def":31,"spa":31,"spd":31,"spe":0}},{"name":"Rotom-Mow","species":"Rotom-Mow","item":"choicescarf","ability":"Levitate","moves":["trick","chargebeam","leafstorm","voltswitch"],"nature":"Timid","evs":{"hp":0,"atk":0,"def":0,"spa":252,"spd":4,"spe":252},"ivs":{"hp":31,"atk":31,"def":31,"spa":31,"spd":31,"spe":31}},{"name":"Ludicolo","species":"Ludicolo","item":"bindingband","ability":"Rain Dish","moves":["raindance","scald","leechseed","whirlpool"],"nature":"Modest","evs":{"hp":248,"atk":0,"def":0,"spa":252,"spd":8,"spe":0},"ivs":{"hp":31,"atk":31,"def":31,"spa":31,"spd":31,"spe":31}},{"name":"Gogoat","species":"Gogoat","item":"bigroot","ability":"Sap Sipper","moves":["hornleech","wildcharge","milkdrink","bulkup"],"nature":"Careful","evs":{"hp":248,"atk":8,"def":0,"spa":0,"spd":252,"spe":0},"ivs":{"hp":31,"atk":31,"def":31,"spa":31,"spd":31,"spe":31}},{"name":"Sawsbuck","species":"Sawsbuck","item":"silkscarf","ability":"Chlorophyll","moves":["return","seedbomb","retaliate","thunderwave"],"nature":"Adamant","evs":{"hp":0,"atk":252,"def":0,"spa":0,"spd":4,"spe":252},"ivs":{"hp":31,"atk":31,"def":31,"spa":31,"spd":31,"spe":31}},{"name":"Venusaur","species":"Venusaur","item":"venusaurite","ability":"Overgrow","moves":["grassyterrain","charm","amnesia","gigadrain"],"nature":"Calm","evs":{"hp":248,"atk":0,"def":8,"spa":0,"spd":252,"spe":0},"ivs":{"hp":31,"atk":31,"def":31,"spa":31,"spd":31,"spe":31}}],"p2team":[{"name":"One Shot?","species":"chansey","item":"eviolite","ability":"Natural Cure","moves":["toxic","softboiled","seismictoss","healbell"],"nature":"Bold","evs":{"hp":248,"atk":0,"def":252,"spa":0,"spd":8,"spe":0},"ivs":{"hp":31,"atk":31,"def":31,"spa":31,"spd":31,"spe":31}},{"name":"'murica fk yeah!","species":"braviary","item":"leftovers","ability":"Defiant","moves":["bravebird","bulkup","facade","roost"],"nature":"Careful","evs":{"hp":252,"atk":4,"def":0,"spa":0,"spd":252,"spe":0},"ivs":{"hp":31,"atk":31,"def":31,"spa":31,"spd":31,"spe":31}},{"name":"Alluhu Akbar","species":"staraptor","item":"choicescarf","ability":"Reckless","moves":["bravebird","doubleedge","finalgambit","uturn"],"nature":"Jolly","evs":{"hp":0,"atk":252,"def":0,"spa":0,"spd":4,"spe":252},"ivs":{"hp":31,"atk":31,"def":31,"spa":31,"spd":31,"spe":31}},{"name":"Brooklyn Slut","species":"lopunny","item":"lopunnite","ability":"Cute Charm","moves":["fakeout","highjumpkick","facade","poweruppunch"],"nature":"Jolly","evs":{"hp":0,"atk":252,"def":0,"spa":0,"spd":4,"spe":252},"gender":"F","ivs":{"hp":31,"atk":31,"def":31,"spa":31,"spd":31,"spe":31}},{"name":"Duck. EXE 2.0","species":"porygon2","item":"eviolite","ability":"Trace","moves":["thunderwave","triattack","recover","icebeam"],"nature":"Bold","evs":{"hp":252,"atk":0,"def":104,"spa":0,"spd":152,"spe":0},"ivs":{"hp":31,"atk":31,"def":31,"spa":31,"spd":31,"spe":31}},{"name":"Niggersby","species":"diggersby","item":"focussash","ability":"Huge Power","moves":["return","earthquake","quickattack","firepunch"],"nature":"Adamant","evs":{"hp":4,"atk":252,"def":0,"spa":0,"spd":0,"spe":252},"gender":"M","ivs":{"hp":31,"atk":31,"def":31,"spa":31,"spd":31,"spe":31}}],"log":["|player|p1|Guard Wanderer|235","|player|p2|BitTrippy|92","|gametype|singles","|gen|6","|tier|Monotype","|rated","|rule|Baton Pass Clause: Limit one Baton Passer, can't pass Spe and other stats simultaneously","|rule|Swagger Clause: Swagger is banned","|rule|Same Type Clause: Pokémon in a team must share a type","|clearpoke","|poke|p1|Ferrothorn, F","|poke|p1|Rotom-Mow","|poke|p1|Ludicolo, M","|poke|p1|Gogoat, F","|poke|p1|Sawsbuck, F","|poke|p1|Venusaur, M","|poke|p2|Chansey, F","|poke|p2|Braviary, M","|poke|p2|Staraptor, M","|poke|p2|Lopunny, F","|poke|p2|Porygon2","|poke|p2|Diggersby, M","|rule|Sleep Clause Mod: Limit one foe put to sleep","|rule|Species Clause: Limit one of each Pokémon","|rule|OHKO Clause: OHKO moves are banned","|rule|Moody Clause: Moody is banned","|rule|Evasion Moves Clause: Evasion moves are banned","|rule|Endless Battle Clause: Forcing endless battles is banned","|rule|HP Percentage Mod: HP is shown in percentages","|teampreview","|","|start","|switch|p1a: Rotom-Mow|Rotom-Mow|241/241","|switch|p2a: Niggersby|Diggersby, M|312/312","|turn|1","|","|move|p1a: Rotom-Mow|Leaf Storm|p2a: Niggersby","|-supereffective|p2a: Niggersby","|-enditem|p2a: Niggersby|Focus Sash","|-damage|p2a: Niggersby|1/312","|-unboost|p1a: Rotom-Mow|spa|2","|move|p2a: Niggersby|Return|p1a: Rotom-Mow","|-damage|p1a: Rotom-Mow|31/241","|","|turn|2","|","|switch|p1a: Ferrothorn|Ferrothorn, F|351/351","|move|p2a: Niggersby|Quick Attack|p1a: Ferrothorn","|-resisted|p1a: Ferrothorn","|-damage|p1a: Ferrothorn|323/351","|-damage|p2a: Niggersby|0 fnt|[from] ability: Iron Barbs|[of] p1a: Ferrothorn","|faint|p2a: Niggersby","|","|","|switch|p2a: One Shot?|Chansey, F|703/703","|turn|3","|","|move|p2a: One Shot?|Seismic Toss|p1a: Ferrothorn","|-damage|p1a: Ferrothorn|223/351","|-damage|p2a: One Shot?|616/703|[from] ability: Iron Barbs|[of] p1a: Ferrothorn","|-damage|p2a: One Shot?|499/703|[from] item: Rocky Helmet|[of] p1a: Ferrothorn","|move|p1a: Ferrothorn|Knock Off|p2a: One Shot?","|-damage|p2a: One Shot?|394/703","|-enditem|p2a: One Shot?|Eviolite|[from] move: Knock Off|[of] p1a: Ferrothorn","|","|turn|4","|","|move|p2a: One Shot?|Seismic Toss|p1a: Ferrothorn","|-damage|p1a: Ferrothorn|123/351","|-damage|p2a: One Shot?|307/703|[from] ability: Iron Barbs|[of] p1a: Ferrothorn","|-damage|p2a: One Shot?|190/703|[from] item: Rocky Helmet|[of] p1a: Ferrothorn","|move|p1a: Ferrothorn|Stealth Rock|p2a: One Shot?","|-sidestart|p2: BitTrippy|move: Stealth Rock","|","|turn|5","|","|move|p2a: One Shot?|Seismic Toss|p1a: Ferrothorn","|-damage|p1a: Ferrothorn|23/351","|-damage|p2a: One Shot?|103/703|[from] ability: Iron Barbs|[of] p1a: Ferrothorn","|-damage|p2a: One Shot?|0 fnt|[from] item: Rocky Helmet|[of] p1a: Ferrothorn","|faint|p2a: One Shot?","|move|p1a: Ferrothorn|Sunny Day|p1a: Ferrothorn","|-weather|SunnyDay","|","|-weather|SunnyDay|[upkeep]","|","|switch|p2a: Duck. EXE 2.0|Porygon2|374/374","|-damage|p2a: Duck. EXE 2.0|328/374|[from] Stealth Rock","|-ability|p2a: Duck. EXE 2.0|Iron Barbs|[from] ability: Trace|[of] p1a: Ferrothorn","|turn|6","|","|move|p2a: Duck. EXE 2.0|Thunder Wave|p1a: Ferrothorn","|-status|p1a: Ferrothorn|par","|move|p1a: Ferrothorn|Knock Off|p2a: Duck. EXE 2.0","|-damage|p2a: Duck. EXE 2.0|282/374","|-damage|p1a: Ferrothorn|0 fnt|[from] ability: Iron Barbs|[of] p2a: Duck. EXE 2.0","|faint|p1a: Ferrothorn","|","|-weather|SunnyDay|[upkeep]","|","|switch|p1a: Venusaur|Venusaur, M|363/363","|turn|7","|","|detailschange|p1a: Venusaur|Venusaur-Mega, M","|-mega|p1a: Venusaur|Venusaur|Venusaurite","|move|p1a: Venusaur|Grassy Terrain|p1a: Venusaur","|-fieldstart|move: Grassy Terrain","|move|p2a: Duck. EXE 2.0|Thunder Wave|p1a: Venusaur","|-status|p1a: Venusaur|par","|","|-weather|SunnyDay|[upkeep]","|-heal|p2a: Duck. EXE 2.0|305/374|[from] Grassy Terrain","|turn|8","|","|switch|p1a: Gogoat|Gogoat, F|449/449","|move|p2a: Duck. EXE 2.0|Tri Attack|p1a: Gogoat","|-damage|p1a: Gogoat|373/449","|","|-weather|SunnyDay|[upkeep]","|-heal|p1a: Gogoat|401/449|[from] Grassy Terrain","|-heal|p2a: Duck. EXE 2.0|328/374|[from] Grassy Terrain","|turn|9","|","|move|p1a: Gogoat|Bulk Up|p1a: Gogoat","|-boost|p1a: Gogoat|atk|1","|-boost|p1a: Gogoat|def|1","|move|p2a: Duck. EXE 2.0|Thunder Wave|p1a: Gogoat","|-status|p1a: Gogoat|par","|","|-weather|none","|-heal|p1a: Gogoat|429/449 par|[from] Grassy Terrain","|-heal|p2a: Duck. EXE 2.0|351/374|[from] Grassy Terrain","|turn|10","|","|move|p2a: Duck. EXE 2.0|Ice Beam|p1a: Gogoat","|-supereffective|p1a: Gogoat","|-damage|p1a: Gogoat|303/449 par","|cant|p1a: Gogoat|par","|","|-heal|p1a: Gogoat|331/449 par|[from] Grassy Terrain","|-heal|p2a: Duck. EXE 2.0|374/374|[from] Grassy Terrain","|turn|11","|","|move|p2a: Duck. EXE 2.0|Ice Beam|p1a: Gogoat","|-supereffective|p1a: Gogoat","|-damage|p1a: Gogoat|215/449 par","|cant|p1a: Gogoat|par","|","|-fieldend|move: Grassy Terrain","|turn|12","|","|move|p2a: Duck. EXE 2.0|Ice Beam|p1a: Gogoat","|-supereffective|p1a: Gogoat","|-damage|p1a: Gogoat|95/449 par","|move|p1a: Gogoat|Milk Drink|p1a: Gogoat","|-heal|p1a: Gogoat|320/449 par","|","|turn|13","|","|move|p2a: Duck. EXE 2.0|Ice Beam|p1a: Gogoat","|-supereffective|p1a: Gogoat","|-damage|p1a: Gogoat|206/449 par","|cant|p1a: Gogoat|par","|","|turn|14","|","|move|p2a: Duck. EXE 2.0|Ice Beam|p1a: Gogoat","|-supereffective|p1a: Gogoat","|-damage|p1a: Gogoat|82/449 par","|move|p1a: Gogoat|Horn Leech|p2a: Duck. EXE 2.0","|-damage|p2a: Duck. EXE 2.0|290/374","|-heal|p1a: Gogoat|137/449 par|[from] drain|[of] p2a: Duck. EXE 2.0","|-damage|p1a: Gogoat|81/449 par|[from] ability: Iron Barbs|[of] p2a: Duck. EXE 2.0","|","|turn|15","|","|move|p2a: Duck. EXE 2.0|Ice Beam|p1a: Gogoat","|-supereffective|p1a: Gogoat","|-damage|p1a: Gogoat|0 fnt","|faint|p1a: Gogoat","|","|","|switch|p1a: Rotom-Mow|Rotom-Mow|31/241","|turn|16","|","|move|p1a: Rotom-Mow|Trick|p2a: Duck. EXE 2.0","|-activate|p1a: Rotom-Mow|move: Trick|[of] p2a: Duck. EXE 2.0","|-item|p2a: Duck. EXE 2.0|Choice Scarf|[from] move: Trick","|-item|p1a: Rotom-Mow|Eviolite|[from] move: Trick","|move|p2a: Duck. EXE 2.0|Ice Beam|p1a: Rotom-Mow","|-supereffective|p1a: Rotom-Mow","|-damage|p1a: Rotom-Mow|0 fnt","|faint|p1a: Rotom-Mow","|","|","|switch|p1a: Venusaur|Venusaur-Mega, M|363/363 par","|turn|17","|","|move|p2a: Duck. EXE 2.0|Ice Beam|p1a: Venusaur","|-supereffective|p1a: Venusaur","|-damage|p1a: Venusaur|319/363 par","|move|p1a: Venusaur|Charm|p2a: Duck. EXE 2.0","|-unboost|p2a: Duck. EXE 2.0|atk|2","|","|turn|18","|","|move|p2a: Duck. EXE 2.0|Ice Beam|p1a: Venusaur","|-supereffective|p1a: Venusaur","|-damage|p1a: Venusaur|269/363 par","|move|p1a: Venusaur|Grassy Terrain|p1a: Venusaur","|-fieldstart|move: Grassy Terrain","|","|-heal|p1a: Venusaur|291/363 par|[from] Grassy Terrain","|-heal|p2a: Duck. EXE 2.0|313/374|[from] Grassy Terrain","|turn|19","|","|move|p2a: Duck. EXE 2.0|Ice Beam|p1a: Venusaur","|-supereffective|p1a: Venusaur","|-damage|p1a: Venusaur|247/363 par","|cant|p1a: Venusaur|par","|","|-heal|p1a: Venusaur|269/363 par|[from] Grassy Terrain","|-heal|p2a: Duck. EXE 2.0|336/374|[from] Grassy Terrain","|turn|20","|","|move|p2a: Duck. EXE 2.0|Ice Beam|p1a: Venusaur","|-supereffective|p1a: Venusaur","|-damage|p1a: Venusaur|219/363 par","|cant|p1a: Venusaur|par","|","|-heal|p1a: Venusaur|241/363 par|[from] Grassy Terrain","|-heal|p2a: Duck. EXE 2.0|359/374|[from] Grassy Terrain","|turn|21","|","|move|p2a: Duck. EXE 2.0|Ice Beam|p1a: Venusaur","|-crit|p1a: Venusaur","|-supereffective|p1a: Venusaur","|-damage|p1a: Venusaur|167/363 par","|cant|p1a: Venusaur|par","|","|-heal|p1a: Venusaur|189/363 par|[from] Grassy Terrain","|-heal|p2a: Duck. EXE 2.0|374/374|[from] Grassy Terrain","|turn|22","|","|move|p2a: Duck. EXE 2.0|Ice Beam|p1a: Venusaur","|-supereffective|p1a: Venusaur","|-damage|p1a: Venusaur|137/363 par","|move|p1a: Venusaur|Amnesia|p1a: Venusaur","|-boost|p1a: Venusaur|spd|2","|","|-fieldend|move: Grassy Terrain","|turn|23","|","|move|p2a: Duck. EXE 2.0|Ice Beam|p1a: Venusaur","|-supereffective|p1a: Venusaur","|-damage|p1a: Venusaur|113/363 par","|cant|p1a: Venusaur|par","|","|turn|24","|","|move|p2a: Duck. EXE 2.0|Ice Beam|p1a: Venusaur","|-supereffective|p1a: Venusaur","|-damage|p1a: Venusaur|89/363 par","|cant|p1a: Venusaur|par","|","|turn|25","|","|move|p2a: Duck. EXE 2.0|Ice Beam|p1a: Venusaur","|-supereffective|p1a: Venusaur","|-damage|p1a: Venusaur|65/363 par","|cant|p1a: Venusaur|par","|","|turn|26","|","|-activate|p2a: Duck. EXE 2.0|move: Struggle","|move|p2a: Duck. EXE 2.0|Struggle|p1a: Venusaur","|-damage|p1a: Venusaur|52/363 par","|-damage|p2a: Duck. EXE 2.0|281/374|[from] recoil","|move|p1a: Venusaur|Giga Drain|p2a: Duck. EXE 2.0","|-damage|p2a: Duck. EXE 2.0|182/374","|-heal|p1a: Venusaur|102/363 par|[from] drain|[of] p2a: Duck. EXE 2.0","|","|turn|27","|","|-activate|p2a: Duck. EXE 2.0|move: Struggle","|move|p2a: Duck. EXE 2.0|Struggle|p1a: Venusaur","|-damage|p1a: Venusaur|89/363 par","|-damage|p2a: Duck. EXE 2.0|89/374|[from] recoil","|move|p1a: Venusaur|Grassy Terrain|p1a: Venusaur","|-fieldstart|move: Grassy Terrain","|","|-heal|p1a: Venusaur|111/363 par|[from] Grassy Terrain","|-heal|p2a: Duck. EXE 2.0|112/374|[from] Grassy Terrain","|turn|28","|","|-activate|p2a: Duck. EXE 2.0|move: Struggle","|move|p2a: Duck. EXE 2.0|Struggle|p1a: Venusaur","|-crit|p1a: Venusaur","|-damage|p1a: Venusaur|73/363 par","|-damage|p2a: Duck. EXE 2.0|19/374|[from] recoil","|move|p1a: Venusaur|Giga Drain|p2a: Duck. EXE 2.0","|-crit|p2a: Duck. EXE 2.0","|-damage|p2a: Duck. EXE 2.0|0 fnt","|-heal|p1a: Venusaur|83/363 par|[from] drain|[of] p2a: Duck. EXE 2.0","|faint|p2a: Duck. EXE 2.0","|","|-heal|p1a: Venusaur|105/363 par|[from] Grassy Terrain","|","|switch|p2a: Alluhu Akbar|Staraptor, M|311/311","|-damage|p2a: Alluhu Akbar|234/311|[from] Stealth Rock","|turn|29","|","|move|p2a: Alluhu Akbar|Brave Bird|p1a: Venusaur","|-supereffective|p1a: Venusaur","|-damage|p1a: Venusaur|0 fnt","|-damage|p2a: Alluhu Akbar|199/311|[from] recoil|[of] p1a: Venusaur","|faint|p1a: Venusaur","|","|","|switch|p1a: Sawsbuck|Sawsbuck, F|301/301","|turn|30","|","|move|p2a: Alluhu Akbar|Brave Bird|p1a: Sawsbuck","|-supereffective|p1a: Sawsbuck","|-damage|p1a: Sawsbuck|0 fnt","|-damage|p2a: Alluhu Akbar|100/311|[from] recoil|[of] p1a: Sawsbuck","|faint|p1a: Sawsbuck","|","|","|switch|p1a: Ludicolo|Ludicolo, M|363/363","|turn|31","|","|move|p2a: Alluhu Akbar|Brave Bird|p1a: Ludicolo","|-supereffective|p1a: Ludicolo","|-damage|p1a: Ludicolo|0 fnt","|-damage|p2a: Alluhu Akbar|0 fnt|[from] recoil|[of] p1a: Ludicolo","|faint|p1a: Ludicolo","|faint|p2a: Alluhu Akbar","|","|win|BitTrippy"],"p1rating":{"entryid":"9966","serverid":"eos","formatid":"monotype","userid":"guardwanderer","username":"Guard Wanderer","w":"8","l":13,"t":"0","gxe":42.5,"r":"1517.3894601343","rd":"81.691557977629","sigma":"0","rptime":"1440320400","rpr":1441.7801717732,"rprd":69.484168509798,"rpsigma":"0","acre":1009.9815909161,"lacre":1009.9815909161,"oldacre":"1022.7240076798"},"p2rating":{"entryid":"358118","serverid":"eos","formatid":"monotype","userid":"bittrippy","username":"BitTrippy","w":2,"l":"2","t":"0","gxe":49.5,"r":"1500","rd":"130","sigma":"0","rptime":"1440320400","rpr":1496.4172683246,"rprd":106.49275322265,"rpsigma":"0","acre":1072.3107656835,"lacre":1072.3107656835,"oldacre":"1040"},"endType":"normal"}