{"seed":[27260,60584,24920,35924],"turns":19,"p1":"Emg_DemZii","p2":"Alliance ♋ akaFila","p1team":[{"name":"Terrakion","species":"Terrakion","item":"choiceband","ability":"Justified","moves":["closecombat","stoneedge","earthquake","aerialace"],"nature":"Jolly","evs":{"hp":0,"atk":252,"def":0,"spa":0,"spd":4,"spe":252},"ivs":{"hp":31,"atk":31,"def":31,"spa":31,"spd":31,"spe":31}},{"name":"Shuckle","species":"Shuckle","item":"mentalherb","ability":"Sturdy","moves":["stealthrock","stickyweb","toxic","knockoff"],"nature":"Careful","evs":{"hp":248,"atk":8,"def":0,"spa":0,"spd":252,"spe":0},"ivs":{"hp":31,"atk":31,"def":31,"spa":31,"spd":31,"spe":31}},{"name":"Rhyperior","species":"Rhyperior","item":"weaknesspolicy","ability":"Solid Rock","moves":["rockpolish","stoneedge","drillrun","aquatail"],"nature":"Naughty","evs":{"hp":0,"atk":252,"def":252,"spa":0,"spd":0,"spe":0},"ivs":{"hp":31,"atk":31,"def":31,"spa":31,"spd":31,"spe":31}},{"name":"Cradily","species":"Cradily","item":"leftovers","ability":"Storm Drain","moves":["energyball","toxic","gigadrain","gastroacid"],"nature":"Calm","evs":{"hp":252,"atk":0,"def":0,"spa":4,"spd":252,"spe":0},"ivs":{"hp":31,"atk":31,"def":31,"spa":31,"spd":31,"spe":31}},{"name":"Aurorus","species":"Aurorus","item":"assaultvest","ability":"Refrigerate","moves":["freezedry","earthquake","hypervoice","icebeam"],"nature":"Mild","evs":{"hp":248,"atk":8,"def":0,"spa":252,"spd":0,"spe":0},"ivs":{"hp":31,"atk":31,"def":31,"spa":31,"spd":31,"spe":31}},{"name":"Lunatone","species":"Lunatone","item":"focussash","ability":"Levitate","moves":["reflect","moonblast","toxic","lightscreen"],"nature":"Calm","evs":{"hp":248,"atk":0,"def":0,"spa":8,"spd":252,"spe":0},"ivs":{"hp":31,"atk":31,"def":31,"spa":31,"spd":31,"spe":31}}],"p2team":[{"name":"Landorus","species":"Landorus","item":"lifeorb","ability":"Sheer Force","moves":["earthpower","focusblast","psychic","gravity"],"nature":"Timid","evs":{"hp":0,"atk":0,"def":0,"spa":252,"spd":4,"spe":252},"ivs":{"hp":31,"atk":31,"def":31,"spa":31,"spd":31,"spe":31}},{"name":"Zygarde","species":"Zygarde","item":"leftovers","ability":"Aura Break","moves":["coil","earthquake","crunch","extremespeed"],"nature":"Impish","evs":{"hp":200,"atk":0,"def":252,"spa":0,"spd":0,"spe":56},"ivs":{"hp":31,"atk":31,"def":31,"spa":31,"spd":31,"spe":31}},{"name":"Mamoswine","species":"Mamoswine","item":"focussash","ability":"Thick Fat","moves":["stealthrock","freezedry","earthquake","iceshard"],"nature":"Naive","evs":{"hp":0,"atk":252,"def":0,"spa":6,"spd":0,"spe":252},"ivs":{"hp":31,"atk":31,"def":31,"spa":31,"spd":31,"spe":31}},{"name":"Gastrodon","species":"Gastrodon","item":"leftovers","ability":"Storm Drain","moves":["scald","stockpile","toxic","recover"],"nature":"Calm","evs":{"hp":252,"atk":0,"def":120,"spa":0,"spd":136,"spe":0},"gender":"F","shiny":true,"ivs":{"hp":31,"atk":31,"def":31,"spa":31,"spd":31,"spe":31}},{"name":"Torterra","species":"Torterra","item":"salacberry","ability":"Overgrow","moves":["rockpolish","seedbomb","earthquake","facade"],"nature":"Adamant","evs":{"hp":0,"atk":252,"def":0,"spa":0,"spd":4,"spe":252},"happiness":0,"ivs":{"hp":31,"atk":31,"def":31,"spa":31,"spd":31,"spe":31}},{"name":"Excadrill","species":"Excadrill","item":"choicescarf","ability":"Mold Breaker","moves":["earthquake","ironhead","rockslide","xscissor"],"nature":"Jolly","evs":{"hp":0,"atk":252,"def":0,"spa":0,"spd":4,"spe":252},"ivs":{"hp":31,"atk":31,"def":31,"spa":31,"spd":31,"spe":31}}],"log":["|player|p1|Emg_DemZii|99","|player|p2|Alliance ♋ akaFila|allianceakafila.gif","|gametype|singles","|gen|6","|tier|Monotype","|rated","|rule|Baton Pass Clause: Limit one Baton Passer, can't pass Spe and other stats simultaneously","|rule|Swagger Clause: Swagger is banned","|rule|Same Type Clause: Pokémon in a team must share a type","|clearpoke","|poke|p1|Terrakion","|poke|p1|Shuckle, F","|poke|p1|Rhyperior, F","|poke|p1|Cradily, M","|poke|p1|Aurorus, F","|poke|p1|Lunatone","|poke|p2|Landorus, M","|poke|p2|Zygarde","|poke|p2|Mamoswine, M","|poke|p2|Gastrodon, F, shiny","|poke|p2|Torterra, F","|poke|p2|Excadrill, F","|rule|Sleep Clause Mod: Limit one foe put to sleep","|rule|Species Clause: Limit one of each Pokémon","|rule|OHKO Clause: OHKO moves are banned","|rule|Moody Clause: Moody is banned","|rule|Evasion Moves Clause: Evasion moves are banned","|rule|Endless Battle Clause: Forcing endless battles is banned","|rule|HP Percentage Mod: HP is shown in percentages","|teampreview","|","|start","|switch|p1a: Shuckle|Shuckle, F|243/243","|switch|p2a: Gastrodon|Gastrodon, F, shiny|426/426","|turn|1","|","|move|p2a: Gastrodon|Toxic|p1a: Shuckle","|-status|p1a: Shuckle|tox","|move|p1a: Shuckle|Sticky Web|p2a: Gastrodon","|-sidestart|p2: Alliance ♋ akaFila|move: Sticky Web","|","|-damage|p1a: Shuckle|228/243 tox|[from] psn","|turn|2","|","|switch|p2a: Mamoswine|Mamoswine, M|361/361","|-activate|p2a: Mamoswine|move: Sticky Web","|-unboost|p2a: Mamoswine|spe|1","|move|p1a: Shuckle|Stealth Rock|p2a: Mamoswine","|-sidestart|p2: Alliance ♋ akaFila|move: Stealth Rock","|","|-damage|p1a: Shuckle|198/243 tox|[from] psn","|turn|3","|","|move|p2a: Mamoswine|Stealth Rock|p1a: Shuckle","|-sidestart|p1: Emg_DemZii|move: Stealth Rock","|move|p1a: Shuckle|Knock Off|p2a: Mamoswine","|-damage|p2a: Mamoswine|339/361","|-enditem|p2a: Mamoswine|Focus Sash|[from] move: Knock Off|[of] p1a: Shuckle","|","|-damage|p1a: Shuckle|153/243 tox|[from] psn","|turn|4","|","|move|p2a: Mamoswine|Earthquake|p1a: Shuckle","|-damage|p1a: Shuckle|75/243 tox","|move|p1a: Shuckle|Toxic|p2a: Mamoswine","|-status|p2a: Mamoswine|tox","|","|-damage|p2a: Mamoswine|317/361 tox|[from] psn","|-damage|p1a: Shuckle|15/243 tox|[from] psn","|turn|5","|","|move|p2a: Mamoswine|Earthquake|p1a: Shuckle","|-damage|p1a: Shuckle|0 fnt","|faint|p1a: Shuckle","|","|-damage|p2a: Mamoswine|273/361 tox|[from] psn","|","|switch|p1a: Lunatone|Lunatone|343/343","|-damage|p1a: Lunatone|301/343|[from] Stealth Rock","|turn|6","|","|switch|p2a: Gastrodon|Gastrodon, F, shiny|426/426","|-damage|p2a: Gastrodon|400/426|[from] Stealth Rock","|-activate|p2a: Gastrodon|move: Sticky Web","|-unboost|p2a: Gastrodon|spe|1","|move|p1a: Lunatone|Reflect|p1a: Lunatone","|-sidestart|p1: Emg_DemZii|Reflect","|","|-heal|p2a: Gastrodon|426/426|[from] item: Leftovers","|turn|7","|","|move|p1a: Lunatone|Light Screen|p1a: Lunatone","|-sidestart|p1: Emg_DemZii|move: Light Screen","|move|p2a: Gastrodon|Toxic|p1a: Lunatone","|-status|p1a: Lunatone|tox","|","|-damage|p1a: Lunatone|280/343 tox|[from] psn","|turn|8","|","|switch|p1a: Cradily|Cradily, M|376/376","|-damage|p1a: Cradily|329/376|[from] Stealth Rock","|move|p2a: Gastrodon|Stockpile|p2a: Gastrodon","|-start|p2a: Gastrodon|stockpile1","|-boost|p2a: Gastrodon|def|1","|-boost|p2a: Gastrodon|spd|1","|","|-heal|p1a: Cradily|352/376|[from] item: Leftovers","|turn|9","|","|move|p1a: Cradily|Energy Ball|p2a: Gastrodon","|-supereffective|p2a: Gastrodon","|-damage|p2a: Gastrodon|194/426","|-unboost|p2a: Gastrodon|spd|1","|move|p2a: Gastrodon|Toxic|p1a: Cradily","|-status|p1a: Cradily|tox","|","|-heal|p1a: Cradily|375/376 tox|[from] item: Leftovers","|-heal|p2a: Gastrodon|220/426|[from] item: Leftovers","|-damage|p1a: Cradily|352/376 tox|[from] psn","|turn|10","|","|switch|p2a: Torterra|Torterra, F|331/331","|-activate|p2a: Torterra|move: Sticky Web","|-unboost|p2a: Torterra|spe|1","|-damage|p2a: Torterra|311/331|[from] Stealth Rock","|move|p1a: Cradily|Energy Ball|p2a: Torterra","|-damage|p2a: Torterra|209/331","|","|-heal|p1a: Cradily|375/376 tox|[from] item: Leftovers","|-damage|p1a: Cradily|329/376 tox|[from] psn","|-sideend|p1: Emg_DemZii|Reflect","|turn|11","|","|move|p2a: Torterra|Rock Polish|p2a: Torterra","|-boost|p2a: Torterra|spe|2","|move|p1a: Cradily|Toxic|p2a: Torterra","|-status|p2a: Torterra|tox","|","|-heal|p1a: Cradily|352/376 tox|[from] item: Leftovers","|-damage|p2a: Torterra|189/331 tox|[from] psn","|-damage|p1a: Cradily|283/376 tox|[from] psn","|-sideend|p1: Emg_DemZii|move: Light Screen","|turn|12","|","|move|p2a: Torterra|Seed Bomb|p1a: Cradily","|-damage|p1a: Cradily|135/376 tox","|move|p1a: Cradily|Energy Ball|p2a: Torterra","|-damage|p2a: Torterra|87/331 tox","|","|-heal|p1a: Cradily|158/376 tox|[from] item: Leftovers","|-damage|p2a: Torterra|47/331 tox|[from] psn","|-damage|p1a: Cradily|66/376 tox|[from] psn","|-enditem|p2a: Torterra|Salac Berry|[eat]","|-boost|p2a: Torterra|spe|1|[from] item: Salac Berry","|turn|13","|","|switch|p1a: Lunatone|Lunatone|280/343 tox","|-damage|p1a: Lunatone|238/343 tox|[from] Stealth Rock","|move|p2a: Torterra|Seed Bomb|p1a: Lunatone","|-supereffective|p1a: Lunatone","|-damage|p1a: Lunatone|0 fnt","|faint|p1a: Lunatone","|","|-damage|p2a: Torterra|0 fnt|[from] psn","|faint|p2a: Torterra","|","|switch|p2a: Mamoswine|Mamoswine, M|273/361 tox","|switch|p1a: Cradily|Cradily, M|66/376 tox","|-damage|p2a: Mamoswine|228/361 tox|[from] Stealth Rock","|-activate|p2a: Mamoswine|move: Sticky Web","|-unboost|p2a: Mamoswine|spe|1","|-damage|p1a: Cradily|19/376 tox|[from] Stealth Rock","|turn|14","|","|move|p2a: Mamoswine|Ice Shard|p1a: Cradily","|-supereffective|p1a: Cradily","|-damage|p1a: Cradily|0 fnt","|faint|p1a: Cradily","|","|-damage|p2a: Mamoswine|206/361 tox|[from] psn","|","|switch|p1a: Rhyperior|Rhyperior, F|371/371","|-damage|p1a: Rhyperior|348/371|[from] Stealth Rock","|turn|15","|","|move|p2a: Mamoswine|Freeze-Dry|p1a: Rhyperior","|-supereffective|p1a: Rhyperior","|-damage|p1a: Rhyperior|177/371","|-enditem|p1a: Rhyperior|Weakness Policy","|-boost|p1a: Rhyperior|atk|2|[from] item: Weakness Policy","|-boost|p1a: Rhyperior|spa|2|[from] item: Weakness Policy","|move|p1a: Rhyperior|Rock Polish|p1a: Rhyperior","|-boost|p1a: Rhyperior|spe|2","|","|-damage|p2a: Mamoswine|162/361 tox|[from] psn","|turn|16","|","|move|p2a: Mamoswine|Ice Shard|p1a: Rhyperior","|-supereffective|p1a: Rhyperior","|-damage|p1a: Rhyperior|105/371","|move|p1a: Rhyperior|Stone Edge|p2a: Mamoswine","|-damage|p2a: Mamoswine|0 fnt","|faint|p2a: Mamoswine","|","|","|switch|p2a: Zygarde|Zygarde|407/407","|-activate|p2a: Zygarde|move: Sticky Web","|-unboost|p2a: Zygarde|spe|1","|-damage|p2a: Zygarde|382/407|[from] Stealth Rock","|-ability|p2a: Zygarde|Aura Break","|turn|17","|","|move|p1a: Rhyperior|Drill Run|p2a: Zygarde","|-damage|p2a: Zygarde|156/407","|move|p2a: Zygarde|Earthquake|p1a: Rhyperior","|-supereffective|p1a: Rhyperior","|-damage|p1a: Rhyperior|0 fnt","|faint|p1a: Rhyperior","|","|-heal|p2a: Zygarde|181/407|[from] item: Leftovers","|","|switch|p1a: Aurorus|Aurorus, F|449/449","|-damage|p1a: Aurorus|337/449|[from] Stealth Rock","|turn|18","|","|move|p2a: Zygarde|Earthquake|p1a: Aurorus","|-supereffective|p1a: Aurorus","|-damage|p1a: Aurorus|0 fnt","|faint|p1a: Aurorus","|","|-heal|p2a: Zygarde|206/407|[from] item: Leftovers","|","|switch|p1a: Terrakion|Terrakion|323/323","|-damage|p1a: Terrakion|303/323|[from] Stealth Rock","|turn|19","|","|move|p1a: Terrakion|Close Combat|p2a: Zygarde","|-damage|p2a: Zygarde|1/407","|-unboost|p1a: Terrakion|def|1","|-unboost|p1a: Terrakion|spd|1","|move|p2a: Zygarde|Earthquake|p1a: Terrakion","|-supereffective|p1a: Terrakion","|-damage|p1a: Terrakion|0 fnt","|faint|p1a: Terrakion","|","|win|Alliance ♋ akaFila"],"p1rating":{"entryid":"62993","serverid":"eos","formatid":"monotype","userid":"emgdemzii","username":"Emg_DemZii","w":"7","l":18,"t":"0","gxe":32.1,"r":"1368.3245123881","rd":"69.303429310094","sigma":"0","rptime":"1440320400","rpr":1356.4844903434,"rprd":65.116175759811,"rpsigma":"0","acre":1031.0188805322,"lacre":1031.0188805322,"oldacre":"1044.9006031616"},"p2rating":{"entryid":"126995","serverid":"eos","formatid":"monotype","userid":"allianceakafila","username":"Alliance ♋ akaFila","w":10,"l":"8","t":"0","gxe":53.5,"r":"1495.434966216","rd":"83.189535821743","sigma":"0","rptime":"1440320400","rpr":1526.5682921464,"rprd":73.210315988082,"rpsigma":"0","acre":1125.4608087208,"lacre":1125.4608087208,"oldacre":"1104.7233608851"},"endType":"normal"}