{"seed":[53200,43811,50996,5739],"turns":30,"p1":"Silver LadyLaxus","p2":"Shining Yin","p1team":[{"name":"Hocus","species":"murkrow","item":"eviolite","ability":"Prankster","moves":["roost","featherdance","calmmind","darkpulse"],"nature":"Bold","evs":{"hp":252,"atk":0,"def":100,"spa":0,"spd":156,"spe":0},"gender":"M","ivs":{"hp":31,"atk":31,"def":31,"spa":31,"spd":31,"spe":31}},{"name":"Kacy","species":"weavile","item":"focussash","ability":"Pressure","moves":["swordsdance","iceshard","iciclecrash","knockoff"],"nature":"Jolly","evs":{"hp":4,"atk":252,"def":0,"spa":0,"spd":0,"spe":252},"gender":"F","shiny":true,"ivs":{"hp":31,"atk":31,"def":31,"spa":31,"spd":31,"spe":31}},{"name":"Sharpedo.exe","species":"sharpedo","item":"focussash","ability":"Speed Boost","moves":["crunch","destinybond","protect","waterfall"],"nature":"Adamant","evs":{"hp":4,"atk":0,"def":0,"spa":0,"spd":0,"spe":252},"ivs":{"hp":31,"atk":31,"def":31,"spa":31,"spd":31,"spe":31}},{"name":"Hail Hydra","species":"hydreigon","item":"choicespecs","ability":"Levitate","moves":["dracometeor","flashcannon","darkpulse","flamethrower"],"nature":"Timid","evs":{"hp":4,"atk":0,"def":0,"spa":252,"spd":0,"spe":252},"ivs":{"hp":31,"atk":31,"def":31,"spa":31,"spd":31,"spe":31}},{"name":"Reapurr","species":"liepard","item":"focussash","ability":"Limber","moves":["gunkshot","knockoff","playrough","uturn"],"nature":"Jolly","evs":{"hp":4,"atk":0,"def":0,"spa":0,"spd":0,"spe":252},"ivs":{"hp":31,"atk":31,"def":31,"spa":31,"spd":31,"spe":31}},{"name":"Sand Dargon","species":"tyranitar","item":"tyranitarite","ability":"Unnerve","moves":["crunch","brickbreak","dragondance","stoneedge"],"nature":"Adamant","evs":{"hp":4,"atk":252,"def":0,"spa":0,"spd":0,"spe":252},"ivs":{"hp":31,"atk":31,"def":31,"spa":31,"spd":31,"spe":31}}],"p2team":[{"name":"Chansey","species":"Chansey","item":"eviolite","ability":"Natural Cure","moves":["thunderwave","softboiled","seismictoss","stealthrock"],"nature":"Bold","evs":{"hp":0,"atk":0,"def":252,"spa":0,"spd":252,"spe":4},"ivs":{"hp":31,"atk":0,"def":31,"spa":31,"spd":31,"spe":31}},{"name":"Porygon2","species":"Porygon2","item":"eviolite","ability":"Download","moves":["icebeam","discharge","recover","toxic"],"nature":"Calm","evs":{"hp":248,"atk":0,"def":204,"spa":0,"spd":56,"spe":0},"ivs":{"hp":31,"atk":0,"def":31,"spa":31,"spd":31,"spe":31}},{"name":"Pidgeot","species":"Pidgeot","item":"pidgeotite","ability":"Keen Eye","moves":["hurricane","heatwave","defog","roost"],"nature":"Timid","evs":{"hp":0,"atk":0,"def":0,"spa":252,"spd":4,"spe":252},"ivs":{"hp":31,"atk":0,"def":31,"spa":31,"spd":31,"spe":31}},{"name":"Staraptor","species":"Staraptor","item":"choicescarf","ability":"Reckless","moves":["bravebird","uturn","doubleedge","closecombat"],"nature":"Jolly","evs":{"hp":0,"atk":252,"def":0,"spa":0,"spd":4,"spe":252},"ivs":{"hp":31,"atk":31,"def":31,"spa":31,"spd":31,"spe":31}},{"name":"Diggersby","species":"Diggersby","item":"choiceband","ability":"Huge Power","moves":["return","earthquake","knockoff","quickattack"],"nature":"Jolly","evs":{"hp":0,"atk":252,"def":0,"spa":0,"spd":4,"spe":252},"ivs":{"hp":31,"atk":31,"def":31,"spa":31,"spd":31,"spe":31}},{"name":"Heliolisk","species":"Heliolisk","item":"lifeorb","ability":"Dry Skin","moves":["grassknot","thunderbolt","surf","voltswitch"],"nature":"Timid","evs":{"hp":0,"atk":0,"def":0,"spa":252,"spd":4,"spe":252},"ivs":{"hp":31,"atk":0,"def":31,"spa":31,"spd":31,"spe":31}}],"log":["|player|p1|Silver LadyLaxus|100","|player|p2|Shining Yin|277","|gametype|singles","|gen|6","|tier|Monotype","|rated","|rule|Baton Pass Clause: Limit one Baton Passer, can't pass Spe and other stats simultaneously","|rule|Swagger Clause: Swagger is banned","|rule|Same Type Clause: Pokémon in a team must share a type","|clearpoke","|poke|p1|Murkrow, M","|poke|p1|Weavile, F, shiny","|poke|p1|Sharpedo, M","|poke|p1|Hydreigon, F","|poke|p1|Liepard, F","|poke|p1|Tyranitar, M","|poke|p2|Chansey, F","|poke|p2|Porygon2","|poke|p2|Pidgeot, M","|poke|p2|Staraptor, M","|poke|p2|Diggersby, M","|poke|p2|Heliolisk, M","|rule|Sleep Clause Mod: Limit one foe put to sleep","|rule|Species Clause: Limit one of each Pokémon","|rule|OHKO Clause: OHKO moves are banned","|rule|Moody Clause: Moody is banned","|rule|Evasion Moves Clause: Evasion moves are banned","|rule|Endless Battle Clause: Forcing endless battles is banned","|rule|HP Percentage Mod: HP is shown in percentages","|teampreview","|","|start","|switch|p1a: Kacy|Weavile, F, shiny|282/282","|switch|p2a: Staraptor|Staraptor, M|311/311","|-ability|p1a: Kacy|Pressure","|turn|1","|","|move|p2a: Staraptor|Close Combat|p1a: Kacy","|-crit|p1a: Kacy","|-supereffective|p1a: Kacy","|-enditem|p1a: Kacy|Focus Sash","|-damage|p1a: Kacy|1/282","|-unboost|p2a: Staraptor|def|1","|-unboost|p2a: Staraptor|spd|1","|move|p1a: Kacy|Swords Dance|p1a: Kacy","|-boost|p1a: Kacy|atk|2","|","|turn|2","|","|switch|p2a: Pidgeot|Pidgeot, M|307/307","|move|p1a: Kacy|Ice Shard|p2a: Pidgeot","|-supereffective|p2a: Pidgeot","|-damage|p2a: Pidgeot|0 fnt","|faint|p2a: Pidgeot","|","|","|switch|p2a: Porygon2|Porygon2|373/373","|-boost|p2a: Porygon2|atk|1|[from] ability: Download","|turn|3","|","|move|p1a: Kacy|Knock Off|p2a: Porygon2","|-damage|p2a: Porygon2|163/373","|-enditem|p2a: Porygon2|Eviolite|[from] move: Knock Off|[of] p1a: Kacy","|move|p2a: Porygon2|Discharge|p1a: Kacy","|-crit|p1a: Kacy","|-damage|p1a: Kacy|0 fnt","|faint|p1a: Kacy","|","|","|switch|p1a: Hail Hydra|Hydreigon, F|326/326","|turn|4","|","|switch|p2a: Chansey|Chansey, F|641/641","|move|p1a: Hail Hydra|Dark Pulse|p2a: Chansey","|-damage|p2a: Chansey|529/641","|","|turn|5","|","|switch|p1a: Reapurr|Liepard, F|270/270","|move|p2a: Chansey|Stealth Rock|p1a: Reapurr","|-sidestart|p1: Silver LadyLaxus|move: Stealth Rock","|","|turn|6","|","|move|p1a: Reapurr|Knock Off|p2a: Chansey","|-damage|p2a: Chansey|394/641","|-enditem|p2a: Chansey|Eviolite|[from] move: Knock Off|[of] p1a: Reapurr","|move|p2a: Chansey|Thunder Wave|p1a: Reapurr","|-immune|p1a: Reapurr|[msg]","|","|turn|7","|","|move|p1a: Reapurr|U-turn|p2a: Chansey","|-damage|p2a: Chansey|301/641","|","|switch|p1a: Sand Dargon|Tyranitar, M|342/342","|-damage|p1a: Sand Dargon|300/342|[from] Stealth Rock","|-ability|p1a: Sand Dargon|Unnerve|p2: Shining Yin","|move|p2a: Chansey|Soft-Boiled|p2a: Chansey","|-heal|p2a: Chansey|622/641","|","|turn|8","|","|detailschange|p1a: Sand Dargon|Tyranitar-Mega, M","|-mega|p1a: Sand Dargon|Tyranitar|Tyranitarite","|-weather|Sandstorm","|move|p1a: Sand Dargon|Dragon Dance|p1a: Sand Dargon","|-boost|p1a: Sand Dargon|atk|1","|-boost|p1a: Sand Dargon|spe|1","|move|p2a: Chansey|Thunder Wave|p1a: Sand Dargon","|-status|p1a: Sand Dargon|par","|","|-weather|Sandstorm|[upkeep]","|-damage|p2a: Chansey|582/641|[from] sandstorm","|turn|9","|","|switch|p2a: Porygon2|Porygon2|163/373","|-boost|p2a: Porygon2|spa|1|[from] ability: Download","|cant|p1a: Sand Dargon|par","|","|-weather|Sandstorm|[upkeep]","|-damage|p2a: Porygon2|140/373|[from] sandstorm","|turn|10","|","|move|p2a: Porygon2|Discharge|p1a: Sand Dargon","|-damage|p1a: Sand Dargon|249/342 par","|move|p1a: Sand Dargon|Brick Break|p2a: Porygon2","|-supereffective|p2a: Porygon2","|-damage|p2a: Porygon2|0 fnt","|faint|p2a: Porygon2","|","|-weather|Sandstorm|[upkeep]","|","|switch|p2a: Staraptor|Staraptor, M|311/311","|turn|11","|","|switch|p1a: Hocus|Murkrow, M|324/324","|-damage|p1a: Hocus|243/324|[from] Stealth Rock","|move|p2a: Staraptor|Close Combat|p1a: Hocus","|-damage|p1a: Hocus|110/324","|-unboost|p2a: Staraptor|def|1","|-unboost|p2a: Staraptor|spd|1","|","|-weather|Sandstorm|[upkeep]","|-damage|p2a: Staraptor|292/311|[from] sandstorm","|-damage|p1a: Hocus|90/324|[from] sandstorm","|turn|12","|","|switch|p2a: Heliolisk|Heliolisk, M|265/265","|move|p1a: Hocus|Feather Dance|p2a: Heliolisk","|-unboost|p2a: Heliolisk|atk|2","|","|-weather|none","|turn|13","|","|move|p1a: Hocus|Roost|p1a: Hocus","|-heal|p1a: Hocus|252/324","|move|p2a: Heliolisk|Volt Switch|p1a: Hocus","|-damage|p1a: Hocus|100/324","|-damage|p2a: Heliolisk|239/265|[from] item: Life Orb","|","|switch|p2a: Diggersby|Diggersby, M|311/311","|","|turn|14","|","|move|p2a: Diggersby|Quick Attack|p1a: Hocus","|-damage|p1a: Hocus|0 fnt","|faint|p1a: Hocus","|","|","|switch|p1a: Sand Dargon|Tyranitar-Mega, M|249/342 par","|-damage|p1a: Sand Dargon|207/342 par|[from] Stealth Rock","|-weather|Sandstorm","|turn|15","|","|switch|p2a: Heliolisk|Heliolisk, M|239/265","|move|p1a: Sand Dargon|Crunch|p2a: Heliolisk","|-damage|p2a: Heliolisk|0 fnt","|faint|p2a: Heliolisk","|","|-weather|Sandstorm|[upkeep]","|","|switch|p2a: Diggersby|Diggersby, M|311/311","|turn|16","|","|switch|p1a: Hail Hydra|Hydreigon, F|326/326","|-damage|p1a: Hail Hydra|286/326|[from] Stealth Rock","|move|p2a: Diggersby|Knock Off|p1a: Hail Hydra","|-resisted|p1a: Hail Hydra","|-damage|p1a: Hail Hydra|180/326","|-enditem|p1a: Hail Hydra|Choice Specs|[from] move: Knock Off|[of] p2a: Diggersby","|","|-weather|Sandstorm|[upkeep]","|-damage|p1a: Hail Hydra|160/326|[from] sandstorm","|turn|17","|","|switch|p1a: Sand Dargon|Tyranitar-Mega, M|207/342 par","|-damage|p1a: Sand Dargon|165/342 par|[from] Stealth Rock","|switch|p2a: Chansey|Chansey, F|582/641","|","|-weather|Sandstorm|[upkeep]","|-damage|p2a: Chansey|542/641|[from] sandstorm","|turn|18","|","|move|p2a: Chansey|Seismic Toss|p1a: Sand Dargon","|-damage|p1a: Sand Dargon|65/342 par","|move|p1a: Sand Dargon|Crunch|p2a: Chansey","|-damage|p2a: Chansey|143/641","|","|-weather|Sandstorm|[upkeep]","|-damage|p2a: Chansey|103/641|[from] sandstorm","|turn|19","|","|move|p2a: Chansey|Seismic Toss|p1a: Sand Dargon","|-damage|p1a: Sand Dargon|0 fnt","|faint|p1a: Sand Dargon","|","|-weather|none","|","|switch|p1a: Hail Hydra|Hydreigon, F|160/326","|-damage|p1a: Hail Hydra|120/326|[from] Stealth Rock","|turn|20","|","|move|p1a: Hail Hydra|Dark Pulse|p2a: Chansey","|-damage|p2a: Chansey|4/641","|move|p2a: Chansey|Soft-Boiled|p2a: Chansey","|-heal|p2a: Chansey|325/641","|","|turn|21","|","|switch|p1a: Reapurr|Liepard, F|270/270","|-damage|p1a: Reapurr|237/270|[from] Stealth Rock","|move|p2a: Chansey|Soft-Boiled|p2a: Chansey","|-heal|p2a: Chansey|641/641","|","|turn|22","|","|move|p1a: Reapurr|Knock Off|p2a: Chansey","|-damage|p2a: Chansey|512/641","|move|p2a: Chansey|Seismic Toss|p1a: Reapurr","|-damage|p1a: Reapurr|137/270","|","|turn|23","|","|move|p1a: Reapurr|Gunk Shot|p2a: Chansey","|-damage|p2a: Chansey|355/641","|move|p2a: Chansey|Seismic Toss|p1a: Reapurr","|-damage|p1a: Reapurr|37/270","|","|turn|24","|","|move|p1a: Reapurr|Gunk Shot|p2a: Chansey","|-damage|p2a: Chansey|187/641","|move|p2a: Chansey|Soft-Boiled|p2a: Chansey","|-heal|p2a: Chansey|508/641","|","|turn|25","|","|move|p1a: Reapurr|Gunk Shot|p2a: Chansey","|-damage|p2a: Chansey|349/641","|move|p2a: Chansey|Soft-Boiled|p2a: Chansey","|-heal|p2a: Chansey|641/641","|","|turn|26","|","|switch|p2a: Diggersby|Diggersby, M|311/311","|move|p1a: Reapurr|Gunk Shot|p2a: Diggersby|[miss]","|-miss|p1a: Reapurr|p2a: Diggersby","|","|turn|27","|","|move|p2a: Diggersby|Quick Attack|p1a: Reapurr","|-damage|p1a: Reapurr|0 fnt","|faint|p1a: Reapurr","|","|","|switch|p1a: Sharpedo.exe|Sharpedo, M|282/282","|-damage|p1a: Sharpedo.exe|247/282|[from] Stealth Rock","|turn|28","|","|move|p1a: Sharpedo.exe|Protect|p1a: Sharpedo.exe","|-singleturn|p1a: Sharpedo.exe|Protect","|move|p2a: Diggersby|Quick Attack|p1a: Sharpedo.exe","|-activate|p1a: Sharpedo.exe|Protect","|","|-boost|p1a: Sharpedo.exe|spe|1|[from] ability: Speed Boost","|turn|29","|","|move|p2a: Diggersby|Quick Attack|p1a: Sharpedo.exe","|-damage|p1a: Sharpedo.exe|0 fnt","|faint|p1a: Sharpedo.exe","|","|","|switch|p1a: Hail Hydra|Hydreigon, F|120/326","|-damage|p1a: Hail Hydra|80/326|[from] Stealth Rock","|turn|30","|","|move|p2a: Diggersby|Quick Attack|p1a: Hail Hydra","|-damage|p1a: Hail Hydra|0 fnt","|faint|p1a: Hail Hydra","|","|win|Shining Yin"],"p1rating":{"entryid":"221665","serverid":"eos","formatid":"monotype","userid":"silverladylaxus","username":"Silver LadyLaxus","w":"3","l":2,"t":"0","gxe":55.8,"r":"1573.8872570235","rd":"106.31515299341","sigma":"0","rptime":"1440320400","rpr":1545.9049391545,"rprd":101.75961480727,"rpsigma":"0","acre":1075.3368049386,"lacre":1075.3368049386,"oldacre":"1090.3130099435"},"p2rating":{"entryid":"71235","serverid":"eos","formatid":"monotype","userid":"shiningyin","username":"Shining Yin","w":53,"l":"25","t":"0","gxe":65,"r":"1592.048577857","rd":"44.744883176766","sigma":"0","rptime":"1440320400","rpr":1617.5138909325,"rprd":41.999521471267,"rpsigma":"0","acre":1238.750428415,"lacre":1238.750428415,"oldacre":"1222.8500633398"},"endType":"normal"}