{"seed":[56124,48823,16759,1092],"turns":34,"p1":"Alpha Mamoswine","p2":"Seven Swell","p1team":[{"name":"Torkoal","species":"Torkoal","item":"leftovers","ability":"White Smoke","moves":["yawn","stealthrock","clearsmog","rapidspin"],"nature":"Bold","evs":{"hp":252,"atk":0,"def":252,"spa":4,"spd":0,"spe":0},"shiny":true,"ivs":{"hp":31,"atk":31,"def":31,"spa":31,"spd":31,"spe":31}},{"name":"VMonster","species":"victini","item":"choicescarf","ability":"Victory Star","moves":["blueflare","energyball","thunder","finalgambit"],"nature":"Timid","evs":{"hp":156,"atk":0,"def":0,"spa":252,"spd":4,"spe":96},"ivs":{"hp":31,"atk":31,"def":31,"spa":31,"spd":31,"spe":31}},{"name":"Sun Strike","species":"charizard","item":"charizarditey","ability":"Blaze","moves":["focusblast","fireblast","solarbeam","roost"],"nature":"Timid","evs":{"hp":0,"atk":0,"def":0,"spa":252,"spd":4,"spe":252},"shiny":true,"ivs":{"hp":31,"atk":31,"def":31,"spa":31,"spd":31,"spe":31}},{"name":"Rapemon","species":"entei","item":"assaultvest","ability":"Pressure","moves":["extremespeed","sacredfire","stoneedge","ironhead"],"nature":"Adamant","evs":{"hp":0,"atk":252,"def":0,"spa":0,"spd":4,"spe":252},"shiny":true,"ivs":{"hp":31,"atk":31,"def":31,"spa":31,"spd":31,"spe":31}},{"name":"Rotom-Heat","species":"Rotom-Heat","item":"lightclay","ability":"Levitate","moves":["reflect","lightscreen","overheat","voltswitch"],"nature":"Calm","evs":{"hp":252,"atk":0,"def":4,"spa":0,"spd":252,"spe":0},"shiny":true,"ivs":{"hp":31,"atk":31,"def":31,"spa":31,"spd":31,"spe":31}},{"name":"420 Blaze It","species":"infernape","item":"choiceband","ability":"Iron Fist","moves":["machpunch","flareblitz","earthquake","closecombat"],"nature":"Jolly","evs":{"hp":0,"atk":252,"def":0,"spa":0,"spd":4,"spe":252},"shiny":true,"ivs":{"hp":31,"atk":31,"def":31,"spa":31,"spd":31,"spe":31}}],"p2team":[{"name":"Mew","species":"Mew","item":"leftovers","ability":"Synchronize","moves":["roost","toxic","healbell","aurasphere"],"nature":"Calm","evs":{"hp":252,"atk":0,"def":0,"spa":4,"spd":252,"spe":0},"ivs":{"hp":31,"atk":0,"def":31,"spa":31,"spd":31,"spe":31}},{"name":"Slowbro","species":"Slowbro","item":"rockyhelmet","ability":"Regenerator","moves":["scald","yawn","flamethrower","slackoff"],"nature":"Bold","evs":{"hp":252,"atk":0,"def":252,"spa":4,"spd":0,"spe":0},"ivs":{"hp":31,"atk":0,"def":31,"spa":31,"spd":31,"spe":31}},{"name":"Deoxys-Speed","species":"Deoxys-Speed","item":"focussash","ability":"Pressure","moves":["stealthrock","thunderbolt","thunderwave","icebeam"],"nature":"Timid","evs":{"hp":252,"atk":0,"def":0,"spa":44,"spd":0,"spe":212},"ivs":{"hp":31,"atk":0,"def":31,"spa":31,"spd":31,"spe":31}},{"name":"Latias","species":"Latias","item":"leftovers","ability":"Levitate","moves":["dracometeor","psyshock","roost","defog"],"nature":"Timid","evs":{"hp":252,"atk":0,"def":0,"spa":4,"spd":0,"spe":252},"ivs":{"hp":31,"atk":0,"def":31,"spa":31,"spd":31,"spe":31}},{"name":"Hoopa-Unbound","species":"Hoopa-Unbound","item":"focussash","ability":"Magician","moves":["hyperspacefury","drainpunch","firepunch","gunkshot"],"nature":"Adamant","evs":{"hp":0,"atk":252,"def":0,"spa":0,"spd":4,"spe":252},"ivs":{"hp":31,"atk":31,"def":31,"spa":31,"spd":31,"spe":31}},{"name":"Gardevoir","species":"Gardevoir","item":"gardevoirite","ability":"Trace","moves":["hypervoice","psyshock","shadowball","taunt"],"nature":"Timid","evs":{"hp":0,"atk":0,"def":0,"spa":252,"spd":4,"spe":252},"ivs":{"hp":31,"atk":0,"def":31,"spa":31,"spd":31,"spe":31}}],"log":["|player|p1|Alpha Mamoswine|266","|player|p2|Seven Swell|sevenswell.png","|gametype|singles","|gen|6","|tier|Monotype","|rated","|rule|Baton Pass Clause: Limit one Baton Passer, can't pass Spe and other stats simultaneously","|rule|Swagger Clause: Swagger is banned","|rule|Same Type Clause: Pokémon in a team must share a type","|clearpoke","|poke|p1|Torkoal, F, shiny","|poke|p1|Victini","|poke|p1|Charizard, M, shiny","|poke|p1|Entei, shiny","|poke|p1|Rotom-Heat, shiny","|poke|p1|Infernape, M, shiny","|poke|p2|Mew","|poke|p2|Slowbro, F","|poke|p2|Deoxys-Speed","|poke|p2|Latias, F","|poke|p2|Hoopa-Unbound","|poke|p2|Gardevoir, F","|rule|Sleep Clause Mod: Limit one foe put to sleep","|rule|Species Clause: Limit one of each Pokémon","|rule|OHKO Clause: OHKO moves are banned","|rule|Moody Clause: Moody is banned","|rule|Evasion Moves Clause: Evasion moves are banned","|rule|Endless Battle Clause: Forcing endless battles is banned","|rule|HP Percentage Mod: HP is shown in percentages","|teampreview","|","|start","|switch|p1a: Torkoal|Torkoal, F, shiny|344/344","|switch|p2a: Latias|Latias, F|364/364","|turn|1","|","|switch|p1a: Rotom-Heat|Rotom-Heat, shiny|304/304","|move|p2a: Latias|Draco Meteor|p1a: Rotom-Heat","|-damage|p1a: Rotom-Heat|199/304","|-unboost|p2a: Latias|spa|2","|","|turn|2","|","|switch|p2a: Mew|Mew|404/404","|move|p1a: Rotom-Heat|Light Screen|p1a: Rotom-Heat","|-sidestart|p1: Alpha Mamoswine|move: Light Screen","|","|turn|3","|","|move|p2a: Mew|Toxic|p1a: Rotom-Heat","|-status|p1a: Rotom-Heat|tox","|move|p1a: Rotom-Heat|Reflect|p1a: Rotom-Heat","|-sidestart|p1: Alpha Mamoswine|Reflect","|","|-damage|p1a: Rotom-Heat|180/304 tox|[from] psn","|turn|4","|","|switch|p2a: Latias|Latias, F|364/364","|move|p1a: Rotom-Heat|Volt Switch|p2a: Latias","|-resisted|p2a: Latias","|-damage|p2a: Latias|328/364","|","|switch|p1a: Torkoal|Torkoal, F, shiny|344/344","|","|-heal|p2a: Latias|350/364|[from] item: Leftovers","|turn|5","|","|move|p2a: Latias|Defog|p1a: Torkoal","|-fail|p1a: Torkoal|unboost|[from] ability: White Smoke|[of] p1a: Torkoal","|-sideend|p1: Alpha Mamoswine|Reflect","|-sideend|p1: Alpha Mamoswine|move: Light Screen","|move|p1a: Torkoal|Yawn|p2a: Latias","|-start|p2a: Latias|move: Yawn|[of] p1a: Torkoal","|","|-heal|p2a: Latias|364/364|[from] item: Leftovers","|turn|6","|","|switch|p2a: Mew|Mew|404/404","|move|p1a: Torkoal|Stealth Rock|p2a: Mew","|-sidestart|p2: Seven Swell|move: Stealth Rock","|","|turn|7","|","|move|p2a: Mew|Toxic|p1a: Torkoal","|-status|p1a: Torkoal|tox","|move|p1a: Torkoal|Yawn|p2a: Mew","|-start|p2a: Mew|move: Yawn|[of] p1a: Torkoal","|","|-damage|p1a: Torkoal|323/344 tox|[from] psn","|turn|8","|","|switch|p2a: Latias|Latias, F|364/364","|-damage|p2a: Latias|319/364|[from] Stealth Rock","|switch|p1a: Sun Strike|Charizard, M, shiny|297/297","|","|-heal|p2a: Latias|341/364|[from] item: Leftovers","|turn|9","|","|detailschange|p1a: Sun Strike|Charizard-Mega-Y, M, shiny","|-mega|p1a: Sun Strike|Charizard|Charizardite Y","|-weather|SunnyDay","|move|p2a: Latias|Draco Meteor|p1a: Sun Strike","|-crit|p1a: Sun Strike","|-damage|p1a: Sun Strike|80/297","|-unboost|p2a: Latias|spa|2","|move|p1a: Sun Strike|Fire Blast|p2a: Latias","|-resisted|p2a: Latias","|-damage|p2a: Latias|210/364","|","|-weather|SunnyDay|[upkeep]","|-heal|p2a: Latias|232/364|[from] item: Leftovers","|turn|10","|","|switch|p1a: Rotom-Heat|Rotom-Heat, shiny|180/304 tox","|move|p2a: Latias|Defog|p1a: Rotom-Heat","|-unboost|p1a: Rotom-Heat|evasion|1","|-sideend|p2: Seven Swell|Stealth Rock|[from] move: Defog|[of] p2a: Latias","|","|-weather|SunnyDay|[upkeep]","|-heal|p2a: Latias|254/364|[from] item: Leftovers","|-damage|p1a: Rotom-Heat|161/304 tox|[from] psn","|turn|11","|","|move|p2a: Latias|Roost|p2a: Latias","|-heal|p2a: Latias|364/364","|move|p1a: Rotom-Heat|Volt Switch|p2a: Latias","|-resisted|p2a: Latias","|-damage|p2a: Latias|329/364","|","|switch|p1a: VMonster|Victini|380/380","|","|-weather|SunnyDay|[upkeep]","|-heal|p2a: Latias|351/364|[from] item: Leftovers","|turn|12","|","|switch|p2a: Slowbro|Slowbro, F|394/394","|move|p1a: VMonster|Final Gambit|p2a: Slowbro","|-damage|p2a: Slowbro|14/394","|faint|p1a: VMonster","|","|-weather|SunnyDay|[upkeep]","|","|switch|p1a: Rapemon|Entei, shiny|371/371","|-ability|p1a: Rapemon|Pressure","|turn|13","|","|switch|p2a: Gardevoir|Gardevoir, F|277/277","|-ability|p2a: Gardevoir|Pressure|[from] ability: Trace|[of] p1a: Rapemon","|-ability|p2a: Gardevoir|Pressure","|move|p1a: Rapemon|Extreme Speed|p2a: Gardevoir","|-damage|p2a: Gardevoir|146/277","|","|-weather|none","|turn|14","|","|detailschange|p2a: Gardevoir|Gardevoir-Mega, F","|-mega|p2a: Gardevoir|Gardevoir|Gardevoirite","|move|p1a: Rapemon|Extreme Speed|p2a: Gardevoir","|-damage|p2a: Gardevoir|0 fnt","|faint|p2a: Gardevoir","|","|","|switch|p2a: Slowbro|Slowbro, F|145/394","|turn|15","|","|move|p1a: Rapemon|Extreme Speed|p2a: Slowbro","|-damage|p2a: Slowbro|76/394","|-damage|p1a: Rapemon|310/371|[from] item: Rocky Helmet|[of] p2a: Slowbro","|move|p2a: Slowbro|Slack Off|p2a: Slowbro","|-heal|p2a: Slowbro|273/394","|","|turn|16","|","|switch|p1a: Sun Strike|Charizard-Mega-Y, M, shiny|80/297","|-weather|SunnyDay","|move|p2a: Slowbro|Scald|p1a: Sun Strike","|-supereffective|p1a: Sun Strike","|-damage|p1a: Sun Strike|2/297","|","|-weather|SunnyDay|[upkeep]","|turn|17","|","|switch|p2a: Latias|Latias, F|351/364","|move|p1a: Sun Strike|Roost|p1a: Sun Strike","|-heal|p1a: Sun Strike|151/297","|","|-weather|SunnyDay|[upkeep]","|-heal|p2a: Latias|364/364|[from] item: Leftovers","|turn|18","|","|move|p2a: Latias|Psyshock|p1a: Sun Strike","|-damage|p1a: Sun Strike|34/297","|move|p1a: Sun Strike|Fire Blast|p2a: Latias","|-resisted|p2a: Latias","|-damage|p2a: Latias|227/364","|","|-weather|SunnyDay|[upkeep]","|-heal|p2a: Latias|249/364|[from] item: Leftovers","|turn|19","|","|switch|p1a: Rotom-Heat|Rotom-Heat, shiny|161/304 tox","|move|p2a: Latias|Psyshock|p1a: Rotom-Heat","|-damage|p1a: Rotom-Heat|67/304 tox","|","|-weather|SunnyDay|[upkeep]","|-heal|p2a: Latias|271/364|[from] item: Leftovers","|-damage|p1a: Rotom-Heat|48/304 tox|[from] psn","|turn|20","|","|switch|p1a: Torkoal|Torkoal, F, shiny|323/344 tox","|move|p2a: Latias|Psyshock|p1a: Torkoal","|-damage|p1a: Torkoal|260/344 tox","|","|-weather|none","|-heal|p2a: Latias|293/364|[from] item: Leftovers","|-heal|p1a: Torkoal|281/344 tox|[from] item: Leftovers","|-damage|p1a: Torkoal|260/344 tox|[from] psn","|turn|21","|","|move|p2a: Latias|Draco Meteor|p1a: Torkoal","|-damage|p1a: Torkoal|53/344 tox","|-unboost|p2a: Latias|spa|2","|move|p1a: Torkoal|Yawn|p2a: Latias","|-start|p2a: Latias|move: Yawn|[of] p1a: Torkoal","|","|-heal|p2a: Latias|315/364|[from] item: Leftovers","|-heal|p1a: Torkoal|74/344 tox|[from] item: Leftovers","|-damage|p1a: Torkoal|32/344 tox|[from] psn","|turn|22","|","|switch|p2a: Deoxys-Speed|Deoxys-Speed|304/304","|-ability|p2a: Deoxys-Speed|Pressure","|move|p1a: Torkoal|Stealth Rock|p2a: Deoxys-Speed","|-sidestart|p2: Seven Swell|move: Stealth Rock","|","|-heal|p1a: Torkoal|53/344 tox|[from] item: Leftovers","|-damage|p1a: Torkoal|0 fnt|[from] psn","|faint|p1a: Torkoal","|","|switch|p1a: Rapemon|Entei, shiny|310/371","|-ability|p1a: Rapemon|Pressure","|turn|23","|","|move|p2a: Deoxys-Speed|Stealth Rock|p1a: Rapemon","|-sidestart|p1: Alpha Mamoswine|move: Stealth Rock","|move|p1a: Rapemon|Sacred Fire|p2a: Deoxys-Speed","|-damage|p2a: Deoxys-Speed|120/304","|-status|p2a: Deoxys-Speed|brn","|","|-damage|p2a: Deoxys-Speed|82/304 brn|[from] brn","|turn|24","|","|move|p1a: Rapemon|Extreme Speed|p2a: Deoxys-Speed","|-damage|p2a: Deoxys-Speed|0 fnt","|faint|p2a: Deoxys-Speed","|","|","|switch|p2a: Latias|Latias, F|315/364","|-damage|p2a: Latias|270/364|[from] Stealth Rock","|turn|25","|","|move|p2a: Latias|Roost|p2a: Latias","|-heal|p2a: Latias|364/364","|move|p1a: Rapemon|Iron Head|p2a: Latias","|-damage|p2a: Latias|256/364","|","|-heal|p2a: Latias|278/364|[from] item: Leftovers","|turn|26","|","|move|p2a: Latias|Draco Meteor|p1a: Rapemon","|-damage|p1a: Rapemon|165/371","|-unboost|p2a: Latias|spa|2","|move|p1a: Rapemon|Stone Edge|p2a: Latias","|-damage|p2a: Latias|139/364","|","|-heal|p2a: Latias|161/364|[from] item: Leftovers","|turn|27","|","|move|p2a: Latias|Roost|p2a: Latias","|-heal|p2a: Latias|343/364","|move|p1a: Rapemon|Stone Edge|p2a: Latias","|-damage|p2a: Latias|210/364","|","|-heal|p2a: Latias|232/364|[from] item: Leftovers","|turn|28","|","|move|p2a: Latias|Draco Meteor|p1a: Rapemon","|-damage|p1a: Rapemon|99/371","|-unboost|p2a: Latias|spa|2","|move|p1a: Rapemon|Stone Edge|p2a: Latias","|-damage|p2a: Latias|108/364","|","|-heal|p2a: Latias|130/364|[from] item: Leftovers","|turn|29","|","|move|p1a: Rapemon|Extreme Speed|p2a: Latias","|-damage|p2a: Latias|32/364","|move|p2a: Latias|Roost|p2a: Latias","|-heal|p2a: Latias|214/364","|","|-heal|p2a: Latias|236/364|[from] item: Leftovers","|turn|30","|","|move|p2a: Latias|Roost|p2a: Latias","|-heal|p2a: Latias|364/364","|move|p1a: Rapemon|Stone Edge|p2a: Latias","|-damage|p2a: Latias|241/364","|","|-heal|p2a: Latias|263/364|[from] item: Leftovers","|turn|31","|","|switch|p2a: Slowbro|Slowbro, F|394/394","|-damage|p2a: Slowbro|345/394|[from] Stealth Rock","|move|p1a: Rapemon|Stone Edge|p2a: Slowbro","|-damage|p2a: Slowbro|264/394","|","|turn|32","|","|switch|p1a: Rotom-Heat|Rotom-Heat, shiny|48/304 tox","|-damage|p1a: Rotom-Heat|0 fnt|[from] Stealth Rock","|faint|p1a: Rotom-Heat","|move|p2a: Slowbro|Slack Off|p2a: Slowbro","|-heal|p2a: Slowbro|394/394","|","|","|switch|p1a: Sun Strike|Charizard-Mega-Y, M, shiny|34/297","|-damage|p1a: Sun Strike|0 fnt|[from] Stealth Rock","|faint|p1a: Sun Strike","|","|switch|p1a: 420 Blaze It|Infernape, M, shiny|293/293","|-damage|p1a: 420 Blaze It|257/293|[from] Stealth Rock","|turn|33","|","|move|p1a: 420 Blaze It|Close Combat|p2a: Slowbro","|-resisted|p2a: Slowbro","|-damage|p2a: Slowbro|307/394","|-damage|p1a: 420 Blaze It|209/293|[from] item: Rocky Helmet|[of] p2a: Slowbro","|-unboost|p1a: 420 Blaze It|def|1","|-unboost|p1a: 420 Blaze It|spd|1","|move|p2a: Slowbro|Scald|p1a: 420 Blaze It","|-supereffective|p1a: 420 Blaze It","|-damage|p1a: 420 Blaze It|0 fnt","|faint|p1a: 420 Blaze It","|","|","|switch|p1a: Rapemon|Entei, shiny|99/371","|-damage|p1a: Rapemon|7/371|[from] Stealth Rock","|-ability|p1a: Rapemon|Pressure","|turn|34","|","|move|p1a: Rapemon|Iron Head|p2a: Slowbro","|-resisted|p2a: Slowbro","|-damage|p2a: Slowbro|274/394","|-damage|p1a: Rapemon|0 fnt|[from] item: Rocky Helmet|[of] p2a: Slowbro","|faint|p1a: Rapemon","|","|win|Seven Swell"],"p1rating":{"entryid":"334379","serverid":"eos","formatid":"monotype","userid":"alphamamoswine","username":"Alpha Mamoswine","w":"0","l":2,"t":"0","gxe":42.1,"r":"1500","rd":"130","sigma":"0","rptime":"1440320400","rpr":1437.033659944,"rprd":116.6851079456,"rpsigma":"0","acre":1000,"lacre":1000,"oldacre":"1000"},"p2rating":{"entryid":"86214","serverid":"eos","formatid":"monotype","userid":"sevenswell","username":"Seven Swell","w":36,"l":"13","t":"0","gxe":71,"r":"1674.9231258289","rd":"52.257078854739","sigma":"0","rptime":"1440320400","rpr":1670.3358218468,"rprd":51.335301837058,"rpsigma":"0","acre":1261.7789220416,"lacre":1261.7789220416,"oldacre":"1252.2968157109"},"endType":"normal"}