{"seed":[56787,46444,61381,44858],"turns":22,"p1":"Guard Wanderer","p2":"Rain Mistral","p1team":[{"name":"Ferrothorn","species":"Ferrothorn","item":"rockyhelmet","ability":"Iron Barbs","moves":["knockoff","stealthrock","thunderwave","sunnyday"],"nature":"Relaxed","evs":{"hp":248,"atk":8,"def":252,"spa":0,"spd":0,"spe":0},"ivs":{"hp":31,"atk":31,"def":31,"spa":31,"spd":31,"spe":0}},{"name":"Rotom-Mow","species":"Rotom-Mow","item":"choicescarf","ability":"Levitate","moves":["trick","willowisp","discharge","voltswitch"],"nature":"Timid","evs":{"hp":0,"atk":0,"def":0,"spa":252,"spd":4,"spe":252},"ivs":{"hp":31,"atk":31,"def":31,"spa":31,"spd":31,"spe":31}},{"name":"Ludicolo","species":"Ludicolo","item":"bindingband","ability":"Swift Swim","moves":["raindance","scald","leechseed","whirlpool"],"nature":"Modest","evs":{"hp":248,"atk":0,"def":0,"spa":252,"spd":8,"spe":0},"ivs":{"hp":31,"atk":31,"def":31,"spa":31,"spd":31,"spe":31}},{"name":"Sawsbuck","species":"Sawsbuck","item":"silkscarf","ability":"Chlorophyll","moves":["return","attract","retaliate","thunderwave"],"nature":"Adamant","evs":{"hp":0,"atk":252,"def":0,"spa":0,"spd":4,"spe":252},"gender":"F","ivs":{"hp":31,"atk":31,"def":31,"spa":31,"spd":31,"spe":31}},{"name":"Serperior","species":"Serperior","item":"miracleseed","ability":"Contrary","moves":["substitute","dragonpulse","leafstorm","grassyterrain"],"nature":"Timid","evs":{"hp":0,"atk":0,"def":0,"spa":252,"spd":4,"spe":252},"ivs":{"hp":31,"atk":31,"def":31,"spa":31,"spd":31,"spe":31}},{"name":"Cacturne","species":"Cacturne","item":"focussash","ability":"Sand Veil","moves":["suckerpunch","spikyshield","swordsdance","drainpunch"],"nature":"Adamant","evs":{"hp":248,"atk":252,"def":0,"spa":0,"spd":8,"spe":0},"ivs":{"hp":31,"atk":31,"def":31,"spa":31,"spd":31,"spe":31}}],"p2team":[{"name":"Mega Ultra Chicken","species":"zapdos","item":"leftovers","ability":"Pressure","moves":["discharge","heatwave","roost","defog"],"nature":"Bold","evs":{"hp":248,"atk":0,"def":176,"spa":68,"spd":0,"spe":16},"shiny":true,"ivs":{"hp":31,"atk":31,"def":31,"spa":31,"spd":31,"spe":31}},{"name":"No Ice Please","species":"landorus","item":"lifeorb","ability":"Sheer Force","moves":["rockslide","earthpower","focusblast","sludgewave"],"nature":"Naive","evs":{"hp":0,"atk":4,"def":0,"spa":252,"spd":0,"spe":252},"shiny":true,"ivs":{"hp":31,"atk":31,"def":31,"spa":31,"spd":31,"spe":31}},{"name":"Free MAltaria","species":"dragonite","item":"weaknesspolicy","ability":"Multiscale","moves":["dragondance","outrage","earthquake","extremespeed"],"nature":"Adamant","evs":{"hp":0,"atk":252,"def":0,"spa":0,"spd":4,"spe":252},"gender":"F","ivs":{"hp":31,"atk":31,"def":31,"spa":31,"spd":31,"spe":31}},{"name":"Frostwing","species":"articuno","item":"leftovers","ability":"Pressure","moves":["freezedry","roost","roar","healbell"],"nature":"Calm","evs":{"hp":252,"atk":0,"def":0,"spa":4,"spd":252,"spe":0},"shiny":true,"ivs":{"hp":31,"atk":31,"def":31,"spa":31,"spd":31,"spe":31}},{"name":"Swords Dance","species":"skarmory","item":"rockyhelmet","ability":"Sturdy","moves":["counter","defog","stealthrock","roost"],"nature":"Bold","evs":{"hp":248,"atk":0,"def":236,"spa":0,"spd":0,"spe":24},"gender":"F","shiny":true,"ivs":{"hp":31,"atk":31,"def":31,"spa":31,"spd":31,"spe":31}},{"name":"Free Megazard X","species":"gyarados","item":"gyaradosite","ability":"Intimidate","moves":["dragondance","waterfall","crunch","earthquake"],"nature":"Adamant","evs":{"hp":0,"atk":252,"def":0,"spa":0,"spd":4,"spe":252},"gender":"F","shiny":true,"ivs":{"hp":31,"atk":31,"def":31,"spa":31,"spd":31,"spe":31}}],"log":["|player|p1|Guard Wanderer|235","|player|p2|Rain Mistral|52","|gametype|singles","|gen|6","|tier|Monotype","|rated","|rule|Baton Pass Clause: Limit one Baton Passer, can't pass Spe and other stats simultaneously","|rule|Swagger Clause: Swagger is banned","|rule|Same Type Clause: Pokémon in a team must share a type","|clearpoke","|poke|p1|Ferrothorn, F","|poke|p1|Rotom-Mow","|poke|p1|Ludicolo, F","|poke|p1|Sawsbuck, F","|poke|p1|Serperior, F","|poke|p1|Cacturne, M","|poke|p2|Zapdos, shiny","|poke|p2|Landorus, M, shiny","|poke|p2|Dragonite, F","|poke|p2|Articuno, shiny","|poke|p2|Skarmory, F, shiny","|poke|p2|Gyarados, F, shiny","|rule|Sleep Clause Mod: Limit one foe put to sleep","|rule|Species Clause: Limit one of each Pokémon","|rule|OHKO Clause: OHKO moves are banned","|rule|Moody Clause: Moody is banned","|rule|Evasion Moves Clause: Evasion moves are banned","|rule|Endless Battle Clause: Forcing endless battles is banned","|rule|HP Percentage Mod: HP is shown in percentages","|teampreview","|","|start","|switch|p1a: Ferrothorn|Ferrothorn, F|351/351","|switch|p2a: No Ice Please|Landorus, M, shiny|319/319","|turn|1","|","|move|p2a: No Ice Please|Focus Blast|p1a: Ferrothorn|[miss]","|-miss|p2a: No Ice Please|p1a: Ferrothorn","|move|p1a: Ferrothorn|Sunny Day|p1a: Ferrothorn","|-weather|SunnyDay","|","|-weather|SunnyDay|[upkeep]","|turn|2","|","|move|p2a: No Ice Please|Focus Blast|p1a: Ferrothorn|[miss]","|-miss|p2a: No Ice Please|p1a: Ferrothorn","|move|p1a: Ferrothorn|Stealth Rock|p2a: No Ice Please","|-sidestart|p2: Rain Mistral|move: Stealth Rock","|","|-weather|SunnyDay|[upkeep]","|turn|3","|","|move|p2a: No Ice Please|Focus Blast|p1a: Ferrothorn","|-supereffective|p1a: Ferrothorn","|-damage|p1a: Ferrothorn|0 fnt","|faint|p1a: Ferrothorn","|","|-weather|SunnyDay|[upkeep]","|","|switch|p1a: Sawsbuck|Sawsbuck, F|301/301","|turn|4","|","|switch|p2a: Swords Dance|Skarmory, F, shiny|333/333","|-damage|p2a: Swords Dance|292/333|[from] Stealth Rock","|move|p1a: Sawsbuck|Retaliate|p2a: Swords Dance","|-resisted|p2a: Swords Dance","|-damage|p2a: Swords Dance|214/333","|-damage|p1a: Sawsbuck|251/301|[from] item: Rocky Helmet|[of] p2a: Swords Dance","|","|-weather|SunnyDay|[upkeep]","|turn|5","|","|move|p1a: Sawsbuck|Thunder Wave|p2a: Swords Dance","|-status|p2a: Swords Dance|par","|move|p2a: Swords Dance|Defog|p1a: Sawsbuck","|-unboost|p1a: Sawsbuck|evasion|1","|-sideend|p2: Rain Mistral|Stealth Rock|[from] move: Defog|[of] p2a: Swords Dance","|","|-weather|none","|turn|6","|","|switch|p1a: Rotom-Mow|Rotom-Mow|241/241","|cant|p2a: Swords Dance|par","|","|turn|7","|","|switch|p2a: Free MAltaria|Dragonite, F|323/323","|move|p1a: Rotom-Mow|Will-O-Wisp|p2a: Free MAltaria","|-status|p2a: Free MAltaria|brn","|","|-damage|p2a: Free MAltaria|283/323 brn|[from] brn","|turn|8","|","|switch|p1a: Sawsbuck|Sawsbuck, F|251/301","|switch|p2a: Mega Ultra Chicken|Zapdos, shiny|383/383","|-ability|p2a: Mega Ultra Chicken|Pressure","|","|turn|9","|","|move|p1a: Sawsbuck|Return|p2a: Mega Ultra Chicken","|-damage|p2a: Mega Ultra Chicken|200/383","|move|p2a: Mega Ultra Chicken|Heat Wave|p1a: Sawsbuck","|-supereffective|p1a: Sawsbuck","|-damage|p1a: Sawsbuck|0 fnt","|faint|p1a: Sawsbuck","|","|-heal|p2a: Mega Ultra Chicken|223/383|[from] item: Leftovers","|","|switch|p1a: Ludicolo|Ludicolo, F|363/363","|turn|10","|","|switch|p2a: Frostwing|Articuno, shiny|384/384","|-ability|p2a: Frostwing|Pressure","|move|p1a: Ludicolo|Rain Dance|p1a: Ludicolo","|-weather|RainDance","|","|-weather|RainDance|[upkeep]","|turn|11","|","|move|p1a: Ludicolo|Scald|p2a: Frostwing","|-crit|p2a: Frostwing","|-damage|p2a: Frostwing|219/384","|-status|p2a: Frostwing|brn","|move|p2a: Frostwing|Heal Bell|p2a: Frostwing","|-cureteam|p2a: Frostwing|[from] move: HealBell","|","|-weather|RainDance|[upkeep]","|-heal|p2a: Frostwing|243/384|[from] item: Leftovers","|turn|12","|","|move|p1a: Ludicolo|Leech Seed|p2a: Frostwing","|-start|p2a: Frostwing|move: Leech Seed","|move|p2a: Frostwing|Roost|p2a: Frostwing","|-heal|p2a: Frostwing|384/384","|","|-weather|RainDance|[upkeep]","|-damage|p2a: Frostwing|336/384|[from] Leech Seed|[of] p1a: Ludicolo","|turn|13","|","|move|p1a: Ludicolo|Whirlpool|p2a: Frostwing","|-damage|p2a: Frostwing|288/384","|-activate|p2a: Frostwing|move: Whirlpool|[of] p1a: Ludicolo","|move|p2a: Frostwing|Freeze-Dry|p1a: Ludicolo","|-supereffective|p1a: Ludicolo","|-damage|p1a: Ludicolo|51/363","|","|-weather|RainDance|[upkeep]","|-heal|p2a: Frostwing|312/384|[from] item: Leftovers","|-damage|p2a: Frostwing|264/384|[from] Leech Seed|[of] p1a: Ludicolo","|-heal|p1a: Ludicolo|99/363|[silent]","|-damage|p2a: Frostwing|200/384|[from] move: Whirlpool|[partiallytrapped]","|turn|14","|","|move|p1a: Ludicolo|Scald|p2a: Frostwing","|-damage|p2a: Frostwing|92/384","|-status|p2a: Frostwing|brn","|move|p2a: Frostwing|Freeze-Dry|p1a: Ludicolo","|-supereffective|p1a: Ludicolo","|-damage|p1a: Ludicolo|0 fnt","|faint|p1a: Ludicolo","|","|-weather|none","|-heal|p2a: Frostwing|116/384 brn|[from] item: Leftovers","|-damage|p2a: Frostwing|68/384 brn|[from] brn","|","|switch|p1a: Serperior|Serperior, F|291/291","|turn|15","|","|switch|p2a: Free MAltaria|Dragonite, F|283/323","|move|p1a: Serperior|Substitute|p1a: Serperior","|-start|p1a: Serperior|Substitute","|-damage|p1a: Serperior|219/291","|","|turn|16","|","|move|p2a: Free MAltaria|Extreme Speed|p1a: Serperior","|-end|p1a: Serperior|Substitute","|move|p1a: Serperior|Leaf Storm|p2a: Free MAltaria|[miss]","|-miss|p1a: Serperior|p2a: Free MAltaria","|","|turn|17","|","|move|p1a: Serperior|Dragon Pulse|p2a: Free MAltaria","|-supereffective|p2a: Free MAltaria","|-damage|p2a: Free MAltaria|147/323","|-enditem|p2a: Free MAltaria|Weakness Policy","|-boost|p2a: Free MAltaria|atk|2|[from] item: Weakness Policy","|-boost|p2a: Free MAltaria|spa|2|[from] item: Weakness Policy","|move|p2a: Free MAltaria|Outrage|p1a: Serperior","|-damage|p1a: Serperior|0 fnt","|faint|p1a: Serperior","|","|","|switch|p1a: Rotom-Mow|Rotom-Mow|241/241","|turn|18","|","|move|p1a: Rotom-Mow|Will-O-Wisp|p2a: Free MAltaria","|-status|p2a: Free MAltaria|brn","|move|p2a: Free MAltaria|Outrage|p1a: Rotom-Mow|[from]lockedmove","|-damage|p1a: Rotom-Mow|27/241","|-start|p2a: Free MAltaria|confusion|[fatigue]","|","|-damage|p2a: Free MAltaria|107/323 brn|[from] brn","|turn|19","|","|-activate|p2a: Free MAltaria|confusion","|move|p2a: Free MAltaria|Extreme Speed|p1a: Rotom-Mow","|-damage|p1a: Rotom-Mow|0 fnt","|faint|p1a: Rotom-Mow","|","|-damage|p2a: Free MAltaria|67/323 brn|[from] brn","|","|switch|p1a: Cacturne|Cacturne, M|343/343","|turn|20","|","|move|p1a: Cacturne|Spiky Shield|p1a: Cacturne","|-singleturn|p1a: Cacturne|move: Protect","|-activate|p2a: Free MAltaria|confusion","|move|p2a: Free MAltaria|Extreme Speed|p1a: Cacturne","|-activate|p1a: Cacturne|Protect","|-damage|p2a: Free MAltaria|27/323 brn|[from] Spiky Shield|[of] p1a: Cacturne","|","|-damage|p2a: Free MAltaria|0 fnt|[from] brn","|faint|p2a: Free MAltaria","|","|switch|p2a: No Ice Please|Landorus, M, shiny|319/319","|turn|21","|","|move|p2a: No Ice Please|Sludge Wave|p1a: Cacturne","|-supereffective|p1a: Cacturne","|-enditem|p1a: Cacturne|Focus Sash","|-damage|p1a: Cacturne|1/343","|move|p1a: Cacturne|Swords Dance|p1a: Cacturne","|-boost|p1a: Cacturne|atk|2","|","|turn|22","|","|move|p1a: Cacturne|Sucker Punch|p2a: No Ice Please","|-damage|p2a: No Ice Please|9/319","|move|p2a: No Ice Please|Sludge Wave|p1a: Cacturne","|-supereffective|p1a: Cacturne","|-damage|p1a: Cacturne|0 fnt","|faint|p1a: Cacturne","|","|win|Rain Mistral"],"p1rating":{"entryid":"9966","serverid":"eos","formatid":"monotype","userid":"guardwanderer","username":"Guard Wanderer","w":"14","l":22,"t":"0","gxe":42.3,"r":"1517.3894601343","rd":"81.691557977629","sigma":"0","rptime":"1440320400","rpr":1441.1361724029,"rprd":56.348847685144,"rpsigma":"0","acre":1097.1104931329,"lacre":1097.1104931329,"oldacre":"1120.1088169151"},"p2rating":{"entryid":"218522","serverid":"eos","formatid":"monotype","userid":"rainmistral","username":"Rain Mistral","w":9,"l":"4","t":"0","gxe":63.4,"r":"1591.1106160818","rd":"83.532705428853","sigma":"0","rptime":"1440320400","rpr":1605.8480238154,"rprd":81.444299706823,"rpsigma":"0","acre":1170.9849572386,"lacre":1170.9849572386,"oldacre":"1147.9866334564"},"endType":"normal"}