{"seed":[23476,49275,9516,32599],"turns":15,"p1":"GTX♅Bzumzum","p2":"DOBBY IS DANK","p1team":[{"name":"Thorns","species":"ferrothorn","item":"rockyhelmet","ability":"Iron Barbs","moves":["stealthrock","gyroball","leechseed","protect"],"nature":"Jolly","evs":{"hp":128,"atk":100,"def":116,"spa":0,"spd":120,"spe":44},"gender":"M","ivs":{"hp":31,"atk":31,"def":31,"spa":31,"spd":31,"spe":0}},{"name":"Brawloom","species":"breloom","item":"focussash","ability":"Technician","moves":["bulletseed","rocktomb","machpunch","spore"],"nature":"Jolly","evs":{"hp":4,"atk":252,"def":0,"spa":0,"spd":0,"spe":252},"gender":"M","shiny":true,"ivs":{"hp":31,"atk":31,"def":31,"spa":31,"spd":31,"spe":31}},{"name":"Healer","species":"shaymin","item":"leftovers","ability":"Natural Cure","moves":["aromatherapy","earthpower","airslash","seedflare"],"nature":"Calm","evs":{"hp":0,"atk":0,"def":0,"spa":252,"spd":4,"spe":252},"shiny":true,"ivs":{"hp":31,"atk":31,"def":31,"spa":31,"spd":31,"spe":31}},{"name":"Ludicool","species":"ludicolo","item":"leftovers","ability":"Swift Swim","moves":["icebeam","scald","gigadrain","raindance"],"nature":"Modest","evs":{"hp":200,"atk":0,"def":0,"spa":184,"spd":4,"spe":120},"gender":"M","shiny":true,"ivs":{"hp":31,"atk":31,"def":31,"spa":31,"spd":31,"spe":31}},{"name":"Great-ily","species":"cradily","item":"leftovers","ability":"Storm Drain","moves":["ancientpower","earthpower","recover","toxic"],"nature":"Calm","evs":{"hp":232,"atk":24,"def":0,"spa":0,"spd":252,"spe":0},"gender":"M","shiny":true,"ivs":{"hp":31,"atk":31,"def":31,"spa":31,"spd":31,"spe":31}},{"name":"Plantasaurus","species":"venusaur","item":"venusaurite","ability":"Chlorophyll","moves":["gigadrain","hiddenpowerfire","sludgebomb","synthesis"],"nature":"Modest","evs":{"hp":0,"atk":0,"def":68,"spa":188,"spd":0,"spe":252},"gender":"M","ivs":{"hp":31,"atk":30,"def":31,"spa":30,"spd":31,"spe":30},"shiny":true}],"p2team":[{"name":"Scrafty","species":"Scrafty","item":"leftovers","ability":"Shed Skin","moves":["drainpunch","crunch","rest","bulkup"],"nature":"Careful","evs":{"hp":164,"atk":0,"def":92,"spa":0,"spd":252,"spe":0},"ivs":{"hp":31,"atk":31,"def":31,"spa":31,"spd":31,"spe":31}}],"log":["|player|p1|GTX♅Bzumzum|225","|player|p2|DOBBY IS DANK|2","|gametype|singles","|gen|6","|tier|Monotype","|rated","|rule|Baton Pass Clause: Limit one Baton Passer, can't pass Spe and other stats simultaneously","|rule|Swagger Clause: Swagger is banned","|rule|Same Type Clause: Pokémon in a team must share a type","|clearpoke","|poke|p1|Ferrothorn, M","|poke|p1|Breloom, M, shiny","|poke|p1|Shaymin, shiny","|poke|p1|Ludicolo, M, shiny","|poke|p1|Cradily, M, shiny","|poke|p1|Venusaur, M, shiny","|poke|p2|Scrafty, M","|rule|Sleep Clause Mod: Limit one foe put to sleep","|rule|Species Clause: Limit one of each Pokémon","|rule|OHKO Clause: OHKO moves are banned","|rule|Moody Clause: Moody is banned","|rule|Evasion Moves Clause: Evasion moves are banned","|rule|Endless Battle Clause: Forcing endless battles is banned","|rule|HP Percentage Mod: HP is shown in percentages","|teampreview","|","|start","|switch|p1a: Brawloom|Breloom, M, shiny|262/262","|switch|p2a: Scrafty|Scrafty, M|312/312","|turn|1","|","|move|p1a: Brawloom|Mach Punch|p2a: Scrafty","|-supereffective|p2a: Scrafty","|-damage|p2a: Scrafty|126/312","|move|p2a: Scrafty|Bulk Up|p2a: Scrafty","|-boost|p2a: Scrafty|atk|1","|-boost|p2a: Scrafty|def|1","|","|-heal|p2a: Scrafty|145/312|[from] item: Leftovers","|turn|2","|","|move|p1a: Brawloom|Mach Punch|p2a: Scrafty","|-supereffective|p2a: Scrafty","|-damage|p2a: Scrafty|29/312","|move|p2a: Scrafty|Rest|p2a: Scrafty","|-status|p2a: Scrafty|slp","|-heal|p2a: Scrafty|312/312 slp|[silent]","|-status|p2a: Scrafty|slp|[from] move: Rest","|","|-activate|p2a: Scrafty|ability: Shed Skin","|-curestatus|p2a: Scrafty|slp","|turn|3","|","|move|p1a: Brawloom|Bullet Seed|p2a: Scrafty","|-damage|p2a: Scrafty|276/312","|-damage|p2a: Scrafty|239/312","|-hitcount|p2a: Scrafty|2","|move|p2a: Scrafty|Bulk Up|p2a: Scrafty","|-boost|p2a: Scrafty|atk|1","|-boost|p2a: Scrafty|def|1","|","|-heal|p2a: Scrafty|258/312|[from] item: Leftovers","|turn|4","|","|switch|p1a: Healer|Shaymin, shiny|341/341","|move|p2a: Scrafty|Drain Punch|p1a: Healer","|-damage|p1a: Healer|170/341","|-heal|p2a: Scrafty|312/312|[from] drain|[of] p1a: Healer","|","|-heal|p1a: Healer|191/341|[from] item: Leftovers","|turn|5","|","|move|p1a: Healer|Air Slash|p2a: Scrafty","|-supereffective|p2a: Scrafty","|-damage|p2a: Scrafty|216/312","|move|p2a: Scrafty|Drain Punch|p1a: Healer","|-damage|p1a: Healer|31/341","|-heal|p2a: Scrafty|296/312|[from] drain|[of] p1a: Healer","|","|-heal|p1a: Healer|52/341|[from] item: Leftovers","|-heal|p2a: Scrafty|312/312|[from] item: Leftovers","|turn|6","|","|move|p1a: Healer|Seed Flare|p2a: Scrafty","|-damage|p2a: Scrafty|203/312","|move|p2a: Scrafty|Drain Punch|p1a: Healer","|-damage|p1a: Healer|0 fnt","|-heal|p2a: Scrafty|229/312|[from] drain|[of] p1a: Healer","|faint|p1a: Healer","|","|-heal|p2a: Scrafty|248/312|[from] item: Leftovers","|","|switch|p1a: Ludicool|Ludicolo, M, shiny|351/351","|turn|7","|","|move|p1a: Ludicool|Rain Dance|p1a: Ludicool","|-weather|RainDance","|move|p2a: Scrafty|Drain Punch|p1a: Ludicool","|-damage|p1a: Ludicool|144/351","|-heal|p2a: Scrafty|312/312|[from] drain|[of] p1a: Ludicool","|","|-weather|RainDance|[upkeep]","|-heal|p1a: Ludicool|165/351|[from] item: Leftovers","|turn|8","|","|move|p1a: Ludicool|Giga Drain|p2a: Scrafty","|-damage|p2a: Scrafty|246/312","|-heal|p1a: Ludicool|198/351|[from] drain|[of] p2a: Scrafty","|move|p2a: Scrafty|Drain Punch|p1a: Ludicool","|-damage|p1a: Ludicool|0 fnt","|-heal|p2a: Scrafty|312/312|[from] drain|[of] p1a: Ludicool","|faint|p1a: Ludicool","|","|-weather|RainDance|[upkeep]","|","|switch|p1a: Thorns|Ferrothorn, M|321/321","|turn|9","|","|move|p2a: Scrafty|Drain Punch|p1a: Thorns","|-supereffective|p1a: Thorns","|-damage|p1a: Thorns|97/321","|-damage|p2a: Scrafty|273/312|[from] ability: Iron Barbs|[of] p1a: Thorns","|-damage|p2a: Scrafty|221/312|[from] item: Rocky Helmet|[of] p1a: Thorns","|move|p1a: Thorns|Leech Seed|p2a: Scrafty","|-start|p2a: Scrafty|move: Leech Seed","|","|-weather|RainDance|[upkeep]","|-heal|p2a: Scrafty|240/312|[from] item: Leftovers","|-damage|p2a: Scrafty|201/312|[from] Leech Seed|[of] p1a: Thorns","|-heal|p1a: Thorns|136/321|[silent]","|turn|10","|","|move|p1a: Thorns|Protect|p1a: Thorns","|-singleturn|p1a: Thorns|Protect","|move|p2a: Scrafty|Drain Punch|p1a: Thorns","|-activate|p1a: Thorns|Protect","|","|-weather|RainDance|[upkeep]","|-heal|p2a: Scrafty|220/312|[from] item: Leftovers","|-damage|p2a: Scrafty|181/312|[from] Leech Seed|[of] p1a: Thorns","|-heal|p1a: Thorns|175/321|[silent]","|turn|11","|","|move|p1a: Thorns|Protect|p1a: Thorns","|-fail|p1a: Thorns","|move|p2a: Scrafty|Drain Punch|p1a: Thorns","|-crit|p1a: Thorns","|-supereffective|p1a: Thorns","|-damage|p1a: Thorns|0 fnt","|-heal|p2a: Scrafty|269/312|[from] drain|[of] p1a: Thorns","|-damage|p2a: Scrafty|230/312|[from] ability: Iron Barbs|[of] p1a: Thorns","|-damage|p2a: Scrafty|178/312|[from] item: Rocky Helmet|[of] p1a: Thorns","|faint|p1a: Thorns","|","|-weather|none","|-heal|p2a: Scrafty|197/312|[from] item: Leftovers","|","|switch|p1a: Brawloom|Breloom, M, shiny|262/262","|turn|12","|","|move|p1a: Brawloom|Mach Punch|p2a: Scrafty","|-supereffective|p2a: Scrafty","|-damage|p2a: Scrafty|107/312","|move|p2a: Scrafty|Drain Punch|p1a: Brawloom","|-damage|p1a: Brawloom|84/262","|-heal|p2a: Scrafty|196/312|[from] drain|[of] p1a: Brawloom","|","|-heal|p2a: Scrafty|215/312|[from] item: Leftovers","|-damage|p2a: Scrafty|176/312|[from] Leech Seed|[of] p1a: Brawloom","|-heal|p1a: Brawloom|123/262|[silent]","|turn|13","|","|move|p1a: Brawloom|Spore|p2a: Scrafty","|-status|p2a: Scrafty|slp","|cant|p2a: Scrafty|slp","|","|-activate|p2a: Scrafty|ability: Shed Skin","|-curestatus|p2a: Scrafty|slp","|-heal|p2a: Scrafty|195/312|[from] item: Leftovers","|-damage|p2a: Scrafty|156/312|[from] Leech Seed|[of] p1a: Brawloom","|-heal|p1a: Brawloom|162/262|[silent]","|turn|14","|","|move|p1a: Brawloom|Spore|p2a: Scrafty","|-status|p2a: Scrafty|slp","|cant|p2a: Scrafty|slp","|","|-heal|p2a: Scrafty|175/312 slp|[from] item: Leftovers","|-damage|p2a: Scrafty|136/312 slp|[from] Leech Seed|[of] p1a: Brawloom","|-heal|p1a: Brawloom|201/262|[silent]","|turn|15","|","|move|p1a: Brawloom|Mach Punch|p2a: Scrafty","|-crit|p2a: Scrafty","|-supereffective|p2a: Scrafty","|-damage|p2a: Scrafty|0 fnt","|faint|p2a: Scrafty","|","|win|GTX♅Bzumzum"],"p1rating":{"entryid":"1463","serverid":"eos","formatid":"monotype","userid":"gtxbzumzum","username":"GTX♅Bzumzum","w":17,"l":"35","t":"0","gxe":33.7,"r":"1340.026987092","rd":"54.495959817093","sigma":"0","rptime":"1440320400","rpr":1371.7255151614,"rprd":50.612050208139,"rpsigma":"0","acre":1098.7137523477,"lacre":1098.7137523477,"oldacre":"1076.3382849003"},"p2rating":{"entryid":"81776","serverid":"eos","formatid":"monotype","userid":"dobbyisdank","username":"DOBBY IS DANK","w":"4","l":11,"t":"0","gxe":32.5,"r":"1435.0179633435","rd":"88.822113487697","sigma":"0","rptime":"1440320400","rpr":1358.6651018657,"rprd":78.442987086454,"rpsigma":"0","acre":1000,"lacre":1000,"oldacre":"1000"},"endType":"normal"}