{"seed":[64105,16765,49455,19985],"turns":19,"p1":"Alliance ♋ akaFila","p2":"Emg_DemZii","p1team":[{"name":"LukAtMahDicks","species":"anorith","item":"choicescarf","ability":"Swift Swim","moves":["xscissor","rockslide","brickbreak","aquajet"],"nature":"Adamant","evs":{"hp":0,"atk":252,"def":0,"spa":0,"spd":4,"spe":252},"shiny":true,"ivs":{"hp":31,"atk":31,"def":31,"spa":31,"spd":31,"spe":31}},{"name":"CatchThisTackle","species":"dwebble","item":"liechiberry","ability":"Sturdy","moves":["shellsmash","xscissor","stoneedge","earthquake"],"nature":"Adamant","evs":{"hp":0,"atk":252,"def":0,"spa":0,"spd":4,"spe":252},"shiny":true,"ivs":{"hp":31,"atk":31,"def":31,"spa":31,"spd":31,"spe":31}},{"name":"BootyCrackOfTerror","species":"golem","item":"custapberry","ability":"Sturdy","moves":["stealthrock","earthquake","endure","explosion"],"nature":"Adamant","evs":{"hp":248,"atk":252,"def":0,"spa":0,"spd":8,"spe":0},"shiny":true,"ivs":{"hp":31,"atk":31,"def":31,"spa":31,"spd":31,"spe":31}},{"name":"GoldenShowers4Life","species":"lileep","item":"eviolite","ability":"Storm Drain","moves":["toxic","stockpile","recover","protect"],"nature":"Calm","evs":{"hp":248,"atk":0,"def":8,"spa":0,"spd":252,"spe":0},"shiny":true,"ivs":{"hp":31,"atk":31,"def":31,"spa":31,"spd":31,"spe":31}},{"name":"MahNigga","species":"aron","item":"shellbell","ability":"Sturdy","moves":["endeavor","ironhead","roar","sandstorm"],"nature":"Impish","evs":{"hp":0,"atk":8,"def":252,"spa":0,"spd":0,"spe":250},"ivs":{"hp":0,"atk":31,"def":31,"spa":31,"spd":31,"spe":31},"shiny":true,"level":1},{"name":"TotesFab","species":"amaura","item":"choicespecs","ability":"Refrigerate","moves":["hypervoice","ancientpower","earthpower","discharge"],"nature":"Modest","evs":{"hp":248,"atk":0,"def":0,"spa":252,"spd":8,"spe":0},"shiny":true,"ivs":{"hp":31,"atk":31,"def":31,"spa":31,"spd":31,"spe":31}}],"p2team":[{"name":"Terrakion","species":"Terrakion","item":"choiceband","ability":"Justified","moves":["closecombat","stoneedge","earthquake","aerialace"],"nature":"Jolly","evs":{"hp":0,"atk":252,"def":0,"spa":0,"spd":4,"spe":252},"ivs":{"hp":31,"atk":31,"def":31,"spa":31,"spd":31,"spe":31}},{"name":"Shuckle","species":"Shuckle","item":"mentalherb","ability":"Sturdy","moves":["stealthrock","stickyweb","toxic","knockoff"],"nature":"Careful","evs":{"hp":248,"atk":8,"def":0,"spa":0,"spd":252,"spe":0},"ivs":{"hp":31,"atk":31,"def":31,"spa":31,"spd":31,"spe":31}},{"name":"Rhyperior","species":"Rhyperior","item":"weaknesspolicy","ability":"Solid Rock","moves":["rockpolish","stoneedge","drillrun","aquatail"],"nature":"Naughty","evs":{"hp":0,"atk":252,"def":252,"spa":0,"spd":0,"spe":0},"ivs":{"hp":31,"atk":31,"def":31,"spa":31,"spd":31,"spe":31}},{"name":"Cradily","species":"Cradily","item":"leftovers","ability":"Storm Drain","moves":["energyball","toxic","gigadrain","gastroacid"],"nature":"Calm","evs":{"hp":252,"atk":0,"def":0,"spa":4,"spd":252,"spe":0},"ivs":{"hp":31,"atk":31,"def":31,"spa":31,"spd":31,"spe":31}},{"name":"Aurorus","species":"Aurorus","item":"assaultvest","ability":"Refrigerate","moves":["freezedry","earthquake","hypervoice","icebeam"],"nature":"Mild","evs":{"hp":248,"atk":8,"def":0,"spa":252,"spd":0,"spe":0},"ivs":{"hp":31,"atk":31,"def":31,"spa":31,"spd":31,"spe":31}},{"name":"Lunatone","species":"Lunatone","item":"focussash","ability":"Levitate","moves":["reflect","moonblast","toxic","lightscreen"],"nature":"Calm","evs":{"hp":248,"atk":0,"def":0,"spa":8,"spd":252,"spe":0},"ivs":{"hp":31,"atk":31,"def":31,"spa":31,"spd":31,"spe":31}}],"log":["|player|p1|Alliance ♋ akaFila|allianceakafila.gif","|player|p2|Emg_DemZii|99","|gametype|singles","|gen|6","|tier|Monotype","|rated","|rule|Baton Pass Clause: Limit one Baton Passer, can't pass Spe and other stats simultaneously","|rule|Swagger Clause: Swagger is banned","|rule|Same Type Clause: Pokémon in a team must share a type","|clearpoke","|poke|p1|Anorith, F, shiny","|poke|p1|Dwebble, F, shiny","|poke|p1|Golem, F, shiny","|poke|p1|Lileep, M, shiny","|poke|p1|Aron, L1, M, shiny","|poke|p1|Amaura, F, shiny","|poke|p2|Terrakion","|poke|p2|Shuckle, F","|poke|p2|Rhyperior, M","|poke|p2|Cradily, M","|poke|p2|Aurorus, F","|poke|p2|Lunatone","|rule|Sleep Clause Mod: Limit one foe put to sleep","|rule|Species Clause: Limit one of each Pokémon","|rule|OHKO Clause: OHKO moves are banned","|rule|Moody Clause: Moody is banned","|rule|Evasion Moves Clause: Evasion moves are banned","|rule|Endless Battle Clause: Forcing endless battles is banned","|rule|HP Percentage Mod: HP is shown in percentages","|teampreview","|","|start","|switch|p1a: MahNigga|Aron, L1, M, shiny|12/12","|switch|p2a: Shuckle|Shuckle, F|243/243","|turn|1","|","|move|p2a: Shuckle|Sticky Web|p1a: MahNigga","|-sidestart|p1: Alliance ♋ akaFila|move: Sticky Web","|move|p1a: MahNigga|Endeavor|p2a: Shuckle","|-damage|p2a: Shuckle|12/243","|","|turn|2","|","|move|p2a: Shuckle|Stealth Rock|p1a: MahNigga","|-sidestart|p1: Alliance ♋ akaFila|move: Stealth Rock","|move|p1a: MahNigga|Roar|p2a: Shuckle","|drag|p2a: Rhyperior|Rhyperior, M|371/371","|","|turn|3","|","|move|p2a: Rhyperior|Drill Run|p1a: MahNigga","|-supereffective|p1a: MahNigga","|-ability|p1a: MahNigga|Sturdy","|-damage|p1a: MahNigga|1/12","|move|p1a: MahNigga|Endeavor|p2a: Rhyperior","|-damage|p2a: Rhyperior|1/371","|-heal|p1a: MahNigga|12/12|[from] item: Shell Bell|[of] p2a: Rhyperior","|","|turn|4","|","|switch|p2a: Shuckle|Shuckle, F|12/243","|move|p1a: MahNigga|Iron Head|p2a: Shuckle","|-supereffective|p2a: Shuckle","|-damage|p2a: Shuckle|10/243","|","|turn|5","|","|move|p2a: Shuckle|Knock Off|p1a: MahNigga","|-ability|p1a: MahNigga|Sturdy","|-damage|p1a: MahNigga|1/12","|-enditem|p1a: MahNigga|Shell Bell|[from] move: Knock Off|[of] p2a: Shuckle","|move|p1a: MahNigga|Endeavor|p2a: Shuckle","|-damage|p2a: Shuckle|1/243","|","|turn|6","|","|move|p2a: Shuckle|Knock Off|p1a: MahNigga","|-damage|p1a: MahNigga|0 fnt","|faint|p1a: MahNigga","|","|","|switch|p1a: BootyCrackOfTerror|Golem, F, shiny|363/363","|-damage|p1a: BootyCrackOfTerror|341/363|[from] Stealth Rock","|-activate|p1a: BootyCrackOfTerror|move: Sticky Web","|-unboost|p1a: BootyCrackOfTerror|spe|1","|turn|7","|","|move|p1a: BootyCrackOfTerror|Stealth Rock|p2a: Shuckle","|-sidestart|p2: Emg_DemZii|move: Stealth Rock","|move|p2a: Shuckle|Knock Off|p1a: BootyCrackOfTerror","|-damage|p1a: BootyCrackOfTerror|325/363","|-enditem|p1a: BootyCrackOfTerror|Custap Berry|[from] move: Knock Off|[of] p2a: Shuckle","|","|turn|8","|","|move|p1a: BootyCrackOfTerror|Earthquake|p2a: Shuckle","|-damage|p2a: Shuckle|0 fnt","|faint|p2a: Shuckle","|","|","|switch|p2a: Lunatone|Lunatone|343/343","|-damage|p2a: Lunatone|301/343|[from] Stealth Rock","|turn|9","|","|switch|p1a: CatchThisTackle|Dwebble, F, shiny|241/241","|-damage|p1a: CatchThisTackle|181/241|[from] Stealth Rock","|-activate|p1a: CatchThisTackle|move: Sticky Web","|-unboost|p1a: CatchThisTackle|spe|1","|move|p2a: Lunatone|Reflect|p2a: Lunatone","|-sidestart|p2: Emg_DemZii|Reflect","|","|turn|10","|","|move|p2a: Lunatone|Light Screen|p2a: Lunatone","|-sidestart|p2: Emg_DemZii|move: Light Screen","|move|p1a: CatchThisTackle|Shell Smash|p1a: CatchThisTackle","|-unboost|p1a: CatchThisTackle|def|1","|-unboost|p1a: CatchThisTackle|spd|1","|-boost|p1a: CatchThisTackle|atk|2","|-boost|p1a: CatchThisTackle|spa|2","|-boost|p1a: CatchThisTackle|spe|2","|","|turn|11","|","|move|p1a: CatchThisTackle|Shell Smash|p1a: CatchThisTackle","|-unboost|p1a: CatchThisTackle|def|1","|-unboost|p1a: CatchThisTackle|spd|1","|-boost|p1a: CatchThisTackle|atk|2","|-boost|p1a: CatchThisTackle|spa|2","|-boost|p1a: CatchThisTackle|spe|2","|move|p2a: Lunatone|Toxic|p1a: CatchThisTackle","|-status|p1a: CatchThisTackle|tox","|","|-damage|p1a: CatchThisTackle|166/241 tox|[from] psn","|turn|12","|","|switch|p2a: Rhyperior|Rhyperior, M|1/371","|-damage|p2a: Rhyperior|0 fnt|[from] Stealth Rock","|faint|p2a: Rhyperior","|move|p1a: CatchThisTackle|Shell Smash|p1a: CatchThisTackle","|-unboost|p1a: CatchThisTackle|def|1","|-unboost|p1a: CatchThisTackle|spd|1","|-boost|p1a: CatchThisTackle|atk|2","|-boost|p1a: CatchThisTackle|spa|2","|-boost|p1a: CatchThisTackle|spe|2","|","|-damage|p1a: CatchThisTackle|136/241 tox|[from] psn","|","|switch|p2a: Lunatone|Lunatone|301/343","|-damage|p2a: Lunatone|259/343|[from] Stealth Rock","|turn|13","|","|move|p1a: CatchThisTackle|X-Scissor|p2a: Lunatone","|-supereffective|p2a: Lunatone","|-damage|p2a: Lunatone|0 fnt","|faint|p2a: Lunatone","|","|-damage|p1a: CatchThisTackle|91/241 tox|[from] psn","|-sideend|p2: Emg_DemZii|Reflect","|","|switch|p2a: Cradily|Cradily, M|376/376","|-damage|p2a: Cradily|329/376|[from] Stealth Rock","|turn|14","|","|move|p1a: CatchThisTackle|X-Scissor|p2a: Cradily","|-supereffective|p2a: Cradily","|-damage|p2a: Cradily|0 fnt","|faint|p2a: Cradily","|","|-damage|p1a: CatchThisTackle|31/241 tox|[from] psn","|-sideend|p2: Emg_DemZii|move: Light Screen","|-enditem|p1a: CatchThisTackle|Liechi Berry|[eat]","|","|switch|p2a: Aurorus|Aurorus, F|449/449","|-damage|p2a: Aurorus|337/449|[from] Stealth Rock","|turn|15","|","|move|p1a: CatchThisTackle|Earthquake|p2a: Aurorus","|-supereffective|p2a: Aurorus","|-damage|p2a: Aurorus|0 fnt","|faint|p2a: Aurorus","|","|-damage|p1a: CatchThisTackle|0 fnt|[from] psn","|faint|p1a: CatchThisTackle","|","|switch|p2a: Terrakion|Terrakion|323/323","|switch|p1a: BootyCrackOfTerror|Golem, F, shiny|325/363","|-damage|p2a: Terrakion|303/323|[from] Stealth Rock","|-activate|p1a: BootyCrackOfTerror|move: Sticky Web","|-unboost|p1a: BootyCrackOfTerror|spe|1","|-damage|p1a: BootyCrackOfTerror|303/363|[from] Stealth Rock","|turn|16","|","|move|p2a: Terrakion|Close Combat|p1a: BootyCrackOfTerror","|-supereffective|p1a: BootyCrackOfTerror","|-damage|p1a: BootyCrackOfTerror|0 fnt","|-unboost|p2a: Terrakion|def|1","|-unboost|p2a: Terrakion|spd|1","|faint|p1a: BootyCrackOfTerror","|","|","|switch|p1a: GoldenShowers4Life|Lileep, M, shiny|335/335","|-activate|p1a: GoldenShowers4Life|move: Sticky Web","|-unboost|p1a: GoldenShowers4Life|spe|1","|-damage|p1a: GoldenShowers4Life|294/335|[from] Stealth Rock","|turn|17","|","|move|p2a: Terrakion|Close Combat|p1a: GoldenShowers4Life","|-supereffective|p1a: GoldenShowers4Life","|-damage|p1a: GoldenShowers4Life|0 fnt","|-unboost|p2a: Terrakion|def|1","|-unboost|p2a: Terrakion|spd|1","|faint|p1a: GoldenShowers4Life","|","|","|switch|p1a: TotesFab|Amaura, F, shiny|357/357","|-activate|p1a: TotesFab|move: Sticky Web","|-unboost|p1a: TotesFab|spe|1","|-damage|p1a: TotesFab|268/357|[from] Stealth Rock","|turn|18","|","|move|p2a: Terrakion|Close Combat|p1a: TotesFab","|-supereffective|p1a: TotesFab","|-damage|p1a: TotesFab|0 fnt","|-unboost|p2a: Terrakion|def|1","|-unboost|p2a: Terrakion|spd|1","|faint|p1a: TotesFab","|","|","|switch|p1a: LukAtMahDicks|Anorith, F, shiny|231/231","|-damage|p1a: LukAtMahDicks|174/231|[from] Stealth Rock","|-activate|p1a: LukAtMahDicks|move: Sticky Web","|-unboost|p1a: LukAtMahDicks|spe|1","|turn|19","|","|move|p1a: LukAtMahDicks|Aqua Jet|p2a: Terrakion","|-supereffective|p2a: Terrakion","|-damage|p2a: Terrakion|63/323","|move|p2a: Terrakion|Close Combat|p1a: LukAtMahDicks","|-damage|p1a: LukAtMahDicks|0 fnt","|-unboost|p2a: Terrakion|def|1","|-unboost|p2a: Terrakion|spd|1","|faint|p1a: LukAtMahDicks","|","|win|Emg_DemZii"],"p1rating":{"entryid":"126995","serverid":"eos","formatid":"monotype","userid":"allianceakafila","username":"Alliance ♋ akaFila","w":"10","l":10,"t":"0","gxe":48.1,"r":"1495.434966216","rd":"83.189535821743","sigma":"0","rptime":"1440320400","rpr":1485.559879271,"rprd":70.673206837393,"rpsigma":"0","acre":1070.9289794621,"lacre":1070.9289794621,"oldacre":"1098.8798115964"},"p2rating":{"entryid":"62993","serverid":"eos","formatid":"monotype","userid":"emgdemzii","username":"Emg_DemZii","w":9,"l":"19","t":"0","gxe":34.7,"r":"1368.3245123881","rd":"69.303429310094","sigma":"0","rptime":"1440320400","rpr":1379.2859142367,"rprd":62.5569856855,"rpsigma":"0","acre":1090.7466804085,"lacre":1090.7466804085,"oldacre":"1055.0107385869"},"endType":"normal"}