{"seed":[42596,52578,11910,1034],"turns":25,"p1":"Imp❇ Jk","p2":"sovereign♕zoroark","p1team":[{"name":"Cobalion","species":"Cobalion","item":"leftovers","ability":"Justified","moves":["thunderwave","ironhead","stealthrock","taunt"],"nature":"Impish","evs":{"hp":252,"atk":4,"def":252,"spa":0,"spd":0,"spe":0},"ivs":{"hp":31,"atk":31,"def":31,"spa":31,"spd":31,"spe":31}},{"name":"Scrafty","species":"Scrafty","item":"leftovers","ability":"Shed Skin","moves":["icepunch","crunch","drainpunch","bulkup"],"nature":"Careful","evs":{"hp":252,"atk":4,"def":0,"spa":0,"spd":252,"spe":0},"ivs":{"hp":31,"atk":31,"def":31,"spa":31,"spd":31,"spe":31}},{"name":"Hitmontop","species":"Hitmontop","item":"assaultvest","ability":"Intimidate","moves":["endeavor","seismictoss","suckerpunch","rapidspin"],"nature":"Impish","evs":{"hp":252,"atk":0,"def":64,"spa":0,"spd":192,"spe":0},"ivs":{"hp":31,"atk":31,"def":31,"spa":31,"spd":31,"spe":31}},{"name":"Infernape","species":"Infernape","item":"focussash","ability":"Blaze","moves":["flamethrower","vacuumwave","nastyplot","encore"],"nature":"Timid","evs":{"hp":0,"atk":0,"def":0,"spa":252,"spd":0,"spe":252},"ivs":{"hp":31,"atk":31,"def":31,"spa":31,"spd":31,"spe":31}},{"name":"Heracross","species":"Heracross","item":"heracronite","ability":"Moxie","moves":["bulletseed","pinmissile","rockblast","closecombat"],"nature":"Adamant","evs":{"hp":252,"atk":124,"def":132,"spa":0,"spd":0,"spe":0},"ivs":{"hp":31,"atk":31,"def":31,"spa":31,"spd":31,"spe":31}},{"name":"Terrakion","species":"Terrakion","item":"choicescarf","ability":"Justified","moves":["closecombat","stoneedge","earthquake","ironhead"],"nature":"Adamant","evs":{"hp":4,"atk":252,"def":0,"spa":0,"spd":0,"spe":252},"ivs":{"hp":31,"atk":31,"def":31,"spa":31,"spd":31,"spe":31}}],"p2team":[{"name":"Abomasnow","species":"Abomasnow","item":"abomasite","ability":"Snow Warning","moves":["blizzard","gigadrain","hiddenpowerfire","iceshard"],"nature":"Brave","evs":{"hp":0,"atk":0,"def":4,"spa":252,"spd":252,"spe":0},"ivs":{"hp":31,"atk":30,"def":31,"spa":30,"spd":31,"spe":30},"shiny":true},{"name":"Froslass","species":"Froslass","item":"leftovers","ability":"Snow Cloak","moves":["substitute","thunderbolt","icebeam","destinybond"],"nature":"Timid","evs":{"hp":4,"atk":0,"def":0,"spa":252,"spd":0,"spe":252},"ivs":{"hp":31,"atk":31,"def":31,"spa":31,"spd":31,"spe":31}},{"name":"Kyurem-Black","species":"Kyurem-Black","item":"choicescarf","ability":"Teravolt","moves":["outrage","fusionbolt","stoneedge","facade"],"nature":"Jolly","evs":{"hp":4,"atk":252,"def":0,"spa":0,"spd":0,"spe":252},"shiny":true,"ivs":{"hp":31,"atk":31,"def":31,"spa":31,"spd":31,"spe":31}},{"name":"Mamoswine","species":"Mamoswine","item":"lifeorb","ability":"Snow Cloak","moves":["stealthrock","earthquake","iceshard","stoneedge"],"nature":"Adamant","evs":{"hp":4,"atk":252,"def":0,"spa":0,"spd":0,"spe":252},"ivs":{"hp":31,"atk":31,"def":31,"spa":31,"spd":31,"spe":31}},{"name":"Walrein","species":"Walrein","item":"choicespecs","ability":"Thick Fat","moves":["surf","icebeam","signalbeam","hiddenpowerfire"],"nature":"Modest","evs":{"hp":252,"atk":0,"def":0,"spa":252,"spd":0,"spe":4},"ivs":{"hp":31,"atk":30,"def":31,"spa":30,"spd":31,"spe":30}},{"name":"Cloyster","species":"Cloyster","item":"focussash","ability":"Skill Link","moves":["shellsmash","iciclespear","rockblast","razorshell"],"nature":"Adamant","evs":{"hp":24,"atk":252,"def":0,"spa":0,"spd":0,"spe":232},"ivs":{"hp":31,"atk":31,"def":31,"spa":31,"spd":31,"spe":31}}],"log":["|player|p1|Imp❇ Jk|93","|player|p2|sovereign♕zoroark|218","|gametype|singles","|gen|6","|tier|Monotype","|rated","|rule|Baton Pass Clause: Limit one Baton Passer, can't pass Spe and other stats simultaneously","|rule|Swagger Clause: Swagger is banned","|rule|Same Type Clause: Pokémon in a team must share a type","|clearpoke","|poke|p1|Cobalion","|poke|p1|Scrafty, M","|poke|p1|Hitmontop, M","|poke|p1|Infernape, M","|poke|p1|Heracross, M","|poke|p1|Terrakion","|poke|p2|Abomasnow, M, shiny","|poke|p2|Froslass, F","|poke|p2|Kyurem-Black, shiny","|poke|p2|Mamoswine, M","|poke|p2|Walrein, F","|poke|p2|Cloyster, F","|rule|Sleep Clause Mod: Limit one foe put to sleep","|rule|Species Clause: Limit one of each Pokémon","|rule|OHKO Clause: OHKO moves are banned","|rule|Moody Clause: Moody is banned","|rule|Evasion Moves Clause: Evasion moves are banned","|rule|Endless Battle Clause: Forcing endless battles is banned","|rule|HP Percentage Mod: HP is shown in percentages","|teampreview","|","|start","|switch|p1a: Infernape|Infernape, M|293/293","|switch|p2a: Abomasnow|Abomasnow, M, shiny|321/321","|-weather|Hail","|turn|1","|","|switch|p1a: Scrafty|Scrafty, M|334/334","|detailschange|p2a: Abomasnow|Abomasnow-Mega, M, shiny","|-mega|p2a: Abomasnow|Abomasnow|Abomasite","|move|p2a: Abomasnow|Ice Shard|p1a: Scrafty","|-damage|p1a: Scrafty|277/334","|","|-weather|Hail|[upkeep]","|-damage|p1a: Scrafty|257/334|[from] hail","|-heal|p1a: Scrafty|277/334|[from] item: Leftovers","|turn|2","|","|move|p1a: Scrafty|Drain Punch|p2a: Abomasnow","|-supereffective|p2a: Abomasnow","|-damage|p2a: Abomasnow|163/321","|-heal|p1a: Scrafty|334/334|[from] drain|[of] p2a: Abomasnow","|move|p2a: Abomasnow|Blizzard|p1a: Scrafty","|-damage|p1a: Scrafty|193/334","|-status|p1a: Scrafty|frz","|","|-weather|Hail|[upkeep]","|-damage|p1a: Scrafty|173/334 frz|[from] hail","|-heal|p1a: Scrafty|193/334 frz|[from] item: Leftovers","|turn|3","|","|cant|p1a: Scrafty|frz","|move|p2a: Abomasnow|Blizzard|p1a: Scrafty","|-crit|p1a: Scrafty","|-damage|p1a: Scrafty|0 fnt","|faint|p1a: Scrafty","|","|-weather|Hail|[upkeep]","|","|switch|p1a: Cobalion|Cobalion|386/386","|turn|4","|","|move|p1a: Cobalion|Iron Head|p2a: Abomasnow","|-supereffective|p2a: Abomasnow","|-damage|p2a: Abomasnow|0 fnt","|faint|p2a: Abomasnow","|","|-weather|Hail|[upkeep]","|-damage|p1a: Cobalion|362/386|[from] hail","|-heal|p1a: Cobalion|386/386|[from] item: Leftovers","|","|switch|p2a: Cloyster|Cloyster, F|247/247","|turn|5","|","|move|p1a: Cobalion|Thunder Wave|p2a: Cloyster","|-status|p2a: Cloyster|par","|cant|p2a: Cloyster|par","|","|-weather|none","|turn|6","|","|move|p1a: Cobalion|Taunt|p2a: Cloyster","|-start|p2a: Cloyster|move: Taunt","|move|p2a: Cloyster|Rock Blast|p1a: Cobalion","|-resisted|p1a: Cobalion","|-damage|p1a: Cobalion|382/386","|-resisted|p1a: Cobalion","|-damage|p1a: Cobalion|379/386","|-resisted|p1a: Cobalion","|-damage|p1a: Cobalion|375/386","|-resisted|p1a: Cobalion","|-damage|p1a: Cobalion|372/386","|-resisted|p1a: Cobalion","|-damage|p1a: Cobalion|368/386","|-hitcount|p1a: Cobalion|5","|","|-heal|p1a: Cobalion|386/386|[from] item: Leftovers","|turn|7","|","|move|p1a: Cobalion|Stealth Rock|p2a: Cloyster","|-sidestart|p2: sovereign♕zoroark|move: Stealth Rock","|move|p2a: Cloyster|Icicle Spear|p1a: Cobalion","|-resisted|p1a: Cobalion","|-damage|p1a: Cobalion|374/386","|-resisted|p1a: Cobalion","|-damage|p1a: Cobalion|363/386","|-resisted|p1a: Cobalion","|-damage|p1a: Cobalion|351/386","|-resisted|p1a: Cobalion","|-damage|p1a: Cobalion|338/386","|-resisted|p1a: Cobalion","|-damage|p1a: Cobalion|326/386","|-hitcount|p1a: Cobalion|5","|","|-heal|p1a: Cobalion|350/386|[from] item: Leftovers","|turn|8","|","|move|p1a: Cobalion|Iron Head|p2a: Cloyster","|-damage|p2a: Cloyster|195/247 par","|move|p2a: Cloyster|Razor Shell|p1a: Cobalion","|-damage|p1a: Cobalion|275/386","|","|-heal|p1a: Cobalion|299/386|[from] item: Leftovers","|-end|p2a: Cloyster|move: Taunt","|turn|9","|","|move|p1a: Cobalion|Iron Head|p2a: Cloyster","|-damage|p2a: Cloyster|141/247 par","|move|p2a: Cloyster|Razor Shell|p1a: Cobalion","|-damage|p1a: Cobalion|230/386","|","|-heal|p1a: Cobalion|254/386|[from] item: Leftovers","|turn|10","|","|move|p1a: Cobalion|Taunt|p2a: Cloyster","|-start|p2a: Cloyster|move: Taunt","|move|p2a: Cloyster|Razor Shell|p1a: Cobalion","|-damage|p1a: Cobalion|182/386","|","|-heal|p1a: Cobalion|206/386|[from] item: Leftovers","|turn|11","|","|move|p1a: Cobalion|Iron Head|p2a: Cloyster","|-damage|p2a: Cloyster|87/247 par","|cant|p2a: Cloyster|par","|","|-heal|p1a: Cobalion|230/386|[from] item: Leftovers","|turn|12","|","|move|p1a: Cobalion|Iron Head|p2a: Cloyster","|-damage|p2a: Cloyster|38/247 par","|move|p2a: Cloyster|Razor Shell|p1a: Cobalion","|-damage|p1a: Cobalion|158/386","|-unboost|p1a: Cobalion|def|1","|","|-heal|p1a: Cobalion|182/386|[from] item: Leftovers","|-end|p2a: Cloyster|move: Taunt","|turn|13","|","|move|p1a: Cobalion|Iron Head|p2a: Cloyster","|-damage|p2a: Cloyster|0 fnt","|faint|p2a: Cloyster","|","|-heal|p1a: Cobalion|206/386|[from] item: Leftovers","|","|switch|p2a: Kyurem-Black|Kyurem-Black, shiny|392/392","|-damage|p2a: Kyurem-Black|294/392|[from] Stealth Rock","|-ability|p2a: Kyurem-Black|Teravolt","|turn|14","|","|switch|p1a: Hitmontop|Hitmontop, M|304/304","|-ability|p1a: Hitmontop|Intimidate","|-unboost|p2a: Kyurem-Black|atk|1","|move|p2a: Kyurem-Black|Outrage|p1a: Hitmontop","|-damage|p1a: Hitmontop|139/304","|","|turn|15","|","|move|p1a: Hitmontop|Sucker Punch|p2a: Kyurem-Black","|-damage|p2a: Kyurem-Black|238/392","|move|p2a: Kyurem-Black|Outrage|p1a: Hitmontop|[from]lockedmove","|-damage|p1a: Hitmontop|0 fnt","|faint|p1a: Hitmontop","|","|","|switch|p1a: Cobalion|Cobalion|206/386","|turn|16","|","|move|p2a: Kyurem-Black|Outrage|p1a: Cobalion|[from]lockedmove","|-resisted|p1a: Cobalion","|-damage|p1a: Cobalion|154/386","|-start|p2a: Kyurem-Black|confusion|[fatigue]","|move|p1a: Cobalion|Thunder Wave|p2a: Kyurem-Black","|-status|p2a: Kyurem-Black|par","|","|-heal|p1a: Cobalion|178/386|[from] item: Leftovers","|turn|17","|","|move|p1a: Cobalion|Iron Head|p2a: Kyurem-Black","|-supereffective|p2a: Kyurem-Black","|-damage|p2a: Kyurem-Black|62/392 par","|-activate|p2a: Kyurem-Black|confusion","|cant|p2a: Kyurem-Black|par","|","|-heal|p1a: Cobalion|202/386|[from] item: Leftovers","|turn|18","|","|move|p1a: Cobalion|Iron Head|p2a: Kyurem-Black","|-supereffective|p2a: Kyurem-Black","|-damage|p2a: Kyurem-Black|0 fnt","|faint|p2a: Kyurem-Black","|","|-heal|p1a: Cobalion|226/386|[from] item: Leftovers","|","|switch|p2a: Froslass|Froslass, F|282/282","|-damage|p2a: Froslass|212/282|[from] Stealth Rock","|turn|19","|","|move|p2a: Froslass|Substitute|p2a: Froslass","|-start|p2a: Froslass|Substitute","|-damage|p2a: Froslass|142/282","|move|p1a: Cobalion|Iron Head|p2a: Froslass","|-supereffective|p2a: Froslass","|-end|p2a: Froslass|Substitute","|","|-heal|p2a: Froslass|159/282|[from] item: Leftovers","|-heal|p1a: Cobalion|250/386|[from] item: Leftovers","|turn|20","|","|move|p2a: Froslass|Substitute|p2a: Froslass","|-start|p2a: Froslass|Substitute","|-damage|p2a: Froslass|89/282","|move|p1a: Cobalion|Iron Head|p2a: Froslass","|-supereffective|p2a: Froslass","|-end|p2a: Froslass|Substitute","|","|-heal|p2a: Froslass|106/282|[from] item: Leftovers","|-heal|p1a: Cobalion|274/386|[from] item: Leftovers","|turn|21","|","|move|p2a: Froslass|Destiny Bond|p2a: Froslass","|-singlemove|p2a: Froslass|Destiny Bond","|move|p1a: Cobalion|Taunt|p2a: Froslass","|-start|p2a: Froslass|move: Taunt","|","|-heal|p2a: Froslass|123/282|[from] item: Leftovers","|-heal|p1a: Cobalion|298/386|[from] item: Leftovers","|turn|22","|","|move|p2a: Froslass|Thunderbolt|p1a: Cobalion","|-crit|p1a: Cobalion","|-damage|p1a: Cobalion|155/386","|move|p1a: Cobalion|Iron Head|p2a: Froslass","|-supereffective|p2a: Froslass","|-damage|p2a: Froslass|0 fnt","|faint|p2a: Froslass","|","|-heal|p1a: Cobalion|179/386|[from] item: Leftovers","|","|switch|p2a: Mamoswine|Mamoswine, M|362/362","|-damage|p2a: Mamoswine|317/362|[from] Stealth Rock","|turn|23","|","|move|p2a: Mamoswine|Earthquake|p1a: Cobalion","|-supereffective|p1a: Cobalion","|-damage|p1a: Cobalion|0 fnt","|-damage|p2a: Mamoswine|281/362|[from] item: Life Orb","|faint|p1a: Cobalion","|","|","|switch|p1a: Heracross|Heracross, M|364/364","|turn|24","|","|detailschange|p1a: Heracross|Heracross-Mega, M","|-mega|p1a: Heracross|Heracross|Heracronite","|move|p2a: Mamoswine|Earthquake|p1a: Heracross","|-resisted|p1a: Heracross","|-damage|p1a: Heracross|257/364","|-damage|p2a: Mamoswine|245/362|[from] item: Life Orb","|move|p1a: Heracross|Bullet Seed|p2a: Mamoswine","|-supereffective|p2a: Mamoswine","|-damage|p2a: Mamoswine|139/362","|-supereffective|p2a: Mamoswine","|-damage|p2a: Mamoswine|39/362","|-supereffective|p2a: Mamoswine","|-damage|p2a: Mamoswine|0 fnt","|-hitcount|p2a: Mamoswine|3","|faint|p2a: Mamoswine","|","|","|switch|p2a: Walrein|Walrein, F|424/424","|-damage|p2a: Walrein|318/424|[from] Stealth Rock","|turn|25","|","|move|p1a: Heracross|Bullet Seed|p2a: Walrein","|-supereffective|p2a: Walrein","|-damage|p2a: Walrein|234/424","|-supereffective|p2a: Walrein","|-damage|p2a: Walrein|142/424","|-supereffective|p2a: Walrein","|-damage|p2a: Walrein|46/424","|-supereffective|p2a: Walrein","|-damage|p2a: Walrein|0 fnt","|-hitcount|p2a: Walrein|4","|faint|p2a: Walrein","|","|win|Imp❇ Jk"],"p1rating":{"entryid":"86215","serverid":"eos","formatid":"monotype","userid":"impjk","username":"Imp❇ Jk","w":10,"l":"5","t":"0","gxe":59.5,"r":"1502.5816390108","rd":"91.70319712324","sigma":"0","rptime":"1440320400","rpr":1574.068705916,"rprd":78.346894917452,"rpsigma":"0","acre":1208.5129923346,"lacre":1208.5129923346,"oldacre":"1189.5538572352"},"p2rating":{"entryid":"313593","serverid":"eos","formatid":"monotype","userid":"sovereignzoroark","username":"sovereign♕zoroark","w":"10","l":26,"t":"0","gxe":29.9,"r":"1371.7471491143","rd":"74.50004825256","sigma":"0","rptime":"1440320400","rpr":1337.9341255258,"rprd":57.097373350414,"rpsigma":"0","acre":1084.9486051988,"lacre":1084.9486051988,"oldacre":"1103.9077402982"},"endType":"normal"}