{"seed":[22676,55609,13899,39932],"turns":29,"p1":"Knight Applejack","p2":"Inferno Sableye","p1team":[{"name":"Landorus-Therian","species":"Landorus-Therian","item":"choicescarf","ability":"Intimidate","moves":["earthquake","knockoff","stoneedge","uturn"],"nature":"Jolly","evs":{"hp":0,"atk":252,"def":0,"spa":0,"spd":4,"spe":252},"ivs":{"hp":31,"atk":31,"def":31,"spa":31,"spd":31,"spe":31}},{"name":"Aerodactyl","species":"Aerodactyl","item":"focussash","ability":"Rock Head","moves":["stealthrock","tailwind","taunt","stoneedge"],"nature":"Jolly","evs":{"hp":0,"atk":252,"def":0,"spa":0,"spd":0,"spe":252},"ivs":{"hp":31,"atk":31,"def":31,"spa":31,"spd":31,"spe":31}},{"name":"Pidgeot","species":"Pidgeot","item":"pidgeotite","ability":"Keen Eye","moves":["hurricane","roost","substitute","heatwave"],"nature":"Timid","evs":{"hp":0,"atk":0,"def":0,"spa":252,"spd":4,"spe":252},"ivs":{"hp":31,"atk":30,"def":30,"spa":31,"spd":31,"spe":31}},{"name":"Salamence","species":"Salamence","item":"assaultvest","ability":"Intimidate","moves":["dracometeor","dragonclaw","flamethrower","earthquake"],"nature":"Hasty","evs":{"hp":0,"atk":252,"def":0,"spa":4,"spd":0,"spe":252},"ivs":{"hp":31,"atk":31,"def":31,"spa":31,"spd":31,"spe":31}},{"name":"Thundurus-Therian","species":"Thundurus-Therian","item":"lifeorb","ability":"Volt Absorb","moves":["bulkup","wildcharge","knockoff","superpower"],"nature":"Jolly","evs":{"hp":0,"atk":252,"def":0,"spa":0,"spd":4,"spe":252},"ivs":{"hp":31,"atk":31,"def":31,"spa":31,"spd":31,"spe":31}},{"name":"Moltres","species":"Moltres","item":"choicescarf","ability":"Pressure","moves":["hiddenpowergrass","fireblast","hurricane","willowisp"],"nature":"Modest","evs":{"hp":4,"atk":0,"def":0,"spa":252,"spd":0,"spe":252},"ivs":{"hp":31,"atk":30,"def":31,"spa":30,"spd":31,"spe":31}}],"p2team":[{"name":"Not op","species":"sableye","item":"sablenite","ability":"Prankster","moves":["shadowball","recover","calmmind","willowisp"],"nature":"Bold","evs":{"hp":248,"atk":0,"def":252,"spa":0,"spd":8,"spe":0},"ivs":{"hp":31,"atk":0,"def":31,"spa":31,"spd":31,"spe":31}},{"name":"Rawwrrrr","species":"tyranitar","item":"chopleberry","ability":"Sand Stream","moves":["stealthrock","thunderwave","rockslide","earthquake"],"nature":"Impish","evs":{"hp":252,"atk":0,"def":80,"spa":0,"spd":176,"spe":0},"ivs":{"hp":31,"atk":31,"def":31,"spa":31,"spd":31,"spe":31}},{"name":"Bish Plz","species":"bisharp","item":"lumberry","ability":"Defiant","moves":["knockoff","suckerpunch","ironhead","swordsdance"],"nature":"Adamant","evs":{"hp":0,"atk":252,"def":4,"spa":0,"spd":0,"spe":252},"gender":"M","shiny":true,"ivs":{"hp":31,"atk":31,"def":31,"spa":31,"spd":31,"spe":31}},{"name":"Oit of this world","species":"hoopaunbound","item":"choicescarf","ability":"Magician","moves":["gunkshot","hyperspacehole","hyperspacefury","drainpunch"],"nature":"Hasty","evs":{"hp":0,"atk":252,"def":0,"spa":4,"spd":0,"spe":252},"ivs":{"hp":31,"atk":31,"def":31,"spa":31,"spd":31,"spe":31}},{"name":"No pressure","species":"weavile","item":"lifeorb","ability":"Pressure","moves":["iciclecrash","iceshard","knockoff","lowkick"],"nature":"Jolly","evs":{"hp":0,"atk":252,"def":0,"spa":0,"spd":4,"spe":252},"ivs":{"hp":31,"atk":31,"def":31,"spa":31,"spd":31,"spe":31}},{"name":"Buzz off bitch","species":"mandibuzz","item":"rockyhelmet","ability":"Overcoat","moves":["roost","defog","whirlwind","foulplay"],"nature":"Bold","evs":{"hp":176,"atk":0,"def":252,"spa":0,"spd":80,"spe":0},"ivs":{"hp":31,"atk":31,"def":31,"spa":31,"spd":31,"spe":31}}],"log":["|player|p1|Knight Applejack|27","|player|p2|Inferno Sableye|infernosableye.gif","|gametype|singles","|gen|6","|tier|Monotype","|rated","|rule|Baton Pass Clause: Limit one Baton Passer, can't pass Spe and other stats simultaneously","|rule|Swagger Clause: Swagger is banned","|rule|Same Type Clause: Pokémon in a team must share a type","|clearpoke","|poke|p1|Landorus-Therian, M","|poke|p1|Aerodactyl, M","|poke|p1|Pidgeot, M","|poke|p1|Salamence, M","|poke|p1|Thundurus-Therian, M","|poke|p1|Moltres","|poke|p2|Sableye, F","|poke|p2|Tyranitar, F","|poke|p2|Bisharp, M, shiny","|poke|p2|Hoopa-Unbound","|poke|p2|Weavile, M","|poke|p2|Mandibuzz, F","|rule|Sleep Clause Mod: Limit one foe put to sleep","|rule|Species Clause: Limit one of each Pokémon","|rule|OHKO Clause: OHKO moves are banned","|rule|Moody Clause: Moody is banned","|rule|Evasion Moves Clause: Evasion moves are banned","|rule|Endless Battle Clause: Forcing endless battles is banned","|rule|HP Percentage Mod: HP is shown in percentages","|teampreview","|","|start","|switch|p1a: Aerodactyl|Aerodactyl, M|301/301","|switch|p2a: Not op|Sableye, F|303/303","|turn|1","|","|detailschange|p2a: Not op|Sableye-Mega, F","|-mega|p2a: Not op|Sableye|Sablenite","|move|p2a: Not op|Will-O-Wisp|p1a: Aerodactyl","|-status|p1a: Aerodactyl|brn","|move|p1a: Aerodactyl|Taunt|p2a: Not op","|move|p2a: Not op|Taunt|p1a: Aerodactyl|[from]Magic Bounce","|-start|p1a: Aerodactyl|move: Taunt","|","|-damage|p1a: Aerodactyl|264/301 brn|[from] brn","|turn|2","|","|switch|p1a: Pidgeot|Pidgeot, M|307/307","|switch|p2a: Rawwrrrr|Tyranitar, F|404/404","|-weather|Sandstorm","|","|-weather|Sandstorm|[upkeep]","|-damage|p1a: Pidgeot|288/307|[from] sandstorm","|turn|3","|","|switch|p1a: Aerodactyl|Aerodactyl, M|264/301 brn","|move|p2a: Rawwrrrr|Stealth Rock|p1a: Aerodactyl","|-sidestart|p1: Knight Applejack|move: Stealth Rock","|","|-weather|Sandstorm|[upkeep]","|-damage|p1a: Aerodactyl|227/301 brn|[from] brn","|turn|4","|","|switch|p2a: Not op|Sableye-Mega, F|303/303","|move|p1a: Aerodactyl|Stealth Rock|p2a: Not op","|move|p2a: Not op|Stealth Rock|p1a: Aerodactyl|[from]Magic Bounce","|-fail|p1a: Aerodactyl","|","|-weather|Sandstorm|[upkeep]","|-damage|p2a: Not op|285/303|[from] sandstorm","|-damage|p1a: Aerodactyl|190/301 brn|[from] brn","|turn|5","|","|move|p1a: Aerodactyl|Stone Edge|p2a: Not op","|-damage|p2a: Not op|239/303","|move|p2a: Not op|Calm Mind|p2a: Not op","|-boost|p2a: Not op|spa|1","|-boost|p2a: Not op|spd|1","|","|-weather|Sandstorm|[upkeep]","|-damage|p2a: Not op|221/303|[from] sandstorm","|-damage|p1a: Aerodactyl|153/301 brn|[from] brn","|turn|6","|","|switch|p1a: Salamence|Salamence, M|331/331","|-damage|p1a: Salamence|249/331|[from] Stealth Rock","|-ability|p1a: Salamence|Intimidate","|-unboost|p2a: Not op|atk|1","|move|p2a: Not op|Recover|p2a: Not op","|-heal|p2a: Not op|303/303","|","|-weather|none","|turn|7","|","|move|p1a: Salamence|Dragon Claw|p2a: Not op","|-damage|p2a: Not op|206/303","|move|p2a: Not op|Will-O-Wisp|p1a: Salamence","|-status|p1a: Salamence|brn","|","|-damage|p1a: Salamence|208/331 brn|[from] brn","|turn|8","|","|switch|p1a: Thundurus-Therian|Thundurus-Therian, M|299/299","|-damage|p1a: Thundurus-Therian|225/299|[from] Stealth Rock","|move|p2a: Not op|Recover|p2a: Not op","|-heal|p2a: Not op|303/303","|","|turn|9","|","|move|p1a: Thundurus-Therian|Bulk Up|p1a: Thundurus-Therian","|-boost|p1a: Thundurus-Therian|atk|1","|-boost|p1a: Thundurus-Therian|def|1","|move|p2a: Not op|Calm Mind|p2a: Not op","|-boost|p2a: Not op|spa|1","|-boost|p2a: Not op|spd|1","|","|turn|10","|","|move|p1a: Thundurus-Therian|Wild Charge|p2a: Not op","|-damage|p2a: Not op|138/303","|-damage|p1a: Thundurus-Therian|184/299|[from] recoil|[of] p2a: Not op","|-damage|p1a: Thundurus-Therian|155/299|[from] item: Life Orb","|move|p2a: Not op|Will-O-Wisp|p1a: Thundurus-Therian","|-status|p1a: Thundurus-Therian|brn","|","|-damage|p1a: Thundurus-Therian|118/299 brn|[from] brn","|turn|11","|","|move|p1a: Thundurus-Therian|Bulk Up|p1a: Thundurus-Therian","|-boost|p1a: Thundurus-Therian|atk|1","|-boost|p1a: Thundurus-Therian|def|1","|move|p2a: Not op|Recover|p2a: Not op","|-heal|p2a: Not op|290/303","|","|-damage|p1a: Thundurus-Therian|81/299 brn|[from] brn","|turn|12","|","|move|p1a: Thundurus-Therian|Wild Charge|p2a: Not op","|-damage|p2a: Not op|186/303","|-damage|p1a: Thundurus-Therian|55/299 brn|[from] recoil|[of] p2a: Not op","|-damage|p1a: Thundurus-Therian|26/299 brn|[from] item: Life Orb","|move|p2a: Not op|Calm Mind|p2a: Not op","|-boost|p2a: Not op|spa|1","|-boost|p2a: Not op|spd|1","|","|-damage|p1a: Thundurus-Therian|0 fnt|[from] brn","|faint|p1a: Thundurus-Therian","|","|switch|p1a: Moltres|Moltres|322/322","|-damage|p1a: Moltres|161/322|[from] Stealth Rock","|-ability|p1a: Moltres|Pressure","|turn|13","|","|move|p1a: Moltres|Fire Blast|p2a: Not op|[miss]","|-miss|p1a: Moltres|p2a: Not op","|move|p2a: Not op|Recover|p2a: Not op","|-heal|p2a: Not op|303/303","|","|turn|14","|","|move|p1a: Moltres|Fire Blast|p2a: Not op","|-damage|p2a: Not op|227/303","|move|p2a: Not op|Shadow Ball|p1a: Moltres","|-crit|p1a: Moltres","|-damage|p1a: Moltres|0 fnt","|faint|p1a: Moltres","|","|","|switch|p1a: Pidgeot|Pidgeot, M|288/307","|-damage|p1a: Pidgeot|212/307|[from] Stealth Rock","|turn|15","|","|detailschange|p1a: Pidgeot|Pidgeot-Mega, M","|-mega|p1a: Pidgeot|Pidgeot|Pidgeotite","|move|p1a: Pidgeot|Hurricane|p2a: Not op","|-damage|p2a: Not op|155/303","|move|p2a: Not op|Shadow Ball|p1a: Pidgeot","|-immune|p1a: Pidgeot|[msg]","|","|turn|16","|","|move|p1a: Pidgeot|Hurricane|p2a: Not op","|-damage|p2a: Not op|88/303","|-start|p2a: Not op|confusion","|-activate|p2a: Not op|confusion","|-damage|p2a: Not op|78/303|[from] confusion","|","|turn|17","|","|move|p1a: Pidgeot|Hurricane|p2a: Not op","|-damage|p2a: Not op|12/303","|-activate|p2a: Not op|confusion","|-damage|p2a: Not op|3/303|[from] confusion","|","|turn|18","|","|move|p1a: Pidgeot|Hurricane|p2a: Not op","|-damage|p2a: Not op|0 fnt","|faint|p2a: Not op","|","|","|switch|p2a: No pressure|Weavile, M|281/281","|-ability|p2a: No pressure|Pressure","|turn|19","|","|switch|p1a: Salamence|Salamence, M|208/331 brn","|-damage|p1a: Salamence|126/331 brn|[from] Stealth Rock","|-ability|p1a: Salamence|Intimidate","|-unboost|p2a: No pressure|atk|1","|move|p2a: No pressure|Icicle Crash|p1a: Salamence|[miss]","|-miss|p2a: No pressure|p1a: Salamence","|","|-damage|p1a: Salamence|85/331 brn|[from] brn","|turn|20","|","|move|p2a: No pressure|Ice Shard|p1a: Salamence","|-supereffective|p1a: Salamence","|-damage|p1a: Salamence|0 fnt","|-damage|p2a: No pressure|253/281|[from] item: Life Orb","|faint|p1a: Salamence","|","|","|switch|p1a: Landorus-Therian|Landorus-Therian, M|319/319","|-damage|p1a: Landorus-Therian|280/319|[from] Stealth Rock","|-ability|p1a: Landorus-Therian|Intimidate","|-unboost|p2a: No pressure|atk|1","|turn|21","|","|move|p1a: Landorus-Therian|U-turn|p2a: No pressure","|-crit|p2a: No pressure","|-supereffective|p2a: No pressure","|-damage|p2a: No pressure|0 fnt","|faint|p2a: No pressure","|","|switch|p1a: Aerodactyl|Aerodactyl, M|153/301 brn","|-damage|p1a: Aerodactyl|78/301 brn|[from] Stealth Rock","|","|-damage|p1a: Aerodactyl|41/301 brn|[from] brn","|","|switch|p2a: Bish Plz|Bisharp, M, shiny|271/271","|turn|22","|","|move|p1a: Aerodactyl|Taunt|p2a: Bish Plz","|-start|p2a: Bish Plz|move: Taunt","|cant|p2a: Bish Plz|move: Taunt|Swords Dance","|","|-damage|p1a: Aerodactyl|4/301 brn|[from] brn","|turn|23","|","|move|p2a: Bish Plz|Sucker Punch|p1a: Aerodactyl","|-fail|p2a: Bish Plz","|move|p1a: Aerodactyl|Stealth Rock|p2a: Bish Plz","|-sidestart|p2: Inferno Sableye|move: Stealth Rock","|","|-damage|p1a: Aerodactyl|0 fnt|[from] brn","|faint|p1a: Aerodactyl","|","|switch|p1a: Pidgeot|Pidgeot-Mega, M|212/307","|-damage|p1a: Pidgeot|136/307|[from] Stealth Rock","|turn|24","|","|move|p2a: Bish Plz|Sucker Punch|p1a: Pidgeot","|-fail|p2a: Bish Plz","|move|p1a: Pidgeot|Substitute|p1a: Pidgeot","|-start|p1a: Pidgeot|Substitute","|-damage|p1a: Pidgeot|60/307","|","|-end|p2a: Bish Plz|move: Taunt","|turn|25","|","|move|p2a: Bish Plz|Sucker Punch|p1a: Pidgeot","|-end|p1a: Pidgeot|Substitute","|move|p1a: Pidgeot|Heat Wave|p2a: Bish Plz","|-supereffective|p2a: Bish Plz","|-damage|p2a: Bish Plz|0 fnt","|faint|p2a: Bish Plz","|","|","|switch|p2a: Oit of this world|Hoopa-Unbound|301/301","|-damage|p2a: Oit of this world|264/301|[from] Stealth Rock","|turn|26","|","|move|p2a: Oit of this world|Hyperspace Fury|p1a: Pidgeot","|-damage|p1a: Pidgeot|0 fnt","|-unboost|p2a: Oit of this world|def|1","|faint|p1a: Pidgeot","|","|","|switch|p1a: Landorus-Therian|Landorus-Therian, M|280/319","|-damage|p1a: Landorus-Therian|241/319|[from] Stealth Rock","|-ability|p1a: Landorus-Therian|Intimidate","|-unboost|p2a: Oit of this world|atk|1","|turn|27","|","|move|p1a: Landorus-Therian|U-turn|p2a: Oit of this world","|-supereffective|p2a: Oit of this world","|-damage|p2a: Oit of this world|0 fnt","|faint|p2a: Oit of this world","|","|","|switch|p2a: Buzz off bitch|Mandibuzz, F|405/405","|-damage|p2a: Buzz off bitch|304/405|[from] Stealth Rock","|turn|28","|","|move|p1a: Landorus-Therian|U-turn|p2a: Buzz off bitch","|-damage|p2a: Buzz off bitch|235/405","|-damage|p1a: Landorus-Therian|188/319|[from] item: Rocky Helmet|[of] p2a: Buzz off bitch","|move|p2a: Buzz off bitch|Roost|p2a: Buzz off bitch","|-heal|p2a: Buzz off bitch|405/405","|","|turn|29","|","|win|Inferno Sableye"],"p1rating":{"entryid":"323490","serverid":"eos","formatid":"monotype","userid":"knightapplejack","username":"Knight Applejack","w":"9","l":8,"t":"0","gxe":50.4,"r":"1500","rd":"130","sigma":"0","rptime":"1440234000","rpr":1502.9931221717,"rprd":74.707337164333,"rpsigma":"0","acre":1168.588356873,"lacre":1168.588356873,"oldacre":"1184.837969772"},"p2rating":{"entryid":"83803","serverid":"eos","formatid":"monotype","userid":"infernosableye","username":"Inferno Sableye","w":30,"l":"8","t":"0","gxe":73.7,"r":"1697.8540377845","rd":"58.818659963158","sigma":"0","rptime":"1440234000","rpr":1696.1509187797,"rprd":57.039097127688,"rpsigma":"0","acre":1324.8119555895,"lacre":1324.8119555895,"oldacre":"1311.8122652703"},"endType":"forfeit"}