{"seed":[38996,13542,65439,766],"turns":32,"p1":"SWL Jyph","p2":"lsidiousl","p1team":[{"name":"Terrakion","species":"Terrakion","item":"choicescarf","ability":"Justified","moves":["closecombat","earthquake","ironhead","stoneedge"],"nature":"Jolly","evs":{"hp":0,"atk":252,"def":0,"spa":0,"spd":4,"spe":252},"ivs":{"hp":31,"atk":31,"def":31,"spa":31,"spd":31,"spe":31}},{"name":"Tyranitar","species":"Tyranitar","item":"leftovers","ability":"Sand Stream","moves":["stealthrock","darkpulse","icebeam","fireblast"],"nature":"Modest","evs":{"hp":252,"atk":0,"def":0,"spa":252,"spd":4,"spe":0},"ivs":{"hp":31,"atk":31,"def":31,"spa":31,"spd":31,"spe":31}},{"name":"Aggron","species":"Aggron","item":"aggronite","ability":"Sturdy","moves":["dragontail","earthquake","heavyslam","thunderwave"],"nature":"Adamant","evs":{"hp":252,"atk":252,"def":0,"spa":0,"spd":4,"spe":0},"ivs":{"hp":31,"atk":31,"def":31,"spa":31,"spd":31,"spe":31}},{"name":"Cradily","species":"Cradily","item":"leftovers","ability":"Storm Drain","moves":["curse","rest","sleeptalk","seedbomb"],"nature":"Careful","evs":{"hp":252,"atk":4,"def":0,"spa":0,"spd":252,"spe":0},"ivs":{"hp":31,"atk":31,"def":31,"spa":31,"spd":31,"spe":31}},{"name":"Archeops","species":"Archeops","item":"powerherb","ability":"Defeatist","moves":["earthquake","stoneedge","skyattack","acrobatics"],"nature":"","evs":{"hp":0,"atk":0,"def":0,"spa":0,"spd":0,"spe":0},"ivs":{"hp":31,"atk":31,"def":31,"spa":31,"spd":31,"spe":31}},{"name":"Omastar","species":"Omastar","item":"focussash","ability":"Weak Armor","moves":["shellsmash","icebeam","surf","earthpower"],"nature":"Modest","evs":{"hp":4,"atk":0,"def":0,"spa":252,"spd":0,"spe":252},"ivs":{"hp":31,"atk":31,"def":31,"spa":31,"spd":31,"spe":31}}],"p2team":[{"name":"Gardevoir","species":"Gardevoir","item":"gardevoirite","ability":"Synchronize","moves":["hypervoice","wish","willowisp","protect"],"nature":"Bold","evs":{"hp":108,"atk":0,"def":244,"spa":144,"spd":0,"spe":12},"ivs":{"hp":31,"atk":31,"def":31,"spa":31,"spd":31,"spe":31}},{"name":"Latias","species":"Latias","item":"leftovers","ability":"Levitate","moves":["tailwind","dragonpulse","psyshock","defog"],"nature":"Calm","evs":{"hp":252,"atk":0,"def":0,"spa":0,"spd":252,"spe":4},"ivs":{"hp":31,"atk":31,"def":31,"spa":31,"spd":31,"spe":31}},{"name":"Victini","species":"Victini","item":"choicescarf","ability":"Victory Star","moves":["boltstrike","flareblitz","uturn","zenheadbutt"],"nature":"Jolly","evs":{"hp":0,"atk":252,"def":0,"spa":0,"spd":4,"spe":252},"ivs":{"hp":31,"atk":31,"def":31,"spa":31,"spd":31,"spe":31}},{"name":"Jirachi","species":"Jirachi","item":"leftovers","ability":"Serene Grace","moves":["ironhead","thunderwave","stealthrock","firepunch"],"nature":"Impish","evs":{"hp":252,"atk":4,"def":252,"spa":0,"spd":0,"spe":0},"ivs":{"hp":31,"atk":31,"def":31,"spa":31,"spd":31,"spe":31}},{"name":"Reuniclus","species":"Reuniclus","item":"leftovers","ability":"Magic Guard","moves":["calmmind","psyshock","recover","shadowball"],"nature":"Bold","evs":{"hp":96,"atk":0,"def":160,"spa":252,"spd":0,"spe":0},"ivs":{"hp":31,"atk":31,"def":31,"spa":31,"spd":31,"spe":31}},{"name":"Starmie","species":"Starmie","item":"lifeorb","ability":"Natural Cure","moves":["icebeam","surf","psyshock","dazzlinggleam"],"nature":"Timid","evs":{"hp":0,"atk":0,"def":0,"spa":252,"spd":4,"spe":252},"ivs":{"hp":31,"atk":31,"def":31,"spa":31,"spd":31,"spe":31}}],"log":["|player|p1|SWL Jyph|swljyph.png","|player|p2|lsidiousl|153","|gametype|singles","|gen|6","|tier|Monotype","|rated","|rule|Baton Pass Clause: Limit one Baton Passer, can't pass Spe and other stats simultaneously","|rule|Swagger Clause: Swagger is banned","|rule|Same Type Clause: Pokémon in a team must share a type","|clearpoke","|poke|p1|Terrakion","|poke|p1|Tyranitar, F","|poke|p1|Aggron, F","|poke|p1|Cradily, F","|poke|p1|Archeops, M","|poke|p1|Omastar, F","|poke|p2|Gardevoir, F","|poke|p2|Latias, F","|poke|p2|Victini","|poke|p2|Jirachi","|poke|p2|Reuniclus, M","|poke|p2|Starmie","|rule|Sleep Clause Mod: Limit one foe put to sleep","|rule|Species Clause: Limit one of each Pokémon","|rule|OHKO Clause: OHKO moves are banned","|rule|Moody Clause: Moody is banned","|rule|Evasion Moves Clause: Evasion moves are banned","|rule|Endless Battle Clause: Forcing endless battles is banned","|rule|HP Percentage Mod: HP is shown in percentages","|teampreview","|","|start","|switch|p1a: Tyranitar|Tyranitar, F|404/404","|switch|p2a: Starmie|Starmie|261/261","|-weather|Sandstorm","|turn|1","|","|switch|p2a: Jirachi|Jirachi|404/404","|move|p1a: Tyranitar|Stealth Rock|p2a: Jirachi","|-sidestart|p2: lsidiousl|move: Stealth Rock","|","|-weather|Sandstorm|[upkeep]","|turn|2","|","|move|p2a: Jirachi|Stealth Rock|p1a: Tyranitar","|-sidestart|p1: SWL Jyph|move: Stealth Rock","|move|p1a: Tyranitar|Dark Pulse|p2a: Jirachi","|-crit|p2a: Jirachi","|-supereffective|p2a: Jirachi","|-damage|p2a: Jirachi|26/404","|","|-weather|Sandstorm|[upkeep]","|-heal|p2a: Jirachi|51/404|[from] item: Leftovers","|turn|3","|","|move|p2a: Jirachi|Iron Head|p1a: Tyranitar","|-supereffective|p1a: Tyranitar","|-damage|p1a: Tyranitar|222/404","|cant|p1a: Tyranitar|flinch","|","|-weather|Sandstorm|[upkeep]","|-heal|p2a: Jirachi|76/404|[from] item: Leftovers","|-heal|p1a: Tyranitar|247/404|[from] item: Leftovers","|turn|4","|","|move|p2a: Jirachi|Iron Head|p1a: Tyranitar","|-supereffective|p1a: Tyranitar","|-damage|p1a: Tyranitar|61/404","|cant|p1a: Tyranitar|flinch","|","|-weather|Sandstorm|[upkeep]","|-heal|p2a: Jirachi|101/404|[from] item: Leftovers","|-heal|p1a: Tyranitar|86/404|[from] item: Leftovers","|turn|5","|","|move|p2a: Jirachi|Iron Head|p1a: Tyranitar","|-supereffective|p1a: Tyranitar","|-damage|p1a: Tyranitar|0 fnt","|faint|p1a: Tyranitar","|","|-weather|none","|-heal|p2a: Jirachi|126/404|[from] item: Leftovers","|","|switch|p1a: Aggron|Aggron, F|344/344","|-damage|p1a: Aggron|323/344|[from] Stealth Rock","|turn|6","|","|detailschange|p1a: Aggron|Aggron-Mega, F","|-mega|p1a: Aggron|Aggron|Aggronite","|move|p2a: Jirachi|Thunder Wave|p1a: Aggron","|-status|p1a: Aggron|par","|move|p1a: Aggron|Earthquake|p2a: Jirachi","|-supereffective|p2a: Jirachi","|-damage|p2a: Jirachi|0 fnt","|faint|p2a: Jirachi","|","|","|switch|p2a: Victini|Victini|341/341","|-damage|p2a: Victini|256/341|[from] Stealth Rock","|turn|7","|","|switch|p2a: Latias|Latias, F|364/364","|-damage|p2a: Latias|319/364|[from] Stealth Rock","|move|p1a: Aggron|Earthquake|p2a: Latias","|-immune|p2a: Latias|[msg]","|","|-heal|p2a: Latias|341/364|[from] item: Leftovers","|turn|8","|","|switch|p2a: Starmie|Starmie|261/261","|-damage|p2a: Starmie|229/261|[from] Stealth Rock","|cant|p1a: Aggron|par","|","|turn|9","|","|move|p2a: Starmie|Surf|p1a: Aggron","|-crit|p1a: Aggron","|-damage|p1a: Aggron|29/344 par","|-damage|p2a: Starmie|203/261|[from] item: Life Orb","|cant|p1a: Aggron|par","|","|turn|10","|","|move|p2a: Starmie|Surf|p1a: Aggron","|-damage|p1a: Aggron|0 fnt","|-damage|p2a: Starmie|177/261|[from] item: Life Orb","|faint|p1a: Aggron","|","|","|switch|p1a: Cradily|Cradily, F|376/376","|-damage|p1a: Cradily|329/376|[from] Stealth Rock","|turn|11","|","|move|p2a: Starmie|Ice Beam|p1a: Cradily","|-supereffective|p1a: Cradily","|-damage|p1a: Cradily|157/376","|-damage|p2a: Starmie|151/261|[from] item: Life Orb","|move|p1a: Cradily|Curse|p1a: Cradily","|-unboost|p1a: Cradily|spe|1","|-boost|p1a: Cradily|atk|1","|-boost|p1a: Cradily|def|1","|","|-heal|p1a: Cradily|180/376|[from] item: Leftovers","|turn|12","|","|move|p2a: Starmie|Ice Beam|p1a: Cradily","|-supereffective|p1a: Cradily","|-damage|p1a: Cradily|21/376","|-damage|p2a: Starmie|125/261|[from] item: Life Orb","|move|p1a: Cradily|Rest|p1a: Cradily","|-status|p1a: Cradily|slp","|-heal|p1a: Cradily|376/376 slp|[silent]","|-status|p1a: Cradily|slp|[from] move: Rest","|","|turn|13","|","|move|p2a: Starmie|Ice Beam|p1a: Cradily","|-supereffective|p1a: Cradily","|-damage|p1a: Cradily|210/376 slp","|-damage|p2a: Starmie|99/261|[from] item: Life Orb","|cant|p1a: Cradily|slp","|move|p1a: Cradily|Sleep Talk|p1a: Cradily","|move|p1a: Cradily|Seed Bomb|p2a: Starmie|[from]Sleep Talk","|-supereffective|p2a: Starmie","|-damage|p2a: Starmie|0 fnt","|faint|p2a: Starmie","|","|-heal|p1a: Cradily|233/376 slp|[from] item: Leftovers","|","|switch|p2a: Gardevoir|Gardevoir, F|304/304","|-damage|p2a: Gardevoir|266/304|[from] Stealth Rock","|turn|14","|","|detailschange|p2a: Gardevoir|Gardevoir-Mega, F","|-mega|p2a: Gardevoir|Gardevoir|Gardevoirite","|move|p2a: Gardevoir|Wish|p2a: Gardevoir","|cant|p1a: Cradily|slp","|move|p1a: Cradily|Sleep Talk|p1a: Cradily","|move|p1a: Cradily|Rest|p1a: Cradily|[from]Sleep Talk","|-fail|p1a: Cradily","|","|-heal|p1a: Cradily|256/376 slp|[from] item: Leftovers","|turn|15","|","|move|p2a: Gardevoir|Hyper Voice|p1a: Cradily","|-damage|p1a: Cradily|96/376 slp","|-curestatus|p1a: Cradily|slp","|move|p1a: Cradily|Curse|p1a: Cradily","|-unboost|p1a: Cradily|spe|1","|-boost|p1a: Cradily|atk|1","|-boost|p1a: Cradily|def|1","|","|-heal|p2a: Gardevoir|304/304|[from] move: Wish|[wisher] Gardevoir","|-heal|p1a: Cradily|119/376|[from] item: Leftovers","|turn|16","|","|move|p2a: Gardevoir|Will-O-Wisp|p1a: Cradily","|-status|p1a: Cradily|brn","|move|p1a: Cradily|Rest|p1a: Cradily","|-status|p1a: Cradily|slp","|-heal|p1a: Cradily|376/376 slp|[silent]","|-status|p1a: Cradily|slp|[from] move: Rest","|","|turn|17","|","|move|p2a: Gardevoir|Hyper Voice|p1a: Cradily","|-damage|p1a: Cradily|223/376 slp","|cant|p1a: Cradily|slp","|move|p1a: Cradily|Sleep Talk|p1a: Cradily","|move|p1a: Cradily|Curse|p1a: Cradily|[from]Sleep Talk","|-unboost|p1a: Cradily|spe|1","|-boost|p1a: Cradily|atk|1","|-boost|p1a: Cradily|def|1","|","|-heal|p1a: Cradily|246/376 slp|[from] item: Leftovers","|turn|18","|","|move|p2a: Gardevoir|Hyper Voice|p1a: Cradily","|-damage|p1a: Cradily|83/376 slp","|cant|p1a: Cradily|slp","|move|p1a: Cradily|Sleep Talk|p1a: Cradily","|move|p1a: Cradily|Seed Bomb|p2a: Gardevoir|[from]Sleep Talk","|-damage|p2a: Gardevoir|108/304","|","|-heal|p1a: Cradily|106/376 slp|[from] item: Leftovers","|turn|19","|","|move|p2a: Gardevoir|Hyper Voice|p1a: Cradily","|-damage|p1a: Cradily|0 fnt","|faint|p1a: Cradily","|","|","|switch|p1a: Terrakion|Terrakion|323/323","|-damage|p1a: Terrakion|303/323|[from] Stealth Rock","|turn|20","|","|switch|p2a: Reuniclus|Reuniclus, M|385/385","|move|p1a: Terrakion|Iron Head|p2a: Reuniclus","|-damage|p2a: Reuniclus|290/385","|","|-heal|p2a: Reuniclus|314/385|[from] item: Leftovers","|turn|21","|","|switch|p1a: Omastar|Omastar, F|282/282","|-damage|p1a: Omastar|247/282|[from] Stealth Rock","|move|p2a: Reuniclus|Psyshock|p1a: Omastar","|-damage|p1a: Omastar|123/282","|","|-heal|p2a: Reuniclus|338/385|[from] item: Leftovers","|turn|22","|","|move|p1a: Omastar|Surf|p2a: Reuniclus","|-damage|p2a: Reuniclus|151/385","|move|p2a: Reuniclus|Psyshock|p1a: Omastar","|-damage|p1a: Omastar|14/282","|","|-heal|p2a: Reuniclus|175/385|[from] item: Leftovers","|turn|23","|","|move|p1a: Omastar|Surf|p2a: Reuniclus","|-damage|p2a: Reuniclus|0 fnt","|faint|p2a: Reuniclus","|","|","|switch|p2a: Gardevoir|Gardevoir-Mega, F|108/304","|-damage|p2a: Gardevoir|70/304|[from] Stealth Rock","|turn|24","|","|move|p2a: Gardevoir|Hyper Voice|p1a: Omastar","|-damage|p1a: Omastar|0 fnt","|faint|p1a: Omastar","|","|","|switch|p1a: Terrakion|Terrakion|303/323","|-damage|p1a: Terrakion|283/323|[from] Stealth Rock","|turn|25","|","|switch|p2a: Victini|Victini|256/341","|-damage|p2a: Victini|171/341|[from] Stealth Rock","|move|p1a: Terrakion|Stone Edge|p2a: Victini","|-supereffective|p2a: Victini","|-damage|p2a: Victini|0 fnt","|faint|p2a: Victini","|","|","|switch|p2a: Latias|Latias, F|341/364","|-damage|p2a: Latias|296/364|[from] Stealth Rock","|turn|26","|","|move|p1a: Terrakion|Stone Edge|p2a: Latias","|-damage|p2a: Latias|112/364","|move|p2a: Latias|Defog|p1a: Terrakion","|-unboost|p1a: Terrakion|evasion|1","|-sideend|p1: SWL Jyph|Stealth Rock|[from] move: Defog|[of] p1a: Terrakion","|-sideend|p2: lsidiousl|Stealth Rock|[from] move: Defog|[of] p2a: Latias","|","|-heal|p2a: Latias|134/364|[from] item: Leftovers","|turn|27","|","|move|p1a: Terrakion|Stone Edge|p2a: Latias","|-damage|p2a: Latias|0 fnt","|faint|p2a: Latias","|","|","|switch|p2a: Gardevoir|Gardevoir-Mega, F|70/304","|turn|28","|","|switch|p1a: Archeops|Archeops, M|291/291","|move|p2a: Gardevoir|Wish|p2a: Gardevoir","|","|turn|29","|","|move|p2a: Gardevoir|Protect|p2a: Gardevoir","|-singleturn|p2a: Gardevoir|Protect","|move|p1a: Archeops|Sky Attack|p2a: Gardevoir|[still]","|-prepare|p1a: Archeops|Sky Attack|p2a: Gardevoir","|-enditem|p1a: Archeops|Power Herb","|-anim|p1a: Archeops|Sky Attack|p2a: Gardevoir","|-activate|p2a: Gardevoir|Protect","|","|-heal|p2a: Gardevoir|222/304|[from] move: Wish|[wisher] Gardevoir","|turn|30","|","|move|p1a: Archeops|Acrobatics|p2a: Gardevoir","|-damage|p2a: Gardevoir|71/304","|move|p2a: Gardevoir|Will-O-Wisp|p1a: Archeops","|-status|p1a: Archeops|brn","|","|-damage|p1a: Archeops|255/291 brn|[from] brn","|turn|31","|","|move|p2a: Gardevoir|Protect|p2a: Gardevoir","|-singleturn|p2a: Gardevoir|Protect","|move|p1a: Archeops|Acrobatics|p2a: Gardevoir","|-activate|p2a: Gardevoir|Protect","|","|-damage|p1a: Archeops|219/291 brn|[from] brn","|turn|32","|","|move|p1a: Archeops|Acrobatics|p2a: Gardevoir","|-damage|p2a: Gardevoir|0 fnt","|faint|p2a: Gardevoir","|","|win|SWL Jyph"],"p1rating":{"entryid":"10848","serverid":"eos","formatid":"monotype","userid":"swljyph","username":"SWL Jyph","w":7,"l":"4","t":"0","gxe":58,"r":"1545.9446440058","rd":"93.985353275131","sigma":"0","rptime":"1440320400","rpr":1562.4638760459,"rprd":85.873762312218,"rpsigma":"0","acre":1128.2208018183,"lacre":1128.2208018183,"oldacre":"1106.7343597753"},"p2rating":{"entryid":"328111","serverid":"eos","formatid":"monotype","userid":"lsidiousl","username":"lsidiousl","w":"2","l":5,"t":"0","gxe":40.2,"r":"1459.8393856612","rd":"122.8583080769","sigma":"0","rptime":"1440320400","rpr":1422.5974066771,"rprd":95.197610500563,"rpsigma":"0","acre":1041.5619363916,"lacre":1041.5619363916,"oldacre":"1057.5795972888"},"endType":"normal"}