{"seed":[36820,34001,29259,16499],"turns":74,"p1":"NyanLoki","p2":"LightOfAKnowing","p1team":[{"name":"Sableye","species":"Sableye","item":"lifeorb","ability":"Prankster","moves":["willowisp","poisonjab","poweruppunch","knockoff"],"nature":"Careful","evs":{"hp":248,"atk":8,"def":0,"spa":0,"spd":252,"spe":0},"ivs":{"hp":31,"atk":31,"def":31,"spa":31,"spd":31,"spe":31}},{"name":"Banette","species":"Banette","item":"banettite","ability":"Frisk","moves":["willowisp","destinybond","disable","foulplay"],"nature":"Calm","evs":{"hp":248,"atk":0,"def":8,"spa":0,"spd":252,"spe":0},"ivs":{"hp":31,"atk":31,"def":31,"spa":31,"spd":31,"spe":31}},{"name":"Gengar","species":"Gengar","item":"lifeorb","ability":"Levitate","moves":["darkpulse","gigadrain","destinybond","sludgewave"],"nature":"Timid","evs":{"hp":0,"atk":0,"def":0,"spa":252,"spd":4,"spe":252},"ivs":{"hp":31,"atk":31,"def":31,"spa":31,"spd":31,"spe":31}},{"name":"Jellicent","species":"Jellicent","item":"lifeorb","ability":"Water Absorb","moves":["willowisp","gigadrain","darkpulse","recover"],"nature":"Calm","evs":{"hp":248,"atk":0,"def":0,"spa":8,"spd":252,"spe":0},"ivs":{"hp":31,"atk":31,"def":31,"spa":31,"spd":31,"spe":31}},{"name":"Chandelure","species":"Chandelure","item":"choicespecs","ability":"Infiltrator","moves":["fireblast","energyball","darkpulse","psychic"],"nature":"Modest","evs":{"hp":248,"atk":0,"def":0,"spa":252,"spd":8,"spe":0},"ivs":{"hp":31,"atk":31,"def":31,"spa":31,"spd":31,"spe":31}},{"name":"Dusclops","species":"Dusclops","item":"eviolite","ability":"Pressure","moves":["willowisp","suckerpunch","earthquake","poweruppunch"],"nature":"Adamant","evs":{"hp":248,"atk":252,"def":0,"spa":0,"spd":8,"spe":0},"ivs":{"hp":31,"atk":31,"def":31,"spa":31,"spd":31,"spe":31}}],"p2team":[{"name":"Vespiquen","species":"Vespiquen","item":"laxincense","ability":"Pressure","moves":["defendorder","infestation","mudslap","roost"],"nature":"Gentle","evs":{"hp":248,"atk":8,"def":0,"spa":0,"spd":252,"spe":0},"ivs":{"hp":31,"atk":31,"def":31,"spa":31,"spd":31,"spe":31}},{"name":"Forretress","species":"Forretress","item":"custapberry","ability":"Sturdy","moves":["stealthrock","rapidspin","explosion","spikes"],"nature":"Impish","evs":{"hp":248,"atk":8,"def":252,"spa":0,"spd":0,"spe":0},"ivs":{"hp":31,"atk":31,"def":31,"spa":31,"spd":31,"spe":31}},{"name":"Galvantula","species":"Galvantula","item":"focussash","ability":"Swarm","moves":["stickyweb","bugbuzz","voltswitch","suckerpunch"],"nature":"Hasty","evs":{"hp":0,"atk":4,"def":0,"spa":252,"spd":0,"spe":252},"ivs":{"hp":31,"atk":31,"def":31,"spa":31,"spd":31,"spe":31}},{"name":"Pinsir","species":"Pinsir","item":"pinsirite","ability":"Moxie","moves":["quickattack","xscissor","frustration","closecombat"],"nature":"Adamant","evs":{"hp":248,"atk":252,"def":0,"spa":0,"spd":8,"spe":0},"happiness":0,"ivs":{"hp":31,"atk":31,"def":31,"spa":31,"spd":31,"spe":31}},{"name":"Durant","species":"Durant","item":"leftovers","ability":"Truant","moves":["entrainment","honeclaws","ironhead","xscissor"],"nature":"Jolly","evs":{"hp":0,"atk":252,"def":0,"spa":0,"spd":4,"spe":252},"happiness":0,"ivs":{"hp":31,"atk":31,"def":31,"spa":31,"spd":31,"spe":31}},{"name":"Volcarona","species":"Volcarona","item":"choicescarf","ability":"Flame Body","moves":["bugbuzz","fierydance","gigadrain","hurricane"],"nature":"Timid","evs":{"hp":0,"atk":0,"def":0,"spa":252,"spd":4,"spe":252},"ivs":{"hp":31,"atk":31,"def":31,"spa":31,"spd":31,"spe":31}}],"log":["|player|p1|NyanLoki|25","|player|p2|LightOfAKnowing|lightofaknowing.gif","|gametype|singles","|gen|6","|tier|Monotype","|rated","|rule|Baton Pass Clause: Limit one Baton Passer, can't pass Spe and other stats simultaneously","|rule|Swagger Clause: Swagger is banned","|rule|Same Type Clause: Pokémon in a team must share a type","|clearpoke","|poke|p1|Sableye, M","|poke|p1|Banette, M","|poke|p1|Gengar, M","|poke|p1|Jellicent, F","|poke|p1|Chandelure, F","|poke|p1|Dusclops, M","|poke|p2|Vespiquen, F","|poke|p2|Forretress, M","|poke|p2|Galvantula, M","|poke|p2|Pinsir, F","|poke|p2|Durant, F","|poke|p2|Volcarona, M","|rule|Sleep Clause Mod: Limit one foe put to sleep","|rule|Species Clause: Limit one of each Pokémon","|rule|OHKO Clause: OHKO moves are banned","|rule|Moody Clause: Moody is banned","|rule|Evasion Moves Clause: Evasion moves are banned","|rule|Endless Battle Clause: Forcing endless battles is banned","|rule|HP Percentage Mod: HP is shown in percentages","|teampreview","|","|start","|switch|p1a: Sableye|Sableye, M|303/303","|switch|p2a: Forretress|Forretress, M|353/353","|turn|1","|","|move|p1a: Sableye|Power-Up Punch|p2a: Forretress","|-damage|p2a: Forretress|332/353","|-boost|p1a: Sableye|atk|1","|-damage|p1a: Sableye|273/303|[from] item: Life Orb","|move|p2a: Forretress|Rapid Spin|p1a: Sableye","|-immune|p1a: Sableye|[msg]","|","|turn|2","|","|move|p1a: Sableye|Power-Up Punch|p2a: Forretress","|-crit|p2a: Forretress","|-damage|p2a: Forretress|293/353","|-boost|p1a: Sableye|atk|1","|-damage|p1a: Sableye|243/303|[from] item: Life Orb","|move|p2a: Forretress|Stealth Rock|p1a: Sableye","|-sidestart|p1: NyanLoki|move: Stealth Rock","|","|turn|3","|","|move|p1a: Sableye|Will-O-Wisp|p2a: Forretress","|-status|p2a: Forretress|brn","|move|p2a: Forretress|Spikes|p1a: Sableye","|-sidestart|p1: NyanLoki|Spikes","|","|-damage|p2a: Forretress|249/353 brn|[from] brn","|turn|4","|","|move|p1a: Sableye|Knock Off|p2a: Forretress","|-damage|p2a: Forretress|107/353 brn","|-enditem|p2a: Forretress|Custap Berry|[from] move: Knock Off|[of] p1a: Sableye","|-damage|p1a: Sableye|213/303|[from] item: Life Orb","|move|p2a: Forretress|Spikes|p1a: Sableye","|-sidestart|p1: NyanLoki|Spikes","|","|-damage|p2a: Forretress|63/353 brn|[from] brn","|turn|5","|","|move|p1a: Sableye|Power-Up Punch|p2a: Forretress","|-damage|p2a: Forretress|23/353 brn","|-boost|p1a: Sableye|atk|1","|-damage|p1a: Sableye|183/303|[from] item: Life Orb","|move|p2a: Forretress|Spikes|p1a: Sableye","|-sidestart|p1: NyanLoki|Spikes","|","|-damage|p2a: Forretress|0 fnt|[from] brn","|faint|p2a: Forretress","|","|switch|p2a: Durant|Durant, F|257/257","|turn|6","|","|move|p2a: Durant|Hone Claws|p2a: Durant","|-boost|p2a: Durant|atk|1","|-boost|p2a: Durant|accuracy|1","|move|p1a: Sableye|Knock Off|p2a: Durant","|-damage|p2a: Durant|0 fnt","|-enditem|p2a: Durant|Leftovers|[from] move: Knock Off|[of] p1a: Sableye","|-damage|p1a: Sableye|153/303|[from] item: Life Orb","|faint|p2a: Durant","|","|","|switch|p2a: Volcarona|Volcarona, M|311/311","|turn|7","|","|move|p2a: Volcarona|Fiery Dance|p1a: Sableye","|-damage|p1a: Sableye|23/303","|move|p1a: Sableye|Knock Off|p2a: Volcarona","|-damage|p2a: Volcarona|0 fnt","|-status|p1a: Sableye|brn","|-enditem|p2a: Volcarona|Choice Scarf|[from] move: Knock Off|[of] p1a: Sableye","|-damage|p1a: Sableye|0 fnt|[from] item: Life Orb","|faint|p2a: Volcarona","|faint|p1a: Sableye","|","|","|switch|p1a: Gengar|Gengar, M|261/261","|switch|p2a: Pinsir|Pinsir, F|333/333","|-damage|p1a: Gengar|229/261|[from] Stealth Rock","|turn|8","|","|detailschange|p2a: Pinsir|Pinsir-Mega, F","|-mega|p2a: Pinsir|Pinsir|Pinsirite","|move|p1a: Gengar|Dark Pulse|p2a: Pinsir","|-damage|p2a: Pinsir|191/333","|-damage|p1a: Gengar|203/261|[from] item: Life Orb","|move|p2a: Pinsir|Frustration|p1a: Gengar","|-damage|p1a: Gengar|0 fnt","|faint|p1a: Gengar","|","|","|switch|p1a: Banette|Banette, M|331/331","|-damage|p1a: Banette|249/331|[from] Spikes","|-damage|p1a: Banette|208/331|[from] Stealth Rock","|-item|p2a: Pinsir|Pinsirite|[from] ability: Frisk|[of] p1a: Banette|[identify]","|turn|9","|","|detailschange|p1a: Banette|Banette-Mega, M","|-mega|p1a: Banette|Banette|Banettite","|move|p2a: Pinsir|Quick Attack|p1a: Banette","|-damage|p1a: Banette|58/331","|move|p1a: Banette|Will-O-Wisp|p2a: Pinsir","|-status|p2a: Pinsir|brn","|","|-damage|p2a: Pinsir|150/333 brn|[from] brn","|turn|10","|","|move|p1a: Banette|Destiny Bond|p1a: Banette","|-singlemove|p1a: Banette|Destiny Bond","|move|p2a: Pinsir|Frustration|p1a: Banette","|-damage|p1a: Banette|0 fnt","|faint|p1a: Banette","|-activate|p1a: Banette|Destiny Bond","|faint|p2a: Pinsir","|","|","|switch|p2a: Vespiquen|Vespiquen, F|343/343","|switch|p1a: Dusclops|Dusclops, M|283/283","|-ability|p2a: Vespiquen|Pressure","|-damage|p1a: Dusclops|248/283|[from] Stealth Rock","|-damage|p1a: Dusclops|178/283|[from] Spikes","|-ability|p1a: Dusclops|Pressure","|turn|11","|","|move|p2a: Vespiquen|Mud-Slap|p1a: Dusclops","|-damage|p1a: Dusclops|170/283","|-unboost|p1a: Dusclops|accuracy|1","|move|p1a: Dusclops|Will-O-Wisp|p2a: Vespiquen","|-status|p2a: Vespiquen|brn","|","|-damage|p2a: Vespiquen|301/343 brn|[from] brn","|turn|12","|","|move|p2a: Vespiquen|Infestation|p1a: Dusclops","|-resisted|p1a: Dusclops","|-damage|p1a: Dusclops|164/283","|-activate|p1a: Dusclops|move: Infestation|[of] p2a: Vespiquen","|move|p1a: Dusclops|Power-Up Punch|p2a: Vespiquen|[miss]","|-miss|p1a: Dusclops|p2a: Vespiquen","|","|-damage|p2a: Vespiquen|259/343 brn|[from] brn","|-damage|p1a: Dusclops|129/283|[from] move: Infestation|[partiallytrapped]","|turn|13","|","|move|p1a: Dusclops|Sucker Punch|p2a: Vespiquen","|-damage|p2a: Vespiquen|181/343 brn","|move|p2a: Vespiquen|Mud-Slap|p1a: Dusclops","|-damage|p1a: Dusclops|121/283","|-unboost|p1a: Dusclops|accuracy|1","|","|-damage|p2a: Vespiquen|139/343 brn|[from] brn","|-damage|p1a: Dusclops|86/283|[from] move: Infestation|[partiallytrapped]","|turn|14","|","|move|p2a: Vespiquen|Roost|p2a: Vespiquen","|-heal|p2a: Vespiquen|311/343 brn","|move|p1a: Dusclops|Power-Up Punch|p2a: Vespiquen","|-resisted|p2a: Vespiquen","|-damage|p2a: Vespiquen|292/343 brn","|-boost|p1a: Dusclops|atk|1","|","|-damage|p2a: Vespiquen|250/343 brn|[from] brn","|-damage|p1a: Dusclops|51/283|[from] move: Infestation|[partiallytrapped]","|turn|15","|","|move|p1a: Dusclops|Sucker Punch|p2a: Vespiquen","|-fail|p1a: Dusclops","|move|p2a: Vespiquen|Defend Order|p2a: Vespiquen","|-boost|p2a: Vespiquen|def|1","|-boost|p2a: Vespiquen|spd|1","|","|-damage|p2a: Vespiquen|208/343 brn|[from] brn","|-damage|p1a: Dusclops|16/283|[from] move: Infestation|[partiallytrapped]","|turn|16","|","|move|p2a: Vespiquen|Roost|p2a: Vespiquen","|-heal|p2a: Vespiquen|343/343 brn","|move|p1a: Dusclops|Power-Up Punch|p2a: Vespiquen|[miss]","|-miss|p1a: Dusclops|p2a: Vespiquen","|","|-damage|p2a: Vespiquen|301/343 brn|[from] brn","|-end|p1a: Dusclops|Infestation|[partiallytrapped]","|turn|17","|","|move|p1a: Dusclops|Sucker Punch|p2a: Vespiquen","|-fail|p1a: Dusclops","|move|p2a: Vespiquen|Defend Order|p2a: Vespiquen","|-boost|p2a: Vespiquen|def|1","|-boost|p2a: Vespiquen|spd|1","|","|-damage|p2a: Vespiquen|259/343 brn|[from] brn","|turn|18","|","|move|p2a: Vespiquen|Defend Order|p2a: Vespiquen","|-boost|p2a: Vespiquen|def|1","|-boost|p2a: Vespiquen|spd|1","|move|p1a: Dusclops|Power-Up Punch|p2a: Vespiquen|[miss]","|-miss|p1a: Dusclops|p2a: Vespiquen","|","|-damage|p2a: Vespiquen|217/343 brn|[from] brn","|turn|19","|","|move|p2a: Vespiquen|Roost|p2a: Vespiquen","|-heal|p2a: Vespiquen|343/343 brn","|move|p1a: Dusclops|Power-Up Punch|p2a: Vespiquen|[miss]","|-miss|p1a: Dusclops|p2a: Vespiquen","|","|-damage|p2a: Vespiquen|301/343 brn|[from] brn","|turn|20","|","|move|p2a: Vespiquen|Defend Order|p2a: Vespiquen","|-boost|p2a: Vespiquen|def|1","|-boost|p2a: Vespiquen|spd|1","|move|p1a: Dusclops|Power-Up Punch|p2a: Vespiquen","|-resisted|p2a: Vespiquen","|-damage|p2a: Vespiquen|296/343 brn","|-boost|p1a: Dusclops|atk|1","|","|-damage|p2a: Vespiquen|254/343 brn|[from] brn","|turn|21","|","|move|p2a: Vespiquen|Defend Order|p2a: Vespiquen","|-boost|p2a: Vespiquen|def|1","|-boost|p2a: Vespiquen|spd|1","|move|p1a: Dusclops|Power-Up Punch|p2a: Vespiquen|[miss]","|-miss|p1a: Dusclops|p2a: Vespiquen","|","|-damage|p2a: Vespiquen|212/343 brn|[from] brn","|turn|22","|","|move|p2a: Vespiquen|Defend Order|p2a: Vespiquen","|-boost|p2a: Vespiquen|def|1","|-boost|p2a: Vespiquen|spd|1","|move|p1a: Dusclops|Earthquake|p2a: Vespiquen","|-immune|p2a: Vespiquen|[msg]","|","|-damage|p2a: Vespiquen|170/343 brn|[from] brn","|turn|23","|","|move|p1a: Dusclops|Sucker Punch|p2a: Vespiquen","|-fail|p1a: Dusclops","|move|p2a: Vespiquen|Roost|p2a: Vespiquen","|-heal|p2a: Vespiquen|342/343 brn","|","|-damage|p2a: Vespiquen|300/343 brn|[from] brn","|turn|24","|","|move|p2a: Vespiquen|Mud-Slap|p1a: Dusclops","|-damage|p1a: Dusclops|9/283","|-unboost|p1a: Dusclops|accuracy|1","|move|p1a: Dusclops|Power-Up Punch|p2a: Vespiquen","|-resisted|p2a: Vespiquen","|-damage|p2a: Vespiquen|295/343 brn","|-boost|p1a: Dusclops|atk|1","|","|-damage|p2a: Vespiquen|253/343 brn|[from] brn","|turn|25","|","|move|p2a: Vespiquen|Mud-Slap|p1a: Dusclops","|-damage|p1a: Dusclops|1/283","|-unboost|p1a: Dusclops|accuracy|1","|move|p1a: Dusclops|Power-Up Punch|p2a: Vespiquen|[miss]","|-miss|p1a: Dusclops|p2a: Vespiquen","|","|-damage|p2a: Vespiquen|211/343 brn|[from] brn","|turn|26","|","|move|p2a: Vespiquen|Roost|p2a: Vespiquen","|-heal|p2a: Vespiquen|343/343 brn","|move|p1a: Dusclops|Power-Up Punch|p2a: Vespiquen|[miss]","|-miss|p1a: Dusclops|p2a: Vespiquen","|","|-damage|p2a: Vespiquen|301/343 brn|[from] brn","|turn|27","|","|move|p2a: Vespiquen|Mud-Slap|p1a: Dusclops","|-damage|p1a: Dusclops|0 fnt","|faint|p1a: Dusclops","|","|-damage|p2a: Vespiquen|259/343 brn|[from] brn","|","|switch|p1a: Chandelure|Chandelure, F|323/323","|-damage|p1a: Chandelure|243/323|[from] Spikes","|-damage|p1a: Chandelure|163/323|[from] Stealth Rock","|turn|28","|","|move|p1a: Chandelure|Fire Blast|p2a: Vespiquen","|-supereffective|p2a: Vespiquen","|-damage|p2a: Vespiquen|127/343 brn","|move|p2a: Vespiquen|Mud-Slap|p1a: Chandelure","|-supereffective|p1a: Chandelure","|-damage|p1a: Chandelure|133/323","|-unboost|p1a: Chandelure|accuracy|1","|","|-damage|p2a: Vespiquen|85/343 brn|[from] brn","|turn|29","|","|move|p1a: Chandelure|Fire Blast|p2a: Vespiquen|[miss]","|-miss|p1a: Chandelure|p2a: Vespiquen","|move|p2a: Vespiquen|Roost|p2a: Vespiquen","|-heal|p2a: Vespiquen|257/343 brn","|","|-damage|p2a: Vespiquen|215/343 brn|[from] brn","|turn|30","|","|move|p1a: Chandelure|Fire Blast|p2a: Vespiquen","|-supereffective|p2a: Vespiquen","|-damage|p2a: Vespiquen|95/343 brn","|move|p2a: Vespiquen|Roost|p2a: Vespiquen","|-heal|p2a: Vespiquen|267/343 brn","|","|-damage|p2a: Vespiquen|225/343 brn|[from] brn","|turn|31","|","|move|p1a: Chandelure|Fire Blast|p2a: Vespiquen","|-supereffective|p2a: Vespiquen","|-damage|p2a: Vespiquen|109/343 brn","|move|p2a: Vespiquen|Roost|p2a: Vespiquen","|-heal|p2a: Vespiquen|281/343 brn","|","|-damage|p2a: Vespiquen|239/343 brn|[from] brn","|turn|32","|","|-activate|p1a: Chandelure|move: Struggle","|move|p1a: Chandelure|Struggle|p2a: Vespiquen","|-damage|p2a: Vespiquen|231/343 brn","|-damage|p1a: Chandelure|53/323|[from] recoil","|move|p2a: Vespiquen|Mud-Slap|p1a: Chandelure","|-supereffective|p1a: Chandelure","|-damage|p1a: Chandelure|25/323","|-unboost|p1a: Chandelure|accuracy|1","|","|-damage|p2a: Vespiquen|189/343 brn|[from] brn","|turn|33","|","|-activate|p1a: Chandelure|move: Struggle","|move|p1a: Chandelure|Struggle|p2a: Vespiquen","|-damage|p2a: Vespiquen|182/343 brn","|-damage|p1a: Chandelure|0 fnt|[from] recoil","|faint|p1a: Chandelure","|move|p2a: Vespiquen|Roost|p2a: Vespiquen","|-heal|p2a: Vespiquen|343/343 brn","|","|-damage|p2a: Vespiquen|301/343 brn|[from] brn","|","|switch|p1a: Jellicent|Jellicent, F|403/403","|-damage|p1a: Jellicent|353/403|[from] Stealth Rock","|-damage|p1a: Jellicent|253/403|[from] Spikes","|turn|34","|","|move|p1a: Jellicent|Dark Pulse|p2a: Vespiquen","|-damage|p2a: Vespiquen|287/343 brn","|-damage|p1a: Jellicent|213/403|[from] item: Life Orb","|cant|p2a: Vespiquen|flinch","|","|-damage|p2a: Vespiquen|245/343 brn|[from] brn","|turn|35","|","|move|p1a: Jellicent|Recover|p1a: Jellicent","|-heal|p1a: Jellicent|403/403","|move|p2a: Vespiquen|Infestation|p1a: Jellicent","|-resisted|p1a: Jellicent","|-damage|p1a: Jellicent|397/403","|-activate|p1a: Jellicent|move: Infestation|[of] p2a: Vespiquen","|","|-damage|p2a: Vespiquen|203/343 brn|[from] brn","|-damage|p1a: Jellicent|347/403|[from] move: Infestation|[partiallytrapped]","|turn|36","|","|move|p1a: Jellicent|Giga Drain|p2a: Vespiquen","|-crit|p2a: Vespiquen","|-resisted|p2a: Vespiquen","|-damage|p2a: Vespiquen|185/343 brn","|-heal|p1a: Jellicent|356/403|[from] drain|[of] p2a: Vespiquen","|-damage|p1a: Jellicent|316/403|[from] item: Life Orb","|move|p2a: Vespiquen|Mud-Slap|p1a: Jellicent","|-damage|p1a: Jellicent|307/403","|-unboost|p1a: Jellicent|accuracy|1","|","|-damage|p2a: Vespiquen|143/343 brn|[from] brn","|-damage|p1a: Jellicent|257/403|[from] move: Infestation|[partiallytrapped]","|turn|37","|","|move|p1a: Jellicent|Recover|p1a: Jellicent","|-heal|p1a: Jellicent|403/403","|move|p2a: Vespiquen|Roost|p2a: Vespiquen","|-heal|p2a: Vespiquen|315/343 brn","|","|-damage|p2a: Vespiquen|273/343 brn|[from] brn","|-damage|p1a: Jellicent|353/403|[from] move: Infestation|[partiallytrapped]","|turn|38","|","|move|p1a: Jellicent|Dark Pulse|p2a: Vespiquen|[miss]","|-miss|p1a: Jellicent|p2a: Vespiquen","|move|p2a: Vespiquen|Mud-Slap|p1a: Jellicent","|-damage|p1a: Jellicent|344/403","|-unboost|p1a: Jellicent|accuracy|1","|","|-damage|p2a: Vespiquen|231/343 brn|[from] brn","|-damage|p1a: Jellicent|294/403|[from] move: Infestation|[partiallytrapped]","|turn|39","|","|move|p1a: Jellicent|Dark Pulse|p2a: Vespiquen|[miss]","|-miss|p1a: Jellicent|p2a: Vespiquen","|move|p2a: Vespiquen|Mud-Slap|p1a: Jellicent","|-damage|p1a: Jellicent|283/403","|-unboost|p1a: Jellicent|accuracy|1","|","|-damage|p2a: Vespiquen|189/343 brn|[from] brn","|-damage|p1a: Jellicent|233/403|[from] move: Infestation|[partiallytrapped]","|turn|40","|","|move|p1a: Jellicent|Dark Pulse|p2a: Vespiquen","|-damage|p2a: Vespiquen|175/343 brn","|-damage|p1a: Jellicent|193/403|[from] item: Life Orb","|move|p2a: Vespiquen|Roost|p2a: Vespiquen","|-heal|p2a: Vespiquen|343/343 brn","|","|-damage|p2a: Vespiquen|301/343 brn|[from] brn","|-end|p1a: Jellicent|Infestation|[partiallytrapped]","|turn|41","|","|move|p1a: Jellicent|Recover|p1a: Jellicent","|-heal|p1a: Jellicent|395/403","|move|p2a: Vespiquen|Infestation|p1a: Jellicent","|-resisted|p1a: Jellicent","|-damage|p1a: Jellicent|388/403","|-activate|p1a: Jellicent|move: Infestation|[of] p2a: Vespiquen","|","|-damage|p2a: Vespiquen|259/343 brn|[from] brn","|-damage|p1a: Jellicent|338/403|[from] move: Infestation|[partiallytrapped]","|turn|42","|","|move|p1a: Jellicent|Dark Pulse|p2a: Vespiquen|[miss]","|-miss|p1a: Jellicent|p2a: Vespiquen","|move|p2a: Vespiquen|Mud-Slap|p1a: Jellicent","|-damage|p1a: Jellicent|329/403","|-unboost|p1a: Jellicent|accuracy|1","|","|-damage|p2a: Vespiquen|217/343 brn|[from] brn","|-damage|p1a: Jellicent|279/403|[from] move: Infestation|[partiallytrapped]","|turn|43","|","|move|p1a: Jellicent|Dark Pulse|p2a: Vespiquen|[miss]","|-miss|p1a: Jellicent|p2a: Vespiquen","|move|p2a: Vespiquen|Defend Order|p2a: Vespiquen","|-fail|p2a: Vespiquen","|","|-damage|p2a: Vespiquen|175/343 brn|[from] brn","|-damage|p1a: Jellicent|229/403|[from] move: Infestation|[partiallytrapped]","|turn|44","|","|move|p1a: Jellicent|Giga Drain|p2a: Vespiquen|[miss]","|-miss|p1a: Jellicent|p2a: Vespiquen","|move|p2a: Vespiquen|Defend Order|p2a: Vespiquen","|-fail|p2a: Vespiquen","|","|-damage|p2a: Vespiquen|133/343 brn|[from] brn","|-damage|p1a: Jellicent|179/403|[from] move: Infestation|[partiallytrapped]","|turn|45","|","|move|p1a: Jellicent|Recover|p1a: Jellicent","|-heal|p1a: Jellicent|381/403","|move|p2a: Vespiquen|Roost|p2a: Vespiquen","|-heal|p2a: Vespiquen|305/343 brn","|","|-damage|p2a: Vespiquen|263/343 brn|[from] brn","|-end|p1a: Jellicent|Infestation|[partiallytrapped]","|turn|46","|","|move|p1a: Jellicent|Will-O-Wisp|p2a: Vespiquen|[miss]","|-miss|p1a: Jellicent|p2a: Vespiquen","|move|p2a: Vespiquen|Defend Order|p2a: Vespiquen","|-fail|p2a: Vespiquen","|","|-damage|p2a: Vespiquen|221/343 brn|[from] brn","|turn|47","|","|move|p1a: Jellicent|Giga Drain|p2a: Vespiquen|[miss]","|-miss|p1a: Jellicent|p2a: Vespiquen","|move|p2a: Vespiquen|Roost|p2a: Vespiquen","|-heal|p2a: Vespiquen|343/343 brn","|","|-damage|p2a: Vespiquen|301/343 brn|[from] brn","|turn|48","|","|move|p1a: Jellicent|Will-O-Wisp|p2a: Vespiquen|[miss]","|-miss|p1a: Jellicent|p2a: Vespiquen","|move|p2a: Vespiquen|Infestation|p1a: Jellicent","|-resisted|p1a: Jellicent","|-damage|p1a: Jellicent|375/403","|-activate|p1a: Jellicent|move: Infestation|[of] p2a: Vespiquen","|","|-damage|p2a: Vespiquen|259/343 brn|[from] brn","|-damage|p1a: Jellicent|325/403|[from] move: Infestation|[partiallytrapped]","|turn|49","|","|move|p1a: Jellicent|Will-O-Wisp|p2a: Vespiquen|[miss]","|-miss|p1a: Jellicent|p2a: Vespiquen","|move|p2a: Vespiquen|Defend Order|p2a: Vespiquen","|-fail|p2a: Vespiquen","|","|-damage|p2a: Vespiquen|217/343 brn|[from] brn","|-damage|p1a: Jellicent|275/403|[from] move: Infestation|[partiallytrapped]","|turn|50","|","|move|p1a: Jellicent|Will-O-Wisp|p2a: Vespiquen|[miss]","|-miss|p1a: Jellicent|p2a: Vespiquen","|move|p2a: Vespiquen|Defend Order|p2a: Vespiquen","|-fail|p2a: Vespiquen","|","|-damage|p2a: Vespiquen|175/343 brn|[from] brn","|-damage|p1a: Jellicent|225/403|[from] move: Infestation|[partiallytrapped]","|turn|51","|","|move|p1a: Jellicent|Giga Drain|p2a: Vespiquen","|-resisted|p2a: Vespiquen","|-damage|p2a: Vespiquen|172/343 brn","|-heal|p1a: Jellicent|227/403|[from] drain|[of] p2a: Vespiquen","|-damage|p1a: Jellicent|187/403|[from] item: Life Orb","|move|p2a: Vespiquen|Roost|p2a: Vespiquen","|-heal|p2a: Vespiquen|343/343 brn","|","|-damage|p2a: Vespiquen|301/343 brn|[from] brn","|-damage|p1a: Jellicent|137/403|[from] move: Infestation|[partiallytrapped]","|turn|52","|","|move|p1a: Jellicent|Recover|p1a: Jellicent","|-heal|p1a: Jellicent|339/403","|move|p2a: Vespiquen|Roost|p2a: Vespiquen","|-heal|p2a: Vespiquen|343/343 brn","|","|-damage|p2a: Vespiquen|301/343 brn|[from] brn","|-damage|p1a: Jellicent|289/403|[from] move: Infestation|[partiallytrapped]","|turn|53","|","|move|p1a: Jellicent|Giga Drain|p2a: Vespiquen|[miss]","|-miss|p1a: Jellicent|p2a: Vespiquen","|move|p2a: Vespiquen|Defend Order|p2a: Vespiquen","|-fail|p2a: Vespiquen","|","|-damage|p2a: Vespiquen|259/343 brn|[from] brn","|-end|p1a: Jellicent|Infestation|[partiallytrapped]","|turn|54","|","|move|p1a: Jellicent|Will-O-Wisp|p2a: Vespiquen","|-fail|p2a: Vespiquen|brn","|move|p2a: Vespiquen|Infestation|p1a: Jellicent","|-resisted|p1a: Jellicent","|-damage|p1a: Jellicent|282/403","|-activate|p1a: Jellicent|move: Infestation|[of] p2a: Vespiquen","|","|-damage|p2a: Vespiquen|217/343 brn|[from] brn","|-damage|p1a: Jellicent|232/403|[from] move: Infestation|[partiallytrapped]","|turn|55","|","|move|p1a: Jellicent|Giga Drain|p2a: Vespiquen|[miss]","|-miss|p1a: Jellicent|p2a: Vespiquen","|move|p2a: Vespiquen|Roost|p2a: Vespiquen","|-heal|p2a: Vespiquen|343/343 brn","|","|-damage|p2a: Vespiquen|301/343 brn|[from] brn","|-damage|p1a: Jellicent|182/403|[from] move: Infestation|[partiallytrapped]","|turn|56","|","|move|p1a: Jellicent|Recover|p1a: Jellicent","|-heal|p1a: Jellicent|384/403","|move|p2a: Vespiquen|Infestation|p1a: Jellicent","|-resisted|p1a: Jellicent","|-damage|p1a: Jellicent|377/403","|","|-damage|p2a: Vespiquen|259/343 brn|[from] brn","|-damage|p1a: Jellicent|327/403|[from] move: Infestation|[partiallytrapped]","|turn|57","|","|move|p1a: Jellicent|Dark Pulse|p2a: Vespiquen","|-damage|p2a: Vespiquen|246/343 brn","|-damage|p1a: Jellicent|287/403|[from] item: Life Orb","|move|p2a: Vespiquen|Infestation|p1a: Jellicent","|-resisted|p1a: Jellicent","|-damage|p1a: Jellicent|280/403","|","|-damage|p2a: Vespiquen|204/343 brn|[from] brn","|-damage|p1a: Jellicent|230/403|[from] move: Infestation|[partiallytrapped]","|turn|58","|","|move|p1a: Jellicent|Will-O-Wisp|p2a: Vespiquen","|-fail|p2a: Vespiquen|brn","|move|p2a: Vespiquen|Defend Order|p2a: Vespiquen","|-fail|p2a: Vespiquen","|","|-damage|p2a: Vespiquen|162/343 brn|[from] brn","|-damage|p1a: Jellicent|180/403|[from] move: Infestation|[partiallytrapped]","|turn|59","|","|move|p1a: Jellicent|Recover|p1a: Jellicent","|-heal|p1a: Jellicent|382/403","|move|p2a: Vespiquen|Infestation|p1a: Jellicent","|-resisted|p1a: Jellicent","|-damage|p1a: Jellicent|375/403","|","|-damage|p2a: Vespiquen|120/343 brn|[from] brn","|-end|p1a: Jellicent|Infestation|[partiallytrapped]","|turn|60","|","|move|p1a: Jellicent|Giga Drain|p2a: Vespiquen|[miss]","|-miss|p1a: Jellicent|p2a: Vespiquen","|move|p2a: Vespiquen|Defend Order|p2a: Vespiquen","|-fail|p2a: Vespiquen","|","|-damage|p2a: Vespiquen|78/343 brn|[from] brn","|turn|61","|","|move|p1a: Jellicent|Giga Drain|p2a: Vespiquen|[miss]","|-miss|p1a: Jellicent|p2a: Vespiquen","|move|p2a: Vespiquen|Infestation|p1a: Jellicent","|-resisted|p1a: Jellicent","|-damage|p1a: Jellicent|368/403","|-activate|p1a: Jellicent|move: Infestation|[of] p2a: Vespiquen","|","|-damage|p2a: Vespiquen|36/343 brn|[from] brn","|-damage|p1a: Jellicent|318/403|[from] move: Infestation|[partiallytrapped]","|turn|62","|","|move|p1a: Jellicent|Recover|p1a: Jellicent","|-heal|p1a: Jellicent|403/403","|move|p2a: Vespiquen|Infestation|p1a: Jellicent","|-resisted|p1a: Jellicent","|-damage|p1a: Jellicent|396/403","|","|-damage|p2a: Vespiquen|0 fnt|[from] brn","|faint|p2a: Vespiquen","|","|switch|p2a: Galvantula|Galvantula, M|281/281","|turn|63","|","|move|p2a: Galvantula|Volt Switch|p1a: Jellicent","|-supereffective|p1a: Jellicent","|-damage|p1a: Jellicent|246/403","|move|p1a: Jellicent|Dark Pulse|p2a: Galvantula","|-damage|p2a: Galvantula|168/281","|-damage|p1a: Jellicent|206/403|[from] item: Life Orb","|","|turn|64","|","|move|p2a: Galvantula|Volt Switch|p1a: Jellicent","|-supereffective|p1a: Jellicent","|-damage|p1a: Jellicent|66/403","|move|p1a: Jellicent|Recover|p1a: Jellicent","|-heal|p1a: Jellicent|268/403","|","|turn|65","|","|move|p2a: Galvantula|Volt Switch|p1a: Jellicent","|-supereffective|p1a: Jellicent","|-damage|p1a: Jellicent|130/403","|move|p1a: Jellicent|Recover|p1a: Jellicent","|-heal|p1a: Jellicent|332/403","|","|turn|66","|","|move|p2a: Galvantula|Volt Switch|p1a: Jellicent","|-supereffective|p1a: Jellicent","|-damage|p1a: Jellicent|192/403","|move|p1a: Jellicent|Will-O-Wisp|p2a: Galvantula|[miss]","|-miss|p1a: Jellicent|p2a: Galvantula","|","|turn|67","|","|move|p2a: Galvantula|Volt Switch|p1a: Jellicent","|-supereffective|p1a: Jellicent","|-damage|p1a: Jellicent|54/403","|move|p1a: Jellicent|Recover|p1a: Jellicent","|-heal|p1a: Jellicent|256/403","|","|turn|68","|","|move|p2a: Galvantula|Volt Switch|p1a: Jellicent","|-supereffective|p1a: Jellicent","|-damage|p1a: Jellicent|112/403","|move|p1a: Jellicent|Recover|p1a: Jellicent","|-heal|p1a: Jellicent|314/403","|","|turn|69","|","|move|p2a: Galvantula|Volt Switch|p1a: Jellicent","|-supereffective|p1a: Jellicent","|-damage|p1a: Jellicent|182/403","|move|p1a: Jellicent|Dark Pulse|p2a: Galvantula|[miss]","|-miss|p1a: Jellicent|p2a: Galvantula","|","|turn|70","|","|move|p2a: Galvantula|Sucker Punch|p1a: Jellicent","|-fail|p2a: Galvantula","|move|p1a: Jellicent|Recover|p1a: Jellicent","|-heal|p1a: Jellicent|384/403","|","|turn|71","|","|move|p2a: Galvantula|Volt Switch|p1a: Jellicent","|-supereffective|p1a: Jellicent","|-damage|p1a: Jellicent|244/403","|move|p1a: Jellicent|Will-O-Wisp|p2a: Galvantula","|-status|p2a: Galvantula|brn","|","|-damage|p2a: Galvantula|133/281 brn|[from] brn","|turn|72","|","|move|p2a: Galvantula|Volt Switch|p1a: Jellicent","|-supereffective|p1a: Jellicent","|-damage|p1a: Jellicent|112/403","|move|p1a: Jellicent|Recover|p1a: Jellicent","|-heal|p1a: Jellicent|314/403","|","|-damage|p2a: Galvantula|98/281 brn|[from] brn","|turn|73","|","|move|p2a: Galvantula|Sucker Punch|p1a: Jellicent","|-fail|p2a: Galvantula","|move|p1a: Jellicent|Recover|p1a: Jellicent","|-heal|p1a: Jellicent|403/403","|","|-damage|p2a: Galvantula|63/281 brn|[from] brn","|turn|74","|","|move|p2a: Galvantula|Bug Buzz|p1a: Jellicent","|-resisted|p1a: Jellicent","|-damage|p1a: Jellicent|335/403","|move|p1a: Jellicent|Dark Pulse|p2a: Galvantula","|-damage|p2a: Galvantula|0 fnt","|-damage|p1a: Jellicent|295/403|[from] item: Life Orb","|faint|p2a: Galvantula","|","|win|NyanLoki"],"p1rating":{"entryid":"351875","serverid":"eos","formatid":"monotype","userid":"nyanloki","username":"NyanLoki","w":3,"l":"2","t":"0","gxe":51,"r":"1500","rd":"130","sigma":"0","rptime":"1440320400","rpr":1508.14773872,"rprd":102.11859604944,"rpsigma":"0","acre":1105.7376457563,"lacre":1105.7376457563,"oldacre":"1075.7875180726"},"p2rating":{"entryid":"386","serverid":"eos","formatid":"monotype","userid":"lightofaknowing","username":"LightOfAKnowing","w":"16","l":30,"t":"0","gxe":38.7,"r":"1419.9952408759","rd":"58.070774011908","sigma":"0","rptime":"1440320400","rpr":1412.2447033751,"rprd":52.531331511144,"rpsigma":"0","acre":1066.931633431,"lacre":1066.931633431,"oldacre":"1091.7953039089"},"endType":"normal"}