{"seed":[49899,19156,23725,11626],"turns":32,"p1":"Void Orion","p2":"DSV","p1team":[{"name":"Wonderwall","species":"skarmory","item":"rockyhelmet","ability":"Sturdy","moves":["whirlwind","drillpeck","counter","roost"],"nature":"Impish","evs":{"hp":248,"atk":8,"def":252,"spa":0,"spd":0,"spe":0},"ivs":{"hp":31,"atk":31,"def":31,"spa":31,"spd":31,"spe":31}},{"name":"Jubilee","species":"togekiss","item":"leftovers","ability":"Serene Grace","moves":["thunderwave","airslash","healbell","roost"],"nature":"Calm","evs":{"hp":248,"atk":0,"def":0,"spa":64,"spd":196,"spe":0},"shiny":true,"ivs":{"hp":31,"atk":31,"def":31,"spa":31,"spd":31,"spe":31}},{"name":"Feuerriegel","species":"zapdos","item":"leftovers","ability":"Pressure","moves":["heatwave","discharge","defog","roost"],"nature":"Bold","evs":{"hp":248,"atk":0,"def":204,"spa":56,"spd":0,"spe":0},"shiny":true,"ivs":{"hp":31,"atk":31,"def":31,"spa":31,"spd":31,"spe":31}},{"name":"Salazar","species":"gyarados","item":"gyaradosite","ability":"Intimidate","moves":["dragondance","waterfall","crunch","rest"],"nature":"Adamant","evs":{"hp":248,"atk":160,"def":0,"spa":0,"spd":100,"spe":0},"ivs":{"hp":31,"atk":31,"def":31,"spa":31,"spd":31,"spe":31}},{"name":"Nimbus","species":"thundurustherian","item":"focussash","ability":"Volt Absorb","moves":["thunderbolt","focusblast","darkpulse","nastyplot"],"nature":"Modest","evs":{"hp":0,"atk":0,"def":0,"spa":252,"spd":4,"spe":252},"shiny":true,"ivs":{"hp":31,"atk":31,"def":31,"spa":31,"spd":31,"spe":31}},{"name":"Stratus","species":"landorustherian","item":"choicescarf","ability":"Intimidate","moves":["stoneedge","earthquake","knockoff","uturn"],"nature":"Jolly","evs":{"hp":0,"atk":252,"def":4,"spa":0,"spd":0,"spe":252},"shiny":true,"ivs":{"hp":31,"atk":31,"def":31,"spa":31,"spd":31,"spe":31}}],"p2team":[{"name":"Charizard","species":"Charizard","item":"charizarditey","ability":"Blaze","moves":["fireblast","solarbeam","focusblast","roost"],"nature":"Modest","evs":{"hp":0,"atk":0,"def":0,"spa":248,"spd":8,"spe":252},"ivs":{"hp":31,"atk":31,"def":31,"spa":31,"spd":31,"spe":31}},{"name":"Staraptor","species":"Staraptor","item":"choicescarf","ability":"Reckless","moves":["bravebird","doubleedge","closecombat","uturn"],"nature":"Adamant","evs":{"hp":0,"atk":252,"def":0,"spa":0,"spd":4,"spe":252},"ivs":{"hp":31,"atk":31,"def":31,"spa":31,"spd":31,"spe":31}},{"name":"Dragonite","species":"Dragonite","item":"lumberry","ability":"Multiscale","moves":["dragondance","dragonclaw","earthquake","extremespeed"],"nature":"Adamant","evs":{"hp":0,"atk":252,"def":0,"spa":0,"spd":4,"spe":252},"ivs":{"hp":31,"atk":31,"def":31,"spa":31,"spd":31,"spe":31}},{"name":"Zapdos","species":"Zapdos","item":"leftovers","ability":"Pressure","moves":["discharge","defog","roost","toxic"],"nature":"Calm","evs":{"hp":252,"atk":0,"def":0,"spa":4,"spd":252,"spe":0},"ivs":{"hp":31,"atk":31,"def":31,"spa":31,"spd":31,"spe":31}},{"name":"Skarmory","species":"Skarmory","item":"leftovers","ability":"Sturdy","moves":["stealthrock","ironhead","roost","whirlwind"],"nature":"Impish","evs":{"hp":252,"atk":0,"def":232,"spa":0,"spd":0,"spe":24},"ivs":{"hp":31,"atk":31,"def":31,"spa":31,"spd":31,"spe":31}},{"name":"Landorus","species":"Landorus","item":"lifeorb","ability":"Sheer Force","moves":["earthpower","psychic","knockoff","sludgewave"],"nature":"Naive","evs":{"hp":0,"atk":4,"def":0,"spa":252,"spd":0,"spe":252},"ivs":{"hp":31,"atk":31,"def":31,"spa":31,"spd":31,"spe":31}}],"log":["|player|p1|Void Orion|voidorion.png","|player|p2|DSV|dsv.png","|gametype|singles","|gen|6","|tier|Monotype","|rated","|rule|Baton Pass Clause: Limit one Baton Passer, can't pass Spe and other stats simultaneously","|rule|Swagger Clause: Swagger is banned","|rule|Same Type Clause: Pokémon in a team must share a type","|clearpoke","|poke|p1|Skarmory, F","|poke|p1|Togekiss, F, shiny","|poke|p1|Zapdos, shiny","|poke|p1|Gyarados, M","|poke|p1|Thundurus-Therian, M, shiny","|poke|p1|Landorus-Therian, M, shiny","|poke|p2|Charizard, F","|poke|p2|Staraptor, F","|poke|p2|Dragonite, F","|poke|p2|Zapdos","|poke|p2|Skarmory, M","|poke|p2|Landorus, M","|rule|Sleep Clause Mod: Limit one foe put to sleep","|rule|Species Clause: Limit one of each Pokémon","|rule|OHKO Clause: OHKO moves are banned","|rule|Moody Clause: Moody is banned","|rule|Evasion Moves Clause: Evasion moves are banned","|rule|Endless Battle Clause: Forcing endless battles is banned","|rule|HP Percentage Mod: HP is shown in percentages","|teampreview","|","|start","|switch|p1a: Stratus|Landorus-Therian, M, shiny|319/319","|switch|p2a: Charizard|Charizard, F|297/297","|-ability|p1a: Stratus|Intimidate","|-unboost|p2a: Charizard|atk|1","|turn|1","|","|detailschange|p2a: Charizard|Charizard-Mega-Y, F","|-mega|p2a: Charizard|Charizard|Charizardite Y","|-weather|SunnyDay","|move|p1a: Stratus|Stone Edge|p2a: Charizard","|-supereffective|p2a: Charizard","|-damage|p2a: Charizard|0 fnt","|faint|p2a: Charizard","|","|-weather|SunnyDay|[upkeep]","|","|switch|p2a: Skarmory|Skarmory, M|334/334","|turn|2","|","|switch|p1a: Feuerriegel|Zapdos, shiny|383/383","|-ability|p1a: Feuerriegel|Pressure","|move|p2a: Skarmory|Stealth Rock|p1a: Feuerriegel","|-sidestart|p1: Void Orion|move: Stealth Rock","|","|-weather|SunnyDay|[upkeep]","|turn|3","|","|switch|p2a: Landorus|Landorus, M|319/319","|move|p1a: Feuerriegel|Defog|p2a: Landorus","|-unboost|p2a: Landorus|evasion|1","|-sideend|p1: Void Orion|Stealth Rock|[from] move: Defog|[of] p1a: Feuerriegel","|","|-weather|SunnyDay|[upkeep]","|turn|4","|","|switch|p1a: Salazar|Gyarados, M|393/393","|-ability|p1a: Salazar|Intimidate","|-unboost|p2a: Landorus|atk|1","|move|p2a: Landorus|Knock Off|p1a: Salazar","|-damage|p1a: Salazar|324/393","|-damage|p2a: Landorus|288/319|[from] item: Life Orb","|","|-weather|SunnyDay|[upkeep]","|turn|5","|","|move|p2a: Landorus|Sludge Wave|p1a: Salazar","|-damage|p1a: Salazar|167/393","|move|p1a: Salazar|Dragon Dance|p1a: Salazar","|-boost|p1a: Salazar|atk|1","|-boost|p1a: Salazar|spe|1","|","|-weather|none","|turn|6","|","|switch|p2a: Skarmory|Skarmory, M|334/334","|move|p1a: Salazar|Waterfall|p2a: Skarmory","|-damage|p2a: Skarmory|213/334","|","|-heal|p2a: Skarmory|233/334|[from] item: Leftovers","|turn|7","|","|move|p1a: Salazar|Dragon Dance|p1a: Salazar","|-boost|p1a: Salazar|atk|1","|-boost|p1a: Salazar|spe|1","|move|p2a: Skarmory|Stealth Rock|p1a: Salazar","|-sidestart|p1: Void Orion|move: Stealth Rock","|","|-heal|p2a: Skarmory|253/334|[from] item: Leftovers","|turn|8","|","|move|p1a: Salazar|Waterfall|p2a: Skarmory","|-damage|p2a: Skarmory|102/334","|move|p2a: Skarmory|Whirlwind|p1a: Salazar","|drag|p1a: Nimbus|Thundurus-Therian, M, shiny|299/299","|-damage|p1a: Nimbus|225/299|[from] Stealth Rock","|","|-heal|p2a: Skarmory|122/334|[from] item: Leftovers","|turn|9","|","|switch|p2a: Zapdos|Zapdos|384/384","|-ability|p2a: Zapdos|Pressure","|move|p1a: Nimbus|Dark Pulse|p2a: Zapdos","|-damage|p2a: Zapdos|294/384","|","|-heal|p2a: Zapdos|318/384|[from] item: Leftovers","|turn|10","|","|move|p1a: Nimbus|Nasty Plot|p1a: Nimbus","|-boost|p1a: Nimbus|spa|2","|move|p2a: Zapdos|Toxic|p1a: Nimbus","|-status|p1a: Nimbus|tox","|","|-heal|p2a: Zapdos|342/384|[from] item: Leftovers","|-damage|p1a: Nimbus|207/299 tox|[from] psn","|turn|11","|","|switch|p2a: Dragonite|Dragonite, F|323/323","|move|p1a: Nimbus|Thunderbolt|p2a: Dragonite","|-damage|p2a: Dragonite|122/323","|","|-damage|p1a: Nimbus|171/299 tox|[from] psn","|turn|12","|","|switch|p1a: Wonderwall|Skarmory, F|333/333","|-damage|p1a: Wonderwall|292/333|[from] Stealth Rock","|move|p2a: Dragonite|Extreme Speed|p1a: Wonderwall","|-resisted|p1a: Wonderwall","|-damage|p1a: Wonderwall|263/333","|-damage|p2a: Dragonite|69/323|[from] item: Rocky Helmet|[of] p1a: Wonderwall","|","|turn|13","|","|switch|p2a: Zapdos|Zapdos|342/384","|-ability|p2a: Zapdos|Pressure","|move|p1a: Wonderwall|Drill Peck|p2a: Zapdos","|-resisted|p2a: Zapdos","|-damage|p2a: Zapdos|299/384","|","|-heal|p2a: Zapdos|323/384|[from] item: Leftovers","|turn|14","|","|switch|p1a: Feuerriegel|Zapdos, shiny|383/383","|-damage|p1a: Feuerriegel|288/383|[from] Stealth Rock","|-ability|p1a: Feuerriegel|Pressure","|move|p2a: Zapdos|Toxic|p1a: Feuerriegel","|-status|p1a: Feuerriegel|tox","|","|-heal|p1a: Feuerriegel|311/383 tox|[from] item: Leftovers","|-heal|p2a: Zapdos|347/384|[from] item: Leftovers","|-damage|p1a: Feuerriegel|288/383 tox|[from] psn","|turn|15","|","|switch|p2a: Landorus|Landorus, M|288/319","|move|p1a: Feuerriegel|Defog|p2a: Landorus","|-unboost|p2a: Landorus|evasion|1","|-sideend|p1: Void Orion|Stealth Rock|[from] move: Defog|[of] p1a: Feuerriegel","|","|-heal|p1a: Feuerriegel|311/383 tox|[from] item: Leftovers","|-damage|p1a: Feuerriegel|265/383 tox|[from] psn","|turn|16","|","|switch|p1a: Nimbus|Thundurus-Therian, M, shiny|171/299 tox","|move|p2a: Landorus|Sludge Wave|p1a: Nimbus","|-damage|p1a: Nimbus|0 fnt","|faint|p1a: Nimbus","|","|","|switch|p1a: Salazar|Gyarados, M|167/393","|-ability|p1a: Salazar|Intimidate","|-unboost|p2a: Landorus|atk|1","|turn|17","|","|detailschange|p1a: Salazar|Gyarados-Mega, M","|-mega|p1a: Salazar|Gyarados|Gyaradosite","|-ability|p1a: Salazar|Mold Breaker","|move|p2a: Landorus|Psychic|p1a: Salazar","|-immune|p1a: Salazar|[msg]","|move|p1a: Salazar|Waterfall|p2a: Landorus","|-supereffective|p2a: Landorus","|-damage|p2a: Landorus|0 fnt","|faint|p2a: Landorus","|","|","|switch|p2a: Zapdos|Zapdos|347/384","|-ability|p2a: Zapdos|Pressure","|turn|18","|","|move|p2a: Zapdos|Discharge|p1a: Salazar","|-supereffective|p1a: Salazar","|-damage|p1a: Salazar|0 fnt","|faint|p1a: Salazar","|","|-heal|p2a: Zapdos|371/384|[from] item: Leftovers","|","|switch|p1a: Jubilee|Togekiss, F, shiny|373/373","|turn|19","|","|move|p2a: Zapdos|Toxic|p1a: Jubilee","|-status|p1a: Jubilee|tox","|move|p1a: Jubilee|Heal Bell|p1a: Jubilee","|-cureteam|p1a: Jubilee|[from] move: HealBell","|","|-heal|p2a: Zapdos|384/384|[from] item: Leftovers","|turn|20","|","|switch|p2a: Skarmory|Skarmory, M|122/334","|switch|p1a: Wonderwall|Skarmory, F|263/333","|","|-heal|p2a: Skarmory|142/334|[from] item: Leftovers","|turn|21","|","|switch|p1a: Feuerriegel|Zapdos, shiny|265/383","|-ability|p1a: Feuerriegel|Pressure","|move|p2a: Skarmory|Roost|p2a: Skarmory","|-heal|p2a: Skarmory|309/334","|","|-heal|p1a: Feuerriegel|288/383|[from] item: Leftovers","|-heal|p2a: Skarmory|329/334|[from] item: Leftovers","|turn|22","|","|switch|p2a: Zapdos|Zapdos|384/384","|-ability|p2a: Zapdos|Pressure","|move|p1a: Feuerriegel|Discharge|p2a: Zapdos","|-crit|p2a: Zapdos","|-damage|p2a: Zapdos|251/384","|","|-heal|p1a: Feuerriegel|311/383|[from] item: Leftovers","|-heal|p2a: Zapdos|275/384|[from] item: Leftovers","|turn|23","|","|switch|p1a: Stratus|Landorus-Therian, M, shiny|319/319","|-ability|p1a: Stratus|Intimidate","|-unboost|p2a: Zapdos|atk|1","|move|p2a: Zapdos|Toxic|p1a: Stratus","|-status|p1a: Stratus|tox","|","|-heal|p2a: Zapdos|299/384|[from] item: Leftovers","|-damage|p1a: Stratus|300/319 tox|[from] psn","|turn|24","|","|switch|p2a: Dragonite|Dragonite, F|69/323","|move|p1a: Stratus|Knock Off|p2a: Dragonite","|-damage|p2a: Dragonite|0 fnt","|-enditem|p2a: Dragonite|Lum Berry|[from] move: Knock Off|[of] p1a: Stratus","|faint|p2a: Dragonite","|","|-damage|p1a: Stratus|262/319 tox|[from] psn","|","|switch|p2a: Zapdos|Zapdos|299/384","|-ability|p2a: Zapdos|Pressure","|turn|25","|","|move|p1a: Stratus|Knock Off|p2a: Zapdos","|-damage|p2a: Zapdos|149/384","|-enditem|p2a: Zapdos|Leftovers|[from] move: Knock Off|[of] p1a: Stratus","|move|p2a: Zapdos|Roost|p2a: Zapdos","|-heal|p2a: Zapdos|341/384","|","|-damage|p1a: Stratus|205/319 tox|[from] psn","|turn|26","|","|switch|p1a: Jubilee|Togekiss, F, shiny|373/373","|move|p2a: Zapdos|Discharge|p1a: Jubilee","|-supereffective|p1a: Jubilee","|-damage|p1a: Jubilee|215/373","|-status|p1a: Jubilee|par","|","|-heal|p1a: Jubilee|238/373 par|[from] item: Leftovers","|turn|27","|","|move|p2a: Zapdos|Discharge|p1a: Jubilee","|-supereffective|p1a: Jubilee","|-damage|p1a: Jubilee|68/373 par","|cant|p1a: Jubilee|par","|","|-heal|p1a: Jubilee|91/373 par|[from] item: Leftovers","|turn|28","|","|switch|p1a: Stratus|Landorus-Therian, M, shiny|205/319 tox","|-ability|p1a: Stratus|Intimidate","|-unboost|p2a: Zapdos|atk|1","|move|p2a: Zapdos|Discharge|p1a: Stratus","|-immune|p1a: Stratus|[msg]","|","|-damage|p1a: Stratus|186/319 tox|[from] psn","|turn|29","|","|switch|p2a: Skarmory|Skarmory, M|329/334","|move|p1a: Stratus|Stone Edge|p2a: Skarmory","|-damage|p2a: Skarmory|249/334","|","|-heal|p2a: Skarmory|269/334|[from] item: Leftovers","|-damage|p1a: Stratus|148/319 tox|[from] psn","|turn|30","|","|switch|p1a: Jubilee|Togekiss, F, shiny|91/373 par","|move|p2a: Skarmory|Stealth Rock|p1a: Jubilee","|-sidestart|p1: Void Orion|move: Stealth Rock","|","|-heal|p2a: Skarmory|289/334|[from] item: Leftovers","|-heal|p1a: Jubilee|114/373 par|[from] item: Leftovers","|turn|31","|","|move|p2a: Skarmory|Iron Head|p1a: Jubilee","|-supereffective|p1a: Jubilee","|-damage|p1a: Jubilee|0 fnt","|faint|p1a: Jubilee","|","|-heal|p2a: Skarmory|309/334|[from] item: Leftovers","|","|switch|p1a: Feuerriegel|Zapdos, shiny|311/383","|-damage|p1a: Feuerriegel|216/383|[from] Stealth Rock","|-ability|p1a: Feuerriegel|Pressure","|turn|32","|","|win|DSV"],"p1rating":{"entryid":375829,"formatid":"monotype","userid":"voidorion","username":"Void Orion","r":1500,"rd":130,"sigma":0,"rpr":1453.0621386114,"rprd":122.48304747017,"rpsigma":0,"rptime":1440320400,"w":0,"l":1,"t":0,"gxe":44.2,"acre":1000,"lacre":1000,"oldacre":1000},"p2rating":{"entryid":"159982","serverid":"eos","formatid":"monotype","userid":"dsv","username":"DSV","w":6,"l":"6","t":"0","gxe":50.9,"r":"1451.4123467014","rd":"92.93265230253","sigma":"0","rptime":"1440320400","rpr":1506.8919604366,"rprd":83.398567608464,"rpsigma":"0","acre":1107.1713929577,"lacre":1107.1713929577,"oldacre":"1086.7938541356"},"endType":"forfeit"}