{"seed":[4843,26920,62830,40447],"turns":26,"p1":"Doctor Glumanda","p2":"BagelBeagle","p1team":[{"name":"Supa Hero","species":"gallade","item":"galladite","ability":"Steadfast","moves":["shadowsneak","drainpunch","icepunch","psychocut"],"nature":"Jolly","evs":{"hp":0,"atk":252,"def":0,"spa":0,"spd":4,"spe":252},"ivs":{"hp":31,"atk":31,"def":31,"spa":31,"spd":31,"spe":31}},{"name":"Handy man","species":"hoopaunbound","item":"choicescarf","ability":"Magician","moves":["thunderbolt","hyperspacehole","darkpulse","focusblast"],"nature":"Timid","evs":{"hp":0,"atk":0,"def":0,"spa":252,"spd":4,"spe":252},"ivs":{"hp":31,"atk":31,"def":31,"spa":31,"spd":31,"spe":31}},{"name":"Mewderator","species":"mew","item":"leftovers","ability":"Synchronize","moves":["roost","willowisp","knockoff","defog"],"nature":"Impish","evs":{"hp":248,"atk":0,"def":252,"spa":0,"spd":8,"spe":0},"ivs":{"hp":31,"atk":31,"def":31,"spa":31,"spd":31,"spe":31}},{"name":"Astral","species":"jirachi","item":"choicescarf","ability":"Serene Grace","moves":["uturn","trick","healingwish","ironhead"],"nature":"Jolly","evs":{"hp":0,"atk":252,"def":0,"spa":0,"spd":4,"spe":252},"ivs":{"hp":31,"atk":31,"def":31,"spa":31,"spd":31,"spe":31}},{"name":"Sheep","species":"slowbro","item":"rockyhelmet","ability":"Regenerator","moves":["slackoff","flamethrower","scald","thunderwave"],"nature":"Bold","evs":{"hp":252,"atk":0,"def":252,"spa":4,"spd":0,"spe":0},"ivs":{"hp":31,"atk":0,"def":31,"spa":31,"spd":31,"spe":31}},{"name":"Melee","species":"meloetta","item":"assaultvest","ability":"Serene Grace","moves":["energyball","psyshock","dazzlinggleam","shadowball"],"nature":"Modest","evs":{"hp":248,"atk":0,"def":0,"spa":212,"spd":48,"spe":0},"ivs":{"hp":31,"atk":0,"def":31,"spa":31,"spd":31,"spe":31}}],"p2team":[{"name":"Venusaur","species":"Venusaur","item":"venusaurite","ability":"Overgrow","moves":["gigadrain","sludgebomb","sleeppowder","synthesis"],"nature":"Modest","evs":{"hp":248,"atk":0,"def":0,"spa":252,"spd":8,"spe":0},"ivs":{"hp":31,"atk":31,"def":31,"spa":31,"spd":31,"spe":31}},{"name":"Tentacruel","species":"Tentacruel","item":"blacksludge","ability":"Clear Body","moves":["scald","toxicspikes","hex","rapidspin"],"nature":"Timid","evs":{"hp":0,"atk":0,"def":0,"spa":252,"spd":4,"spe":252},"ivs":{"hp":31,"atk":31,"def":31,"spa":31,"spd":31,"spe":31}},{"name":"Gengar","species":"Gengar","item":"choicespecs","ability":"Levitate","moves":["dazzlinggleam","shadowball","thunderbolt","darkpulse"],"nature":"Timid","evs":{"hp":0,"atk":0,"def":0,"spa":252,"spd":4,"spe":252},"ivs":{"hp":31,"atk":31,"def":31,"spa":31,"spd":31,"spe":31}},{"name":"Crobat","species":"Crobat","item":"whiteherb","ability":"Infiltrator","moves":["acrobatics","curse","roost","crosspoison"],"nature":"Adamant","evs":{"hp":248,"atk":252,"def":0,"spa":0,"spd":8,"spe":0},"ivs":{"hp":31,"atk":31,"def":31,"spa":31,"spd":31,"spe":31}},{"name":"Dragalge","species":"Dragalge","item":"dracoplate","ability":"Adaptability","moves":["dracometeor","scald","sludgewave","thunderbolt"],"nature":"Modest","evs":{"hp":248,"atk":0,"def":0,"spa":252,"spd":8,"spe":0},"ivs":{"hp":31,"atk":31,"def":31,"spa":31,"spd":31,"spe":31}},{"name":"Drapion","species":"Drapion","item":"blacksludge","ability":"Sniper","moves":["earthquake","knockoff","poisonjab","rockslide"],"nature":"Adamant","evs":{"hp":252,"atk":252,"def":0,"spa":0,"spd":4,"spe":0},"ivs":{"hp":31,"atk":31,"def":31,"spa":31,"spd":31,"spe":31}}],"log":["|player|p1|Doctor Glumanda|doctorglumanda.gif","|player|p2|BagelBeagle|52","|gametype|singles","|gen|6","|tier|Monotype","|rated","|rule|Baton Pass Clause: Limit one Baton Passer, can't pass Spe and other stats simultaneously","|rule|Swagger Clause: Swagger is banned","|rule|Same Type Clause: Pokémon in a team must share a type","|clearpoke","|poke|p1|Gallade, M","|poke|p1|Hoopa-Unbound","|poke|p1|Mew","|poke|p1|Jirachi","|poke|p1|Slowbro, F","|poke|p1|Meloetta","|poke|p2|Venusaur, F","|poke|p2|Tentacruel, F","|poke|p2|Gengar, F","|poke|p2|Crobat, F","|poke|p2|Dragalge, M","|poke|p2|Drapion, M","|rule|Sleep Clause Mod: Limit one foe put to sleep","|rule|Species Clause: Limit one of each Pokémon","|rule|OHKO Clause: OHKO moves are banned","|rule|Moody Clause: Moody is banned","|rule|Evasion Moves Clause: Evasion moves are banned","|rule|Endless Battle Clause: Forcing endless battles is banned","|rule|HP Percentage Mod: HP is shown in percentages","|teampreview","|","|start","|switch|p1a: Supa Hero|Gallade, M|277/277","|switch|p2a: Tentacruel|Tentacruel, F|301/301","|turn|1","|","|detailschange|p1a: Supa Hero|Gallade-Mega, M","|-mega|p1a: Supa Hero|Gallade|Galladite","|move|p2a: Tentacruel|Scald|p1a: Supa Hero","|-crit|p1a: Supa Hero","|-damage|p1a: Supa Hero|138/277","|-status|p1a: Supa Hero|brn","|move|p1a: Supa Hero|Psycho Cut|p2a: Tentacruel","|-supereffective|p2a: Tentacruel","|-damage|p2a: Tentacruel|100/301","|","|-heal|p2a: Tentacruel|118/301|[from] item: Black Sludge","|-damage|p1a: Supa Hero|104/277 brn|[from] brn","|turn|2","|","|move|p1a: Supa Hero|Psycho Cut|p2a: Tentacruel","|-supereffective|p2a: Tentacruel","|-damage|p2a: Tentacruel|0 fnt","|faint|p2a: Tentacruel","|","|-damage|p1a: Supa Hero|70/277 brn|[from] brn","|","|switch|p2a: Gengar|Gengar, F|261/261","|turn|3","|","|move|p1a: Supa Hero|Shadow Sneak|p2a: Gengar","|-supereffective|p2a: Gengar","|-damage|p2a: Gengar|171/261","|move|p2a: Gengar|Shadow Ball|p1a: Supa Hero","|-supereffective|p1a: Supa Hero","|-damage|p1a: Supa Hero|0 fnt","|faint|p1a: Supa Hero","|","|","|switch|p1a: Melee|Meloetta|403/403","|turn|4","|","|switch|p2a: Drapion|Drapion, M|344/344","|move|p1a: Melee|Psyshock|p2a: Drapion","|-immune|p2a: Drapion|[msg]","|","|turn|5","|","|switch|p1a: Sheep|Slowbro, F|394/394","|move|p2a: Drapion|Knock Off|p1a: Sheep","|-supereffective|p1a: Sheep","|-damage|p1a: Sheep|196/394","|-damage|p2a: Drapion|287/344|[from] item: Rocky Helmet|[of] p1a: Sheep","|-enditem|p1a: Sheep|Rocky Helmet|[from] move: Knock Off|[of] p2a: Drapion","|","|-heal|p2a: Drapion|308/344|[from] item: Black Sludge","|turn|6","|","|switch|p2a: Venusaur|Venusaur, F|363/363","|move|p1a: Sheep|Slack Off|p1a: Sheep","|-heal|p1a: Sheep|393/394","|","|turn|7","|","|switch|p1a: Melee|Meloetta|403/403","|detailschange|p2a: Venusaur|Venusaur-Mega, F","|-mega|p2a: Venusaur|Venusaur|Venusaurite","|move|p2a: Venusaur|Sleep Powder|p1a: Melee","|-status|p1a: Melee|slp","|","|turn|8","|","|switch|p2a: Crobat|Crobat, F|373/373","|cant|p1a: Melee|slp","|","|turn|9","|","|move|p2a: Crobat|Curse|p2a: Crobat","|-unboost|p2a: Crobat|spe|1","|-boost|p2a: Crobat|atk|1","|-boost|p2a: Crobat|def|1","|-enditem|p2a: Crobat|White Herb","|-restoreboost|p2a: Crobat|[silent]","|-curestatus|p1a: Melee|slp","|move|p1a: Melee|Psyshock|p2a: Crobat","|-supereffective|p2a: Crobat","|-damage|p2a: Crobat|119/373","|","|turn|10","|","|move|p2a: Crobat|Acrobatics|p1a: Melee","|-damage|p1a: Melee|100/403","|move|p1a: Melee|Psyshock|p2a: Crobat","|-supereffective|p2a: Crobat","|-damage|p2a: Crobat|0 fnt","|faint|p2a: Crobat","|","|","|switch|p2a: Gengar|Gengar, F|171/261","|turn|11","|","|switch|p1a: Handy man|Hoopa-Unbound|301/301","|move|p2a: Gengar|Dark Pulse|p1a: Handy man","|-damage|p1a: Handy man|188/301","|","|turn|12","|","|switch|p2a: Venusaur|Venusaur-Mega, F|363/363","|move|p1a: Handy man|Hyperspace Hole|p2a: Venusaur","|-supereffective|p2a: Venusaur","|-damage|p2a: Venusaur|51/363","|","|turn|13","|","|switch|p1a: Mewderator|Mew|403/403","|move|p2a: Venusaur|Giga Drain|p1a: Mewderator","|-damage|p1a: Mewderator|265/403","|-heal|p2a: Venusaur|120/363|[from] drain|[of] p1a: Mewderator","|","|-heal|p1a: Mewderator|290/403|[from] item: Leftovers","|turn|14","|","|move|p1a: Mewderator|Will-O-Wisp|p2a: Venusaur","|-status|p2a: Venusaur|brn","|move|p2a: Venusaur|Giga Drain|p1a: Mewderator","|-damage|p1a: Mewderator|160/403","|-heal|p2a: Venusaur|185/363 brn|[from] drain|[of] p1a: Mewderator","|","|-heal|p1a: Mewderator|185/403|[from] item: Leftovers","|-damage|p2a: Venusaur|140/363 brn|[from] brn","|turn|15","|","|switch|p1a: Handy man|Hoopa-Unbound|188/301","|move|p2a: Venusaur|Sleep Powder|p1a: Handy man","|-status|p1a: Handy man|slp","|","|-damage|p2a: Venusaur|95/363 brn|[from] brn","|turn|16","|","|cant|p1a: Handy man|slp","|move|p2a: Venusaur|Sludge Bomb|p1a: Handy man","|-damage|p1a: Handy man|44/301 slp","|","|-damage|p2a: Venusaur|50/363 brn|[from] brn","|turn|17","|","|cant|p1a: Handy man|slp","|move|p2a: Venusaur|Giga Drain|p1a: Handy man","|-damage|p1a: Handy man|0 fnt","|-heal|p2a: Venusaur|72/363 brn|[from] drain|[of] p1a: Handy man","|faint|p1a: Handy man","|","|-damage|p2a: Venusaur|27/363 brn|[from] brn","|","|switch|p1a: Astral|Jirachi|341/341","|turn|18","|","|move|p1a: Astral|Iron Head|p2a: Venusaur","|-damage|p2a: Venusaur|0 fnt","|faint|p2a: Venusaur","|","|","|switch|p2a: Gengar|Gengar, F|171/261","|turn|19","|","|move|p1a: Astral|Iron Head|p2a: Gengar","|-damage|p2a: Gengar|0 fnt","|faint|p2a: Gengar","|","|","|switch|p2a: Dragalge|Dragalge, M|333/333","|turn|20","|","|move|p1a: Astral|Iron Head|p2a: Dragalge","|-damage|p2a: Dragalge|207/333","|cant|p2a: Dragalge|flinch","|","|turn|21","|","|move|p1a: Astral|Iron Head|p2a: Dragalge","|-crit|p2a: Dragalge","|-damage|p2a: Dragalge|21/333","|move|p2a: Dragalge|Draco Meteor|p1a: Astral","|-resisted|p1a: Astral","|-damage|p1a: Astral|183/341","|-unboost|p2a: Dragalge|spa|2","|","|turn|22","|","|move|p1a: Astral|Iron Head|p2a: Dragalge","|-damage|p2a: Dragalge|0 fnt","|faint|p2a: Dragalge","|","|","|switch|p2a: Drapion|Drapion, M|308/344","|turn|23","|","|move|p1a: Astral|Iron Head|p2a: Drapion","|-damage|p2a: Drapion|197/344","|cant|p2a: Drapion|flinch","|","|-heal|p2a: Drapion|218/344|[from] item: Black Sludge","|turn|24","|","|move|p1a: Astral|Iron Head|p2a: Drapion","|-damage|p2a: Drapion|112/344","|cant|p2a: Drapion|flinch","|","|-heal|p2a: Drapion|133/344|[from] item: Black Sludge","|turn|25","|","|move|p1a: Astral|Iron Head|p2a: Drapion","|-damage|p2a: Drapion|27/344","|move|p2a: Drapion|Knock Off|p1a: Astral","|-supereffective|p1a: Astral","|-damage|p1a: Astral|0 fnt","|-enditem|p1a: Astral|Choice Scarf|[from] move: Knock Off|[of] p2a: Drapion","|faint|p1a: Astral","|","|-heal|p2a: Drapion|48/344|[from] item: Black Sludge","|","|switch|p1a: Sheep|Slowbro, F|394/394","|turn|26","|","|move|p2a: Drapion|Earthquake|p1a: Sheep","|-damage|p1a: Sheep|320/394","|move|p1a: Sheep|Scald|p2a: Drapion","|-damage|p2a: Drapion|0 fnt","|faint|p2a: Drapion","|","|win|Doctor Glumanda"],"p1rating":{"entryid":"363533","serverid":"eos","formatid":"monotype","userid":"doctorglumanda","username":"Doctor Glumanda","w":2,"l":"2","t":"0","gxe":47.4,"r":"1500","rd":"130","sigma":"0","rptime":"1440320400","rpr":1479.7232156651,"rprd":106.99507218928,"rpsigma":"0","acre":1079.810295145,"lacre":1079.810295145,"oldacre":"1031.8583143687"},"p2rating":{"entryid":"162238","serverid":"eos","formatid":"monotype","userid":"bagelbeagle","username":"BagelBeagle","w":"6","l":6,"t":"0","gxe":50.1,"r":"1419.6935095309","rd":"103.62589879066","sigma":"0","rptime":"1440320400","rpr":1500.7289701296,"rprd":83.775009792392,"rpsigma":"0","acre":1129.3448439704,"lacre":1129.3448439704,"oldacre":"1163.3810982937"},"endType":"normal"}