{"seed":[10209,34836,9906,11619],"turns":27,"p1":"Alliance - Contort","p2":"V Photon","p1team":[{"name":"Gallade","species":"Gallade","item":"galladite","ability":"Justified","moves":["closecombat","psychocut","shadowsneak","swordsdance"],"nature":"Jolly","evs":{"hp":0,"atk":252,"def":0,"spa":0,"spd":4,"spe":252},"ivs":{"hp":31,"atk":31,"def":31,"spa":31,"spd":31,"spe":31}},{"name":"Victini","species":"Victini","item":"choicescarf","ability":"Victory Star","moves":["vcreate","boltstrike","blueflare","uturn"],"nature":"Hasty","evs":{"hp":0,"atk":252,"def":0,"spa":4,"spd":0,"spe":252},"ivs":{"hp":31,"atk":31,"def":31,"spa":31,"spd":31,"spe":31}},{"name":"Slowbro","species":"Slowbro","item":"rockyhelmet","ability":"Regenerator","moves":["slackoff","thunderwave","scald","psyshock"],"nature":"Bold","evs":{"hp":248,"atk":0,"def":252,"spa":8,"spd":0,"spe":0},"ivs":{"hp":31,"atk":0,"def":31,"spa":31,"spd":31,"spe":31}},{"name":"Hoopa-Unbound","species":"Hoopa-Unbound","item":"choicescarf","ability":"Magician","moves":["hyperspacefury","hyperspacehole","drainpunch","thunderbolt"],"nature":"Hasty","evs":{"hp":0,"atk":4,"def":0,"spa":252,"spd":0,"spe":252},"ivs":{"hp":31,"atk":31,"def":31,"spa":31,"spd":31,"spe":31}},{"name":"Meloetta","species":"Meloetta","item":"choicespecs","ability":"Serene Grace","moves":["psyshock","dazzlinggleam","focusblast","shadowball"],"nature":"Modest","evs":{"hp":60,"atk":0,"def":0,"spa":252,"spd":8,"spe":188},"ivs":{"hp":31,"atk":31,"def":31,"spa":31,"spd":31,"spe":31}},{"name":"Mew","species":"Mew","item":"leftovers","ability":"Synchronize","moves":["willowisp","stealthrock","softboiled","defog"],"nature":"Calm","evs":{"hp":144,"atk":0,"def":4,"spa":0,"spd":252,"spe":108},"ivs":{"hp":31,"atk":0,"def":31,"spa":31,"spd":31,"spe":31}}],"p2team":[{"name":"Abomasnow","species":"Abomasnow","item":"expertbelt","ability":"Soundproof","moves":["icebeam","woodhammer","earthquake","iceshard"],"nature":"Lonely","evs":{"hp":0,"atk":252,"def":0,"spa":108,"spd":0,"spe":148},"ivs":{"hp":31,"atk":31,"def":31,"spa":31,"spd":31,"spe":31}},{"name":"Ferrothorn","species":"Ferrothorn","item":"rockyhelmet","ability":"Iron Barbs","moves":["curse","gyroball","rest","sleeptalk"],"nature":"Relaxed","evs":{"hp":252,"atk":0,"def":120,"spa":0,"spd":136,"spe":0},"ivs":{"hp":31,"atk":31,"def":31,"spa":31,"spd":31,"spe":0}},{"name":"Torterra","species":"Torterra","item":"lumberry","ability":"Overgrow","moves":["rockpolish","swordsdance","earthquake","stoneedge"],"nature":"Adamant","evs":{"hp":0,"atk":252,"def":0,"spa":0,"spd":4,"spe":252},"ivs":{"hp":31,"atk":31,"def":31,"spa":31,"spd":31,"spe":31}},{"name":"Sceptile","species":"Sceptile","item":"sceptilite","ability":"Overgrow","moves":["drainpunch","protect","dragonpulse","hiddenpowerfire"],"nature":"Hasty","evs":{"hp":0,"atk":4,"def":0,"spa":252,"spd":0,"spe":252},"ivs":{"hp":31,"atk":30,"def":31,"spa":30,"spd":31,"spe":30}},{"name":"Celebi","species":"Celebi","item":"lightclay","ability":"Natural Cure","moves":["lightscreen","stealthrock","reflect","earthpower"],"nature":"Calm","evs":{"hp":248,"atk":0,"def":0,"spa":0,"spd":224,"spe":36},"ivs":{"hp":31,"atk":31,"def":31,"spa":31,"spd":31,"spe":31}},{"name":"Shiftry","species":"Shiftry","item":"lifeorb","ability":"Chlorophyll","moves":["knockoff","suckerpunch","rockslide","defog"],"nature":"Adamant","evs":{"hp":0,"atk":252,"def":0,"spa":0,"spd":4,"spe":252},"ivs":{"hp":31,"atk":31,"def":31,"spa":31,"spd":31,"spe":31}}],"log":["|player|p1|Alliance - Contort|alliancecontort.png","|player|p2|V Photon|66","|gametype|singles","|gen|6","|tier|Monotype","|rated","|rule|Baton Pass Clause: Limit one Baton Passer, can't pass Spe and other stats simultaneously","|rule|Swagger Clause: Swagger is banned","|rule|Same Type Clause: Pokémon in a team must share a type","|clearpoke","|poke|p1|Gallade, M","|poke|p1|Victini","|poke|p1|Slowbro, F","|poke|p1|Hoopa-Unbound","|poke|p1|Meloetta","|poke|p1|Mew","|poke|p2|Abomasnow, F","|poke|p2|Ferrothorn, F","|poke|p2|Torterra, M","|poke|p2|Sceptile, M","|poke|p2|Celebi","|poke|p2|Shiftry, M","|rule|Sleep Clause Mod: Limit one foe put to sleep","|rule|Species Clause: Limit one of each Pokémon","|rule|OHKO Clause: OHKO moves are banned","|rule|Moody Clause: Moody is banned","|rule|Evasion Moves Clause: Evasion moves are banned","|rule|Endless Battle Clause: Forcing endless battles is banned","|rule|HP Percentage Mod: HP is shown in percentages","|teampreview","|","|start","|switch|p1a: Victini|Victini|341/341","|switch|p2a: Shiftry|Shiftry, M|321/321","|turn|1","|","|switch|p2a: Ferrothorn|Ferrothorn, F|352/352","|move|p1a: Victini|U-turn|p2a: Ferrothorn","|-damage|p2a: Ferrothorn|304/352","|-damage|p1a: Victini|299/341|[from] ability: Iron Barbs|[of] p2a: Ferrothorn","|-damage|p1a: Victini|243/341|[from] item: Rocky Helmet|[of] p2a: Ferrothorn","|","|switch|p1a: Gallade|Gallade, M|277/277","|","|turn|2","|","|detailschange|p1a: Gallade|Gallade-Mega, M","|-mega|p1a: Gallade|Gallade|Galladite","|move|p1a: Gallade|Close Combat|p2a: Ferrothorn","|-supereffective|p2a: Ferrothorn","|-damage|p2a: Ferrothorn|0 fnt","|-damage|p1a: Gallade|243/277|[from] ability: Iron Barbs|[of] p2a: Ferrothorn","|-damage|p1a: Gallade|197/277|[from] item: Rocky Helmet|[of] p2a: Ferrothorn","|-unboost|p1a: Gallade|def|1","|-unboost|p1a: Gallade|spd|1","|faint|p2a: Ferrothorn","|","|","|switch|p2a: Sceptile|Sceptile, M|281/281","|turn|3","|","|switch|p1a: Mew|Mew|377/377","|detailschange|p2a: Sceptile|Sceptile-Mega, M","|-mega|p2a: Sceptile|Sceptile|Sceptilite","|move|p2a: Sceptile|Protect|p2a: Sceptile","|-fail|p2a: Sceptile","|","|turn|4","|","|switch|p2a: Abomasnow|Abomasnow, F|321/321","|move|p1a: Mew|Stealth Rock|p2a: Abomasnow","|-sidestart|p2: V Photon|move: Stealth Rock","|","|turn|5","|","|move|p1a: Mew|Will-O-Wisp|p2a: Abomasnow","|-status|p2a: Abomasnow|brn","|move|p2a: Abomasnow|Wood Hammer|p1a: Mew","|-damage|p1a: Mew|288/377","|-damage|p2a: Abomasnow|292/321 brn|[from] recoil|[of] p1a: Mew","|","|-heal|p1a: Mew|311/377|[from] item: Leftovers","|-damage|p2a: Abomasnow|252/321 brn|[from] brn","|turn|6","|","|move|p1a: Mew|Will-O-Wisp|p2a: Abomasnow","|-fail|p2a: Abomasnow|brn","|move|p2a: Abomasnow|Ice Beam|p1a: Mew","|-damage|p1a: Mew|232/377","|","|-heal|p1a: Mew|255/377|[from] item: Leftovers","|-damage|p2a: Abomasnow|212/321 brn|[from] brn","|turn|7","|","|switch|p2a: Shiftry|Shiftry, M|321/321","|-damage|p2a: Shiftry|281/321|[from] Stealth Rock","|move|p1a: Mew|Soft-Boiled|p1a: Mew","|-heal|p1a: Mew|377/377","|","|turn|8","|","|switch|p2a: Sceptile|Sceptile-Mega, M|281/281","|-damage|p2a: Sceptile|246/281|[from] Stealth Rock","|move|p1a: Mew|Will-O-Wisp|p2a: Sceptile","|-status|p2a: Sceptile|brn","|","|-damage|p2a: Sceptile|211/281 brn|[from] brn","|turn|9","|","|move|p2a: Sceptile|Dragon Pulse|p1a: Mew","|-damage|p1a: Mew|263/377","|move|p1a: Mew|Soft-Boiled|p1a: Mew","|-heal|p1a: Mew|377/377","|","|-damage|p2a: Sceptile|176/281 brn|[from] brn","|turn|10","|","|switch|p2a: Torterra|Torterra, M|331/331","|-damage|p2a: Torterra|311/331|[from] Stealth Rock","|move|p1a: Mew|Will-O-Wisp|p2a: Torterra","|-status|p2a: Torterra|brn","|-enditem|p2a: Torterra|Lum Berry|[eat]","|-curestatus|p2a: Torterra|brn","|","|turn|11","|","|move|p1a: Mew|Will-O-Wisp|p2a: Torterra","|-status|p2a: Torterra|brn","|move|p2a: Torterra|Swords Dance|p2a: Torterra","|-boost|p2a: Torterra|atk|2","|","|-damage|p2a: Torterra|270/331 brn|[from] brn","|turn|12","|","|switch|p1a: Meloetta|Meloetta|356/356","|move|p2a: Torterra|Rock Polish|p2a: Torterra","|-boost|p2a: Torterra|spe|2","|","|-damage|p2a: Torterra|229/331 brn|[from] brn","|turn|13","|","|move|p2a: Torterra|Earthquake|p1a: Meloetta","|-damage|p1a: Meloetta|160/356","|move|p1a: Meloetta|Psyshock|p2a: Torterra","|-crit|p2a: Torterra","|-damage|p2a: Torterra|0 fnt","|faint|p2a: Torterra","|","|","|switch|p2a: Shiftry|Shiftry, M|281/321","|-damage|p2a: Shiftry|241/321|[from] Stealth Rock","|turn|14","|","|switch|p1a: Slowbro|Slowbro, F|393/393","|move|p2a: Shiftry|Knock Off|p1a: Slowbro","|-supereffective|p1a: Slowbro","|-damage|p1a: Slowbro|104/393","|-damage|p2a: Shiftry|188/321|[from] item: Rocky Helmet|[of] p1a: Slowbro","|-enditem|p1a: Slowbro|Rocky Helmet|[from] move: Knock Off|[of] p2a: Shiftry","|-damage|p2a: Shiftry|156/321|[from] item: Life Orb","|","|turn|15","|","|move|p2a: Shiftry|Knock Off|p1a: Slowbro","|-supereffective|p1a: Slowbro","|-damage|p1a: Slowbro|0 fnt","|-damage|p2a: Shiftry|124/321|[from] item: Life Orb","|faint|p1a: Slowbro","|","|","|switch|p1a: Gallade|Gallade-Mega, M|197/277","|turn|16","|","|switch|p2a: Celebi|Celebi|403/403","|-damage|p2a: Celebi|353/403|[from] Stealth Rock","|move|p1a: Gallade|Close Combat|p2a: Celebi","|-resisted|p2a: Celebi","|-damage|p2a: Celebi|222/403","|-unboost|p1a: Gallade|def|1","|-unboost|p1a: Gallade|spd|1","|","|turn|17","|","|switch|p1a: Mew|Mew|377/377","|move|p2a: Celebi|Stealth Rock|p1a: Mew","|-sidestart|p1: Alliance - Contort|move: Stealth Rock","|","|turn|18","|","|move|p1a: Mew|Will-O-Wisp|p2a: Celebi","|-status|p2a: Celebi|brn","|move|p2a: Celebi|Reflect|p2a: Celebi","|-sidestart|p2: V Photon|Reflect","|","|-damage|p2a: Celebi|172/403 brn|[from] brn","|turn|19","|","|move|p1a: Mew|Defog|p2a: Celebi","|-unboost|p2a: Celebi|evasion|1","|-sideend|p2: V Photon|Reflect","|-sideend|p2: V Photon|Stealth Rock|[from] move: Defog|[of] p2a: Celebi","|-sideend|p1: Alliance - Contort|Stealth Rock|[from] move: Defog|[of] p1a: Mew","|move|p2a: Celebi|Light Screen|p2a: Celebi","|-sidestart|p2: V Photon|move: Light Screen","|","|-damage|p2a: Celebi|122/403 brn|[from] brn","|turn|20","|","|switch|p2a: Sceptile|Sceptile-Mega, M|176/281 brn","|move|p1a: Mew|Stealth Rock|p2a: Sceptile","|-sidestart|p2: V Photon|move: Stealth Rock","|","|-damage|p2a: Sceptile|141/281 brn|[from] brn","|turn|21","|","|move|p2a: Sceptile|Dragon Pulse|p1a: Mew","|-damage|p1a: Mew|259/377","|move|p1a: Mew|Defog|p2a: Sceptile","|-unboost|p2a: Sceptile|evasion|1","|-sideend|p2: V Photon|move: Light Screen","|-sideend|p2: V Photon|Stealth Rock|[from] move: Defog|[of] p2a: Sceptile","|","|-heal|p1a: Mew|282/377|[from] item: Leftovers","|-damage|p2a: Sceptile|106/281 brn|[from] brn","|turn|22","|","|move|p2a: Sceptile|Dragon Pulse|p1a: Mew","|-damage|p1a: Mew|155/377","|move|p1a: Mew|Soft-Boiled|p1a: Mew","|-heal|p1a: Mew|344/377","|","|-heal|p1a: Mew|367/377|[from] item: Leftovers","|-damage|p2a: Sceptile|71/281 brn|[from] brn","|turn|23","|","|move|p2a: Sceptile|Dragon Pulse|p1a: Mew","|-damage|p1a: Mew|250/377","|move|p1a: Mew|Stealth Rock|p2a: Sceptile","|-sidestart|p2: V Photon|move: Stealth Rock","|","|-heal|p1a: Mew|273/377|[from] item: Leftovers","|-damage|p2a: Sceptile|36/281 brn|[from] brn","|turn|24","|","|move|p2a: Sceptile|Dragon Pulse|p1a: Mew","|-damage|p1a: Mew|150/377","|move|p1a: Mew|Soft-Boiled|p1a: Mew","|-heal|p1a: Mew|339/377","|","|-heal|p1a: Mew|362/377|[from] item: Leftovers","|-damage|p2a: Sceptile|1/281 brn|[from] brn","|turn|25","|","|move|p2a: Sceptile|Dragon Pulse|p1a: Mew","|-damage|p1a: Mew|241/377","|move|p1a: Mew|Soft-Boiled|p1a: Mew","|-heal|p1a: Mew|377/377","|","|-damage|p2a: Sceptile|0 fnt|[from] brn","|faint|p2a: Sceptile","|","|switch|p2a: Shiftry|Shiftry, M|124/321","|-damage|p2a: Shiftry|84/321|[from] Stealth Rock","|turn|26","|","|move|p1a: Mew|Will-O-Wisp|p2a: Shiftry","|-status|p2a: Shiftry|brn","|move|p2a: Shiftry|Knock Off|p1a: Mew","|-supereffective|p1a: Mew","|-damage|p1a: Mew|190/377","|-enditem|p1a: Mew|Leftovers|[from] move: Knock Off|[of] p2a: Shiftry","|-damage|p2a: Shiftry|52/321 brn|[from] item: Life Orb","|","|-damage|p2a: Shiftry|12/321 brn|[from] brn","|turn|27","|","|move|p1a: Mew|Soft-Boiled|p1a: Mew","|-heal|p1a: Mew|377/377","|move|p2a: Shiftry|Knock Off|p1a: Mew","|-supereffective|p1a: Mew","|-damage|p1a: Mew|229/377","|-damage|p2a: Shiftry|0 fnt|[from] item: Life Orb","|faint|p2a: Shiftry","|","|","|win|Alliance - Contort"],"p1rating":{"entryid":"124734","serverid":"eos","formatid":"monotype","userid":"alliancecontort","username":"Alliance - Contort","w":11,"l":"5","t":"0","gxe":61.8,"r":"1640.9265526612","rd":"86.047042438135","sigma":"0","rptime":"1440234000","rpr":1592.850453933,"rprd":78.057809185708,"rpsigma":"0","acre":1130.0480087633,"lacre":1130.0480087633,"oldacre":"1107.5087923581"},"p2rating":{"entryid":"24749","serverid":"eos","formatid":"monotype","userid":"vphoton","username":"V Photon - ⓈⓁⒺⒺⓅ","w":"3","l":9,"t":"0","gxe":35.9,"r":"1355.9239025717","rd":"93.282947122814","sigma":"0","rptime":"1440234000","rpr":1387.4839352297,"rprd":84.587827130451,"rpsigma":"0","acre":1054.2843523164,"lacre":1054.2843523164,"oldacre":"1073.1991474255"},"endType":"forfeit"}