{"seed":[4180,43883,42264,26083],"turns":24,"p1":"Guard Wanderer","p2":"SL Rorich","p1team":[{"name":"Ferrothorn","species":"Ferrothorn","item":"rockyhelmet","ability":"Iron Barbs","moves":["knockoff","stealthrock","thunderwave","sunnyday"],"nature":"Relaxed","evs":{"hp":248,"atk":8,"def":252,"spa":0,"spd":0,"spe":0},"ivs":{"hp":31,"atk":31,"def":31,"spa":31,"spd":31,"spe":0}},{"name":"Rotom-Mow","species":"Rotom-Mow","item":"choicescarf","ability":"Levitate","moves":["trick","chargebeam","leafstorm","voltswitch"],"nature":"Timid","evs":{"hp":0,"atk":0,"def":0,"spa":252,"spd":4,"spe":252},"ivs":{"hp":31,"atk":31,"def":31,"spa":31,"spd":31,"spe":31}},{"name":"Ludicolo","species":"Ludicolo","item":"bindingband","ability":"Rain Dish","moves":["raindance","scald","leechseed","whirlpool"],"nature":"Modest","evs":{"hp":248,"atk":0,"def":0,"spa":252,"spd":8,"spe":0},"ivs":{"hp":31,"atk":31,"def":31,"spa":31,"spd":31,"spe":31}},{"name":"Gogoat","species":"Gogoat","item":"bigroot","ability":"Sap Sipper","moves":["hornleech","wildcharge","milkdrink","bulkup"],"nature":"Careful","evs":{"hp":248,"atk":8,"def":0,"spa":0,"spd":252,"spe":0},"ivs":{"hp":31,"atk":31,"def":31,"spa":31,"spd":31,"spe":31}},{"name":"Sawsbuck","species":"Sawsbuck","item":"silkscarf","ability":"Chlorophyll","moves":["return","seedbomb","retaliate","thunderwave"],"nature":"Adamant","evs":{"hp":0,"atk":252,"def":0,"spa":0,"spd":4,"spe":252},"ivs":{"hp":31,"atk":31,"def":31,"spa":31,"spd":31,"spe":31}},{"name":"Venusaur","species":"Venusaur","item":"venusaurite","ability":"Overgrow","moves":["grassyterrain","charm","amnesia","gigadrain"],"nature":"Calm","evs":{"hp":248,"atk":0,"def":8,"spa":0,"spd":252,"spe":0},"ivs":{"hp":31,"atk":31,"def":31,"spa":31,"spd":31,"spe":31}}],"p2team":[{"name":"Terropion","species":"terrakion","item":"choicescarf","ability":"Justified","moves":["closecombat","earthquake","rockslide","ironhead"],"nature":"Jolly","evs":{"hp":0,"atk":252,"def":0,"spa":0,"spd":4,"spe":252},"shiny":true,"ivs":{"hp":31,"atk":31,"def":31,"spa":31,"spd":31,"spe":31}},{"name":"Punchy","species":"conkeldurr","item":"assaultvest","ability":"Guts","moves":["drainpunch","knockoff","machpunch","icepunch"],"nature":"Adamant","evs":{"hp":4,"atk":252,"def":0,"spa":0,"spd":252,"spe":0},"gender":"F","shiny":true,"ivs":{"hp":31,"atk":31,"def":31,"spa":31,"spd":31,"spe":31}},{"name":"Scarflucha","species":"hawlucha","item":"choicescarf","ability":"Limber","moves":["acrobatics","flyingpress","highjumpkick","swordsdance"],"nature":"Jolly","evs":{"hp":4,"atk":252,"def":0,"spa":0,"spd":0,"spe":252},"shiny":true,"ivs":{"hp":31,"atk":31,"def":31,"spa":31,"spd":31,"spe":31}},{"name":"SWORD","species":"gallade","item":"galladite","ability":"Steadfast","moves":["closecombat","swordsdance","knockoff","psychocut"],"nature":"Jolly","evs":{"hp":4,"atk":252,"def":0,"spa":0,"spd":0,"spe":252},"ivs":{"hp":31,"atk":31,"def":31,"spa":31,"spd":31,"spe":31}},{"name":"Ninja Monkey","species":"infernape","item":"focussash","ability":"Blaze","moves":["flareblitz","machpunch","uturn","closecombat"],"nature":"Jolly","evs":{"hp":0,"atk":252,"def":0,"spa":0,"spd":4,"spe":252},"ivs":{"hp":31,"atk":31,"def":31,"spa":31,"spd":31,"spe":31}},{"name":"Chesnaught","species":"Chesnaught","item":"rockyhelmet","ability":"Bulletproof","moves":["leechseed","spikyshield","woodhammer","drainpunch"],"nature":"Adamant","evs":{"hp":248,"atk":252,"def":0,"spa":0,"spd":8,"spe":0},"ivs":{"hp":31,"atk":31,"def":31,"spa":31,"spd":31,"spe":31}}],"log":["|player|p1|Guard Wanderer|235","|player|p2|SL Rorich|137","|gametype|singles","|gen|6","|tier|Monotype","|rated","|rule|Baton Pass Clause: Limit one Baton Passer, can't pass Spe and other stats simultaneously","|rule|Swagger Clause: Swagger is banned","|rule|Same Type Clause: Pokémon in a team must share a type","|clearpoke","|poke|p1|Ferrothorn, F","|poke|p1|Rotom-Mow","|poke|p1|Ludicolo, M","|poke|p1|Gogoat, M","|poke|p1|Sawsbuck, M","|poke|p1|Venusaur, F","|poke|p2|Terrakion, shiny","|poke|p2|Conkeldurr, F, shiny","|poke|p2|Hawlucha, M, shiny","|poke|p2|Gallade, M","|poke|p2|Infernape, F","|poke|p2|Chesnaught, F","|rule|Sleep Clause Mod: Limit one foe put to sleep","|rule|Species Clause: Limit one of each Pokémon","|rule|OHKO Clause: OHKO moves are banned","|rule|Moody Clause: Moody is banned","|rule|Evasion Moves Clause: Evasion moves are banned","|rule|Endless Battle Clause: Forcing endless battles is banned","|rule|HP Percentage Mod: HP is shown in percentages","|teampreview","|","|start","|switch|p1a: Ferrothorn|Ferrothorn, F|351/351","|switch|p2a: Chesnaught|Chesnaught, F|379/379","|turn|1","|","|move|p2a: Chesnaught|Drain Punch|p1a: Ferrothorn","|-supereffective|p1a: Ferrothorn","|-damage|p1a: Ferrothorn|199/351","|-damage|p2a: Chesnaught|332/379|[from] ability: Iron Barbs|[of] p1a: Ferrothorn","|-damage|p2a: Chesnaught|269/379|[from] item: Rocky Helmet|[of] p1a: Ferrothorn","|move|p1a: Ferrothorn|Thunder Wave|p2a: Chesnaught","|-status|p2a: Chesnaught|par","|","|turn|2","|","|move|p2a: Chesnaught|Drain Punch|p1a: Ferrothorn","|-supereffective|p1a: Ferrothorn","|-damage|p1a: Ferrothorn|49/351","|-heal|p2a: Chesnaught|344/379 par|[from] drain|[of] p1a: Ferrothorn","|-damage|p2a: Chesnaught|297/379 par|[from] ability: Iron Barbs|[of] p1a: Ferrothorn","|-damage|p2a: Chesnaught|234/379 par|[from] item: Rocky Helmet|[of] p1a: Ferrothorn","|move|p1a: Ferrothorn|Sunny Day|p1a: Ferrothorn","|-weather|SunnyDay","|","|-weather|SunnyDay|[upkeep]","|turn|3","|","|cant|p2a: Chesnaught|par","|move|p1a: Ferrothorn|Knock Off|p2a: Chesnaught","|-crit|p2a: Chesnaught","|-resisted|p2a: Chesnaught","|-damage|p2a: Chesnaught|187/379 par","|-damage|p1a: Ferrothorn|0 fnt|[from] item: Rocky Helmet|[of] p2a: Chesnaught","|faint|p1a: Ferrothorn","|","|-weather|SunnyDay|[upkeep]","|","|switch|p1a: Sawsbuck|Sawsbuck, M|301/301","|turn|4","|","|move|p2a: Chesnaught|Spiky Shield|p2a: Chesnaught","|-singleturn|p2a: Chesnaught|move: Protect","|move|p1a: Sawsbuck|Retaliate|p2a: Chesnaught","|-activate|p2a: Chesnaught|Protect","|-damage|p1a: Sawsbuck|264/301|[from] Spiky Shield|[of] p2a: Chesnaught","|","|-weather|SunnyDay|[upkeep]","|turn|5","|","|move|p1a: Sawsbuck|Return|p2a: Chesnaught","|-damage|p2a: Chesnaught|28/379 par","|-damage|p1a: Sawsbuck|214/301|[from] item: Rocky Helmet|[of] p2a: Chesnaught","|move|p2a: Chesnaught|Wood Hammer|p1a: Sawsbuck","|-resisted|p1a: Sawsbuck","|-damage|p1a: Sawsbuck|80/301","|-damage|p2a: Chesnaught|0 fnt|[from] recoil|[of] p1a: Sawsbuck","|faint|p2a: Chesnaught","|","|-weather|SunnyDay|[upkeep]","|","|switch|p2a: Scarflucha|Hawlucha, M, shiny|298/298","|turn|6","|","|move|p1a: Sawsbuck|Thunder Wave|p2a: Scarflucha","|-immune|p2a: Scarflucha|[msg]","|move|p2a: Scarflucha|Acrobatics|p1a: Sawsbuck","|-supereffective|p1a: Sawsbuck","|-damage|p1a: Sawsbuck|0 fnt","|faint|p1a: Sawsbuck","|","|-weather|none","|","|switch|p1a: Rotom-Mow|Rotom-Mow|241/241","|turn|7","|","|move|p2a: Scarflucha|Acrobatics|p1a: Rotom-Mow","|-damage|p1a: Rotom-Mow|172/241","|move|p1a: Rotom-Mow|Volt Switch|p2a: Scarflucha","|-supereffective|p2a: Scarflucha","|-damage|p2a: Scarflucha|4/298","|","|switch|p1a: Venusaur|Venusaur, F|363/363","|","|turn|8","|","|switch|p2a: SWORD|Gallade, M|278/278","|detailschange|p1a: Venusaur|Venusaur-Mega, F","|-mega|p1a: Venusaur|Venusaur|Venusaurite","|move|p1a: Venusaur|Grassy Terrain|p1a: Venusaur","|-fieldstart|move: Grassy Terrain","|","|turn|9","|","|detailschange|p2a: SWORD|Gallade-Mega, M","|-mega|p2a: SWORD|Gallade|Galladite","|move|p2a: SWORD|Swords Dance|p2a: SWORD","|-boost|p2a: SWORD|atk|2","|move|p1a: Venusaur|Charm|p2a: SWORD","|-unboost|p2a: SWORD|atk|2","|","|turn|10","|","|move|p2a: SWORD|Psycho Cut|p1a: Venusaur","|-supereffective|p1a: Venusaur","|-damage|p1a: Venusaur|93/363","|move|p1a: Venusaur|Charm|p2a: SWORD","|-unboost|p2a: SWORD|atk|2","|","|-heal|p1a: Venusaur|115/363|[from] Grassy Terrain","|turn|11","|","|switch|p1a: Gogoat|Gogoat, M|449/449","|move|p2a: SWORD|Psycho Cut|p1a: Gogoat","|-crit|p1a: Gogoat","|-damage|p1a: Gogoat|128/449","|","|-heal|p1a: Gogoat|156/449|[from] Grassy Terrain","|turn|12","|","|move|p2a: SWORD|Psycho Cut|p1a: Gogoat","|-damage|p1a: Gogoat|41/449","|move|p1a: Gogoat|Horn Leech|p2a: SWORD","|-damage|p2a: SWORD|136/278","|-heal|p1a: Gogoat|133/449|[from] drain|[of] p2a: SWORD","|","|-fieldend|move: Grassy Terrain","|turn|13","|","|move|p2a: SWORD|Swords Dance|p2a: SWORD","|-boost|p2a: SWORD|atk|2","|move|p1a: Gogoat|Milk Drink|p1a: Gogoat","|-heal|p1a: Gogoat|358/449","|","|turn|14","|","|move|p2a: SWORD|Knock Off|p1a: Gogoat","|-damage|p1a: Gogoat|145/449","|-enditem|p1a: Gogoat|Big Root|[from] move: Knock Off|[of] p2a: SWORD","|move|p1a: Gogoat|Bulk Up|p1a: Gogoat","|-boost|p1a: Gogoat|atk|1","|-boost|p1a: Gogoat|def|1","|","|turn|15","|","|move|p2a: SWORD|Psycho Cut|p1a: Gogoat","|-damage|p1a: Gogoat|0 fnt","|faint|p1a: Gogoat","|","|","|switch|p1a: Rotom-Mow|Rotom-Mow|172/241","|turn|16","|","|move|p1a: Rotom-Mow|Leaf Storm|p2a: SWORD","|-damage|p2a: SWORD|0 fnt","|-unboost|p1a: Rotom-Mow|spa|2","|faint|p2a: SWORD","|","|","|switch|p2a: Scarflucha|Hawlucha, M, shiny|4/298","|turn|17","|","|move|p2a: Scarflucha|Flying Press|p1a: Rotom-Mow","|-damage|p1a: Rotom-Mow|61/241","|move|p1a: Rotom-Mow|Leaf Storm|p2a: Scarflucha","|-resisted|p2a: Scarflucha","|-damage|p2a: Scarflucha|0 fnt","|-unboost|p1a: Rotom-Mow|spa|2","|faint|p2a: Scarflucha","|","|","|switch|p2a: Ninja Monkey|Infernape, F|293/293","|turn|18","|","|switch|p1a: Venusaur|Venusaur-Mega, F|115/363","|move|p2a: Ninja Monkey|U-turn|p1a: Venusaur","|-damage|p1a: Venusaur|56/363","|","|switch|p2a: Punchy|Conkeldurr, F, shiny|352/352","|","|turn|19","|","|move|p1a: Venusaur|Grassy Terrain|p1a: Venusaur","|-fieldstart|move: Grassy Terrain","|move|p2a: Punchy|Ice Punch|p1a: Venusaur","|-supereffective|p1a: Venusaur","|-damage|p1a: Venusaur|0 fnt","|faint|p1a: Venusaur","|","|","|switch|p1a: Ludicolo|Ludicolo, M|363/363","|turn|20","|","|move|p1a: Ludicolo|Whirlpool|p2a: Punchy","|-damage|p2a: Punchy|315/352","|-activate|p2a: Punchy|move: Whirlpool|[of] p1a: Ludicolo","|move|p2a: Punchy|Ice Punch|p1a: Ludicolo","|-damage|p1a: Ludicolo|221/363","|","|-heal|p1a: Ludicolo|243/363|[from] Grassy Terrain","|-heal|p2a: Punchy|337/352|[from] Grassy Terrain","|-damage|p2a: Punchy|279/352|[from] move: Whirlpool|[partiallytrapped]","|turn|21","|","|move|p1a: Ludicolo|Leech Seed|p2a: Punchy","|-start|p2a: Punchy|move: Leech Seed","|move|p2a: Punchy|Knock Off|p1a: Ludicolo","|-damage|p1a: Ludicolo|79/363","|-enditem|p1a: Ludicolo|Binding Band|[from] move: Knock Off|[of] p2a: Punchy","|","|-heal|p1a: Ludicolo|101/363|[from] Grassy Terrain","|-heal|p2a: Punchy|301/352|[from] Grassy Terrain","|-damage|p2a: Punchy|257/352|[from] Leech Seed|[of] p1a: Ludicolo","|-heal|p1a: Ludicolo|145/363|[silent]","|-damage|p2a: Punchy|213/352|[from] move: Whirlpool|[partiallytrapped]","|turn|22","|","|move|p1a: Ludicolo|Scald|p2a: Punchy","|-damage|p2a: Punchy|128/352","|move|p2a: Punchy|Ice Punch|p1a: Ludicolo","|-damage|p1a: Ludicolo|12/363","|","|-heal|p1a: Ludicolo|34/363|[from] Grassy Terrain","|-heal|p2a: Punchy|150/352|[from] Grassy Terrain","|-damage|p2a: Punchy|106/352|[from] Leech Seed|[of] p1a: Ludicolo","|-heal|p1a: Ludicolo|78/363|[silent]","|-damage|p2a: Punchy|62/352|[from] move: Whirlpool|[partiallytrapped]","|turn|23","|","|move|p1a: Ludicolo|Rain Dance|p1a: Ludicolo","|-weather|RainDance","|move|p2a: Punchy|Ice Punch|p1a: Ludicolo","|-damage|p1a: Ludicolo|0 fnt","|faint|p1a: Ludicolo","|","|-weather|RainDance|[upkeep]","|-fieldend|move: Grassy Terrain","|","|switch|p1a: Rotom-Mow|Rotom-Mow|61/241","|turn|24","|","|move|p1a: Rotom-Mow|Trick|p2a: Punchy","|-activate|p1a: Rotom-Mow|move: Trick|[of] p2a: Punchy","|-item|p2a: Punchy|Choice Scarf|[from] move: Trick","|-item|p1a: Rotom-Mow|Assault Vest|[from] move: Trick","|move|p2a: Punchy|Ice Punch|p1a: Rotom-Mow","|-supereffective|p1a: Rotom-Mow","|-damage|p1a: Rotom-Mow|0 fnt","|faint|p1a: Rotom-Mow","|","|win|SL Rorich"],"p1rating":{"entryid":"9966","serverid":"eos","formatid":"monotype","userid":"guardwanderer","username":"Guard Wanderer","w":"8","l":14,"t":"0","gxe":41.3,"r":"1517.3894601343","rd":"81.691557977629","sigma":"0","rptime":"1440320400","rpr":1432.5239199913,"rprd":68.28654425896,"rpsigma":"0","acre":1000,"lacre":1000,"oldacre":"1009.9815909161"},"p2rating":{"entryid":"259402","serverid":"eos","formatid":"monotype","userid":"slrorich","username":"SLRorich","w":5,"l":"5","t":"0","gxe":50.3,"r":"1541.0113141473","rd":"111.72518815911","sigma":"0","rptime":"1440320400","rpr":1502.4051364472,"rprd":87.89212393758,"rpsigma":"0","acre":1079.5683443002,"lacre":1079.5683443002,"oldacre":"1051.025720492"},"endType":"normal"}