{"seed":[52445,9028,29155,9688],"turns":28,"p1":"DSV","p2":"Im Slash","p1team":[{"name":"Fierce Deity","species":"gallade","item":"galladite","ability":"Justified","moves":["swordsdance","stoneedge","drainpunch","knockoff"],"nature":"Jolly","evs":{"hp":0,"atk":252,"def":0,"spa":0,"spd":4,"spe":252},"shiny":true,"ivs":{"hp":31,"atk":31,"def":31,"spa":31,"spd":31,"spe":31}},{"name":"Mech-7481","species":"metagross","item":"focussash","ability":"Clear Body","moves":["hammerarm","bulletpunch","stealthrock","explosion"],"nature":"Adamant","evs":{"hp":248,"atk":252,"def":0,"spa":0,"spd":8,"spe":0},"shiny":true,"ivs":{"hp":31,"atk":31,"def":31,"spa":31,"spd":31,"spe":31}},{"name":"PsyKitty","species":"espeon","item":"choicescarf","ability":"Magic Bounce","moves":["hiddenpowerice","psyshock","dazzlinggleam","shadowball"],"nature":"Timid","evs":{"hp":0,"atk":0,"def":0,"spa":252,"spd":4,"spe":252},"gender":"F","ivs":{"hp":31,"atk":30,"def":30,"spa":31,"spd":31,"spe":31}},{"name":"Roger","species":"slowbro","item":"leftovers","ability":"Regenerator","moves":["scald","slackoff","calmmind","toxic"],"nature":"Bold","evs":{"hp":252,"atk":0,"def":252,"spa":0,"spd":4,"spe":0},"ivs":{"hp":31,"atk":31,"def":31,"spa":31,"spd":31,"spe":31}},{"name":"Alex","species":"alakazam","item":"focussash","ability":"Magic Guard","moves":["hiddenpowerfire","energyball","psychic","encore"],"nature":"Timid","evs":{"hp":0,"atk":0,"def":0,"spa":252,"spd":4,"spe":252},"gender":"F","ivs":{"hp":31,"atk":30,"def":31,"spa":30,"spd":31,"spe":30}},{"name":"Selena","species":"gardevoir","item":"leftovers","ability":"Trace","moves":["moonblast","willowisp","wish","protect"],"nature":"Calm","evs":{"hp":252,"atk":0,"def":0,"spa":4,"spd":252,"spe":0},"gender":"F","shiny":true,"ivs":{"hp":31,"atk":31,"def":31,"spa":31,"spd":31,"spe":31}}],"p2team":[{"name":"Meloetta","species":"Meloetta","item":"choicespecs","ability":"Serene Grace","moves":["hypervoice","thunderbolt","shadowball","psyshock"],"nature":"Modest","evs":{"hp":248,"atk":0,"def":0,"spa":252,"spd":8,"spe":0},"ivs":{"hp":31,"atk":31,"def":31,"spa":31,"spd":31,"spe":31}},{"name":"Latias","species":"Latias","item":"lifeorb","ability":"Levitate","moves":["dracometeor","healingwish","psyshock","defog"],"nature":"Timid","evs":{"hp":0,"atk":0,"def":0,"spa":252,"spd":4,"spe":252},"ivs":{"hp":31,"atk":31,"def":31,"spa":31,"spd":31,"spe":31}},{"name":"Slowbro","species":"Slowbro","item":"rockyhelmet","ability":"Regenerator","moves":["scald","icebeam","slackoff","thunderwave"],"nature":"Bold","evs":{"hp":248,"atk":0,"def":252,"spa":8,"spd":0,"spe":0},"ivs":{"hp":31,"atk":31,"def":31,"spa":31,"spd":31,"spe":31}},{"name":"Metagross","species":"Metagross","item":"assaultvest","ability":"Clear Body","moves":["earthquake","meteormash","bulletpunch","zenheadbutt"],"nature":"Adamant","evs":{"hp":248,"atk":252,"def":0,"spa":0,"spd":8,"spe":0},"shiny":true,"ivs":{"hp":31,"atk":31,"def":31,"spa":31,"spd":31,"spe":31}},{"name":"Victini","species":"Victini","item":"choicescarf","ability":"Victory Star","moves":["brickbreak","vcreate","uturn","boltstrike"],"nature":"Hasty","evs":{"hp":0,"atk":252,"def":0,"spa":4,"spd":0,"spe":252},"ivs":{"hp":31,"atk":31,"def":31,"spa":31,"spd":31,"spe":31}},{"name":"Gardevoir","species":"Gardevoir","item":"gardevoirite","ability":"Trace","moves":["hypervoice","psyshock","calmmind","focusblast"],"nature":"Timid","evs":{"hp":0,"atk":0,"def":0,"spa":252,"spd":0,"spe":252},"ivs":{"hp":31,"atk":31,"def":31,"spa":31,"spd":31,"spe":31}}],"log":["|player|p1|DSV|dsv.png","|player|p2|Im Slash|144","|gametype|singles","|gen|6","|tier|Monotype","|rated","|rule|Baton Pass Clause: Limit one Baton Passer, can't pass Spe and other stats simultaneously","|rule|Swagger Clause: Swagger is banned","|rule|Same Type Clause: Pokémon in a team must share a type","|clearpoke","|poke|p1|Gallade, M, shiny","|poke|p1|Metagross, shiny","|poke|p1|Espeon, F","|poke|p1|Slowbro, M","|poke|p1|Alakazam, F","|poke|p1|Gardevoir, F, shiny","|poke|p2|Meloetta","|poke|p2|Latias, F","|poke|p2|Slowbro, M","|poke|p2|Metagross, shiny","|poke|p2|Victini","|poke|p2|Gardevoir, M","|rule|Sleep Clause Mod: Limit one foe put to sleep","|rule|Species Clause: Limit one of each Pokémon","|rule|OHKO Clause: OHKO moves are banned","|rule|Moody Clause: Moody is banned","|rule|Evasion Moves Clause: Evasion moves are banned","|rule|Endless Battle Clause: Forcing endless battles is banned","|rule|HP Percentage Mod: HP is shown in percentages","|teampreview","|","|start","|switch|p1a: Mech-7481|Metagross, shiny|363/363","|switch|p2a: Victini|Victini|341/341","|turn|1","|","|move|p2a: Victini|U-turn|p1a: Mech-7481","|-damage|p1a: Mech-7481|310/363","|","|switch|p2a: Metagross|Metagross, shiny|363/363","|move|p1a: Mech-7481|Stealth Rock|p2a: Metagross","|-sidestart|p2: Im Slash|move: Stealth Rock","|","|turn|2","|","|switch|p1a: PsyKitty|Espeon, F|271/271","|move|p2a: Metagross|Earthquake|p1a: PsyKitty","|-damage|p1a: PsyKitty|79/271","|","|turn|3","|","|switch|p2a: Meloetta|Meloetta|403/403","|-damage|p2a: Meloetta|353/403|[from] Stealth Rock","|move|p1a: PsyKitty|Shadow Ball|p2a: Meloetta","|-immune|p2a: Meloetta|[msg]","|","|turn|4","|","|switch|p1a: Mech-7481|Metagross, shiny|310/363","|move|p2a: Meloetta|Shadow Ball|p1a: Mech-7481","|-supereffective|p1a: Mech-7481","|-damage|p1a: Mech-7481|0 fnt","|faint|p1a: Mech-7481","|","|","|switch|p1a: Fierce Deity|Gallade, M, shiny|277/277","|turn|5","|","|detailschange|p1a: Fierce Deity|Gallade-Mega, M, shiny","|-mega|p1a: Fierce Deity|Gallade|Galladite","|move|p1a: Fierce Deity|Knock Off|p2a: Meloetta","|-supereffective|p2a: Meloetta","|-damage|p2a: Meloetta|3/403","|-enditem|p2a: Meloetta|Choice Specs|[from] move: Knock Off|[of] p1a: Fierce Deity","|move|p2a: Meloetta|Shadow Ball|p1a: Fierce Deity","|-supereffective|p1a: Fierce Deity","|-damage|p1a: Fierce Deity|103/277","|","|turn|6","|","|switch|p2a: Slowbro|Slowbro, M|393/393","|-damage|p2a: Slowbro|344/393|[from] Stealth Rock","|move|p1a: Fierce Deity|Knock Off|p2a: Slowbro","|-supereffective|p2a: Slowbro","|-damage|p2a: Slowbro|164/393","|-damage|p1a: Fierce Deity|57/277|[from] item: Rocky Helmet|[of] p2a: Slowbro","|-enditem|p2a: Slowbro|Rocky Helmet|[from] move: Knock Off|[of] p1a: Fierce Deity","|","|turn|7","|","|switch|p1a: Alex|Alakazam, F|251/251","|move|p2a: Slowbro|Slack Off|p2a: Slowbro","|-heal|p2a: Slowbro|361/393","|","|turn|8","|","|switch|p2a: Metagross|Metagross, shiny|363/363","|-damage|p2a: Metagross|341/363|[from] Stealth Rock","|move|p1a: Alex|Energy Ball|p2a: Metagross","|-resisted|p2a: Metagross","|-damage|p2a: Metagross|301/363","|","|turn|9","|","|switch|p1a: Roger|Slowbro, M|394/394","|move|p2a: Metagross|Earthquake|p1a: Roger","|-damage|p1a: Roger|298/394","|","|-heal|p1a: Roger|322/394|[from] item: Leftovers","|turn|10","|","|switch|p2a: Latias|Latias, F|301/301","|-damage|p2a: Latias|264/301|[from] Stealth Rock","|move|p1a: Roger|Calm Mind|p1a: Roger","|-boost|p1a: Roger|spa|1","|-boost|p1a: Roger|spd|1","|","|-heal|p1a: Roger|346/394|[from] item: Leftovers","|turn|11","|","|move|p2a: Latias|Defog|p1a: Roger","|-unboost|p1a: Roger|evasion|1","|-sideend|p2: Im Slash|Stealth Rock|[from] move: Defog|[of] p2a: Latias","|move|p1a: Roger|Toxic|p2a: Latias","|-status|p2a: Latias|tox","|","|-heal|p1a: Roger|370/394|[from] item: Leftovers","|-damage|p2a: Latias|246/301 tox|[from] psn","|turn|12","|","|move|p2a: Latias|Healing Wish|p2a: Latias","|faint|p2a: Latias","|move|p1a: Roger|Calm Mind|p1a: Roger","|-boost|p1a: Roger|spa|1","|-boost|p1a: Roger|spd|1","|","|-heal|p1a: Roger|394/394|[from] item: Leftovers","|","|switch|p2a: Meloetta|Meloetta|3/403","|-heal|p2a: Meloetta|403/403|[from] move: Healing Wish","|turn|13","|","|move|p2a: Meloetta|Shadow Ball|p1a: Roger","|-supereffective|p1a: Roger","|-damage|p1a: Roger|270/394","|move|p1a: Roger|Scald|p2a: Meloetta","|-damage|p2a: Meloetta|258/403","|","|-heal|p1a: Roger|294/394|[from] item: Leftovers","|turn|14","|","|move|p2a: Meloetta|Shadow Ball|p1a: Roger","|-supereffective|p1a: Roger","|-damage|p1a: Roger|164/394","|-unboost|p1a: Roger|spd|1","|move|p1a: Roger|Scald|p2a: Meloetta","|-damage|p2a: Meloetta|105/403","|-status|p2a: Meloetta|brn","|","|-heal|p1a: Roger|188/394|[from] item: Leftovers","|-damage|p2a: Meloetta|55/403 brn|[from] brn","|turn|15","|","|switch|p1a: Fierce Deity|Gallade-Mega, M, shiny|57/277","|move|p2a: Meloetta|Shadow Ball|p1a: Fierce Deity","|-supereffective|p1a: Fierce Deity","|-damage|p1a: Fierce Deity|0 fnt","|faint|p1a: Fierce Deity","|","|-damage|p2a: Meloetta|5/403 brn|[from] brn","|","|switch|p1a: Alex|Alakazam, F|251/251","|turn|16","|","|move|p1a: Alex|Hidden Power|p2a: Meloetta","|-damage|p2a: Meloetta|0 fnt","|faint|p2a: Meloetta","|","|","|switch|p2a: Victini|Victini|341/341","|turn|17","|","|move|p2a: Victini|Bolt Strike|p1a: Alex|[miss]","|-miss|p2a: Victini|p1a: Alex","|move|p1a: Alex|Hidden Power|p2a: Victini","|-resisted|p2a: Victini","|-damage|p2a: Victini|304/341","|","|turn|18","|","|move|p2a: Victini|Bolt Strike|p1a: Alex|[miss]","|-miss|p2a: Victini|p1a: Alex","|move|p1a: Alex|Psychic|p2a: Victini","|-resisted|p2a: Victini","|-damage|p2a: Victini|220/341","|","|turn|19","|","|switch|p1a: Selena|Gardevoir, F, shiny|340/340","|-ability|p1a: Selena|Victory Star|[from] ability: Trace|[of] p2a: Victini","|move|p2a: Victini|Bolt Strike|p1a: Selena","|-damage|p1a: Selena|154/340","|","|-heal|p1a: Selena|175/340|[from] item: Leftovers","|turn|20","|","|move|p1a: Selena|Protect|p1a: Selena","|-singleturn|p1a: Selena|Protect","|move|p2a: Victini|Bolt Strike|p1a: Selena","|-activate|p1a: Selena|Protect","|","|-heal|p1a: Selena|196/340|[from] item: Leftovers","|turn|21","|","|switch|p2a: Metagross|Metagross, shiny|301/363","|move|p1a: Selena|Wish|p1a: Selena","|","|-heal|p1a: Selena|217/340|[from] item: Leftovers","|turn|22","|","|switch|p2a: Gardevoir|Gardevoir, M|277/277","|-ability|p2a: Gardevoir|Victory Star|[from] ability: Trace|[of] p1a: Selena","|move|p1a: Selena|Will-O-Wisp|p2a: Gardevoir|[miss]","|-miss|p1a: Selena|p2a: Gardevoir","|","|-heal|p1a: Selena|340/340|[from] move: Wish|[wisher] Selena","|turn|23","|","|detailschange|p2a: Gardevoir|Gardevoir-Mega, M","|-mega|p2a: Gardevoir|Gardevoir|Gardevoirite","|move|p2a: Gardevoir|Calm Mind|p2a: Gardevoir","|-boost|p2a: Gardevoir|spa|1","|-boost|p2a: Gardevoir|spd|1","|move|p1a: Selena|Moonblast|p2a: Gardevoir","|-damage|p2a: Gardevoir|213/277","|","|turn|24","|","|move|p2a: Gardevoir|Calm Mind|p2a: Gardevoir","|-boost|p2a: Gardevoir|spa|1","|-boost|p2a: Gardevoir|spd|1","|move|p1a: Selena|Will-O-Wisp|p2a: Gardevoir","|-status|p2a: Gardevoir|brn","|","|-damage|p2a: Gardevoir|179/277 brn|[from] brn","|turn|25","|","|move|p2a: Gardevoir|Hyper Voice|p1a: Selena","|-damage|p1a: Selena|10/340","|move|p1a: Selena|Wish|p1a: Selena","|","|-heal|p1a: Selena|31/340|[from] item: Leftovers","|-damage|p2a: Gardevoir|145/277 brn|[from] brn","|turn|26","|","|switch|p1a: Alex|Alakazam, F|251/251","|move|p2a: Gardevoir|Calm Mind|p2a: Gardevoir","|-boost|p2a: Gardevoir|spa|1","|-boost|p2a: Gardevoir|spd|1","|","|-damage|p2a: Gardevoir|111/277 brn|[from] brn","|turn|27","|","|move|p1a: Alex|Encore|p2a: Gardevoir","|-start|p2a: Gardevoir|Encore","|move|p2a: Gardevoir|Calm Mind|p2a: Gardevoir","|-boost|p2a: Gardevoir|spa|1","|-boost|p2a: Gardevoir|spd|1","|","|-damage|p2a: Gardevoir|77/277 brn|[from] brn","|turn|28","|","|win|DSV"],"p1rating":{"entryid":"159982","serverid":"eos","formatid":"monotype","userid":"dsv","username":"DSV","w":5,"l":"5","t":"0","gxe":51,"r":"1451.4123467014","rd":"92.93265230253","sigma":"0","rptime":"1440320400","rpr":1507.5077073564,"rprd":87.94061270186,"rpsigma":"0","acre":1120.1077199368,"lacre":1120.1077199368,"oldacre":"1084.5943982988"},"p2rating":{"entryid":"75487","serverid":"eos","formatid":"monotype","userid":"imslash","username":"Im Slash","w":"11","l":4,"t":"0","gxe":63.9,"r":"1594.111505639","rd":"86.329073581336","sigma":"0","rptime":"1440320400","rpr":1610.2048340185,"rprd":78.735359020089,"rpsigma":"0","acre":1159.7531121369,"lacre":1159.7531121369,"oldacre":"1192.2615605279"},"endType":"forfeit"}