{"seed":[54673,16387,20911,36392],"turns":55,"p1":"Cryѕtаl Rain","p2":"Bronze <3","p1team":[{"name":"Chansey","species":"Chansey","item":"eviolite","ability":"Natural Cure","moves":["thunderwave","stealthrock","softboiled","seismictoss"],"nature":"Bold","evs":{"hp":248,"atk":0,"def":252,"spa":0,"spd":8,"spe":0},"ivs":{"hp":31,"atk":0,"def":31,"spa":31,"spd":31,"spe":31}},{"name":"Porygon2","species":"Porygon2","item":"eviolite","ability":"Trace","moves":["icebeam","discharge","toxic","recover"],"nature":"","evs":{"hp":248,"atk":0,"def":252,"spa":8,"spd":0,"spe":0},"ivs":{"hp":31,"atk":0,"def":31,"spa":31,"spd":31,"spe":31}},{"name":"Staraptor","species":"Staraptor","item":"choicescarf","ability":"Reckless","moves":["closecombat","bravebird","uturn","doubleedge"],"nature":"Jolly","evs":{"hp":0,"atk":252,"def":0,"spa":0,"spd":4,"spe":252},"ivs":{"hp":31,"atk":31,"def":31,"spa":31,"spd":31,"spe":31}},{"name":"Pidgeot","species":"Pidgeot","item":"pidgeotite","ability":"Keen Eye","moves":["hurricane","defog","heatwave","uturn"],"nature":"Timid","evs":{"hp":0,"atk":0,"def":4,"spa":252,"spd":0,"spe":252},"ivs":{"hp":31,"atk":31,"def":31,"spa":31,"spd":31,"spe":31}},{"name":"Diggersby","species":"Diggersby","item":"choiceband","ability":"Huge Power","moves":["earthquake","wildcharge","return","quickattack"],"nature":"Adamant","evs":{"hp":0,"atk":252,"def":0,"spa":0,"spd":4,"spe":252},"shiny":true,"ivs":{"hp":31,"atk":31,"def":31,"spa":31,"spd":31,"spe":31}},{"name":"Ditto","species":"Ditto","item":"choicescarf","ability":"Imposter","moves":["transform"],"nature":"Bold","evs":{"hp":248,"atk":0,"def":252,"spa":0,"spd":8,"spe":0},"shiny":true,"ivs":{"hp":31,"atk":31,"def":31,"spa":31,"spd":31,"spe":31}}],"p2team":[{"name":"Victini","species":"Victini","item":"choicescarf","ability":"Victory Star","moves":["vcreate","boltstrike","uturn","zenheadbutt"],"nature":"Jolly","evs":{"hp":0,"atk":252,"def":0,"spa":0,"spd":4,"spe":252},"ivs":{"hp":31,"atk":31,"def":31,"spa":31,"spd":31,"spe":31}},{"name":"Y U UNBAN!!!!!","species":"gallade","item":"galladite","ability":"Justified","moves":["closecombat","bulkup","shadowsneak","knockoff"],"nature":"Jolly","evs":{"hp":0,"atk":252,"def":0,"spa":0,"spd":4,"spe":252},"ivs":{"hp":31,"atk":31,"def":31,"spa":31,"spd":31,"spe":31}},{"name":"Hoopa-Unbound","species":"Hoopa-Unbound","item":"choicescarf","ability":"Magician","moves":["drainpunch","gunkshot","hyperspacefury","firepunch"],"nature":"Jolly","evs":{"hp":0,"atk":252,"def":0,"spa":0,"spd":4,"spe":252},"ivs":{"hp":31,"atk":31,"def":31,"spa":31,"spd":31,"spe":31}},{"name":"Mew","species":"Mew","item":"leftovers","ability":"Synchronize","moves":["roost","defog","rockslide","willowisp"],"nature":"Careful","evs":{"hp":248,"atk":8,"def":0,"spa":0,"spd":252,"spe":0},"ivs":{"hp":31,"atk":31,"def":31,"spa":31,"spd":31,"spe":31}},{"name":"Slowbro","species":"Slowbro","item":"leftovers","ability":"Regenerator","moves":["scald","grassknot","slackoff","thunderwave"],"nature":"Bold","evs":{"hp":252,"atk":0,"def":252,"spa":4,"spd":0,"spe":0},"ivs":{"hp":31,"atk":31,"def":31,"spa":31,"spd":31,"spe":31}},{"name":"Meloetta","species":"Meloetta","item":"leftovers","ability":"Serene Grace","moves":["dazzlinggleam","calmmind","psyshock","substitute"],"nature":"Calm","evs":{"hp":248,"atk":0,"def":200,"spa":0,"spd":60,"spe":0},"ivs":{"hp":31,"atk":0,"def":31,"spa":31,"spd":31,"spe":31}}],"log":["|player|p1|Cryѕtаl Rain|crystalraichu.png","|player|p2|Bronze <3|23","|gametype|singles","|gen|6","|tier|Monotype","|rated","|rule|Baton Pass Clause: Limit one Baton Passer, can't pass Spe and other stats simultaneously","|rule|Swagger Clause: Swagger is banned","|rule|Same Type Clause: Pokémon in a team must share a type","|clearpoke","|poke|p1|Chansey, F","|poke|p1|Porygon2","|poke|p1|Staraptor, M","|poke|p1|Pidgeot, F","|poke|p1|Diggersby, M, shiny","|poke|p1|Ditto, shiny","|poke|p2|Victini","|poke|p2|Gallade, M","|poke|p2|Hoopa-Unbound","|poke|p2|Mew","|poke|p2|Slowbro, F","|poke|p2|Meloetta","|rule|Sleep Clause Mod: Limit one foe put to sleep","|rule|Species Clause: Limit one of each Pokémon","|rule|OHKO Clause: OHKO moves are banned","|rule|Moody Clause: Moody is banned","|rule|Evasion Moves Clause: Evasion moves are banned","|rule|Endless Battle Clause: Forcing endless battles is banned","|rule|HP Percentage Mod: HP is shown in percentages","|teampreview","|","|start","|switch|p1a: Staraptor|Staraptor, M|311/311","|switch|p2a: Mew|Mew|403/403","|turn|1","|","|move|p1a: Staraptor|U-turn|p2a: Mew","|-supereffective|p2a: Mew","|-damage|p2a: Mew|235/403","|","|switch|p1a: Chansey|Chansey, F|703/703","|move|p2a: Mew|Will-O-Wisp|p1a: Chansey","|-status|p1a: Chansey|brn","|","|-heal|p2a: Mew|260/403|[from] item: Leftovers","|-damage|p1a: Chansey|616/703 brn|[from] brn","|turn|2","|","|move|p2a: Mew|Roost|p2a: Mew","|-heal|p2a: Mew|403/403","|move|p1a: Chansey|Stealth Rock|p2a: Mew","|-sidestart|p2: Bronze <3|move: Stealth Rock","|","|-damage|p1a: Chansey|529/703 brn|[from] brn","|turn|3","|","|move|p2a: Mew|Defog|p1a: Chansey","|-unboost|p1a: Chansey|evasion|1","|-sideend|p2: Bronze <3|Stealth Rock|[from] move: Defog|[of] p2a: Mew","|move|p1a: Chansey|Thunder Wave|p2a: Mew","|-status|p2a: Mew|par","|","|-damage|p1a: Chansey|442/703 brn|[from] brn","|turn|4","|","|switch|p2a: Victini|Victini|341/341","|move|p1a: Chansey|Soft-Boiled|p1a: Chansey","|-heal|p1a: Chansey|703/703 brn","|","|-damage|p1a: Chansey|616/703 brn|[from] brn","|turn|5","|","|move|p2a: Victini|V-create|p1a: Chansey","|-damage|p1a: Chansey|234/703 brn","|-unboost|p2a: Victini|spe|1","|-unboost|p2a: Victini|def|1","|-unboost|p2a: Victini|spd|1","|move|p1a: Chansey|Thunder Wave|p2a: Victini","|-status|p2a: Victini|par","|","|-damage|p1a: Chansey|147/703 brn|[from] brn","|turn|6","|","|move|p1a: Chansey|Soft-Boiled|p1a: Chansey","|-heal|p1a: Chansey|499/703 brn","|move|p2a: Victini|V-create|p1a: Chansey","|-damage|p1a: Chansey|117/703 brn","|-unboost|p2a: Victini|spe|1","|-unboost|p2a: Victini|def|1","|-unboost|p2a: Victini|spd|1","|","|-damage|p1a: Chansey|30/703 brn|[from] brn","|turn|7","|","|switch|p1a: Diggersby|Diggersby, M, shiny|311/311","|move|p2a: Victini|V-create|p1a: Diggersby","|-damage|p1a: Diggersby|0 fnt","|-unboost|p2a: Victini|spe|1","|-unboost|p2a: Victini|def|1","|-unboost|p2a: Victini|spd|1","|faint|p1a: Diggersby","|","|","|switch|p1a: Pidgeot|Pidgeot, F|307/307","|turn|8","|","|switch|p2a: Meloetta|Meloetta|403/403","|detailschange|p1a: Pidgeot|Pidgeot-Mega, F","|-mega|p1a: Pidgeot|Pidgeot|Pidgeotite","|move|p1a: Pidgeot|Hurricane|p2a: Meloetta","|-damage|p2a: Meloetta|262/403","|","|-heal|p2a: Meloetta|287/403|[from] item: Leftovers","|turn|9","|","|switch|p1a: Chansey|Chansey, F|30/703","|move|p2a: Meloetta|Substitute|p2a: Meloetta","|-start|p2a: Meloetta|Substitute","|-damage|p2a: Meloetta|187/403","|","|-heal|p2a: Meloetta|212/403|[from] item: Leftovers","|turn|10","|","|move|p2a: Meloetta|Psyshock|p1a: Chansey","|-damage|p1a: Chansey|0 fnt","|faint|p1a: Chansey","|","|-heal|p2a: Meloetta|237/403|[from] item: Leftovers","|","|switch|p1a: Staraptor|Staraptor, M|311/311","|turn|11","|","|move|p1a: Staraptor|U-turn|p2a: Meloetta","|-supereffective|p2a: Meloetta","|-end|p2a: Meloetta|Substitute","|","|switch|p1a: Porygon2|Porygon2|373/373","|-ability|p1a: Porygon2|Serene Grace|[from] ability: Trace|[of] p2a: Meloetta","|move|p2a: Meloetta|Psyshock|p1a: Porygon2","|-damage|p1a: Porygon2|312/373","|","|-heal|p2a: Meloetta|262/403|[from] item: Leftovers","|turn|12","|","|move|p2a: Meloetta|Substitute|p2a: Meloetta","|-start|p2a: Meloetta|Substitute","|-damage|p2a: Meloetta|162/403","|move|p1a: Porygon2|Discharge|p2a: Meloetta","|-activate|p2a: Meloetta|Substitute|[damage]","|","|-heal|p2a: Meloetta|187/403|[from] item: Leftovers","|turn|13","|","|move|p2a: Meloetta|Calm Mind|p2a: Meloetta","|-boost|p2a: Meloetta|spa|1","|-boost|p2a: Meloetta|spd|1","|move|p1a: Porygon2|Discharge|p2a: Meloetta","|-activate|p2a: Meloetta|Substitute|[damage]","|","|-heal|p2a: Meloetta|212/403|[from] item: Leftovers","|turn|14","|","|move|p2a: Meloetta|Calm Mind|p2a: Meloetta","|-boost|p2a: Meloetta|spa|1","|-boost|p2a: Meloetta|spd|1","|move|p1a: Porygon2|Discharge|p2a: Meloetta","|-activate|p2a: Meloetta|Substitute|[damage]","|","|-heal|p2a: Meloetta|237/403|[from] item: Leftovers","|turn|15","|","|move|p2a: Meloetta|Calm Mind|p2a: Meloetta","|-boost|p2a: Meloetta|spa|1","|-boost|p2a: Meloetta|spd|1","|move|p1a: Porygon2|Discharge|p2a: Meloetta","|-end|p2a: Meloetta|Substitute","|","|-heal|p2a: Meloetta|262/403|[from] item: Leftovers","|turn|16","|","|switch|p1a: Ditto|Ditto, shiny|299/299","|-transform|p1a: Ditto|p2a: Meloetta","|move|p2a: Meloetta|Calm Mind|p2a: Meloetta","|-boost|p2a: Meloetta|spa|1","|-boost|p2a: Meloetta|spd|1","|","|-heal|p2a: Meloetta|287/403|[from] item: Leftovers","|turn|17","|","|move|p1a: Ditto|Psyshock|p2a: Meloetta","|-resisted|p2a: Meloetta","|-damage|p2a: Meloetta|149/403","|move|p2a: Meloetta|Substitute|p2a: Meloetta","|-start|p2a: Meloetta|Substitute","|-damage|p2a: Meloetta|49/403","|","|-heal|p2a: Meloetta|74/403|[from] item: Leftovers","|turn|18","|","|move|p1a: Ditto|Psyshock|p2a: Meloetta","|-resisted|p2a: Meloetta","|-end|p2a: Meloetta|Substitute","|move|p2a: Meloetta|Psyshock|p1a: Ditto","|-resisted|p1a: Ditto","|-damage|p1a: Ditto|137/299","|","|-heal|p2a: Meloetta|99/403|[from] item: Leftovers","|turn|19","|","|move|p1a: Ditto|Psyshock|p2a: Meloetta","|-resisted|p2a: Meloetta","|-damage|p2a: Meloetta|0 fnt","|faint|p2a: Meloetta","|","|","|switch|p2a: Hoopa-Unbound|Hoopa-Unbound|301/301","|turn|20","|","|switch|p1a: Porygon2|Porygon2|312/373","|-ability|p1a: Porygon2|Magician|[from] ability: Trace|[of] p2a: Hoopa-Unbound","|move|p2a: Hoopa-Unbound|Hyperspace Fury|p1a: Porygon2","|-damage|p1a: Porygon2|191/373","|-unboost|p2a: Hoopa-Unbound|def|1","|","|turn|21","|","|switch|p2a: Mew|Mew|403/403 par","|move|p1a: Porygon2|Recover|p1a: Porygon2","|-heal|p1a: Porygon2|373/373","|","|turn|22","|","|switch|p1a: Pidgeot|Pidgeot-Mega, F|307/307","|cant|p2a: Mew|par","|","|turn|23","|","|move|p1a: Pidgeot|Hurricane|p2a: Mew","|-damage|p2a: Mew|259/403 par","|-start|p2a: Mew|confusion","|-activate|p2a: Mew|confusion","|-damage|p2a: Mew|227/403 par|[from] confusion","|","|-heal|p2a: Mew|252/403 par|[from] item: Leftovers","|turn|24","|","|move|p1a: Pidgeot|Hurricane|p2a: Mew","|-damage|p2a: Mew|117/403 par","|-activate|p2a: Mew|confusion","|move|p2a: Mew|Rock Slide|p1a: Pidgeot","|-supereffective|p1a: Pidgeot","|-damage|p1a: Pidgeot|159/307","|","|-heal|p2a: Mew|142/403 par|[from] item: Leftovers","|turn|25","|","|move|p1a: Pidgeot|U-turn|p2a: Mew","|-supereffective|p2a: Mew","|-damage|p2a: Mew|66/403 par","|","|switch|p1a: Porygon2|Porygon2|373/373","|-ability|p1a: Porygon2|Synchronize|[from] ability: Trace|[of] p2a: Mew","|-activate|p2a: Mew|confusion","|-damage|p2a: Mew|36/403 par|[from] confusion","|","|-heal|p2a: Mew|61/403 par|[from] item: Leftovers","|turn|26","|","|move|p1a: Porygon2|Ice Beam|p2a: Mew","|-damage|p2a: Mew|7/403 par","|-end|p2a: Mew|confusion","|move|p2a: Mew|Roost|p2a: Mew","|-heal|p2a: Mew|209/403 par","|","|-heal|p2a: Mew|234/403 par|[from] item: Leftovers","|turn|27","|","|switch|p1a: Staraptor|Staraptor, M|311/311","|move|p2a: Mew|Roost|p2a: Mew","|-heal|p2a: Mew|403/403 par","|","|turn|28","|","|move|p1a: Staraptor|U-turn|p2a: Mew","|-supereffective|p2a: Mew","|-damage|p2a: Mew|233/403 par","|","|switch|p1a: Porygon2|Porygon2|373/373","|-ability|p1a: Porygon2|Synchronize|[from] ability: Trace|[of] p2a: Mew","|move|p2a: Mew|Will-O-Wisp|p1a: Porygon2","|-status|p1a: Porygon2|brn","|","|-heal|p2a: Mew|258/403 par|[from] item: Leftovers","|-damage|p1a: Porygon2|327/373 brn|[from] brn","|turn|29","|","|switch|p1a: Staraptor|Staraptor, M|311/311","|switch|p2a: Victini|Victini|341/341 par","|","|turn|30","|","|switch|p1a: Porygon2|Porygon2|327/373 brn","|-ability|p1a: Porygon2|Victory Star|[from] ability: Trace|[of] p2a: Victini","|move|p2a: Victini|Bolt Strike|p1a: Porygon2","|-damage|p1a: Porygon2|251/373 brn","|","|-damage|p1a: Porygon2|205/373 brn|[from] brn","|turn|31","|","|switch|p2a: Slowbro|Slowbro, F|394/394","|move|p1a: Porygon2|Recover|p1a: Porygon2","|-heal|p1a: Porygon2|373/373 brn","|","|-damage|p1a: Porygon2|327/373 brn|[from] brn","|turn|32","|","|move|p1a: Porygon2|Discharge|p2a: Slowbro","|-supereffective|p2a: Slowbro","|-damage|p2a: Slowbro|248/394","|move|p2a: Slowbro|Scald|p1a: Porygon2","|-damage|p1a: Porygon2|258/373 brn","|","|-heal|p2a: Slowbro|272/394|[from] item: Leftovers","|-damage|p1a: Porygon2|212/373 brn|[from] brn","|turn|33","|","|switch|p2a: Victini|Victini|341/341 par","|move|p1a: Porygon2|Discharge|p2a: Victini","|-damage|p2a: Victini|278/341 par","|","|-damage|p1a: Porygon2|166/373 brn|[from] brn","|turn|34","|","|move|p1a: Porygon2|Recover|p1a: Porygon2","|-heal|p1a: Porygon2|353/373 brn","|cant|p2a: Victini|par","|","|-damage|p1a: Porygon2|307/373 brn|[from] brn","|turn|35","|","|switch|p1a: Ditto|Ditto, shiny|137/299","|-transform|p1a: Ditto|p2a: Victini","|move|p2a: Victini|V-create|p1a: Ditto","|-resisted|p1a: Ditto","|-damage|p1a: Ditto|14/299","|-unboost|p2a: Victini|spe|1","|-unboost|p2a: Victini|def|1","|-unboost|p2a: Victini|spd|1","|","|turn|36","|","|switch|p2a: Slowbro|Slowbro, F|394/394","|move|p1a: Ditto|Bolt Strike|p2a: Slowbro","|-supereffective|p2a: Slowbro","|-damage|p2a: Slowbro|226/394","|","|-heal|p2a: Slowbro|250/394|[from] item: Leftovers","|turn|37","|","|switch|p1a: Porygon2|Porygon2|307/373 brn","|-ability|p1a: Porygon2|Regenerator|[from] ability: Trace|[of] p2a: Slowbro","|move|p2a: Slowbro|Thunder Wave|p1a: Porygon2","|-fail|p1a: Porygon2","|","|-heal|p2a: Slowbro|274/394|[from] item: Leftovers","|-damage|p1a: Porygon2|261/373 brn|[from] brn","|turn|38","|","|switch|p2a: Y U UNBAN!!!!!|Gallade, M|277/277","|move|p1a: Porygon2|Toxic|p2a: Y U UNBAN!!!!!","|-status|p2a: Y U UNBAN!!!!!|tox","|","|-damage|p2a: Y U UNBAN!!!!!|260/277 tox|[from] psn","|-damage|p1a: Porygon2|215/373 brn|[from] brn","|turn|39","|","|switch|p1a: Ditto|Ditto, shiny|14/299","|-transform|p1a: Ditto|p2a: Y U UNBAN!!!!!","|detailschange|p2a: Y U UNBAN!!!!!|Gallade-Mega, M","|-mega|p2a: Y U UNBAN!!!!!|Gallade|Galladite","|move|p2a: Y U UNBAN!!!!!|Bulk Up|p2a: Y U UNBAN!!!!!","|-boost|p2a: Y U UNBAN!!!!!|atk|1","|-boost|p2a: Y U UNBAN!!!!!|def|1","|","|-damage|p2a: Y U UNBAN!!!!!|226/277 tox|[from] psn","|turn|40","|","|move|p1a: Ditto|Shadow Sneak|p2a: Y U UNBAN!!!!!","|-supereffective|p2a: Y U UNBAN!!!!!","|-damage|p2a: Y U UNBAN!!!!!|156/277 tox","|move|p2a: Y U UNBAN!!!!!|Shadow Sneak|p1a: Ditto","|-supereffective|p1a: Ditto","|-damage|p1a: Ditto|0 fnt","|faint|p1a: Ditto","|","|-damage|p2a: Y U UNBAN!!!!!|105/277 tox|[from] psn","|","|switch|p1a: Pidgeot|Pidgeot-Mega, F|159/307","|turn|41","|","|switch|p2a: Slowbro|Slowbro, F|394/394","|move|p1a: Pidgeot|Hurricane|p2a: Slowbro","|-damage|p2a: Slowbro|163/394","|-start|p2a: Slowbro|confusion","|","|-heal|p2a: Slowbro|187/394|[from] item: Leftovers","|turn|42","|","|switch|p2a: Mew|Mew|258/403 par","|move|p1a: Pidgeot|Hurricane|p2a: Mew","|-damage|p2a: Mew|107/403 par","|","|-heal|p2a: Mew|132/403 par|[from] item: Leftovers","|turn|43","|","|move|p1a: Pidgeot|Hurricane|p2a: Mew","|-damage|p2a: Mew|0 fnt","|faint|p2a: Mew","|","|","|switch|p2a: Victini|Victini|278/341 par","|turn|44","|","|switch|p1a: Porygon2|Porygon2|339/373 brn","|-ability|p1a: Porygon2|Victory Star|[from] ability: Trace|[of] p2a: Victini","|move|p2a: Victini|Bolt Strike|p1a: Porygon2","|-damage|p1a: Porygon2|270/373 brn","|","|-damage|p1a: Porygon2|224/373 brn|[from] brn","|turn|45","|","|switch|p2a: Hoopa-Unbound|Hoopa-Unbound|301/301","|move|p1a: Porygon2|Discharge|p2a: Hoopa-Unbound","|-damage|p2a: Hoopa-Unbound|251/301","|-status|p2a: Hoopa-Unbound|par","|","|-damage|p1a: Porygon2|178/373 brn|[from] brn","|turn|46","|","|move|p1a: Porygon2|Recover|p1a: Porygon2","|-heal|p1a: Porygon2|365/373 brn","|cant|p2a: Hoopa-Unbound|par","|","|-damage|p1a: Porygon2|319/373 brn|[from] brn","|turn|47","|","|switch|p1a: Staraptor|Staraptor, M|311/311","|move|p2a: Hoopa-Unbound|Drain Punch|p1a: Staraptor","|-damage|p1a: Staraptor|177/311","|-heal|p2a: Hoopa-Unbound|301/301 par|[from] drain|[of] p1a: Staraptor","|","|turn|48","|","|switch|p2a: Slowbro|Slowbro, F|318/394","|move|p1a: Staraptor|U-turn|p2a: Slowbro","|-supereffective|p2a: Slowbro","|-damage|p2a: Slowbro|214/394","|","|switch|p1a: Pidgeot|Pidgeot-Mega, F|159/307","|","|-heal|p2a: Slowbro|238/394|[from] item: Leftovers","|turn|49","|","|move|p1a: Pidgeot|Hurricane|p2a: Slowbro","|-damage|p2a: Slowbro|0 fnt","|faint|p2a: Slowbro","|","|","|switch|p2a: Hoopa-Unbound|Hoopa-Unbound|301/301 par","|turn|50","|","|move|p1a: Pidgeot|U-turn|p2a: Hoopa-Unbound","|-supereffective|p2a: Hoopa-Unbound","|-damage|p2a: Hoopa-Unbound|45/301 par","|","|switch|p1a: Porygon2|Porygon2|319/373 brn","|-ability|p1a: Porygon2|Magician|[from] ability: Trace|[of] p2a: Hoopa-Unbound","|move|p2a: Hoopa-Unbound|Hyperspace Fury|p1a: Porygon2","|-damage|p1a: Porygon2|210/373 brn","|-unboost|p2a: Hoopa-Unbound|def|1","|","|-damage|p1a: Porygon2|164/373 brn|[from] brn","|turn|51","|","|switch|p2a: Y U UNBAN!!!!!|Gallade-Mega, M|105/277 tox","|move|p1a: Porygon2|Discharge|p2a: Y U UNBAN!!!!!","|-damage|p2a: Y U UNBAN!!!!!|50/277 tox","|","|-damage|p2a: Y U UNBAN!!!!!|33/277 tox|[from] psn","|-damage|p1a: Porygon2|118/373 brn|[from] brn","|turn|52","|","|move|p2a: Y U UNBAN!!!!!|Close Combat|p1a: Porygon2","|-supereffective|p1a: Porygon2","|-damage|p1a: Porygon2|0 fnt","|-unboost|p2a: Y U UNBAN!!!!!|def|1","|-unboost|p2a: Y U UNBAN!!!!!|spd|1","|faint|p1a: Porygon2","|","|-damage|p2a: Y U UNBAN!!!!!|0 fnt|[from] psn","|faint|p2a: Y U UNBAN!!!!!","|","|switch|p1a: Staraptor|Staraptor, M|177/311","|switch|p2a: Hoopa-Unbound|Hoopa-Unbound|45/301 par","|turn|53","|","|move|p1a: Staraptor|U-turn|p2a: Hoopa-Unbound","|-supereffective|p2a: Hoopa-Unbound","|-damage|p2a: Hoopa-Unbound|0 fnt","|faint|p2a: Hoopa-Unbound","|","|switch|p1a: Pidgeot|Pidgeot-Mega, F|159/307","|","|","|switch|p2a: Victini|Victini|278/341 par","|turn|54","|","|move|p1a: Pidgeot|Hurricane|p2a: Victini","|-damage|p2a: Victini|89/341 par","|cant|p2a: Victini|par","|","|turn|55","|","|move|p1a: Pidgeot|Hurricane|p2a: Victini","|-crit|p2a: Victini","|-damage|p2a: Victini|0 fnt","|faint|p2a: Victini","|","|win|Cryѕtаl Rain"],"p1rating":{"entryid":"372740","serverid":"eos","formatid":"monotype","userid":"crytlrain","username":"Cryѕtаl Rain","w":4,"l":"2","t":"0","gxe":53.6,"r":"1500","rd":"130","sigma":"0","rptime":"1440320400","rpr":1528.1162292296,"rprd":98.62203470296,"rpsigma":"0","acre":1102.2170121605,"lacre":1102.2170121605,"oldacre":"1076.2506359414"},"p2rating":{"entryid":"372899","serverid":"eos","formatid":"monotype","userid":"bronze3","username":"Bronze <3","w":"1","l":1,"t":"0","gxe":49.3,"r":"1500","rd":"130","sigma":"0","rptime":"1440320400","rpr":1494.2837594041,"rprd":116.79051600114,"rpsigma":"0","acre":1029.4139347443,"lacre":1029.4139347443,"oldacre":"1044.584930701"},"endType":"normal"}