{"seed":[47227,6506,15002,61808],"turns":24,"p1":"Alliance ♋ akaFila","p2":"Shining Yin","p1team":[{"name":"Landorus","species":"Landorus","item":"lifeorb","ability":"Sheer Force","moves":["earthpower","focusblast","psychic","gravity"],"nature":"Timid","evs":{"hp":0,"atk":0,"def":0,"spa":252,"spd":4,"spe":252},"ivs":{"hp":31,"atk":31,"def":31,"spa":31,"spd":31,"spe":31}},{"name":"Zygarde","species":"Zygarde","item":"leftovers","ability":"Aura Break","moves":["coil","earthquake","crunch","extremespeed"],"nature":"Impish","evs":{"hp":200,"atk":0,"def":252,"spa":0,"spd":0,"spe":56},"ivs":{"hp":31,"atk":31,"def":31,"spa":31,"spd":31,"spe":31}},{"name":"Mamoswine","species":"Mamoswine","item":"focussash","ability":"Thick Fat","moves":["stealthrock","freezedry","earthquake","iceshard"],"nature":"Naive","evs":{"hp":0,"atk":252,"def":0,"spa":6,"spd":0,"spe":252},"ivs":{"hp":31,"atk":31,"def":31,"spa":31,"spd":31,"spe":31}},{"name":"Gastrodon","species":"Gastrodon","item":"leftovers","ability":"Storm Drain","moves":["scald","stockpile","toxic","recover"],"nature":"Calm","evs":{"hp":252,"atk":0,"def":120,"spa":0,"spd":136,"spe":0},"gender":"F","shiny":true,"ivs":{"hp":31,"atk":31,"def":31,"spa":31,"spd":31,"spe":31}},{"name":"Diggersby","species":"Diggersby","item":"choiceband","ability":"Huge Power","moves":["frustration","earthquake","quickattack","firepunch"],"nature":"Adamant","evs":{"hp":252,"atk":252,"def":0,"spa":0,"spd":4,"spe":0},"gender":"M","shiny":true,"happiness":0,"ivs":{"hp":31,"atk":31,"def":31,"spa":31,"spd":31,"spe":31}},{"name":"Excadrill","species":"Excadrill","item":"choicescarf","ability":"Mold Breaker","moves":["earthquake","ironhead","rockslide","xscissor"],"nature":"Jolly","evs":{"hp":0,"atk":252,"def":0,"spa":0,"spd":4,"spe":252},"ivs":{"hp":31,"atk":31,"def":31,"spa":31,"spd":31,"spe":31}}],"p2team":[{"name":"Chansey","species":"Chansey","item":"eviolite","ability":"Natural Cure","moves":["thunderwave","softboiled","seismictoss","stealthrock"],"nature":"Bold","evs":{"hp":0,"atk":0,"def":252,"spa":0,"spd":252,"spe":4},"ivs":{"hp":31,"atk":0,"def":31,"spa":31,"spd":31,"spe":31}},{"name":"Porygon2","species":"Porygon2","item":"eviolite","ability":"Trace","moves":["icebeam","discharge","recover","toxic"],"nature":"Calm","evs":{"hp":248,"atk":0,"def":204,"spa":0,"spd":56,"spe":0},"ivs":{"hp":31,"atk":0,"def":31,"spa":31,"spd":31,"spe":31}},{"name":"Pidgeot","species":"Pidgeot","item":"pidgeotite","ability":"Keen Eye","moves":["hurricane","heatwave","defog","roost"],"nature":"Timid","evs":{"hp":0,"atk":0,"def":0,"spa":252,"spd":4,"spe":252},"ivs":{"hp":31,"atk":0,"def":31,"spa":31,"spd":31,"spe":31}},{"name":"Staraptor","species":"Staraptor","item":"choicescarf","ability":"Reckless","moves":["bravebird","uturn","doubleedge","closecombat"],"nature":"Jolly","evs":{"hp":0,"atk":252,"def":0,"spa":0,"spd":4,"spe":252},"ivs":{"hp":31,"atk":31,"def":31,"spa":31,"spd":31,"spe":31}},{"name":"Diggersby","species":"Diggersby","item":"choiceband","ability":"Huge Power","moves":["return","earthquake","knockoff","quickattack"],"nature":"Jolly","evs":{"hp":0,"atk":252,"def":0,"spa":0,"spd":4,"spe":252},"ivs":{"hp":31,"atk":31,"def":31,"spa":31,"spd":31,"spe":31}},{"name":"Heliolisk","species":"Heliolisk","item":"lifeorb","ability":"Dry Skin","moves":["grassknot","thunderbolt","surf","voltswitch"],"nature":"Timid","evs":{"hp":0,"atk":0,"def":0,"spa":252,"spd":4,"spe":252},"ivs":{"hp":31,"atk":31,"def":31,"spa":31,"spd":31,"spe":31}}],"log":["|player|p1|Alliance ♋ akaFila|allianceakafila.gif","|player|p2|Shining Yin|277","|gametype|singles","|gen|6","|tier|Monotype","|rated","|rule|Baton Pass Clause: Limit one Baton Passer, can't pass Spe and other stats simultaneously","|rule|Swagger Clause: Swagger is banned","|rule|Same Type Clause: Pokémon in a team must share a type","|clearpoke","|poke|p1|Landorus, M","|poke|p1|Zygarde","|poke|p1|Mamoswine, F","|poke|p1|Gastrodon, F, shiny","|poke|p1|Diggersby, M, shiny","|poke|p1|Excadrill, M","|poke|p2|Chansey, F","|poke|p2|Porygon2","|poke|p2|Pidgeot, F","|poke|p2|Staraptor, M","|poke|p2|Diggersby, M","|poke|p2|Heliolisk, M","|rule|Sleep Clause Mod: Limit one foe put to sleep","|rule|Species Clause: Limit one of each Pokémon","|rule|OHKO Clause: OHKO moves are banned","|rule|Moody Clause: Moody is banned","|rule|Evasion Moves Clause: Evasion moves are banned","|rule|Endless Battle Clause: Forcing endless battles is banned","|rule|HP Percentage Mod: HP is shown in percentages","|teampreview","|","|start","|switch|p1a: Mamoswine|Mamoswine, F|361/361","|switch|p2a: Heliolisk|Heliolisk, M|265/265","|turn|1","|","|move|p2a: Heliolisk|Surf|p1a: Mamoswine","|-supereffective|p1a: Mamoswine","|-enditem|p1a: Mamoswine|Focus Sash","|-damage|p1a: Mamoswine|1/361","|-damage|p2a: Heliolisk|239/265|[from] item: Life Orb","|move|p1a: Mamoswine|Freeze-Dry|p2a: Heliolisk","|-damage|p2a: Heliolisk|170/265","|","|turn|2","|","|move|p1a: Mamoswine|Ice Shard|p2a: Heliolisk","|-damage|p2a: Heliolisk|47/265","|move|p2a: Heliolisk|Grass Knot|p1a: Mamoswine","|-supereffective|p1a: Mamoswine","|-damage|p1a: Mamoswine|0 fnt","|-damage|p2a: Heliolisk|21/265|[from] item: Life Orb","|faint|p1a: Mamoswine","|","|","|switch|p1a: Zygarde|Zygarde|407/407","|-ability|p1a: Zygarde|Aura Break","|turn|3","|","|switch|p2a: Porygon2|Porygon2|373/373","|-ability|p2a: Porygon2|Aura Break|[from] ability: Trace|[of] p1a: Zygarde","|-ability|p2a: Porygon2|Aura Break","|move|p1a: Zygarde|Extreme Speed|p2a: Porygon2","|-damage|p2a: Porygon2|333/373","|","|turn|4","|","|switch|p1a: Gastrodon|Gastrodon, F, shiny|426/426","|move|p2a: Porygon2|Ice Beam|p1a: Gastrodon","|-damage|p1a: Gastrodon|356/426","|","|-heal|p1a: Gastrodon|382/426|[from] item: Leftovers","|turn|5","|","|move|p2a: Porygon2|Toxic|p1a: Gastrodon","|-status|p1a: Gastrodon|tox","|move|p1a: Gastrodon|Toxic|p2a: Porygon2","|-status|p2a: Porygon2|tox","|","|-heal|p1a: Gastrodon|408/426 tox|[from] item: Leftovers","|-damage|p2a: Porygon2|310/373 tox|[from] psn","|-damage|p1a: Gastrodon|382/426 tox|[from] psn","|turn|6","|","|switch|p2a: Heliolisk|Heliolisk, M|21/265","|switch|p1a: Diggersby|Diggersby, M, shiny|374/374","|","|turn|7","|","|move|p1a: Diggersby|Quick Attack|p2a: Heliolisk","|-damage|p2a: Heliolisk|0 fnt","|faint|p2a: Heliolisk","|","|","|switch|p2a: Staraptor|Staraptor, M|311/311","|turn|8","|","|switch|p1a: Zygarde|Zygarde|407/407","|-ability|p1a: Zygarde|Aura Break","|move|p2a: Staraptor|Close Combat|p1a: Zygarde","|-damage|p1a: Zygarde|316/407","|-unboost|p2a: Staraptor|def|1","|-unboost|p2a: Staraptor|spd|1","|","|-heal|p1a: Zygarde|341/407|[from] item: Leftovers","|turn|9","|","|switch|p2a: Porygon2|Porygon2|310/373 tox","|-ability|p2a: Porygon2|Aura Break|[from] ability: Trace|[of] p1a: Zygarde","|-ability|p2a: Porygon2|Aura Break","|move|p1a: Zygarde|Coil|p1a: Zygarde","|-boost|p1a: Zygarde|atk|1","|-boost|p1a: Zygarde|def|1","|-boost|p1a: Zygarde|accuracy|1","|","|-heal|p1a: Zygarde|366/407|[from] item: Leftovers","|-damage|p2a: Porygon2|287/373 tox|[from] psn","|turn|10","|","|move|p1a: Zygarde|Earthquake|p2a: Porygon2","|-damage|p2a: Porygon2|176/373 tox","|move|p2a: Porygon2|Ice Beam|p1a: Zygarde","|-supereffective|p1a: Zygarde","|-damage|p1a: Zygarde|62/407","|","|-heal|p1a: Zygarde|87/407|[from] item: Leftovers","|-damage|p2a: Porygon2|130/373 tox|[from] psn","|turn|11","|","|move|p1a: Zygarde|Earthquake|p2a: Porygon2","|-damage|p2a: Porygon2|19/373 tox","|move|p2a: Porygon2|Recover|p2a: Porygon2","|-heal|p2a: Porygon2|206/373 tox","|","|-heal|p1a: Zygarde|112/407|[from] item: Leftovers","|-damage|p2a: Porygon2|137/373 tox|[from] psn","|turn|12","|","|move|p1a: Zygarde|Earthquake|p2a: Porygon2","|-damage|p2a: Porygon2|35/373 tox","|move|p2a: Porygon2|Ice Beam|p1a: Zygarde","|-supereffective|p1a: Zygarde","|-damage|p1a: Zygarde|0 fnt","|faint|p1a: Zygarde","|","|-damage|p2a: Porygon2|0 fnt|[from] psn","|faint|p2a: Porygon2","|","|switch|p2a: Pidgeot|Pidgeot, F|307/307","|switch|p1a: Excadrill|Excadrill, M|361/361","|-ability|p1a: Excadrill|Mold Breaker","|turn|13","|","|detailschange|p2a: Pidgeot|Pidgeot-Mega, F","|-mega|p2a: Pidgeot|Pidgeot|Pidgeotite","|move|p1a: Excadrill|Rock Slide|p2a: Pidgeot","|-supereffective|p2a: Pidgeot","|-damage|p2a: Pidgeot|101/307","|move|p2a: Pidgeot|Heat Wave|p1a: Excadrill","|-supereffective|p1a: Excadrill","|-damage|p1a: Excadrill|21/361","|","|turn|14","|","|switch|p2a: Diggersby|Diggersby, M|311/311","|move|p1a: Excadrill|Rock Slide|p2a: Diggersby","|-resisted|p2a: Diggersby","|-damage|p2a: Diggersby|254/311","|","|turn|15","|","|switch|p1a: Gastrodon|Gastrodon, F, shiny|382/426 tox","|move|p2a: Diggersby|Quick Attack|p1a: Gastrodon","|-damage|p1a: Gastrodon|228/426 tox","|","|-heal|p1a: Gastrodon|254/426 tox|[from] item: Leftovers","|-damage|p1a: Gastrodon|228/426 tox|[from] psn","|turn|16","|","|switch|p2a: Chansey|Chansey, F|641/641","|move|p1a: Gastrodon|Scald|p2a: Chansey","|-crit|p2a: Chansey","|-damage|p2a: Chansey|575/641","|","|-heal|p1a: Gastrodon|254/426 tox|[from] item: Leftovers","|-damage|p1a: Gastrodon|202/426 tox|[from] psn","|turn|17","|","|move|p2a: Chansey|Seismic Toss|p1a: Gastrodon","|-damage|p1a: Gastrodon|102/426 tox","|move|p1a: Gastrodon|Toxic|p2a: Chansey|[miss]","|-miss|p1a: Gastrodon|p2a: Chansey","|","|-heal|p1a: Gastrodon|128/426 tox|[from] item: Leftovers","|-damage|p1a: Gastrodon|50/426 tox|[from] psn","|turn|18","|","|move|p2a: Chansey|Seismic Toss|p1a: Gastrodon","|-damage|p1a: Gastrodon|0 fnt","|faint|p1a: Gastrodon","|","|","|switch|p1a: Diggersby|Diggersby, M, shiny|374/374","|turn|19","|","|switch|p2a: Pidgeot|Pidgeot-Mega, F|101/307","|move|p1a: Diggersby|Frustration|p2a: Pidgeot","|-damage|p2a: Pidgeot|0 fnt","|faint|p2a: Pidgeot","|","|","|switch|p2a: Staraptor|Staraptor, M|311/311","|turn|20","|","|switch|p1a: Landorus|Landorus, M|319/319","|move|p2a: Staraptor|Brave Bird|p1a: Landorus","|-damage|p1a: Landorus|42/319","|-damage|p2a: Staraptor|220/311|[from] recoil|[of] p1a: Landorus","|","|turn|21","|","|move|p2a: Staraptor|Brave Bird|p1a: Landorus","|-damage|p1a: Landorus|0 fnt","|-damage|p2a: Staraptor|206/311|[from] recoil|[of] p1a: Landorus","|faint|p1a: Landorus","|","|","|switch|p1a: Excadrill|Excadrill, M|21/361","|-ability|p1a: Excadrill|Mold Breaker","|turn|22","|","|move|p2a: Staraptor|Brave Bird|p1a: Excadrill","|-resisted|p1a: Excadrill","|-damage|p1a: Excadrill|0 fnt","|-damage|p2a: Staraptor|199/311|[from] recoil|[of] p1a: Excadrill","|faint|p1a: Excadrill","|","|","|switch|p1a: Diggersby|Diggersby, M, shiny|374/374","|turn|23","|","|move|p1a: Diggersby|Quick Attack|p2a: Staraptor","|-damage|p2a: Staraptor|9/311","|move|p2a: Staraptor|Brave Bird|p1a: Diggersby","|-damage|p1a: Diggersby|49/374","|-damage|p2a: Staraptor|0 fnt|[from] recoil|[of] p1a: Diggersby","|faint|p2a: Staraptor","|","|","|switch|p2a: Chansey|Chansey, F|575/641","|turn|24","|","|move|p1a: Diggersby|Quick Attack|p2a: Chansey","|-damage|p2a: Chansey|400/641","|move|p2a: Chansey|Seismic Toss|p1a: Diggersby","|-damage|p1a: Diggersby|0 fnt","|faint|p1a: Diggersby","|","|win|Shining Yin"],"p1rating":{"entryid":"126995","serverid":"eos","formatid":"monotype","userid":"allianceakafila","username":"Alliance ♋ akaFila","w":"7","l":7,"t":"0","gxe":49.9,"r":"1495.434966216","rd":"83.189535821743","sigma":"0","rptime":"1440320400","rpr":1499.2602954848,"rprd":79.277454711927,"rpsigma":"0","acre":1061.290095966,"lacre":1061.290095966,"oldacre":"1082.0236248438"},"p2rating":{"entryid":"71235","serverid":"eos","formatid":"monotype","userid":"shiningyin","username":"Shining Yin","w":45,"l":"24","t":"0","gxe":62.4,"r":"1592.048577857","rd":"44.744883176766","sigma":"0","rptime":"1440320400","rpr":1596.098793188,"rprd":44.425367043913,"rpsigma":"0","acre":1129.761371565,"lacre":1129.761371565,"oldacre":"1106.521198241"},"endType":"normal"}