{"seed":[11704,30241,63040,12079],"turns":23,"p1":"Yung Draco","p2":"Guard Wanderer","p1team":[{"name":"Crawdaunt","species":"Crawdaunt","item":"lifeorb","ability":"Adaptability","moves":["crabhammer","dragondance","knockoff","aquajet"],"nature":"Jolly","evs":{"hp":0,"atk":252,"def":0,"spa":0,"spd":4,"spe":252},"ivs":{"hp":31,"atk":31,"def":31,"spa":31,"spd":31,"spe":31}},{"name":"Swampert","species":"Swampert","item":"swampertite","ability":"Torrent","moves":["icepunch","earthquake","waterfall","poweruppunch"],"nature":"Jolly","evs":{"hp":0,"atk":252,"def":0,"spa":0,"spd":4,"spe":252},"ivs":{"hp":31,"atk":31,"def":31,"spa":31,"spd":31,"spe":31}},{"name":"Politoed","species":"Politoed","item":"leftovers","ability":"Water Absorb","moves":["encore","toxic","hydropump","icebeam"],"nature":"Calm","evs":{"hp":252,"atk":0,"def":0,"spa":4,"spd":252,"spe":0},"ivs":{"hp":31,"atk":31,"def":31,"spa":31,"spd":31,"spe":31}},{"name":"Keldeo-Resolute","species":"Keldeo-Resolute","item":"choicespecs","ability":"Justified","moves":["secretsword","scald","icywind","hydropump"],"nature":"Timid","evs":{"hp":0,"atk":0,"def":0,"spa":252,"spd":4,"spe":252},"ivs":{"hp":31,"atk":31,"def":31,"spa":31,"spd":31,"spe":31}},{"name":"Slowbro","species":"Slowbro","item":"leftovers","ability":"Regenerator","moves":["thunderwave","psyshock","scald","slackoff"],"nature":"Bold","evs":{"hp":252,"atk":0,"def":252,"spa":4,"spd":0,"spe":0},"ivs":{"hp":31,"atk":31,"def":31,"spa":31,"spd":31,"spe":31}},{"name":"Tentacruel","species":"Tentacruel","item":"leftovers","ability":"Liquid Ooze","moves":["rapidspin","icebeam","toxicspikes","scald"],"nature":"Calm","evs":{"hp":248,"atk":0,"def":0,"spa":0,"spd":252,"spe":8},"ivs":{"hp":31,"atk":31,"def":31,"spa":31,"spd":31,"spe":31}}],"p2team":[{"name":"Ferrothorn","species":"Ferrothorn","item":"rockyhelmet","ability":"Iron Barbs","moves":["knockoff","stealthrock","thunderwave","sunnyday"],"nature":"Relaxed","evs":{"hp":248,"atk":8,"def":252,"spa":0,"spd":0,"spe":0},"ivs":{"hp":31,"atk":31,"def":31,"spa":31,"spd":31,"spe":0}},{"name":"Rotom-Mow","species":"Rotom-Mow","item":"choicescarf","ability":"Levitate","moves":["trick","willowisp","discharge","voltswitch"],"nature":"Timid","evs":{"hp":0,"atk":0,"def":0,"spa":252,"spd":4,"spe":252},"ivs":{"hp":31,"atk":31,"def":31,"spa":31,"spd":31,"spe":31}},{"name":"Ludicolo","species":"Ludicolo","item":"bindingband","ability":"Swift Swim","moves":["raindance","scald","leechseed","whirlpool"],"nature":"Modest","evs":{"hp":248,"atk":0,"def":0,"spa":252,"spd":8,"spe":0},"ivs":{"hp":31,"atk":31,"def":31,"spa":31,"spd":31,"spe":31}},{"name":"Sawsbuck","species":"Sawsbuck","item":"silkscarf","ability":"Chlorophyll","moves":["return","attract","retaliate","thunderwave"],"nature":"Adamant","evs":{"hp":0,"atk":252,"def":0,"spa":0,"spd":4,"spe":252},"gender":"F","ivs":{"hp":31,"atk":31,"def":31,"spa":31,"spd":31,"spe":31}},{"name":"Serperior","species":"Serperior","item":"miracleseed","ability":"Contrary","moves":["substitute","dragonpulse","leafstorm","grassyterrain"],"nature":"Timid","evs":{"hp":0,"atk":0,"def":0,"spa":252,"spd":4,"spe":252},"ivs":{"hp":31,"atk":31,"def":31,"spa":31,"spd":31,"spe":31}},{"name":"Cacturne","species":"Cacturne","item":"focussash","ability":"Sand Veil","moves":["suckerpunch","spikyshield","swordsdance","drainpunch"],"nature":"Adamant","evs":{"hp":248,"atk":252,"def":0,"spa":0,"spd":8,"spe":0},"ivs":{"hp":31,"atk":31,"def":31,"spa":31,"spd":31,"spe":31}}],"log":["|player|p1|Yung Draco|143","|player|p2|Guard Wanderer|235","|gametype|singles","|gen|6","|tier|Monotype","|rated","|rule|Baton Pass Clause: Limit one Baton Passer, can't pass Spe and other stats simultaneously","|rule|Swagger Clause: Swagger is banned","|rule|Same Type Clause: Pokémon in a team must share a type","|clearpoke","|poke|p1|Crawdaunt, M","|poke|p1|Swampert, F","|poke|p1|Politoed, F","|poke|p1|Keldeo-Resolute","|poke|p1|Slowbro, F","|poke|p1|Tentacruel, F","|poke|p2|Ferrothorn, F","|poke|p2|Rotom-Mow","|poke|p2|Ludicolo, M","|poke|p2|Sawsbuck, F","|poke|p2|Serperior, F","|poke|p2|Cacturne, F","|rule|Sleep Clause Mod: Limit one foe put to sleep","|rule|Species Clause: Limit one of each Pokémon","|rule|OHKO Clause: OHKO moves are banned","|rule|Moody Clause: Moody is banned","|rule|Evasion Moves Clause: Evasion moves are banned","|rule|Endless Battle Clause: Forcing endless battles is banned","|rule|HP Percentage Mod: HP is shown in percentages","|teampreview","|","|start","|switch|p1a: Politoed|Politoed, F|384/384","|switch|p2a: Ferrothorn|Ferrothorn, F|351/351","|turn|1","|","|switch|p1a: Keldeo-Resolute|Keldeo-Resolute|323/323","|move|p2a: Ferrothorn|Sunny Day|p2a: Ferrothorn","|-weather|SunnyDay","|","|-weather|SunnyDay|[upkeep]","|turn|2","|","|move|p1a: Keldeo-Resolute|Secret Sword|p2a: Ferrothorn","|-supereffective|p2a: Ferrothorn","|-damage|p2a: Ferrothorn|79/351","|move|p2a: Ferrothorn|Thunder Wave|p1a: Keldeo-Resolute","|-status|p1a: Keldeo-Resolute|par","|","|-weather|SunnyDay|[upkeep]","|turn|3","|","|move|p1a: Keldeo-Resolute|Secret Sword|p2a: Ferrothorn","|-supereffective|p2a: Ferrothorn","|-damage|p2a: Ferrothorn|0 fnt","|faint|p2a: Ferrothorn","|","|-weather|SunnyDay|[upkeep]","|","|switch|p2a: Sawsbuck|Sawsbuck, F|301/301","|turn|4","|","|move|p2a: Sawsbuck|Retaliate|p1a: Keldeo-Resolute","|-damage|p1a: Keldeo-Resolute|23/323 par","|move|p1a: Keldeo-Resolute|Secret Sword|p2a: Sawsbuck","|-supereffective|p2a: Sawsbuck","|-damage|p2a: Sawsbuck|0 fnt","|faint|p2a: Sawsbuck","|","|-weather|SunnyDay|[upkeep]","|","|switch|p2a: Rotom-Mow|Rotom-Mow|241/241","|turn|5","|","|move|p2a: Rotom-Mow|Volt Switch|p1a: Keldeo-Resolute","|-supereffective|p1a: Keldeo-Resolute","|-damage|p1a: Keldeo-Resolute|0 fnt","|faint|p1a: Keldeo-Resolute","|","|switch|p2a: Serperior|Serperior, F|291/291","|","|-weather|none","|","|switch|p1a: Slowbro|Slowbro, F|394/394","|turn|6","|","|move|p2a: Serperior|Substitute|p2a: Serperior","|-start|p2a: Serperior|Substitute","|-damage|p2a: Serperior|219/291","|move|p1a: Slowbro|Thunder Wave|p2a: Serperior","|-fail|p2a: Serperior","|","|turn|7","|","|move|p2a: Serperior|Grassy Terrain|p2a: Serperior","|-fieldstart|move: Grassy Terrain","|move|p1a: Slowbro|Psyshock|p2a: Serperior","|-end|p2a: Serperior|Substitute","|","|-heal|p2a: Serperior|237/291|[from] Grassy Terrain","|turn|8","|","|move|p2a: Serperior|Substitute|p2a: Serperior","|-start|p2a: Serperior|Substitute","|-damage|p2a: Serperior|165/291","|move|p1a: Slowbro|Psyshock|p2a: Serperior","|-end|p2a: Serperior|Substitute","|","|-heal|p2a: Serperior|183/291|[from] Grassy Terrain","|turn|9","|","|move|p2a: Serperior|Leaf Storm|p1a: Slowbro|[miss]","|-miss|p2a: Serperior|p1a: Slowbro","|move|p1a: Slowbro|Psyshock|p2a: Serperior","|-crit|p2a: Serperior","|-damage|p2a: Serperior|47/291","|","|-heal|p2a: Serperior|65/291|[from] Grassy Terrain","|turn|10","|","|move|p2a: Serperior|Leaf Storm|p1a: Slowbro","|-supereffective|p1a: Slowbro","|-damage|p1a: Slowbro|0 fnt","|-boost|p2a: Serperior|spa|2","|faint|p1a: Slowbro","|","|-heal|p2a: Serperior|83/291|[from] Grassy Terrain","|","|switch|p1a: Tentacruel|Tentacruel, F|363/363","|turn|11","|","|move|p2a: Serperior|Leaf Storm|p1a: Tentacruel","|-damage|p1a: Tentacruel|14/363","|-boost|p2a: Serperior|spa|2","|move|p1a: Tentacruel|Ice Beam|p2a: Serperior","|-supereffective|p2a: Serperior","|-damage|p2a: Serperior|0 fnt","|faint|p2a: Serperior","|","|-heal|p1a: Tentacruel|36/363|[from] item: Leftovers","|-fieldend|move: Grassy Terrain","|","|switch|p2a: Cacturne|Cacturne, F|343/343","|turn|12","|","|move|p1a: Tentacruel|Toxic Spikes|p2a: Cacturne","|-sidestart|p2: Guard Wanderer|move: Toxic Spikes","|move|p2a: Cacturne|Swords Dance|p2a: Cacturne","|-boost|p2a: Cacturne|atk|2","|","|-heal|p1a: Tentacruel|58/363|[from] item: Leftovers","|turn|13","|","|move|p2a: Cacturne|Spiky Shield|p2a: Cacturne","|-singleturn|p2a: Cacturne|move: Protect","|move|p1a: Tentacruel|Ice Beam|p2a: Cacturne","|-activate|p2a: Cacturne|Protect","|","|-heal|p1a: Tentacruel|80/363|[from] item: Leftovers","|turn|14","|","|move|p2a: Cacturne|Sucker Punch|p1a: Tentacruel","|-damage|p1a: Tentacruel|0 fnt","|faint|p1a: Tentacruel","|","|","|switch|p1a: Swampert|Swampert, F|341/341","|turn|15","|","|detailschange|p1a: Swampert|Swampert-Mega, F","|-mega|p1a: Swampert|Swampert|Swampertite","|move|p1a: Swampert|Ice Punch|p2a: Cacturne","|-supereffective|p2a: Cacturne","|-damage|p2a: Cacturne|45/343","|move|p2a: Cacturne|Swords Dance|p2a: Cacturne","|-boost|p2a: Cacturne|atk|2","|","|turn|16","|","|move|p2a: Cacturne|Spiky Shield|p2a: Cacturne","|-singleturn|p2a: Cacturne|move: Protect","|move|p1a: Swampert|Ice Punch|p2a: Cacturne","|-activate|p2a: Cacturne|Protect","|-damage|p1a: Swampert|299/341|[from] Spiky Shield|[of] p2a: Cacturne","|","|turn|17","|","|move|p2a: Cacturne|Sucker Punch|p1a: Swampert","|-damage|p1a: Swampert|0 fnt","|faint|p1a: Swampert","|","|","|switch|p1a: Crawdaunt|Crawdaunt, M|267/267","|turn|18","|","|move|p2a: Cacturne|Spiky Shield|p2a: Cacturne","|-singleturn|p2a: Cacturne|move: Protect","|move|p1a: Crawdaunt|Dragon Dance|p1a: Crawdaunt","|-boost|p1a: Crawdaunt|atk|1","|-boost|p1a: Crawdaunt|spe|1","|","|turn|19","|","|move|p1a: Crawdaunt|Knock Off|p2a: Cacturne","|-resisted|p2a: Cacturne","|-damage|p2a: Cacturne|0 fnt","|-enditem|p2a: Cacturne|Focus Sash|[from] move: Knock Off|[of] p1a: Crawdaunt","|-damage|p1a: Crawdaunt|241/267|[from] item: Life Orb","|faint|p2a: Cacturne","|","|","|switch|p2a: Rotom-Mow|Rotom-Mow|241/241","|turn|20","|","|move|p2a: Rotom-Mow|Discharge|p1a: Crawdaunt","|-supereffective|p1a: Crawdaunt","|-damage|p1a: Crawdaunt|0 fnt","|faint|p1a: Crawdaunt","|","|","|switch|p1a: Politoed|Politoed, F|384/384","|turn|21","|","|move|p2a: Rotom-Mow|Discharge|p1a: Politoed","|-supereffective|p1a: Politoed","|-damage|p1a: Politoed|196/384","|move|p1a: Politoed|Ice Beam|p2a: Rotom-Mow","|-supereffective|p2a: Rotom-Mow","|-damage|p2a: Rotom-Mow|127/241","|","|-heal|p1a: Politoed|220/384|[from] item: Leftovers","|turn|22","|","|move|p2a: Rotom-Mow|Discharge|p1a: Politoed","|-supereffective|p1a: Politoed","|-damage|p1a: Politoed|56/384","|move|p1a: Politoed|Ice Beam|p2a: Rotom-Mow","|-supereffective|p2a: Rotom-Mow","|-damage|p2a: Rotom-Mow|5/241","|","|-heal|p1a: Politoed|80/384|[from] item: Leftovers","|turn|23","|","|move|p2a: Rotom-Mow|Discharge|p1a: Politoed","|-supereffective|p1a: Politoed","|-damage|p1a: Politoed|0 fnt","|faint|p1a: Politoed","|","|win|Guard Wanderer"],"p1rating":{"entryid":365975,"formatid":"monotype","userid":"yungdraco","username":"Yung Draco","r":1500,"rd":130,"sigma":0,"rpr":1460.3795450496,"rprd":122.24624325304,"rpsigma":0,"rptime":1440320400,"w":0,"l":1,"t":0,"gxe":45.1,"acre":1000,"lacre":1000,"oldacre":1000},"p2rating":{"entryid":"9966","serverid":"eos","formatid":"monotype","userid":"guardwanderer","username":"Guard Wanderer","w":14,"l":"21","t":"0","gxe":43,"r":"1517.3894601343","rd":"81.691557977629","sigma":"0","rptime":"1440320400","rpr":1446.5124661441,"rprd":57.024926583895,"rpsigma":"0","acre":1120.1088169151,"lacre":1120.1088169151,"oldacre":"1102.2617678343"},"endType":"normal"}