{"seed":[41002,33294,22006,61561],"turns":47,"p1":"GTX♅Bzumzum","p2":"sovereign♕zoroark","p1team":[{"name":"Thorns","species":"ferrothorn","item":"leftovers","ability":"Iron Barbs","moves":["stealthrock","gyroball","leechseed","protect"],"nature":"Jolly","evs":{"hp":128,"atk":100,"def":116,"spa":0,"spd":120,"spe":44},"gender":"M","ivs":{"hp":31,"atk":31,"def":31,"spa":31,"spd":31,"spe":0}},{"name":"Brawloom","species":"breloom","item":"focussash","ability":"Technician","moves":["bulletseed","forcepalm","machpunch","spore"],"nature":"Jolly","evs":{"hp":4,"atk":252,"def":0,"spa":0,"spd":0,"spe":252},"gender":"M","shiny":true,"ivs":{"hp":31,"atk":31,"def":31,"spa":31,"spd":31,"spe":31}},{"name":"Celebrity","species":"celebi","item":"leftovers","ability":"Natural Cure","moves":["waterpulse","calmmind","gigadrain","healbell"],"nature":"Calm","evs":{"hp":220,"atk":0,"def":0,"spa":252,"spd":0,"spe":36},"ivs":{"hp":31,"atk":31,"def":31,"spa":31,"spd":31,"spe":31}},{"name":"Ludicool","species":"ludicolo","item":"leftovers","ability":"Rain Dish","moves":["icebeam","scald","gigadrain","raindance"],"nature":"Modest","evs":{"hp":200,"atk":0,"def":0,"spa":184,"spd":4,"spe":120},"gender":"M","shiny":true,"ivs":{"hp":31,"atk":31,"def":31,"spa":31,"spd":31,"spe":31}},{"name":"Great-ily","species":"cradily","item":"leftovers","ability":"Storm Drain","moves":["ancientpower","sludgewave","recover","toxic"],"nature":"Calm","evs":{"hp":232,"atk":24,"def":0,"spa":0,"spd":252,"spe":0},"gender":"M","shiny":true,"ivs":{"hp":31,"atk":31,"def":31,"spa":31,"spd":31,"spe":31}},{"name":"Plantasaurus","species":"venusaur","item":"venusaurite","ability":"Chlorophyll","moves":["gigadrain","hiddenpowerrock","sludgebomb","synthesis"],"nature":"Modest","evs":{"hp":0,"atk":0,"def":68,"spa":188,"spd":0,"spe":252},"gender":"M","ivs":{"hp":31,"atk":31,"def":30,"spa":31,"spd":30,"spe":30},"shiny":true}],"p2team":[{"name":"Abomasnow","species":"Abomasnow","item":"abomasite","ability":"Snow Warning","moves":["blizzard","gigadrain","hiddenpowerfire","iceshard"],"nature":"Lax","evs":{"hp":0,"atk":0,"def":4,"spa":252,"spd":252,"spe":0},"ivs":{"hp":31,"atk":30,"def":31,"spa":30,"spd":31,"spe":30},"shiny":true},{"name":"Froslass","species":"Froslass","item":"leftovers","ability":"Snow Cloak","moves":["substitute","thunderbolt","icebeam","destinybond"],"nature":"Timid","evs":{"hp":4,"atk":0,"def":0,"spa":252,"spd":0,"spe":252},"ivs":{"hp":31,"atk":31,"def":31,"spa":31,"spd":31,"spe":31}},{"name":"Kyurem-Black","species":"Kyurem-Black","item":"choicescarf","ability":"Teravolt","moves":["outrage","fusionbolt","stoneedge","facade"],"nature":"Jolly","evs":{"hp":4,"atk":252,"def":0,"spa":0,"spd":0,"spe":252},"shiny":true,"ivs":{"hp":31,"atk":31,"def":31,"spa":31,"spd":31,"spe":31}},{"name":"Mamoswine","species":"Mamoswine","item":"lifeorb","ability":"Snow Cloak","moves":["stealthrock","earthquake","iceshard","stoneedge"],"nature":"Adamant","evs":{"hp":4,"atk":252,"def":0,"spa":0,"spd":0,"spe":252},"ivs":{"hp":31,"atk":31,"def":31,"spa":31,"spd":31,"spe":31}},{"name":"Walrein","species":"Walrein","item":"choicespecs","ability":"Thick Fat","moves":["surf","icebeam","signalbeam","hiddenpowerfire"],"nature":"Modest","evs":{"hp":252,"atk":0,"def":0,"spa":252,"spd":0,"spe":4},"ivs":{"hp":31,"atk":30,"def":31,"spa":30,"spd":31,"spe":30}},{"name":"Cloyster","species":"Cloyster","item":"focussash","ability":"Skill Link","moves":["shellsmash","iciclespear","rockblast","razorshell"],"nature":"Adamant","evs":{"hp":24,"atk":252,"def":0,"spa":0,"spd":0,"spe":232},"ivs":{"hp":31,"atk":31,"def":31,"spa":31,"spd":31,"spe":31}}],"log":["|player|p1|GTX♅Bzumzum|225","|player|p2|sovereign♕zoroark|218","|gametype|singles","|gen|6","|tier|Monotype","|rated","|rule|Baton Pass Clause: Limit one Baton Passer, can't pass Spe and other stats simultaneously","|rule|Swagger Clause: Swagger is banned","|rule|Same Type Clause: Pokémon in a team must share a type","|clearpoke","|poke|p1|Ferrothorn, M","|poke|p1|Breloom, M, shiny","|poke|p1|Celebi","|poke|p1|Ludicolo, M, shiny","|poke|p1|Cradily, M, shiny","|poke|p1|Venusaur, M, shiny","|poke|p2|Abomasnow, F, shiny","|poke|p2|Froslass, F","|poke|p2|Kyurem-Black, shiny","|poke|p2|Mamoswine, F","|poke|p2|Walrein, F","|poke|p2|Cloyster, F","|rule|Sleep Clause Mod: Limit one foe put to sleep","|rule|Species Clause: Limit one of each Pokémon","|rule|OHKO Clause: OHKO moves are banned","|rule|Moody Clause: Moody is banned","|rule|Evasion Moves Clause: Evasion moves are banned","|rule|Endless Battle Clause: Forcing endless battles is banned","|rule|HP Percentage Mod: HP is shown in percentages","|teampreview","|","|start","|switch|p1a: Great-ily|Cradily, M, shiny|371/371","|switch|p2a: Abomasnow|Abomasnow, F, shiny|321/321","|-weather|Hail","|turn|1","|","|detailschange|p2a: Abomasnow|Abomasnow-Mega, F, shiny","|-mega|p2a: Abomasnow|Abomasnow|Abomasite","|move|p2a: Abomasnow|Blizzard|p1a: Great-ily","|-supereffective|p1a: Great-ily","|-damage|p1a: Great-ily|119/371","|move|p1a: Great-ily|Ancient Power|p2a: Abomasnow","|-supereffective|p2a: Abomasnow","|-damage|p2a: Abomasnow|225/321","|","|-weather|Hail|[upkeep]","|-damage|p1a: Great-ily|96/371|[from] hail","|-heal|p1a: Great-ily|119/371|[from] item: Leftovers","|turn|2","|","|switch|p1a: Ludicool|Ludicolo, M, shiny|351/351","|move|p2a: Abomasnow|Blizzard|p1a: Ludicool","|-damage|p1a: Ludicool|156/351","|","|-weather|Hail|[upkeep]","|-damage|p1a: Ludicool|135/351|[from] hail","|-heal|p1a: Ludicool|156/351|[from] item: Leftovers","|turn|3","|","|move|p2a: Abomasnow|Ice Shard|p1a: Ludicool","|-damage|p1a: Ludicool|69/351","|move|p1a: Ludicool|Rain Dance|p1a: Ludicool","|-weather|RainDance","|","|-weather|RainDance|[upkeep]","|-heal|p1a: Ludicool|90/351|[from] ability: Rain Dish","|-heal|p1a: Ludicool|111/351|[from] item: Leftovers","|turn|4","|","|switch|p2a: Mamoswine|Mamoswine, F|362/362","|move|p1a: Ludicool|Scald|p2a: Mamoswine","|-supereffective|p2a: Mamoswine","|-damage|p2a: Mamoswine|0 fnt","|faint|p2a: Mamoswine","|","|-weather|RainDance|[upkeep]","|-heal|p1a: Ludicool|132/351|[from] ability: Rain Dish","|-heal|p1a: Ludicool|153/351|[from] item: Leftovers","|","|switch|p2a: Kyurem-Black|Kyurem-Black, shiny|392/392","|-ability|p2a: Kyurem-Black|Teravolt","|turn|5","|","|switch|p1a: Thorns|Ferrothorn, M|321/321","|move|p2a: Kyurem-Black|Outrage|p1a: Thorns","|-crit|p1a: Thorns","|-resisted|p1a: Thorns","|-damage|p1a: Thorns|171/321","|-damage|p2a: Kyurem-Black|343/392|[from] ability: Iron Barbs|[of] p1a: Thorns","|","|-weather|RainDance|[upkeep]","|-heal|p1a: Thorns|191/321|[from] item: Leftovers","|turn|6","|","|move|p2a: Kyurem-Black|Outrage|p1a: Thorns|[from]lockedmove","|-resisted|p1a: Thorns","|-damage|p1a: Thorns|98/321","|-damage|p2a: Kyurem-Black|294/392|[from] ability: Iron Barbs|[of] p1a: Thorns","|-start|p2a: Kyurem-Black|confusion|[fatigue]","|move|p1a: Thorns|Leech Seed|p2a: Kyurem-Black","|-start|p2a: Kyurem-Black|move: Leech Seed","|","|-weather|RainDance|[upkeep]","|-heal|p1a: Thorns|118/321|[from] item: Leftovers","|-damage|p2a: Kyurem-Black|245/392|[from] Leech Seed|[of] p1a: Thorns","|-heal|p1a: Thorns|167/321|[silent]","|turn|7","|","|move|p1a: Thorns|Protect|p1a: Thorns","|-singleturn|p1a: Thorns|Protect","|-activate|p2a: Kyurem-Black|confusion","|-damage|p2a: Kyurem-Black|186/392|[from] confusion","|","|-weather|none","|-heal|p1a: Thorns|187/321|[from] item: Leftovers","|-damage|p2a: Kyurem-Black|137/392|[from] Leech Seed|[of] p1a: Thorns","|-heal|p1a: Thorns|236/321|[silent]","|turn|8","|","|switch|p2a: Froslass|Froslass, F|282/282","|move|p1a: Thorns|Stealth Rock|p2a: Froslass","|-sidestart|p2: sovereign♕zoroark|move: Stealth Rock","|","|-heal|p1a: Thorns|256/321|[from] item: Leftovers","|turn|9","|","|move|p2a: Froslass|Substitute|p2a: Froslass","|-start|p2a: Froslass|Substitute","|-damage|p2a: Froslass|212/282","|move|p1a: Thorns|Leech Seed|p2a: Froslass","|-fail|p2a: Froslass","|","|-heal|p2a: Froslass|229/282|[from] item: Leftovers","|-heal|p1a: Thorns|276/321|[from] item: Leftovers","|turn|10","|","|move|p2a: Froslass|Ice Beam|p1a: Thorns","|-damage|p1a: Thorns|191/321","|move|p1a: Thorns|Gyro Ball|p2a: Froslass","|-supereffective|p2a: Froslass","|-end|p2a: Froslass|Substitute","|","|-heal|p2a: Froslass|246/282|[from] item: Leftovers","|-heal|p1a: Thorns|211/321|[from] item: Leftovers","|turn|11","|","|move|p2a: Froslass|Substitute|p2a: Froslass","|-start|p2a: Froslass|Substitute","|-damage|p2a: Froslass|176/282","|move|p1a: Thorns|Gyro Ball|p2a: Froslass","|-supereffective|p2a: Froslass","|-end|p2a: Froslass|Substitute","|","|-heal|p2a: Froslass|193/282|[from] item: Leftovers","|-heal|p1a: Thorns|231/321|[from] item: Leftovers","|turn|12","|","|move|p2a: Froslass|Substitute|p2a: Froslass","|-start|p2a: Froslass|Substitute","|-damage|p2a: Froslass|123/282","|move|p1a: Thorns|Leech Seed|p2a: Froslass","|-fail|p2a: Froslass","|","|-heal|p2a: Froslass|140/282|[from] item: Leftovers","|-heal|p1a: Thorns|251/321|[from] item: Leftovers","|turn|13","|","|switch|p1a: Plantasaurus|Venusaur, M, shiny|301/301","|move|p2a: Froslass|Ice Beam|p1a: Plantasaurus","|-supereffective|p1a: Plantasaurus","|-damage|p1a: Plantasaurus|71/301","|","|-heal|p2a: Froslass|157/282|[from] item: Leftovers","|turn|14","|","|detailschange|p1a: Plantasaurus|Venusaur-Mega, M, shiny","|-mega|p1a: Plantasaurus|Venusaur|Venusaurite","|move|p2a: Froslass|Ice Beam|p1a: Plantasaurus","|-supereffective|p1a: Plantasaurus","|-damage|p1a: Plantasaurus|0 fnt","|faint|p1a: Plantasaurus","|","|-heal|p2a: Froslass|174/282|[from] item: Leftovers","|","|switch|p1a: Ludicool|Ludicolo, M, shiny|153/351","|turn|15","|","|move|p2a: Froslass|Thunderbolt|p1a: Ludicool","|-damage|p1a: Ludicool|80/351","|-status|p1a: Ludicool|par","|move|p1a: Ludicool|Giga Drain|p2a: Froslass","|-end|p2a: Froslass|Substitute","|-heal|p1a: Ludicool|115/351 par|[from] drain|[of] p2a: Froslass","|","|-heal|p2a: Froslass|191/282|[from] item: Leftovers","|-heal|p1a: Ludicool|136/351 par|[from] item: Leftovers","|turn|16","|","|move|p2a: Froslass|Substitute|p2a: Froslass","|-start|p2a: Froslass|Substitute","|-damage|p2a: Froslass|121/282","|move|p1a: Ludicool|Rain Dance|p1a: Ludicool","|-weather|RainDance","|","|-weather|RainDance|[upkeep]","|-heal|p1a: Ludicool|157/351 par|[from] ability: Rain Dish","|-heal|p2a: Froslass|138/282|[from] item: Leftovers","|-heal|p1a: Ludicool|178/351 par|[from] item: Leftovers","|turn|17","|","|switch|p1a: Celebrity|Celebi|396/396","|move|p2a: Froslass|Thunderbolt|p1a: Celebrity","|-resisted|p1a: Celebrity","|-damage|p1a: Celebrity|359/396","|","|-weather|RainDance|[upkeep]","|-heal|p2a: Froslass|155/282|[from] item: Leftovers","|-heal|p1a: Celebrity|383/396|[from] item: Leftovers","|turn|18","|","|move|p2a: Froslass|Ice Beam|p1a: Celebrity","|-crit|p1a: Celebrity","|-supereffective|p1a: Celebrity","|-damage|p1a: Celebrity|89/396","|move|p1a: Celebrity|Calm Mind|p1a: Celebrity","|-boost|p1a: Celebrity|spa|1","|-boost|p1a: Celebrity|spd|1","|","|-weather|RainDance|[upkeep]","|-heal|p2a: Froslass|172/282|[from] item: Leftovers","|-heal|p1a: Celebrity|113/396|[from] item: Leftovers","|turn|19","|","|move|p2a: Froslass|Ice Beam|p1a: Celebrity","|-supereffective|p1a: Celebrity","|-damage|p1a: Celebrity|0 fnt","|faint|p1a: Celebrity","|","|-weather|RainDance|[upkeep]","|-heal|p2a: Froslass|189/282|[from] item: Leftovers","|","|switch|p1a: Ludicool|Ludicolo, M, shiny|178/351 par","|turn|20","|","|move|p2a: Froslass|Thunderbolt|p1a: Ludicool","|-damage|p1a: Ludicool|95/351 par","|move|p1a: Ludicool|Scald|p2a: Froslass","|-end|p2a: Froslass|Substitute","|","|-weather|none","|-heal|p2a: Froslass|206/282|[from] item: Leftovers","|-heal|p1a: Ludicool|116/351 par|[from] item: Leftovers","|turn|21","|","|move|p2a: Froslass|Substitute|p2a: Froslass","|-start|p2a: Froslass|Substitute","|-damage|p2a: Froslass|136/282","|move|p1a: Ludicool|Rain Dance|p1a: Ludicool","|-weather|RainDance","|","|-weather|RainDance|[upkeep]","|-heal|p1a: Ludicool|137/351 par|[from] ability: Rain Dish","|-heal|p2a: Froslass|153/282|[from] item: Leftovers","|-heal|p1a: Ludicool|158/351 par|[from] item: Leftovers","|turn|22","|","|move|p2a: Froslass|Thunderbolt|p1a: Ludicool","|-damage|p1a: Ludicool|80/351 par","|move|p1a: Ludicool|Giga Drain|p2a: Froslass","|-end|p2a: Froslass|Substitute","|-heal|p1a: Ludicool|115/351 par|[from] drain|[of] p2a: Froslass","|","|-weather|RainDance|[upkeep]","|-heal|p1a: Ludicool|136/351 par|[from] ability: Rain Dish","|-heal|p2a: Froslass|170/282|[from] item: Leftovers","|-heal|p1a: Ludicool|157/351 par|[from] item: Leftovers","|turn|23","|","|move|p2a: Froslass|Substitute|p2a: Froslass","|-start|p2a: Froslass|Substitute","|-damage|p2a: Froslass|100/282","|move|p1a: Ludicool|Giga Drain|p2a: Froslass","|-end|p2a: Froslass|Substitute","|-heal|p1a: Ludicool|192/351 par|[from] drain|[of] p2a: Froslass","|","|-weather|RainDance|[upkeep]","|-heal|p1a: Ludicool|213/351 par|[from] ability: Rain Dish","|-heal|p2a: Froslass|117/282|[from] item: Leftovers","|-heal|p1a: Ludicool|234/351 par|[from] item: Leftovers","|turn|24","|","|move|p2a: Froslass|Destiny Bond|p2a: Froslass","|-singlemove|p2a: Froslass|Destiny Bond","|cant|p1a: Ludicool|par","|","|-weather|RainDance|[upkeep]","|-heal|p1a: Ludicool|255/351 par|[from] ability: Rain Dish","|-heal|p2a: Froslass|134/282|[from] item: Leftovers","|-heal|p1a: Ludicool|276/351 par|[from] item: Leftovers","|turn|25","|","|move|p2a: Froslass|Substitute|p2a: Froslass","|-start|p2a: Froslass|Substitute","|-damage|p2a: Froslass|64/282","|move|p1a: Ludicool|Ice Beam|p2a: Froslass","|-resisted|p2a: Froslass","|-activate|p2a: Froslass|Substitute|[damage]","|","|-weather|none","|-heal|p2a: Froslass|81/282|[from] item: Leftovers","|-heal|p1a: Ludicool|297/351 par|[from] item: Leftovers","|turn|26","|","|move|p2a: Froslass|Thunderbolt|p1a: Ludicool","|-damage|p1a: Ludicool|224/351 par","|move|p1a: Ludicool|Rain Dance|p1a: Ludicool","|-weather|RainDance","|","|-weather|RainDance|[upkeep]","|-heal|p1a: Ludicool|245/351 par|[from] ability: Rain Dish","|-heal|p2a: Froslass|98/282|[from] item: Leftovers","|-heal|p1a: Ludicool|266/351 par|[from] item: Leftovers","|turn|27","|","|move|p2a: Froslass|Thunderbolt|p1a: Ludicool","|-damage|p1a: Ludicool|185/351 par","|move|p1a: Ludicool|Giga Drain|p2a: Froslass","|-end|p2a: Froslass|Substitute","|-heal|p1a: Ludicool|193/351 par|[from] drain|[of] p2a: Froslass","|","|-weather|RainDance|[upkeep]","|-heal|p1a: Ludicool|214/351 par|[from] ability: Rain Dish","|-heal|p2a: Froslass|115/282|[from] item: Leftovers","|-heal|p1a: Ludicool|235/351 par|[from] item: Leftovers","|turn|28","|","|move|p2a: Froslass|Destiny Bond|p2a: Froslass","|-singlemove|p2a: Froslass|Destiny Bond","|move|p1a: Ludicool|Ice Beam|p2a: Froslass","|-resisted|p2a: Froslass","|-damage|p2a: Froslass|60/282","|","|-weather|RainDance|[upkeep]","|-heal|p1a: Ludicool|256/351 par|[from] ability: Rain Dish","|-heal|p2a: Froslass|77/282|[from] item: Leftovers","|-heal|p1a: Ludicool|277/351 par|[from] item: Leftovers","|turn|29","|","|move|p2a: Froslass|Destiny Bond|p2a: Froslass","|-singlemove|p2a: Froslass|Destiny Bond","|cant|p1a: Ludicool|par","|","|-weather|RainDance|[upkeep]","|-heal|p1a: Ludicool|298/351 par|[from] ability: Rain Dish","|-heal|p2a: Froslass|94/282|[from] item: Leftovers","|-heal|p1a: Ludicool|319/351 par|[from] item: Leftovers","|turn|30","|","|move|p2a: Froslass|Destiny Bond|p2a: Froslass","|-singlemove|p2a: Froslass|Destiny Bond","|cant|p1a: Ludicool|par","|","|-weather|none","|-heal|p2a: Froslass|111/282|[from] item: Leftovers","|-heal|p1a: Ludicool|340/351 par|[from] item: Leftovers","|turn|31","|","|move|p2a: Froslass|Substitute|p2a: Froslass","|-start|p2a: Froslass|Substitute","|-damage|p2a: Froslass|41/282","|move|p1a: Ludicool|Ice Beam|p2a: Froslass","|-resisted|p2a: Froslass","|-activate|p2a: Froslass|Substitute|[damage]","|","|-heal|p2a: Froslass|58/282|[from] item: Leftovers","|-heal|p1a: Ludicool|351/351 par|[from] item: Leftovers","|turn|32","|","|move|p2a: Froslass|Thunderbolt|p1a: Ludicool","|-damage|p1a: Ludicool|273/351 par","|move|p1a: Ludicool|Rain Dance|p1a: Ludicool","|-weather|RainDance","|","|-weather|RainDance|[upkeep]","|-heal|p1a: Ludicool|294/351 par|[from] ability: Rain Dish","|-heal|p2a: Froslass|75/282|[from] item: Leftovers","|-heal|p1a: Ludicool|315/351 par|[from] item: Leftovers","|turn|33","|","|move|p2a: Froslass|Thunderbolt|p1a: Ludicool","|-damage|p1a: Ludicool|237/351 par","|move|p1a: Ludicool|Giga Drain|p2a: Froslass","|-end|p2a: Froslass|Substitute","|-heal|p1a: Ludicool|242/351 par|[from] drain|[of] p2a: Froslass","|","|-weather|RainDance|[upkeep]","|-heal|p1a: Ludicool|263/351 par|[from] ability: Rain Dish","|-heal|p2a: Froslass|92/282|[from] item: Leftovers","|-heal|p1a: Ludicool|284/351 par|[from] item: Leftovers","|turn|34","|","|move|p2a: Froslass|Substitute|p2a: Froslass","|-start|p2a: Froslass|Substitute","|-damage|p2a: Froslass|22/282","|move|p1a: Ludicool|Ice Beam|p2a: Froslass","|-resisted|p2a: Froslass","|-activate|p2a: Froslass|Substitute|[damage]","|","|-weather|RainDance|[upkeep]","|-heal|p1a: Ludicool|305/351 par|[from] ability: Rain Dish","|-heal|p2a: Froslass|39/282|[from] item: Leftovers","|-heal|p1a: Ludicool|326/351 par|[from] item: Leftovers","|turn|35","|","|move|p2a: Froslass|Ice Beam|p1a: Ludicool","|-damage|p1a: Ludicool|212/351 par","|move|p1a: Ludicool|Giga Drain|p2a: Froslass","|-end|p2a: Froslass|Substitute","|-heal|p1a: Ludicool|218/351 par|[from] drain|[of] p2a: Froslass","|","|-weather|RainDance|[upkeep]","|-heal|p1a: Ludicool|239/351 par|[from] ability: Rain Dish","|-heal|p2a: Froslass|56/282|[from] item: Leftovers","|-heal|p1a: Ludicool|260/351 par|[from] item: Leftovers","|turn|36","|","|move|p2a: Froslass|Destiny Bond|p2a: Froslass","|-singlemove|p2a: Froslass|Destiny Bond","|move|p1a: Ludicool|Giga Drain|p2a: Froslass","|-damage|p2a: Froslass|0 fnt","|-heal|p1a: Ludicool|288/351 par|[from] drain|[of] p2a: Froslass","|faint|p2a: Froslass","|-activate|p2a: Froslass|Destiny Bond","|faint|p1a: Ludicool","|","|-weather|none","|","|switch|p1a: Brawloom|Breloom, M, shiny|262/262","|switch|p2a: Walrein|Walrein, F|424/424","|-damage|p2a: Walrein|318/424|[from] Stealth Rock","|turn|37","|","|move|p1a: Brawloom|Spore|p2a: Walrein","|-status|p2a: Walrein|slp","|cant|p2a: Walrein|slp","|","|turn|38","|","|move|p1a: Brawloom|Bullet Seed|p2a: Walrein","|-supereffective|p2a: Walrein","|-damage|p2a: Walrein|178/424 slp","|-supereffective|p2a: Walrein","|-damage|p2a: Walrein|34/424 slp","|-supereffective|p2a: Walrein","|-damage|p2a: Walrein|0 fnt","|-hitcount|p2a: Walrein|3","|faint|p2a: Walrein","|","|","|switch|p2a: Kyurem-Black|Kyurem-Black, shiny|137/392","|-damage|p2a: Kyurem-Black|39/392|[from] Stealth Rock","|-ability|p2a: Kyurem-Black|Teravolt","|turn|39","|","|move|p1a: Brawloom|Mach Punch|p2a: Kyurem-Black","|-supereffective|p2a: Kyurem-Black","|-damage|p2a: Kyurem-Black|0 fnt","|faint|p2a: Kyurem-Black","|","|","|switch|p2a: Cloyster|Cloyster, F|247/247","|-damage|p2a: Cloyster|186/247|[from] Stealth Rock","|turn|40","|","|move|p1a: Brawloom|Mach Punch|p2a: Cloyster","|-supereffective|p2a: Cloyster","|-damage|p2a: Cloyster|58/247","|move|p2a: Cloyster|Icicle Spear|p1a: Brawloom","|-supereffective|p1a: Brawloom","|-damage|p1a: Brawloom|166/262","|-supereffective|p1a: Brawloom","|-damage|p1a: Brawloom|70/262","|-supereffective|p1a: Brawloom","|-damage|p1a: Brawloom|0 fnt","|-hitcount|p1a: Brawloom|3","|faint|p1a: Brawloom","|","|","|switch|p1a: Thorns|Ferrothorn, M|251/321","|turn|41","|","|move|p1a: Thorns|Protect|p1a: Thorns","|-singleturn|p1a: Thorns|Protect","|move|p2a: Cloyster|Rock Blast|p1a: Thorns","|-activate|p1a: Thorns|Protect","|","|-heal|p1a: Thorns|271/321|[from] item: Leftovers","|turn|42","|","|move|p2a: Cloyster|Rock Blast|p1a: Thorns|[miss]","|-miss|p2a: Cloyster|p1a: Thorns","|move|p1a: Thorns|Leech Seed|p2a: Cloyster|[miss]","|-miss|p1a: Thorns|p2a: Cloyster","|","|-heal|p1a: Thorns|291/321|[from] item: Leftovers","|turn|43","|","|move|p2a: Cloyster|Rock Blast|p1a: Thorns","|-resisted|p1a: Thorns","|-damage|p1a: Thorns|281/321","|-resisted|p1a: Thorns","|-damage|p1a: Thorns|272/321","|-resisted|p1a: Thorns","|-damage|p1a: Thorns|263/321","|-resisted|p1a: Thorns","|-damage|p1a: Thorns|253/321","|-resisted|p1a: Thorns","|-damage|p1a: Thorns|243/321","|-hitcount|p1a: Thorns|5","|move|p1a: Thorns|Leech Seed|p2a: Cloyster","|-start|p2a: Cloyster|move: Leech Seed","|","|-heal|p1a: Thorns|263/321|[from] item: Leftovers","|-damage|p2a: Cloyster|28/247|[from] Leech Seed|[of] p1a: Thorns","|-heal|p1a: Thorns|293/321|[silent]","|turn|44","|","|move|p1a: Thorns|Protect|p1a: Thorns","|-singleturn|p1a: Thorns|Protect","|move|p2a: Cloyster|Icicle Spear|p1a: Thorns","|-activate|p1a: Thorns|Protect","|","|-heal|p1a: Thorns|313/321|[from] item: Leftovers","|-damage|p2a: Cloyster|0 fnt|[from] Leech Seed|[of] p1a: Thorns","|-heal|p1a: Thorns|321/321|[silent]","|faint|p2a: Cloyster","|","|switch|p2a: Abomasnow|Abomasnow-Mega, F, shiny|225/321","|-damage|p2a: Abomasnow|145/321|[from] Stealth Rock","|-weather|Hail","|turn|45","|","|move|p2a: Abomasnow|Blizzard|p1a: Thorns","|-damage|p1a: Thorns|155/321","|move|p1a: Thorns|Gyro Ball|p2a: Abomasnow","|-supereffective|p2a: Abomasnow","|-damage|p2a: Abomasnow|65/321","|","|-weather|Hail|[upkeep]","|-damage|p1a: Thorns|135/321|[from] hail","|-heal|p1a: Thorns|155/321|[from] item: Leftovers","|turn|46","|","|move|p1a: Thorns|Protect|p1a: Thorns","|-singleturn|p1a: Thorns|Protect","|move|p2a: Abomasnow|Blizzard|p1a: Thorns","|-activate|p1a: Thorns|Protect","|","|-weather|Hail|[upkeep]","|-damage|p1a: Thorns|135/321|[from] hail","|-heal|p1a: Thorns|155/321|[from] item: Leftovers","|turn|47","|","|move|p2a: Abomasnow|Blizzard|p1a: Thorns","|-damage|p1a: Thorns|2/321","|move|p1a: Thorns|Gyro Ball|p2a: Abomasnow","|-supereffective|p2a: Abomasnow","|-damage|p2a: Abomasnow|0 fnt","|faint|p2a: Abomasnow","|","|win|GTX♅Bzumzum"],"p1rating":{"entryid":"1463","serverid":"eos","formatid":"monotype","userid":"gtxbzumzum","username":"GTX♅Bzumzum","w":9,"l":"27","t":"0","gxe":29.1,"r":"1339.7443087109","rd":"62.238830549052","sigma":"0","rptime":"1440234000","rpr":1330.4546376502,"rprd":58.920472286314,"rpsigma":"0","acre":1046.6383471951,"lacre":1046.6383471951,"oldacre":"1000"},"p2rating":{"entryid":"313593","serverid":"eos","formatid":"monotype","userid":"sovereignzoroark","username":"sovereign♕zoroark","w":"5","l":9,"t":"0","gxe":38.9,"r":"1500","rd":"130","sigma":"0","rptime":"1440234000","rpr":1412.8430626802,"rprd":79.512313448954,"rpsigma":"0","acre":1036.3601393722,"lacre":1036.3601393722,"oldacre":"1058.1982371315"},"endType":"normal"}