{"seed":[12343,43960,9769,1130],"turns":38,"p1":"Shining Yin","p2":"GL♅Reshiram","p1team":[{"name":"Chansey","species":"Chansey","item":"eviolite","ability":"Natural Cure","moves":["thunderwave","softboiled","seismictoss","stealthrock"],"nature":"Bold","evs":{"hp":0,"atk":0,"def":252,"spa":0,"spd":252,"spe":4},"ivs":{"hp":31,"atk":0,"def":31,"spa":31,"spd":31,"spe":31}},{"name":"Porygon2","species":"Porygon2","item":"eviolite","ability":"Download","moves":["icebeam","discharge","recover","toxic"],"nature":"Calm","evs":{"hp":248,"atk":0,"def":204,"spa":0,"spd":56,"spe":0},"ivs":{"hp":31,"atk":0,"def":31,"spa":31,"spd":31,"spe":31}},{"name":"Pidgeot","species":"Pidgeot","item":"pidgeotite","ability":"Keen Eye","moves":["hurricane","heatwave","defog","roost"],"nature":"Timid","evs":{"hp":0,"atk":0,"def":0,"spa":252,"spd":4,"spe":252},"ivs":{"hp":31,"atk":0,"def":31,"spa":31,"spd":31,"spe":31}},{"name":"Staraptor","species":"Staraptor","item":"choicescarf","ability":"Reckless","moves":["bravebird","uturn","doubleedge","closecombat"],"nature":"Jolly","evs":{"hp":0,"atk":252,"def":0,"spa":0,"spd":4,"spe":252},"ivs":{"hp":31,"atk":31,"def":31,"spa":31,"spd":31,"spe":31}},{"name":"Diggersby","species":"Diggersby","item":"choiceband","ability":"Huge Power","moves":["return","earthquake","knockoff","quickattack"],"nature":"Jolly","evs":{"hp":0,"atk":252,"def":0,"spa":0,"spd":4,"spe":252},"ivs":{"hp":31,"atk":31,"def":31,"spa":31,"spd":31,"spe":31}},{"name":"Heliolisk","species":"Heliolisk","item":"lifeorb","ability":"Dry Skin","moves":["grassknot","thunderbolt","surf","voltswitch"],"nature":"Timid","evs":{"hp":0,"atk":0,"def":0,"spa":252,"spd":4,"spe":252},"ivs":{"hp":31,"atk":31,"def":31,"spa":31,"spd":31,"spe":31}}],"p2team":[{"name":"Conductor","species":"heatran","item":"assaultvest","ability":"Flash Fire","moves":["lavaplume","earthpower","dragonpulse","flashcannon"],"nature":"Mild","evs":{"hp":4,"atk":0,"def":0,"spa":252,"spd":252,"spe":0},"ivs":{"hp":31,"atk":31,"def":31,"spa":31,"spd":31,"spe":31}},{"name":"Ninetales","species":"Ninetales","item":"focussash","ability":"Drought","moves":["flamethrower","solarbeam","roar","nastyplot"],"nature":"Timid","evs":{"hp":0,"atk":0,"def":0,"spa":252,"spd":4,"spe":252},"ivs":{"hp":31,"atk":31,"def":31,"spa":31,"spd":31,"spe":31}},{"name":"Torkoal","species":"Torkoal","item":"leftovers","ability":"Shell Armor","moves":["protect","willowisp","clearsmog","rapidspin"],"nature":"Bold","evs":{"hp":252,"atk":0,"def":252,"spa":4,"spd":0,"spe":0},"ivs":{"hp":31,"atk":31,"def":31,"spa":31,"spd":31,"spe":31}},{"name":"Rotom-Heat","species":"Rotom-Heat","item":"lightclay","ability":"Levitate","moves":["voltswitch","painsplit","reflect","lightscreen"],"nature":"Timid","evs":{"hp":236,"atk":0,"def":8,"spa":4,"spd":8,"spe":252},"ivs":{"hp":31,"atk":31,"def":31,"spa":31,"spd":31,"spe":31}},{"name":"Swordsman","species":"infernape","item":"focussash","ability":"Iron Fist","moves":["firepunch","machpunch","thunderpunch","swordsdance"],"nature":"Jolly","evs":{"hp":4,"atk":252,"def":0,"spa":0,"spd":0,"spe":252},"ivs":{"hp":31,"atk":31,"def":31,"spa":31,"spd":31,"spe":31}},{"name":"Charizard","species":"Charizard","item":"charizarditey","ability":"Blaze","moves":["fireblast","solarbeam","airslash","roost"],"nature":"Timid","evs":{"hp":0,"atk":0,"def":0,"spa":252,"spd":4,"spe":252},"ivs":{"hp":31,"atk":31,"def":31,"spa":31,"spd":31,"spe":31}}],"log":["|player|p1|Shining Yin|277","|player|p2|GL♅Reshiram|163","|gametype|singles","|gen|6","|tier|Monotype","|rated","|rule|Baton Pass Clause: Limit one Baton Passer, can't pass Spe and other stats simultaneously","|rule|Swagger Clause: Swagger is banned","|rule|Same Type Clause: Pokémon in a team must share a type","|clearpoke","|poke|p1|Chansey, F","|poke|p1|Porygon2","|poke|p1|Pidgeot, M","|poke|p1|Staraptor, M","|poke|p1|Diggersby, M","|poke|p1|Heliolisk, M","|poke|p2|Heatran, F","|poke|p2|Ninetales, M","|poke|p2|Torkoal, F","|poke|p2|Rotom-Heat","|poke|p2|Infernape, M","|poke|p2|Charizard, F","|rule|Sleep Clause Mod: Limit one foe put to sleep","|rule|Species Clause: Limit one of each Pokémon","|rule|OHKO Clause: OHKO moves are banned","|rule|Moody Clause: Moody is banned","|rule|Evasion Moves Clause: Evasion moves are banned","|rule|Endless Battle Clause: Forcing endless battles is banned","|rule|HP Percentage Mod: HP is shown in percentages","|teampreview","|","|start","|switch|p1a: Pidgeot|Pidgeot, M|307/307","|switch|p2a: Rotom-Heat|Rotom-Heat|300/300","|turn|1","|","|switch|p1a: Chansey|Chansey, F|641/641","|move|p2a: Rotom-Heat|Reflect|p2a: Rotom-Heat","|-sidestart|p2: GL♅Reshiram|Reflect","|","|turn|2","|","|move|p2a: Rotom-Heat|Light Screen|p2a: Rotom-Heat","|-sidestart|p2: GL♅Reshiram|move: Light Screen","|move|p1a: Chansey|Stealth Rock|p2a: Rotom-Heat","|-sidestart|p2: GL♅Reshiram|move: Stealth Rock","|","|turn|3","|","|move|p2a: Rotom-Heat|Volt Switch|p1a: Chansey","|-damage|p1a: Chansey|596/641","|","|switch|p2a: Torkoal|Torkoal, F|344/344","|-damage|p2a: Torkoal|258/344|[from] Stealth Rock","|move|p1a: Chansey|Seismic Toss|p2a: Torkoal","|-damage|p2a: Torkoal|158/344","|","|-heal|p2a: Torkoal|179/344|[from] item: Leftovers","|turn|4","|","|move|p2a: Torkoal|Protect|p2a: Torkoal","|-singleturn|p2a: Torkoal|Protect","|move|p1a: Chansey|Seismic Toss|p2a: Torkoal","|-activate|p2a: Torkoal|Protect","|","|-heal|p2a: Torkoal|200/344|[from] item: Leftovers","|turn|5","|","|move|p1a: Chansey|Seismic Toss|p2a: Torkoal","|-damage|p2a: Torkoal|100/344","|move|p2a: Torkoal|Will-O-Wisp|p1a: Chansey","|-status|p1a: Chansey|brn","|","|-heal|p2a: Torkoal|121/344|[from] item: Leftovers","|-damage|p1a: Chansey|516/641 brn|[from] brn","|turn|6","|","|switch|p1a: Heliolisk|Heliolisk, M|265/265","|move|p2a: Torkoal|Protect|p2a: Torkoal","|-fail|p2a: Torkoal","|","|-heal|p2a: Torkoal|142/344|[from] item: Leftovers","|turn|7","|","|move|p2a: Torkoal|Protect|p2a: Torkoal","|-singleturn|p2a: Torkoal|Protect","|move|p1a: Heliolisk|Surf|p2a: Torkoal","|-activate|p2a: Torkoal|Protect","|","|-heal|p2a: Torkoal|163/344|[from] item: Leftovers","|turn|8","|","|move|p1a: Heliolisk|Surf|p2a: Torkoal","|-supereffective|p2a: Torkoal","|-damage|p2a: Torkoal|1/344","|-damage|p1a: Heliolisk|239/265|[from] item: Life Orb","|move|p2a: Torkoal|Rapid Spin|p1a: Heliolisk","|-damage|p1a: Heliolisk|217/265","|-sideend|p2: GL♅Reshiram|Stealth Rock|[from] move: Rapid Spin|[of] p2a: Torkoal","|","|-heal|p2a: Torkoal|22/344|[from] item: Leftovers","|-sideend|p2: GL♅Reshiram|Reflect","|turn|9","|","|switch|p2a: Conductor|Heatran, F|324/324","|move|p1a: Heliolisk|Volt Switch|p2a: Conductor","|-damage|p2a: Conductor|286/324","|-damage|p1a: Heliolisk|191/265|[from] item: Life Orb","|","|switch|p1a: Chansey|Chansey, F|516/641","|","|-sideend|p2: GL♅Reshiram|move: Light Screen","|turn|10","|","|switch|p2a: Ninetales|Ninetales, M|287/287","|-weather|SunnyDay","|move|p1a: Chansey|Stealth Rock|p2a: Ninetales","|-sidestart|p2: GL♅Reshiram|move: Stealth Rock","|","|-weather|SunnyDay|[upkeep]","|turn|11","|","|move|p2a: Ninetales|Nasty Plot|p2a: Ninetales","|-boost|p2a: Ninetales|spa|2","|move|p1a: Chansey|Thunder Wave|p2a: Ninetales","|-status|p2a: Ninetales|par","|","|-weather|SunnyDay|[upkeep]","|turn|12","|","|move|p1a: Chansey|Seismic Toss|p2a: Ninetales","|-damage|p2a: Ninetales|187/287 par","|move|p2a: Ninetales|Nasty Plot|p2a: Ninetales","|-boost|p2a: Ninetales|spa|2","|","|-weather|SunnyDay|[upkeep]","|turn|13","|","|move|p1a: Chansey|Seismic Toss|p2a: Ninetales","|-damage|p2a: Ninetales|87/287 par","|cant|p2a: Ninetales|par","|","|-weather|SunnyDay|[upkeep]","|turn|14","|","|move|p1a: Chansey|Seismic Toss|p2a: Ninetales","|-damage|p2a: Ninetales|0 fnt","|faint|p2a: Ninetales","|","|-weather|none","|","|switch|p2a: Rotom-Heat|Rotom-Heat|300/300","|-damage|p2a: Rotom-Heat|225/300|[from] Stealth Rock","|turn|15","|","|move|p2a: Rotom-Heat|Light Screen|p2a: Rotom-Heat","|-sidestart|p2: GL♅Reshiram|move: Light Screen","|move|p1a: Chansey|Seismic Toss|p2a: Rotom-Heat","|-damage|p2a: Rotom-Heat|125/300","|","|turn|16","|","|move|p2a: Rotom-Heat|Reflect|p2a: Rotom-Heat","|-sidestart|p2: GL♅Reshiram|Reflect","|move|p1a: Chansey|Seismic Toss|p2a: Rotom-Heat","|-damage|p2a: Rotom-Heat|25/300","|","|turn|17","|","|move|p2a: Rotom-Heat|Pain Split|p1a: Chansey","|-sethp|p1a: Chansey|270/641|p2a: Rotom-Heat|270/300|[from] move: Pain Split","|move|p1a: Chansey|Soft-Boiled|p1a: Chansey","|-heal|p1a: Chansey|591/641","|","|turn|18","|","|move|p2a: Rotom-Heat|Volt Switch|p1a: Chansey","|-crit|p1a: Chansey","|-damage|p1a: Chansey|519/641","|","|switch|p2a: Charizard|Charizard, F|297/297","|-damage|p2a: Charizard|149/297|[from] Stealth Rock","|move|p1a: Chansey|Seismic Toss|p2a: Charizard","|-damage|p2a: Charizard|49/297","|","|turn|19","|","|detailschange|p2a: Charizard|Charizard-Mega-Y, F","|-mega|p2a: Charizard|Charizard|Charizardite Y","|-weather|SunnyDay","|move|p2a: Charizard|Roost|p2a: Charizard","|-heal|p2a: Charizard|198/297","|move|p1a: Chansey|Seismic Toss|p2a: Charizard","|-damage|p2a: Charizard|98/297","|","|-weather|SunnyDay|[upkeep]","|turn|20","|","|move|p2a: Charizard|Roost|p2a: Charizard","|-heal|p2a: Charizard|247/297","|move|p1a: Chansey|Thunder Wave|p2a: Charizard","|-status|p2a: Charizard|par","|","|-weather|SunnyDay|[upkeep]","|turn|21","|","|move|p1a: Chansey|Seismic Toss|p2a: Charizard","|-damage|p2a: Charizard|147/297 par","|cant|p2a: Charizard|par","|","|-weather|SunnyDay|[upkeep]","|turn|22","|","|move|p1a: Chansey|Seismic Toss|p2a: Charizard","|-damage|p2a: Charizard|47/297 par","|move|p2a: Charizard|Fire Blast|p1a: Chansey","|-damage|p1a: Chansey|333/641","|","|-weather|SunnyDay|[upkeep]","|-sideend|p2: GL♅Reshiram|move: Light Screen","|turn|23","|","|switch|p2a: Torkoal|Torkoal, F|22/344","|-damage|p2a: Torkoal|0 fnt|[from] Stealth Rock","|faint|p2a: Torkoal","|move|p1a: Chansey|Seismic Toss|p2: Torkoal|[notarget]","|-notarget","|","|-weather|none","|-sideend|p2: GL♅Reshiram|Reflect","|","|switch|p2a: Conductor|Heatran, F|286/324","|-damage|p2a: Conductor|246/324|[from] Stealth Rock","|turn|24","|","|move|p2a: Conductor|Flash Cannon|p1a: Chansey","|-damage|p1a: Chansey|249/641","|move|p1a: Chansey|Soft-Boiled|p1a: Chansey","|-heal|p1a: Chansey|570/641","|","|turn|25","|","|move|p2a: Conductor|Flash Cannon|p1a: Chansey","|-damage|p1a: Chansey|491/641","|-unboost|p1a: Chansey|spd|1","|move|p1a: Chansey|Thunder Wave|p2a: Conductor","|-status|p2a: Conductor|par","|","|turn|26","|","|move|p1a: Chansey|Seismic Toss|p2a: Conductor","|-damage|p2a: Conductor|146/324 par","|move|p2a: Conductor|Flash Cannon|p1a: Chansey","|-damage|p1a: Chansey|368/641","|","|turn|27","|","|move|p1a: Chansey|Soft-Boiled|p1a: Chansey","|-heal|p1a: Chansey|641/641","|move|p2a: Conductor|Flash Cannon|p1a: Chansey","|-crit|p1a: Chansey","|-damage|p1a: Chansey|469/641","|","|turn|28","|","|move|p1a: Chansey|Seismic Toss|p2a: Conductor","|-damage|p2a: Conductor|46/324 par","|cant|p2a: Conductor|par","|","|turn|29","|","|move|p1a: Chansey|Seismic Toss|p2a: Conductor","|-damage|p2a: Conductor|0 fnt","|faint|p2a: Conductor","|","|","|switch|p2a: Charizard|Charizard-Mega-Y, F|47/297 par","|-damage|p2a: Charizard|0 fnt|[from] Stealth Rock","|faint|p2a: Charizard","|","|switch|p2a: Rotom-Heat|Rotom-Heat|270/300","|-damage|p2a: Rotom-Heat|195/300|[from] Stealth Rock","|turn|30","|","|move|p2a: Rotom-Heat|Light Screen|p2a: Rotom-Heat","|-sidestart|p2: GL♅Reshiram|move: Light Screen","|move|p1a: Chansey|Seismic Toss|p2a: Rotom-Heat","|-damage|p2a: Rotom-Heat|95/300","|","|turn|31","|","|move|p2a: Rotom-Heat|Pain Split|p1a: Chansey","|-sethp|p1a: Chansey|282/641|p2a: Rotom-Heat|282/300|[from] move: Pain Split","|move|p1a: Chansey|Seismic Toss|p2a: Rotom-Heat","|-damage|p2a: Rotom-Heat|182/300","|","|turn|32","|","|move|p2a: Rotom-Heat|Reflect|p2a: Rotom-Heat","|-sidestart|p2: GL♅Reshiram|Reflect","|move|p1a: Chansey|Seismic Toss|p2a: Rotom-Heat","|-damage|p2a: Rotom-Heat|82/300","|","|turn|33","|","|move|p2a: Rotom-Heat|Pain Split|p1a: Chansey","|-sethp|p1a: Chansey|182/641|p2a: Rotom-Heat|182/300|[from] move: Pain Split","|move|p1a: Chansey|Seismic Toss|p2a: Rotom-Heat","|-damage|p2a: Rotom-Heat|82/300","|","|turn|34","|","|move|p2a: Rotom-Heat|Volt Switch|p1a: Chansey","|-damage|p1a: Chansey|112/641","|","|switch|p2a: Swordsman|Infernape, M|294/294","|-damage|p2a: Swordsman|258/294|[from] Stealth Rock","|move|p1a: Chansey|Seismic Toss|p2a: Swordsman","|-damage|p2a: Swordsman|158/294","|","|turn|35","|","|move|p2a: Swordsman|Swords Dance|p2a: Swordsman","|-boost|p2a: Swordsman|atk|2","|move|p1a: Chansey|Seismic Toss|p2a: Swordsman","|-damage|p2a: Swordsman|58/294","|","|turn|36","|","|move|p2a: Swordsman|Mach Punch|p1a: Chansey","|-supereffective|p1a: Chansey","|-damage|p1a: Chansey|0 fnt","|faint|p1a: Chansey","|","|","|switch|p1a: Staraptor|Staraptor, M|311/311","|turn|37","|","|move|p1a: Staraptor|Close Combat|p2a: Swordsman","|-damage|p2a: Swordsman|0 fnt","|-unboost|p1a: Staraptor|def|1","|-unboost|p1a: Staraptor|spd|1","|faint|p2a: Swordsman","|","|-sideend|p2: GL♅Reshiram|move: Light Screen","|","|switch|p2a: Rotom-Heat|Rotom-Heat|82/300","|-damage|p2a: Rotom-Heat|7/300|[from] Stealth Rock","|turn|38","|","|move|p1a: Staraptor|Close Combat|p2a: Rotom-Heat","|-damage|p2a: Rotom-Heat|0 fnt","|-unboost|p1a: Staraptor|def|1","|-unboost|p1a: Staraptor|spd|1","|faint|p2a: Rotom-Heat","|","|win|Shining Yin"],"p1rating":{"entryid":"71235","serverid":"eos","formatid":"monotype","userid":"shiningyin","username":"Shining Yin","w":47,"l":"24","t":"0","gxe":63.2,"r":"1592.048577857","rd":"44.744883176766","sigma":"0","rptime":"1440320400","rpr":1602.4615809166,"rprd":43.88500036256,"rpsigma":"0","acre":1163.1942194191,"lacre":1163.1942194191,"oldacre":"1145.8355037825"},"p2rating":{"entryid":"319032","serverid":"eos","formatid":"monotype","userid":"glreshiram","username":"GL♅Reshiram","w":"3","l":4,"t":"0","gxe":44.9,"r":"1504.2504998354","rd":"102.54067115159","sigma":"0","rptime":"1440320400","rpr":1460.1593179103,"rprd":95.425734747531,"rpsigma":"0","acre":1025.4285472754,"lacre":1025.4285472754,"oldacre":"1036.1356437112"},"endType":"normal"}