{"seed":[53794,5204,14955,54582],"turns":22,"p1":"GTX♅Jasper","p2":"Knight Applejack","p1team":[{"name":"Lanturn","species":"Lanturn","item":"leftovers","ability":"Volt Absorb","moves":["healbell","scald","voltswitch","toxic"],"nature":"Calm","evs":{"hp":40,"atk":0,"def":252,"spa":0,"spd":216,"spe":0},"gender":"M","ivs":{"hp":31,"atk":0,"def":31,"spa":31,"spd":31,"spe":31},"shiny":true},{"name":"Empoleon","species":"Empoleon","item":"leftovers","ability":"Torrent","moves":["scald","toxic","stealthrock","roar"],"nature":"Calm","evs":{"hp":252,"atk":0,"def":0,"spa":0,"spd":252,"spe":4},"gender":"M","ivs":{"hp":31,"atk":0,"def":31,"spa":31,"spd":31,"spe":31},"shiny":true},{"name":"Azumarill","species":"Azumarill","item":"sitrusberry","ability":"Sap Sipper","moves":["icepunch","aquajet","playrough","bellydrum"],"nature":"Adamant","evs":{"hp":92,"atk":252,"def":0,"spa":0,"spd":0,"spe":164},"gender":"F","ivs":{"hp":31,"atk":31,"def":31,"spa":31,"spd":31,"spe":31}},{"name":"Quagsire","species":"Quagsire","item":"leftovers","ability":"Unaware","moves":["recover","toxic","scald","counter"],"nature":"Relaxed","evs":{"hp":252,"atk":0,"def":252,"spa":0,"spd":4,"spe":0},"gender":"F","ivs":{"hp":31,"atk":31,"def":31,"spa":31,"spd":31,"spe":31}},{"name":"Sharpedo","species":"Sharpedo","item":"sharpedonite","ability":"Speed Boost","moves":["protect","crunch","waterfall","icefang"],"nature":"Jolly","evs":{"hp":0,"atk":252,"def":4,"spa":0,"spd":0,"spe":252},"gender":"M","ivs":{"hp":31,"atk":31,"def":31,"spa":31,"spd":31,"spe":31}},{"name":"Gyarados","species":"Gyarados","item":"leftovers","ability":"Moxie","moves":["dragondance","bounce","waterfall","substitute"],"nature":"Jolly","evs":{"hp":88,"atk":220,"def":4,"spa":0,"spd":0,"spe":196},"ivs":{"hp":31,"atk":31,"def":31,"spa":31,"spd":31,"spe":31}}],"p2team":[{"name":"Landorus-Therian","species":"Landorus-Therian","item":"choicescarf","ability":"Intimidate","moves":["earthquake","knockoff","stoneedge","uturn"],"nature":"Jolly","evs":{"hp":0,"atk":252,"def":0,"spa":0,"spd":4,"spe":252},"ivs":{"hp":31,"atk":31,"def":31,"spa":31,"spd":31,"spe":31}},{"name":"Aerodactyl","species":"Aerodactyl","item":"focussash","ability":"Rock Head","moves":["stealthrock","tailwind","taunt","stoneedge"],"nature":"Jolly","evs":{"hp":0,"atk":252,"def":0,"spa":0,"spd":0,"spe":252},"ivs":{"hp":31,"atk":31,"def":31,"spa":31,"spd":31,"spe":31}},{"name":"Pidgeot","species":"Pidgeot","item":"pidgeotite","ability":"Keen Eye","moves":["hurricane","roost","substitute","heatwave"],"nature":"Timid","evs":{"hp":0,"atk":0,"def":0,"spa":252,"spd":4,"spe":252},"ivs":{"hp":31,"atk":30,"def":30,"spa":31,"spd":31,"spe":31}},{"name":"Salamence","species":"Salamence","item":"assaultvest","ability":"Intimidate","moves":["dracometeor","dragonclaw","flamethrower","earthquake"],"nature":"Hasty","evs":{"hp":0,"atk":252,"def":0,"spa":4,"spd":0,"spe":252},"ivs":{"hp":31,"atk":31,"def":31,"spa":31,"spd":31,"spe":31}},{"name":"Thundurus-Therian","species":"Thundurus-Therian","item":"lifeorb","ability":"Volt Absorb","moves":["bulkup","wildcharge","knockoff","superpower"],"nature":"Jolly","evs":{"hp":0,"atk":252,"def":0,"spa":0,"spd":4,"spe":252},"ivs":{"hp":31,"atk":31,"def":31,"spa":31,"spd":31,"spe":31}},{"name":"Moltres","species":"Moltres","item":"lifeorb","ability":"Pressure","moves":["defog","fireblast","hurricane","roost"],"nature":"Serious","evs":{"hp":4,"atk":0,"def":0,"spa":252,"spd":0,"spe":252},"ivs":{"hp":31,"atk":31,"def":31,"spa":31,"spd":31,"spe":31}}],"log":["|player|p1|GTX♅Jasper|99","|player|p2|Knight Applejack|27","|gametype|singles","|gen|6","|tier|Monotype","|rated","|rule|Baton Pass Clause: Limit one Baton Passer, can't pass Spe and other stats simultaneously","|rule|Swagger Clause: Swagger is banned","|rule|Same Type Clause: Pokémon in a team must share a type","|clearpoke","|poke|p1|Lanturn, M, shiny","|poke|p1|Empoleon, M, shiny","|poke|p1|Azumarill, F","|poke|p1|Quagsire, F","|poke|p1|Sharpedo, M","|poke|p1|Gyarados, F","|poke|p2|Landorus-Therian, M","|poke|p2|Aerodactyl, M","|poke|p2|Pidgeot, F","|poke|p2|Salamence, M","|poke|p2|Thundurus-Therian, M","|poke|p2|Moltres","|rule|Sleep Clause Mod: Limit one foe put to sleep","|rule|Species Clause: Limit one of each Pokémon","|rule|OHKO Clause: OHKO moves are banned","|rule|Moody Clause: Moody is banned","|rule|Evasion Moves Clause: Evasion moves are banned","|rule|Endless Battle Clause: Forcing endless battles is banned","|rule|HP Percentage Mod: HP is shown in percentages","|teampreview","|","|start","|switch|p1a: Sharpedo|Sharpedo, M|281/281","|switch|p2a: Thundurus-Therian|Thundurus-Therian, M|299/299","|turn|1","|","|switch|p2a: Aerodactyl|Aerodactyl, M|301/301","|switch|p1a: Quagsire|Quagsire, F|394/394","|","|turn|2","|","|move|p2a: Aerodactyl|Taunt|p1a: Quagsire","|-start|p1a: Quagsire|move: Taunt","|move|p1a: Quagsire|Scald|p2a: Aerodactyl","|-crit|p2a: Aerodactyl","|-supereffective|p2a: Aerodactyl","|-damage|p2a: Aerodactyl|55/301","|","|turn|3","|","|move|p2a: Aerodactyl|Stealth Rock|p1a: Quagsire","|-sidestart|p1: GTX♅Jasper|move: Stealth Rock","|move|p1a: Quagsire|Scald|p2a: Aerodactyl","|-supereffective|p2a: Aerodactyl","|-damage|p2a: Aerodactyl|0 fnt","|faint|p2a: Aerodactyl","|","|","|switch|p2a: Pidgeot|Pidgeot, F|307/307","|turn|4","|","|switch|p1a: Empoleon|Empoleon, M, shiny|372/372","|-damage|p1a: Empoleon|349/372|[from] Stealth Rock","|detailschange|p2a: Pidgeot|Pidgeot-Mega, F","|-mega|p2a: Pidgeot|Pidgeot|Pidgeotite","|move|p2a: Pidgeot|Hurricane|p1a: Empoleon","|-resisted|p1a: Empoleon","|-damage|p1a: Empoleon|279/372","|","|-heal|p1a: Empoleon|302/372|[from] item: Leftovers","|turn|5","|","|switch|p2a: Moltres|Moltres|322/322","|-ability|p2a: Moltres|Pressure","|move|p1a: Empoleon|Scald|p2a: Moltres","|-supereffective|p2a: Moltres","|-damage|p2a: Moltres|70/322","|","|-heal|p1a: Empoleon|325/372|[from] item: Leftovers","|turn|6","|","|move|p2a: Moltres|Fire Blast|p1a: Empoleon","|-damage|p1a: Empoleon|161/372","|-damage|p2a: Moltres|38/322|[from] item: Life Orb","|move|p1a: Empoleon|Scald|p2a: Moltres","|-supereffective|p2a: Moltres","|-damage|p2a: Moltres|0 fnt","|faint|p2a: Moltres","|","|-heal|p1a: Empoleon|184/372|[from] item: Leftovers","|","|switch|p2a: Salamence|Salamence, M|331/331","|-ability|p2a: Salamence|Intimidate","|-unboost|p1a: Empoleon|atk|1","|turn|7","|","|move|p2a: Salamence|Earthquake|p1a: Empoleon","|-supereffective|p1a: Empoleon","|-damage|p1a: Empoleon|0 fnt","|faint|p1a: Empoleon","|","|","|switch|p1a: Sharpedo|Sharpedo, M|281/281","|-damage|p1a: Sharpedo|246/281|[from] Stealth Rock","|turn|8","|","|switch|p2a: Landorus-Therian|Landorus-Therian, M|319/319","|-ability|p2a: Landorus-Therian|Intimidate","|-unboost|p1a: Sharpedo|atk|1","|detailschange|p1a: Sharpedo|Sharpedo-Mega, M","|-mega|p1a: Sharpedo|Sharpedo|Sharpedonite","|move|p1a: Sharpedo|Protect|p1a: Sharpedo","|-fail|p1a: Sharpedo","|","|turn|9","|","|move|p1a: Sharpedo|Protect|p1a: Sharpedo","|-singleturn|p1a: Sharpedo|Protect","|move|p2a: Landorus-Therian|U-turn|p1a: Sharpedo","|-activate|p1a: Sharpedo|Protect","|","|turn|10","|","|move|p2a: Landorus-Therian|U-turn|p1a: Sharpedo","|-supereffective|p1a: Sharpedo","|-damage|p1a: Sharpedo|0 fnt","|faint|p1a: Sharpedo","|","|switch|p2a: Salamence|Salamence, M|331/331","|","|","|switch|p1a: Azumarill|Azumarill, F|364/364","|-damage|p1a: Azumarill|319/364|[from] Stealth Rock","|turn|11","|","|switch|p2a: Landorus-Therian|Landorus-Therian, M|319/319","|-ability|p2a: Landorus-Therian|Intimidate","|-unboost|p1a: Azumarill|atk|1","|move|p1a: Azumarill|Belly Drum|p1a: Azumarill","|-damage|p1a: Azumarill|137/364","|-setboost|p1a: Azumarill|atk|6|[from] move: Belly Drum","|-enditem|p1a: Azumarill|Sitrus Berry|[eat]","|-heal|p1a: Azumarill|228/364|[from] item: Sitrus Berry","|","|turn|12","|","|switch|p2a: Salamence|Salamence, M|331/331","|-ability|p2a: Salamence|Intimidate","|-unboost|p1a: Azumarill|atk|1","|move|p1a: Azumarill|Aqua Jet|p2a: Salamence","|-resisted|p2a: Salamence","|-damage|p2a: Salamence|226/331","|","|turn|13","|","|move|p2a: Salamence|Earthquake|p1a: Azumarill","|-damage|p1a: Azumarill|72/364","|move|p1a: Azumarill|Ice Punch|p2a: Salamence","|-supereffective|p2a: Salamence","|-damage|p2a: Salamence|0 fnt","|faint|p2a: Salamence","|","|","|switch|p2a: Thundurus-Therian|Thundurus-Therian, M|299/299","|turn|14","|","|move|p1a: Azumarill|Aqua Jet|p2a: Thundurus-Therian","|-damage|p2a: Thundurus-Therian|100/299","|move|p2a: Thundurus-Therian|Wild Charge|p1a: Azumarill","|-supereffective|p1a: Azumarill","|-damage|p1a: Azumarill|0 fnt","|-damage|p2a: Thundurus-Therian|82/299|[from] recoil|[of] p1a: Azumarill","|-damage|p2a: Thundurus-Therian|53/299|[from] item: Life Orb","|faint|p1a: Azumarill","|","|","|switch|p1a: Lanturn|Lanturn, M, shiny|401/401","|-damage|p1a: Lanturn|351/401|[from] Stealth Rock","|turn|15","|","|move|p2a: Thundurus-Therian|Knock Off|p1a: Lanturn","|-damage|p1a: Lanturn|202/401","|-enditem|p1a: Lanturn|Leftovers|[from] move: Knock Off|[of] p2a: Thundurus-Therian","|-damage|p2a: Thundurus-Therian|24/299|[from] item: Life Orb","|move|p1a: Lanturn|Scald|p2a: Thundurus-Therian","|-damage|p2a: Thundurus-Therian|0 fnt","|faint|p2a: Thundurus-Therian","|","|","|switch|p2a: Landorus-Therian|Landorus-Therian, M|319/319","|-ability|p2a: Landorus-Therian|Intimidate","|-unboost|p1a: Lanturn|atk|1","|turn|16","|","|move|p2a: Landorus-Therian|Stone Edge|p1a: Lanturn","|-damage|p1a: Lanturn|57/401","|move|p1a: Lanturn|Scald|p2a: Landorus-Therian","|-supereffective|p2a: Landorus-Therian","|-damage|p2a: Landorus-Therian|139/319","|","|turn|17","|","|switch|p1a: Quagsire|Quagsire, F|394/394","|-damage|p1a: Quagsire|370/394|[from] Stealth Rock","|move|p2a: Landorus-Therian|Stone Edge|p1a: Quagsire|[miss]","|-miss|p2a: Landorus-Therian|p1a: Quagsire","|","|-heal|p1a: Quagsire|394/394|[from] item: Leftovers","|turn|18","|","|move|p2a: Landorus-Therian|Stone Edge|p1a: Quagsire","|-crit|p1a: Quagsire","|-resisted|p1a: Quagsire","|-damage|p1a: Quagsire|323/394","|move|p1a: Quagsire|Scald|p2a: Landorus-Therian","|-supereffective|p2a: Landorus-Therian","|-damage|p2a: Landorus-Therian|0 fnt","|faint|p2a: Landorus-Therian","|","|-heal|p1a: Quagsire|347/394|[from] item: Leftovers","|","|switch|p2a: Pidgeot|Pidgeot-Mega, F|307/307","|turn|19","|","|move|p2a: Pidgeot|Hurricane|p1a: Quagsire","|-damage|p1a: Quagsire|79/394","|move|p1a: Quagsire|Scald|p2a: Pidgeot","|-damage|p2a: Pidgeot|225/307","|","|-heal|p1a: Quagsire|103/394|[from] item: Leftovers","|turn|20","|","|switch|p1a: Lanturn|Lanturn, M, shiny|57/401","|-damage|p1a: Lanturn|7/401|[from] Stealth Rock","|move|p2a: Pidgeot|Hurricane|p1a: Lanturn","|-resisted|p1a: Lanturn","|-damage|p1a: Lanturn|0 fnt","|faint|p1a: Lanturn","|","|","|switch|p1a: Gyarados|Gyarados, F|353/353","|-damage|p1a: Gyarados|265/353|[from] Stealth Rock","|turn|21","|","|move|p2a: Pidgeot|Hurricane|p1a: Gyarados","|-damage|p1a: Gyarados|54/353","|-start|p1a: Gyarados|confusion","|-activate|p1a: Gyarados|confusion","|-damage|p1a: Gyarados|0 fnt|[from] confusion","|faint|p1a: Gyarados","|","|","|switch|p1a: Quagsire|Quagsire, F|103/394","|-damage|p1a: Quagsire|79/394|[from] Stealth Rock","|turn|22","|","|move|p2a: Pidgeot|Hurricane|p1a: Quagsire","|-damage|p1a: Quagsire|0 fnt","|faint|p1a: Quagsire","|","|win|Knight Applejack"],"p1rating":{"entryid":"227684","serverid":"eos","formatid":"monotype","userid":"gtxjasper","username":"GTX♅Jasper","w":"0","l":3,"t":"0","gxe":38.5,"r":"1435.0296434376","rd":"117.66819425196","sigma":"0","rptime":"1440234000","rpr":1407.1487473501,"rprd":112.44061792931,"rpsigma":"0","acre":1000,"lacre":1000,"oldacre":"1000"},"p2rating":{"entryid":"323490","serverid":"eos","formatid":"monotype","userid":"knightapplejack","username":"Knight Applejack","w":3,"l":"6","t":"0","gxe":39.3,"r":"1500","rd":"130","sigma":"0","rptime":"1440234000","rpr":1415.3097599055,"rprd":90.071502527878,"rpsigma":"0","acre":1074.0282815981,"lacre":1074.0282815981,"oldacre":"1045.0785743591"},"endType":"normal"}