{"seed":[12069,9506,36103,27393],"turns":26,"p1":"Void SYB3R","p2":"GTX♅Bzumzum","p1team":[{"name":"Scizor","species":"Scizor","item":"scizorite","ability":"Light Metal","moves":["bulletpunch","knockoff","swordsdance","roost"],"nature":"Impish","evs":{"hp":248,"atk":88,"def":172,"spa":0,"spd":0,"spe":0},"ivs":{"hp":31,"atk":31,"def":31,"spa":31,"spd":31,"spe":31}},{"name":"Volcarona","species":"Volcarona","item":"assaultvest","ability":"Flame Body","moves":["fierydance","overheat","hiddenpowerground","gigadrain"],"nature":"Timid","evs":{"hp":0,"atk":0,"def":0,"spa":252,"spd":72,"spe":184},"ivs":{"hp":31,"atk":0,"def":31,"spa":30,"spd":30,"spe":31}},{"name":"Armaldo","species":"Armaldo","item":"assaultvest","ability":"Battle Armor","moves":["rocktomb","earthquake","aquajet","rapidspin"],"nature":"Careful","evs":{"hp":248,"atk":252,"def":0,"spa":0,"spd":8,"spe":0},"ivs":{"hp":31,"atk":31,"def":31,"spa":31,"spd":31,"spe":31}},{"name":"Heracross","species":"Heracross","item":"choicescarf","ability":"Moxie","moves":["megahorn","closecombat","earthquake","rockslide"],"nature":"Adamant","evs":{"hp":0,"atk":252,"def":0,"spa":0,"spd":4,"spe":252},"ivs":{"hp":31,"atk":31,"def":31,"spa":31,"spd":31,"spe":31}},{"name":"Shuckie","species":"shuckle","item":"mentalherb","ability":"Sturdy","moves":["stealthrock","stickyweb","encore","infestation"],"nature":"Bold","evs":{"hp":252,"atk":0,"def":252,"spa":0,"spd":4,"spe":0},"shiny":true,"ivs":{"hp":31,"atk":31,"def":31,"spa":31,"spd":31,"spe":31}},{"name":"Galvantula","species":"Galvantula","item":"lifeorb","ability":"Compound Eyes","moves":["thunder","voltswitch","hiddenpowerice","gigadrain"],"nature":"Timid","evs":{"hp":0,"atk":0,"def":0,"spa":252,"spd":4,"spe":252},"ivs":{"hp":31,"atk":0,"def":30,"spa":31,"spd":31,"spe":31}}],"p2team":[{"name":"Abomasnow","species":"Abomasnow","item":"assaultvest","ability":"Snow Warning","moves":["blizzard","waterpulse","gigadrain","hiddenpowersteel"],"nature":"Modest","evs":{"hp":248,"atk":0,"def":0,"spa":252,"spd":8,"spe":0},"gender":"M","ivs":{"hp":31,"atk":31,"def":31,"spa":31,"spd":30,"spe":31},"shiny":true},{"name":"Serperior","species":"Serperior","item":"choicescarf","ability":"Contrary","moves":["outrage","aerialace","leafblade","aquatail"],"nature":"Jolly","evs":{"hp":0,"atk":252,"def":0,"spa":0,"spd":4,"spe":252},"gender":"M","ivs":{"hp":31,"atk":31,"def":30,"spa":31,"spd":30,"spe":30},"shiny":true},{"name":"Sceptile","species":"Sceptile","item":"sceptilite","ability":"Unburden","moves":["dragonpulse","hiddenpowerfire","gigadrain","detect"],"nature":"Modest","evs":{"hp":0,"atk":0,"def":0,"spa":252,"spd":4,"spe":252},"gender":"M","ivs":{"hp":31,"atk":30,"def":31,"spa":30,"spd":31,"spe":30},"shiny":true},{"name":"Ludicool","species":"ludicolo","item":"leftovers","ability":"Swift Swim","moves":["icebeam","scald","leechseed","raindance"],"nature":"Calm","evs":{"hp":200,"atk":0,"def":0,"spa":36,"spd":152,"spe":120},"gender":"M","shiny":true,"ivs":{"hp":31,"atk":31,"def":31,"spa":31,"spd":31,"spe":31}},{"name":"Great-ily","species":"cradily","item":"leftovers","ability":"Storm Drain","moves":["rockslide","earthquake","recover","toxic"],"nature":"Careful","evs":{"hp":196,"atk":0,"def":60,"spa":0,"spd":252,"spe":0},"gender":"M","shiny":true,"ivs":{"hp":31,"atk":31,"def":31,"spa":31,"spd":31,"spe":31}},{"name":"Plantasaurus","species":"venusaur","item":"assaultvest","ability":"Chlorophyll","moves":["gigadrain","hiddenpowerrock","sludgebomb","energyball"],"nature":"Modest","evs":{"hp":0,"atk":0,"def":0,"spa":252,"spd":196,"spe":60},"gender":"M","ivs":{"hp":31,"atk":31,"def":30,"spa":31,"spd":30,"spe":30},"shiny":true}],"log":["|player|p1|Void SYB3R|7","|player|p2|GTX♅Bzumzum|225","|gametype|singles","|gen|6","|tier|Monotype","|rated","|rule|Baton Pass Clause: Limit one Baton Passer, can't pass Spe and other stats simultaneously","|rule|Swagger Clause: Swagger is banned","|rule|Same Type Clause: Pokémon in a team must share a type","|clearpoke","|poke|p1|Scizor, F","|poke|p1|Volcarona, M","|poke|p1|Armaldo, M","|poke|p1|Heracross, F","|poke|p1|Shuckle, M, shiny","|poke|p1|Galvantula, M","|poke|p2|Abomasnow, M, shiny","|poke|p2|Serperior, M, shiny","|poke|p2|Sceptile, M, shiny","|poke|p2|Ludicolo, M, shiny","|poke|p2|Cradily, M, shiny","|poke|p2|Venusaur, M, shiny","|rule|Sleep Clause Mod: Limit one foe put to sleep","|rule|Species Clause: Limit one of each Pokémon","|rule|OHKO Clause: OHKO moves are banned","|rule|Moody Clause: Moody is banned","|rule|Evasion Moves Clause: Evasion moves are banned","|rule|Endless Battle Clause: Forcing endless battles is banned","|rule|HP Percentage Mod: HP is shown in percentages","|teampreview","|","|start","|switch|p1a: Shuckie|Shuckle, M, shiny|244/244","|switch|p2a: Abomasnow|Abomasnow, M, shiny|383/383","|-weather|Hail","|turn|1","|","|move|p2a: Abomasnow|Water Pulse|p1a: Shuckie","|-supereffective|p1a: Shuckie","|-damage|p1a: Shuckie|184/244","|move|p1a: Shuckie|Stealth Rock|p2a: Abomasnow","|-sidestart|p2: GTX♅Bzumzum|move: Stealth Rock","|","|-weather|Hail|[upkeep]","|-damage|p1a: Shuckie|169/244|[from] hail","|turn|2","|","|move|p2a: Abomasnow|Blizzard|p1a: Shuckie","|-damage|p1a: Shuckie|85/244","|move|p1a: Shuckie|Sticky Web|p2a: Abomasnow","|-sidestart|p2: GTX♅Bzumzum|move: Sticky Web","|","|-weather|Hail|[upkeep]","|-damage|p1a: Shuckie|70/244|[from] hail","|turn|3","|","|switch|p1a: Scizor|Scizor, F|343/343","|move|p2a: Abomasnow|Water Pulse|p1a: Scizor","|-damage|p1a: Scizor|270/343","|","|-weather|Hail|[upkeep]","|-damage|p1a: Scizor|249/343|[from] hail","|turn|4","|","|switch|p2a: Ludicool|Ludicolo, M, shiny|351/351","|-activate|p2a: Ludicool|move: Sticky Web","|-unboost|p2a: Ludicool|spe|1","|-damage|p2a: Ludicool|308/351|[from] Stealth Rock","|detailschange|p1a: Scizor|Scizor-Mega, F","|-mega|p1a: Scizor|Scizor|Scizorite","|move|p1a: Scizor|Swords Dance|p1a: Scizor","|-boost|p1a: Scizor|atk|2","|","|-weather|Hail|[upkeep]","|-damage|p1a: Scizor|228/343|[from] hail","|-damage|p2a: Ludicool|287/351|[from] hail","|-heal|p2a: Ludicool|308/351|[from] item: Leftovers","|turn|5","|","|move|p1a: Scizor|Knock Off|p2a: Ludicool","|-damage|p2a: Ludicool|22/351","|-enditem|p2a: Ludicool|Leftovers|[from] move: Knock Off|[of] p1a: Scizor","|move|p2a: Ludicool|Leech Seed|p1a: Scizor","|-start|p1a: Scizor|move: Leech Seed","|","|-weather|none","|-damage|p1a: Scizor|186/343|[from] Leech Seed|[of] p2a: Ludicool","|-heal|p2a: Ludicool|64/351|[silent]","|turn|6","|","|move|p1a: Scizor|Roost|p1a: Scizor","|-heal|p1a: Scizor|343/343","|move|p2a: Ludicool|Scald|p1a: Scizor","|-damage|p1a: Scizor|256/343","|-status|p1a: Scizor|brn","|","|-damage|p1a: Scizor|214/343 brn|[from] Leech Seed|[of] p2a: Ludicool","|-heal|p2a: Ludicool|106/351|[silent]","|-damage|p1a: Scizor|172/343 brn|[from] brn","|turn|7","|","|switch|p1a: Volcarona|Volcarona, M|311/311","|move|p2a: Ludicool|Scald|p1a: Volcarona","|-supereffective|p1a: Volcarona","|-damage|p1a: Volcarona|207/311","|","|turn|8","|","|move|p1a: Volcarona|Fiery Dance|p2a: Ludicool","|-damage|p2a: Ludicool|0 fnt","|-boost|p1a: Volcarona|spa|1","|faint|p2a: Ludicool","|","|","|switch|p2a: Great-ily|Cradily, M, shiny|362/362","|-activate|p2a: Great-ily|move: Sticky Web","|-unboost|p2a: Great-ily|spe|1","|-damage|p2a: Great-ily|317/362|[from] Stealth Rock","|turn|9","|","|switch|p1a: Scizor|Scizor-Mega, F|172/343 brn","|move|p2a: Great-ily|Rock Slide|p1a: Scizor","|-damage|p1a: Scizor|124/343 brn","|","|-heal|p2a: Great-ily|339/362|[from] item: Leftovers","|-damage|p1a: Scizor|82/343 brn|[from] brn","|turn|10","|","|move|p1a: Scizor|Roost|p1a: Scizor","|-heal|p1a: Scizor|254/343 brn","|move|p2a: Great-ily|Earthquake|p1a: Scizor","|-damage|p1a: Scizor|211/343 brn","|","|-heal|p2a: Great-ily|361/362|[from] item: Leftovers","|-damage|p1a: Scizor|169/343 brn|[from] brn","|turn|11","|","|move|p1a: Scizor|Bullet Punch|p2a: Great-ily","|-supereffective|p2a: Great-ily","|-damage|p2a: Great-ily|253/362","|move|p2a: Great-ily|Rock Slide|p1a: Scizor","|-damage|p1a: Scizor|121/343 brn","|","|-heal|p2a: Great-ily|275/362|[from] item: Leftovers","|-damage|p1a: Scizor|79/343 brn|[from] brn","|turn|12","|","|switch|p1a: Heracross|Heracross, F|301/301","|move|p2a: Great-ily|Rock Slide|p1a: Heracross","|-damage|p1a: Heracross|205/301","|","|-heal|p2a: Great-ily|297/362|[from] item: Leftovers","|turn|13","|","|move|p1a: Heracross|Megahorn|p2a: Great-ily|[miss]","|-miss|p1a: Heracross|p2a: Great-ily","|move|p2a: Great-ily|Toxic|p1a: Heracross|[miss]","|-miss|p2a: Great-ily|p1a: Heracross","|","|-heal|p2a: Great-ily|319/362|[from] item: Leftovers","|turn|14","|","|move|p1a: Heracross|Megahorn|p2a: Great-ily","|-supereffective|p2a: Great-ily","|-damage|p2a: Great-ily|0 fnt","|faint|p2a: Great-ily","|-boost|p1a: Heracross|atk|1|[from] ability: Moxie","|","|","|switch|p2a: Serperior|Serperior, M, shiny|291/291","|-damage|p2a: Serperior|255/291|[from] Stealth Rock","|-activate|p2a: Serperior|move: Sticky Web","|-boost|p2a: Serperior|spe|1","|turn|15","|","|switch|p1a: Volcarona|Volcarona, M|207/311","|move|p2a: Serperior|Aerial Ace|p1a: Volcarona","|-supereffective|p1a: Volcarona","|-damage|p1a: Volcarona|75/311","|","|turn|16","|","|move|p2a: Serperior|Aerial Ace|p1a: Volcarona","|-supereffective|p1a: Volcarona","|-damage|p1a: Volcarona|0 fnt","|faint|p1a: Volcarona","|","|","|switch|p1a: Galvantula|Galvantula, M|281/281","|turn|17","|","|move|p2a: Serperior|Aerial Ace|p1a: Galvantula","|-damage|p1a: Galvantula|202/281","|move|p1a: Galvantula|Hidden Power|p2a: Serperior","|-supereffective|p2a: Serperior","|-damage|p2a: Serperior|89/291","|-damage|p1a: Galvantula|174/281|[from] item: Life Orb","|","|turn|18","|","|switch|p2a: Abomasnow|Abomasnow, M, shiny|383/383","|-damage|p2a: Abomasnow|288/383|[from] Stealth Rock","|-activate|p2a: Abomasnow|move: Sticky Web","|-unboost|p2a: Abomasnow|spe|1","|-weather|Hail","|move|p1a: Galvantula|Hidden Power|p2a: Abomasnow","|-damage|p2a: Abomasnow|232/383","|-damage|p1a: Galvantula|146/281|[from] item: Life Orb","|","|-weather|Hail|[upkeep]","|-damage|p1a: Galvantula|129/281|[from] hail","|turn|19","|","|move|p1a: Galvantula|Volt Switch|p2a: Abomasnow","|-resisted|p2a: Abomasnow","|-damage|p2a: Abomasnow|179/383","|-damage|p1a: Galvantula|101/281|[from] item: Life Orb","|","|switch|p1a: Scizor|Scizor-Mega, F|79/343 brn","|move|p2a: Abomasnow|Giga Drain|p1a: Scizor","|-resisted|p1a: Scizor","|-damage|p1a: Scizor|50/343 brn","|-heal|p2a: Abomasnow|194/383|[from] drain|[of] p1a: Scizor","|","|-weather|Hail|[upkeep]","|-damage|p1a: Scizor|29/343 brn|[from] hail","|-damage|p1a: Scizor|0 fnt|[from] brn","|faint|p1a: Scizor","|","|switch|p1a: Heracross|Heracross, F|205/301","|turn|20","|","|move|p1a: Heracross|Close Combat|p2a: Abomasnow","|-supereffective|p2a: Abomasnow","|-damage|p2a: Abomasnow|0 fnt","|-unboost|p1a: Heracross|def|1","|-unboost|p1a: Heracross|spd|1","|faint|p2a: Abomasnow","|-boost|p1a: Heracross|atk|1|[from] ability: Moxie","|","|-weather|Hail|[upkeep]","|-damage|p1a: Heracross|187/301|[from] hail","|","|switch|p2a: Serperior|Serperior, M, shiny|89/291","|-activate|p2a: Serperior|move: Sticky Web","|-boost|p2a: Serperior|spe|1","|-damage|p2a: Serperior|53/291|[from] Stealth Rock","|turn|21","|","|switch|p1a: Armaldo|Armaldo, M|353/353","|move|p2a: Serperior|Aerial Ace|p1a: Armaldo","|-damage|p1a: Armaldo|300/353","|","|-weather|Hail|[upkeep]","|-damage|p2a: Serperior|35/291|[from] hail","|-damage|p1a: Armaldo|278/353|[from] hail","|turn|22","|","|switch|p2a: Sceptile|Sceptile, M, shiny|281/281","|-activate|p2a: Sceptile|move: Sticky Web","|-unboost|p2a: Sceptile|spe|1","|-damage|p2a: Sceptile|246/281|[from] Stealth Rock","|move|p1a: Armaldo|Rock Tomb|p2a: Sceptile","|-crit|p2a: Sceptile","|-damage|p2a: Sceptile|14/281","|-unboost|p2a: Sceptile|spe|1","|","|-weather|none","|turn|23","|","|detailschange|p2a: Sceptile|Sceptile-Mega, M, shiny","|-mega|p2a: Sceptile|Sceptile|Sceptilite","|move|p1a: Armaldo|Aqua Jet|p2a: Sceptile","|-resisted|p2a: Sceptile","|-damage|p2a: Sceptile|0 fnt","|faint|p2a: Sceptile","|","|","|switch|p2a: Plantasaurus|Venusaur, M, shiny|301/301","|-activate|p2a: Plantasaurus|move: Sticky Web","|-unboost|p2a: Plantasaurus|spe|1","|-damage|p2a: Plantasaurus|264/301|[from] Stealth Rock","|turn|24","|","|move|p2a: Plantasaurus|Giga Drain|p1a: Armaldo","|-damage|p1a: Armaldo|190/353","|-heal|p2a: Plantasaurus|301/301|[from] drain|[of] p1a: Armaldo","|move|p1a: Armaldo|Rock Tomb|p2a: Plantasaurus","|-damage|p2a: Plantasaurus|180/301","|-unboost|p2a: Plantasaurus|spe|1","|","|turn|25","|","|move|p1a: Armaldo|Earthquake|p2a: Plantasaurus","|-damage|p2a: Plantasaurus|35/301","|move|p2a: Plantasaurus|Giga Drain|p1a: Armaldo","|-damage|p1a: Armaldo|103/353","|-heal|p2a: Plantasaurus|79/301|[from] drain|[of] p1a: Armaldo","|","|turn|26","|","|move|p1a: Armaldo|Earthquake|p2a: Plantasaurus","|-damage|p2a: Plantasaurus|0 fnt","|faint|p2a: Plantasaurus","|","|","|switch|p2a: Serperior|Serperior, M, shiny|35/291","|-damage|p2a: Serperior|0 fnt|[from] Stealth Rock","|-activate|p2a: Serperior|move: Sticky Web","|faint|p2a: Serperior","|","|win|Void SYB3R"],"p1rating":{"entryid":"244800","serverid":"eos","formatid":"monotype","userid":"voidsyb3r","username":"Void SYB3R","w":2,"l":"1","t":"0","gxe":52.3,"r":"1496.6432268648","rd":"116.55205741198","sigma":"0","rptime":"1440493200","rpr":1518.4966287781,"rprd":111.43315292611,"rpsigma":"0","acre":1064.7011451203,"lacre":1064.7011451203,"oldacre":"1030.0742262252"},"p2rating":{"entryid":"1463","serverid":"eos","formatid":"monotype","userid":"gtxbzumzum","username":"GTX♅Bzumzum","w":"18","l":44,"t":"0","gxe":30.6,"r":"1355.4260720597","rd":"47.889477272369","sigma":"0","rptime":"1440493200","rpr":1344.9195953589,"rprd":46.915996909283,"rpsigma":"0","acre":1008.7106915662,"lacre":1008.7106915662,"oldacre":"1021.6341135942"},"endType":"normal"}