{"seed":[62865,26994,54954,39376],"turns":24,"p1":"Vodoom","p2":"SL Realms","p1team":[{"name":"バンギラス","species":"tyranitar","item":"assaultvest","ability":"Sand Stream","moves":["earthquake","darkpulse","ancientpower","flamethrower"],"nature":"Quiet","evs":{"hp":248,"atk":8,"def":0,"spa":252,"spd":0,"spe":0},"shiny":true,"ivs":{"hp":31,"atk":31,"def":31,"spa":31,"spd":31,"spe":31}},{"name":"テラキオン","species":"terrakion","item":"choicescarf","ability":"Justified","moves":["closecombat","earthquake","rockslide","quickattack"],"nature":"Jolly","evs":{"hp":0,"atk":252,"def":0,"spa":0,"spd":4,"spe":252},"shiny":true,"ivs":{"hp":31,"atk":31,"def":31,"spa":31,"spd":31,"spe":31}},{"name":"ボスゴドラ","species":"aggron","item":"aggronite","ability":"Sturdy","moves":["metalburst","firepunch","rest","earthquake"],"nature":"Impish","evs":{"hp":248,"atk":0,"def":252,"spa":0,"spd":8,"spe":0},"shiny":true,"ivs":{"hp":31,"atk":31,"def":31,"spa":31,"spd":31,"spe":31}},{"name":"リリーラ","species":"lileep","item":"eviolite","ability":"Storm Drain","moves":["recover","toxic","infestation","gigadrain"],"nature":"Calm","evs":{"hp":252,"atk":0,"def":0,"spa":4,"spd":252,"spe":0},"shiny":true,"ivs":{"hp":31,"atk":31,"def":31,"spa":31,"spd":31,"spe":31}},{"name":"ディアンシー","species":"diancie","item":"diancite","ability":"Clear Body","moves":["protect","earthpower","diamondstorm","moonblast"],"nature":"Hasty","evs":{"hp":0,"atk":4,"def":0,"spa":252,"spd":0,"spe":252},"shiny":true,"ivs":{"hp":31,"atk":31,"def":31,"spa":31,"spd":31,"spe":31}},{"name":"アマルルガ","species":"aurorus","item":"choicescarf","ability":"Refrigerate","moves":["freezedry","hypervoice","earthpower","ancientpower"],"nature":"Timid","evs":{"hp":0,"atk":0,"def":0,"spa":252,"spd":4,"spe":252},"shiny":true,"ivs":{"hp":31,"atk":31,"def":31,"spa":31,"spd":31,"spe":31}}],"p2team":[{"name":"Lanturn","species":"Lanturn","item":"leftovers","ability":"Volt Absorb","moves":["healbell","scald","thunderwave","voltswitch"],"nature":"","evs":{"hp":40,"atk":0,"def":220,"spa":40,"spd":208,"spe":0},"ivs":{"hp":31,"atk":31,"def":31,"spa":31,"spd":31,"spe":31}},{"name":"Tentacruel","species":"Tentacruel","item":"blacksludge","ability":"Liquid Ooze","moves":["rapidspin","scald","sludgebomb","gigadrain"],"nature":"Bold","evs":{"hp":156,"atk":0,"def":252,"spa":68,"spd":32,"spe":0},"ivs":{"hp":31,"atk":31,"def":31,"spa":31,"spd":31,"spe":31}},{"name":"Gyarados","species":"Gyarados","item":"leftovers","ability":"Intimidate","moves":["dragondance","waterfall","substitute","bounce"],"nature":"Jolly","evs":{"hp":88,"atk":220,"def":4,"spa":0,"spd":0,"spe":196},"ivs":{"hp":31,"atk":31,"def":31,"spa":31,"spd":31,"spe":31}},{"name":"Swampert","species":"Swampert","item":"leftovers","ability":"Torrent","moves":["stealthrock","earthquake","roar","protect"],"nature":"Relaxed","evs":{"hp":240,"atk":16,"def":252,"spa":0,"spd":0,"spe":0},"ivs":{"hp":31,"atk":31,"def":31,"spa":31,"spd":31,"spe":31}},{"name":"Keldeo-Resolute","species":"Keldeo-Resolute","item":"choicescarf","ability":"Justified","moves":["secretsword","hydropump","icywind","hiddenpowerfire"],"nature":"Mild","evs":{"hp":0,"atk":4,"def":0,"spa":252,"spd":0,"spe":252},"ivs":{"hp":31,"atk":30,"def":31,"spa":30,"spd":31,"spe":30}},{"name":"2mu(h$w@g","species":"blastoise","item":"blastoisinite","ability":"Torrent","moves":["hydropump","darkpulse","blizzard","aurasphere"],"nature":"Modest","evs":{"hp":248,"atk":0,"def":0,"spa":252,"spd":8,"spe":0},"ivs":{"hp":31,"atk":31,"def":31,"spa":31,"spd":31,"spe":31}}],"log":["|player|p1|Vodoom|vodoom.png","|player|p2|SL Realms|118","|gametype|singles","|gen|6","|tier|Monotype","|rated","|rule|Baton Pass Clause: Limit one Baton Passer, can't pass Spe and other stats simultaneously","|rule|Swagger Clause: Swagger is banned","|rule|Same Type Clause: Pokémon in a team must share a type","|clearpoke","|poke|p1|Tyranitar, M, shiny","|poke|p1|Terrakion, shiny","|poke|p1|Aggron, F, shiny","|poke|p1|Lileep, F, shiny","|poke|p1|Diancie, shiny","|poke|p1|Aurorus, M, shiny","|poke|p2|Lanturn, M","|poke|p2|Tentacruel, F","|poke|p2|Gyarados, F","|poke|p2|Swampert, F","|poke|p2|Keldeo-Resolute","|poke|p2|Blastoise, F","|rule|Sleep Clause Mod: Limit one foe put to sleep","|rule|Species Clause: Limit one of each Pokémon","|rule|OHKO Clause: OHKO moves are banned","|rule|Moody Clause: Moody is banned","|rule|Evasion Moves Clause: Evasion moves are banned","|rule|Endless Battle Clause: Forcing endless battles is banned","|rule|HP Percentage Mod: HP is shown in percentages","|teampreview","|","|start","|switch|p1a: ディアンシー|Diancie, shiny|241/241","|switch|p2a: 2mu(h$w@g|Blastoise, F|361/361","|turn|1","|","|switch|p2a: Swampert|Swampert, F|401/401","|detailschange|p1a: ディアンシー|Diancie-Mega, shiny","|-mega|p1a: ディアンシー|Diancie|Diancite","|move|p1a: ディアンシー|Moonblast|p2a: Swampert","|-damage|p2a: Swampert|190/401","|-unboost|p2a: Swampert|spa|1","|","|-heal|p2a: Swampert|215/401|[from] item: Leftovers","|turn|2","|","|move|p2a: Swampert|Protect|p2a: Swampert","|-singleturn|p2a: Swampert|Protect","|move|p1a: ディアンシー|Moonblast|p2a: Swampert","|-activate|p2a: Swampert|Protect","|","|-heal|p2a: Swampert|240/401|[from] item: Leftovers","|turn|3","|","|switch|p1a: リリーラ|Lileep, F, shiny|336/336","|move|p2a: Swampert|Earthquake|p1a: リリーラ","|-damage|p1a: リリーラ|236/336","|","|-heal|p2a: Swampert|265/401|[from] item: Leftovers","|turn|4","|","|move|p2a: Swampert|Stealth Rock|p1a: リリーラ","|-sidestart|p1: Vodoom|move: Stealth Rock","|move|p1a: リリーラ|Giga Drain|p2a: Swampert","|-supereffective|p2a: Swampert","|-damage|p2a: Swampert|0 fnt","|-heal|p1a: リリーラ|336/336|[from] drain|[of] p2a: Swampert","|faint|p2a: Swampert","|","|","|switch|p2a: Gyarados|Gyarados, F|353/353","|-ability|p2a: Gyarados|Intimidate","|-unboost|p1a: リリーラ|atk|1","|turn|5","|","|switch|p1a: バンギラス|Tyranitar, M, shiny|403/403","|-damage|p1a: バンギラス|353/403|[from] Stealth Rock","|-weather|Sandstorm","|move|p2a: Gyarados|Substitute|p2a: Gyarados","|-start|p2a: Gyarados|Substitute","|-damage|p2a: Gyarados|265/353","|","|-weather|Sandstorm|[upkeep]","|-damage|p2a: Gyarados|243/353|[from] sandstorm","|-heal|p2a: Gyarados|265/353|[from] item: Leftovers","|turn|6","|","|move|p2a: Gyarados|Dragon Dance|p2a: Gyarados","|-boost|p2a: Gyarados|atk|1","|-boost|p2a: Gyarados|spe|1","|move|p1a: バンギラス|Ancient Power|p2a: Gyarados","|-supereffective|p2a: Gyarados","|-end|p2a: Gyarados|Substitute","|-boost|p1a: バンギラス|atk|1","|-boost|p1a: バンギラス|def|1","|-boost|p1a: バンギラス|spa|1","|-boost|p1a: バンギラス|spd|1","|-boost|p1a: バンギラス|spe|1","|","|-weather|Sandstorm|[upkeep]","|-damage|p2a: Gyarados|243/353|[from] sandstorm","|-heal|p2a: Gyarados|265/353|[from] item: Leftovers","|turn|7","|","|move|p2a: Gyarados|Dragon Dance|p2a: Gyarados","|-boost|p2a: Gyarados|atk|1","|-boost|p2a: Gyarados|spe|1","|move|p1a: バンギラス|Ancient Power|p2a: Gyarados","|-supereffective|p2a: Gyarados","|-damage|p2a: Gyarados|0 fnt","|faint|p2a: Gyarados","|","|-weather|Sandstorm|[upkeep]","|","|switch|p2a: 2mu(h$w@g|Blastoise, F|361/361","|turn|8","|","|detailschange|p2a: 2mu(h$w@g|Blastoise-Mega, F","|-mega|p2a: 2mu(h$w@g|Blastoise|Blastoisinite","|move|p1a: バンギラス|Dark Pulse|p2a: 2mu(h$w@g","|-damage|p2a: 2mu(h$w@g|192/361","|move|p2a: 2mu(h$w@g|Aura Sphere|p1a: バンギラス","|-supereffective|p1a: バンギラス","|-damage|p1a: バンギラス|165/403","|","|-weather|Sandstorm|[upkeep]","|-damage|p2a: 2mu(h$w@g|170/361|[from] sandstorm","|turn|9","|","|switch|p1a: ディアンシー|Diancie-Mega, shiny|241/241","|-damage|p1a: ディアンシー|211/241|[from] Stealth Rock","|move|p2a: 2mu(h$w@g|Aura Sphere|p1a: ディアンシー","|-damage|p1a: ディアンシー|115/241","|","|-weather|none","|turn|10","|","|switch|p2a: Tentacruel|Tentacruel, F|340/340","|move|p1a: ディアンシー|Moonblast|p2a: Tentacruel","|-resisted|p2a: Tentacruel","|-damage|p2a: Tentacruel|253/340","|","|-heal|p2a: Tentacruel|274/340|[from] item: Black Sludge","|turn|11","|","|switch|p1a: リリーラ|Lileep, F, shiny|336/336","|-damage|p1a: リリーラ|294/336|[from] Stealth Rock","|move|p2a: Tentacruel|Giga Drain|p1a: リリーラ","|-damage|p1a: リリーラ|263/336","|-heal|p2a: Tentacruel|290/340|[from] drain|[of] p1a: リリーラ","|","|-heal|p2a: Tentacruel|311/340|[from] item: Black Sludge","|turn|12","|","|move|p2a: Tentacruel|Sludge Bomb|p1a: リリーラ","|-damage|p1a: リリーラ|215/336","|move|p1a: リリーラ|Infestation|p2a: Tentacruel","|-resisted|p2a: Tentacruel","|-damage|p2a: Tentacruel|307/340","|-activate|p2a: Tentacruel|move: Infestation|[of] p1a: リリーラ","|","|-heal|p2a: Tentacruel|328/340|[from] item: Black Sludge","|-damage|p2a: Tentacruel|286/340|[from] move: Infestation|[partiallytrapped]","|turn|13","|","|switch|p1a: ディアンシー|Diancie-Mega, shiny|115/241","|-damage|p1a: ディアンシー|85/241|[from] Stealth Rock","|move|p2a: Tentacruel|Sludge Bomb|p1a: ディアンシー","|-damage|p1a: ディアンシー|0 fnt","|faint|p1a: ディアンシー","|","|-heal|p2a: Tentacruel|307/340|[from] item: Black Sludge","|","|switch|p1a: バンギラス|Tyranitar, M, shiny|165/403","|-damage|p1a: バンギラス|115/403|[from] Stealth Rock","|-weather|Sandstorm","|turn|14","|","|move|p2a: Tentacruel|Scald|p1a: バンギラス","|-supereffective|p1a: バンギラス","|-damage|p1a: バンギラス|41/403","|move|p1a: バンギラス|Earthquake|p2a: Tentacruel","|-supereffective|p2a: Tentacruel","|-damage|p2a: Tentacruel|111/340","|","|-weather|Sandstorm|[upkeep]","|-damage|p2a: Tentacruel|90/340|[from] sandstorm","|-heal|p2a: Tentacruel|111/340|[from] item: Black Sludge","|turn|15","|","|move|p2a: Tentacruel|Scald|p1a: バンギラス","|-supereffective|p1a: バンギラス","|-damage|p1a: バンギラス|0 fnt","|faint|p1a: バンギラス","|","|-weather|Sandstorm|[upkeep]","|-damage|p2a: Tentacruel|90/340|[from] sandstorm","|-heal|p2a: Tentacruel|111/340|[from] item: Black Sludge","|","|switch|p1a: テラキオン|Terrakion, shiny|323/323","|-damage|p1a: テラキオン|303/323|[from] Stealth Rock","|turn|16","|","|move|p1a: テラキオン|Earthquake|p2a: Tentacruel","|-supereffective|p2a: Tentacruel","|-damage|p2a: Tentacruel|0 fnt","|faint|p2a: Tentacruel","|","|-weather|Sandstorm|[upkeep]","|","|switch|p2a: Keldeo-Resolute|Keldeo-Resolute|323/323","|turn|17","|","|switch|p1a: リリーラ|Lileep, F, shiny|215/336","|-damage|p1a: リリーラ|173/336|[from] Stealth Rock","|move|p2a: Keldeo-Resolute|Secret Sword|p1a: リリーラ","|-supereffective|p1a: リリーラ","|-damage|p1a: リリーラ|0 fnt","|faint|p1a: リリーラ","|","|-weather|Sandstorm|[upkeep]","|-damage|p2a: Keldeo-Resolute|303/323|[from] sandstorm","|","|switch|p1a: ボスゴドラ|Aggron, F, shiny|343/343","|-damage|p1a: ボスゴドラ|322/343|[from] Stealth Rock","|turn|18","|","|move|p2a: Keldeo-Resolute|Secret Sword|p1a: ボスゴドラ","|-supereffective|p1a: ボスゴドラ","|-damage|p1a: ボスゴドラ|22/343","|move|p1a: ボスゴドラ|Metal Burst|p2a: Keldeo-Resolute","|-damage|p2a: Keldeo-Resolute|0 fnt","|faint|p2a: Keldeo-Resolute","|","|-weather|none","|","|switch|p2a: Lanturn|Lanturn, M|401/401","|turn|19","|","|move|p2a: Lanturn|Scald|p1a: ボスゴドラ","|-supereffective|p1a: ボスゴドラ","|-damage|p1a: ボスゴドラ|0 fnt","|faint|p1a: ボスゴドラ","|","|","|switch|p1a: アマルルガ|Aurorus, M, shiny|387/387","|-damage|p1a: アマルルガ|291/387|[from] Stealth Rock","|turn|20","|","|move|p1a: アマルルガ|Freeze-Dry|p2a: Lanturn","|-supereffective|p2a: Lanturn","|-damage|p2a: Lanturn|207/401","|move|p2a: Lanturn|Thunder Wave|p1a: アマルルガ","|-status|p1a: アマルルガ|par","|","|-heal|p2a: Lanturn|232/401|[from] item: Leftovers","|turn|21","|","|move|p2a: Lanturn|Scald|p1a: アマルルガ","|-supereffective|p1a: アマルルガ","|-damage|p1a: アマルルガ|115/387 par","|move|p1a: アマルルガ|Freeze-Dry|p2a: Lanturn","|-supereffective|p2a: Lanturn","|-damage|p2a: Lanturn|22/401","|","|-heal|p2a: Lanturn|47/401|[from] item: Leftovers","|turn|22","|","|move|p2a: Lanturn|Scald|p1a: アマルルガ","|-supereffective|p1a: アマルルガ","|-damage|p1a: アマルルガ|0 fnt","|faint|p1a: アマルルガ","|","|-heal|p2a: Lanturn|72/401|[from] item: Leftovers","|","|switch|p1a: テラキオン|Terrakion, shiny|303/323","|-damage|p1a: テラキオン|283/323|[from] Stealth Rock","|turn|23","|","|move|p1a: テラキオン|Close Combat|p2a: Lanturn","|-damage|p2a: Lanturn|0 fnt","|-unboost|p1a: テラキオン|def|1","|-unboost|p1a: テラキオン|spd|1","|faint|p2a: Lanturn","|","|","|switch|p2a: 2mu(h$w@g|Blastoise-Mega, F|170/361","|turn|24","|","|move|p1a: テラキオン|Close Combat|p2a: 2mu(h$w@g","|-damage|p2a: 2mu(h$w@g|0 fnt","|-unboost|p1a: テラキオン|def|1","|-unboost|p1a: テラキオン|spd|1","|faint|p2a: 2mu(h$w@g","|","|win|Vodoom"],"p1rating":{"entryid":"114353","serverid":"eos","formatid":"monotype","userid":"vodoom","username":"Vodoom","w":8,"l":"5","t":"0","gxe":56.9,"r":"1532.2451718424","rd":"96.281534311073","sigma":"0","rptime":"1440493200","rpr":1553.6784064549,"rprd":81.187650750351,"rpsigma":"0","acre":1135.7827890288,"lacre":1135.7827890288,"oldacre":"1112.1462441401"},"p2rating":{"entryid":"259244","serverid":"eos","formatid":"monotype","userid":"slrealms","username":"SL Realms","w":"3","l":4,"t":"0","gxe":47.1,"r":"1535.1228671505","rd":"102.87470915432","sigma":"0","rptime":"1440493200","rpr":1477.3949203249,"rprd":95.841942269866,"rpsigma":"0","acre":1070.5097276474,"lacre":1070.5097276474,"oldacre":"1093.1789106249"},"endType":"normal"}