{"seed":[8340,28131,41240,53435],"turns":22,"p1":"Noble♕Kieff","p2":"Gym Ldr Mitsuka∆","p1team":[{"name":"Dragonite","species":"Dragonite","item":"weaknesspolicy","ability":"Multiscale","moves":["dragondance","extremespeed","dragonclaw","earthquake"],"nature":"Jolly","evs":{"hp":4,"atk":252,"def":0,"spa":0,"spd":0,"spe":252},"gender":"F","shiny":true,"ivs":{"hp":31,"atk":31,"def":31,"spa":31,"spd":31,"spe":31}},{"name":"Pidgeot","species":"Pidgeot","item":"pidgeotite","ability":"Big Pecks","moves":["hurricane","heatwave","protect","uturn"],"nature":"Timid","evs":{"hp":0,"atk":0,"def":0,"spa":252,"spd":0,"spe":252},"gender":"F","shiny":true,"ivs":{"hp":31,"atk":31,"def":31,"spa":31,"spd":31,"spe":31}},{"name":"Landorus-Therian","species":"Landorus-Therian","item":"rockyhelmet","ability":"Intimidate","moves":["earthquake","uturn","knockoff","stealthrock"],"nature":"Impish","evs":{"hp":252,"atk":0,"def":252,"spa":0,"spd":0,"spe":0},"shiny":true,"ivs":{"hp":31,"atk":31,"def":31,"spa":31,"spd":31,"spe":31}},{"name":"Salamence","species":"Salamence","item":"leftovers","ability":"Moxie","moves":["steelwing","aerialace","dragonclaw","dragondance"],"nature":"Jolly","evs":{"hp":188,"atk":128,"def":0,"spa":0,"spd":0,"spe":192},"gender":"F","shiny":true,"ivs":{"hp":31,"atk":31,"def":31,"spa":31,"spd":31,"spe":31}},{"name":"Articuno","species":"Articuno","item":"lifeorb","ability":"Pressure","moves":["agility","icebeam","hurricane","hiddenpowerfighting"],"nature":"Modest","evs":{"hp":36,"atk":0,"def":0,"spa":252,"spd":0,"spe":220},"shiny":true,"ivs":{"def":30,"spa":30,"spd":30,"spe":30,"hp":31,"atk":31}},{"name":"Gyarados","species":"Gyarados","item":"leftovers","ability":"Moxie","moves":["dragondance","bounce","waterfall","substitute"],"nature":"Jolly","evs":{"hp":88,"atk":220,"def":4,"spa":0,"spd":0,"spe":196},"gender":"F","shiny":true,"ivs":{"hp":31,"atk":31,"def":31,"spa":31,"spd":31,"spe":31}}],"p2team":[{"name":"Bellossom","species":"Bellossom","item":"leftovers","ability":"Chlorophyll","moves":["infestation","leechseed","hiddenpowerfire","sleeppowder"],"nature":"Bold","evs":{"hp":252,"atk":0,"def":252,"spa":0,"spd":4,"spe":0},"ivs":{"hp":31,"atk":30,"def":31,"spa":30,"spd":31,"spe":30}},{"name":"Abomasnow","species":"Abomasnow","item":"abomasite","ability":"Soundproof","moves":["earthquake","swordsdance","iceshard","gigadrain"],"nature":"Naughty","evs":{"hp":68,"atk":252,"def":0,"spa":8,"spd":0,"spe":180},"ivs":{"hp":31,"atk":30,"def":31,"spa":30,"spd":31,"spe":30}},{"name":"Roserade","species":"Roserade","item":"choicescarf","ability":"Technician","moves":["hiddenpowerrock","extrasensory","sludgebomb","gigadrain"],"nature":"Timid","evs":{"hp":0,"atk":0,"def":0,"spa":252,"spd":4,"spe":252},"ivs":{"hp":31,"atk":31,"def":30,"spa":31,"spd":30,"spe":30}},{"name":"Leavanny","species":"Leavanny","item":"focussash","ability":"Overcoat","moves":["stickyweb","leafblade","knockoff","xscissor"],"nature":"Adamant","evs":{"hp":4,"atk":252,"def":0,"spa":0,"spd":0,"spe":252},"ivs":{"hp":31,"atk":31,"def":31,"spa":31,"spd":31,"spe":31}},{"name":"Ferrothorn","species":"Ferrothorn","item":"occaberry","ability":"Iron Barbs","moves":["stealthrock","thunderwave","knockoff","ironhead"],"nature":"Impish","evs":{"hp":252,"atk":0,"def":128,"spa":0,"spd":128,"spe":0},"ivs":{"hp":31,"atk":31,"def":31,"spa":31,"spd":31,"spe":31}},{"name":"Breloom","species":"Breloom","item":"focussash","ability":"Technician","moves":["spore","rocktomb","machpunch","bulletseed"],"nature":"Jolly","evs":{"hp":0,"atk":252,"def":0,"spa":0,"spd":4,"spe":252},"ivs":{"hp":31,"atk":31,"def":31,"spa":31,"spd":31,"spe":31}}],"log":["|player|p1|Noble♕Kieff|185","|player|p2|Gym Ldr Mitsuka∆|2","|gametype|singles","|gen|6","|tier|Monotype","|rated","|rule|Baton Pass Clause: Limit one Baton Passer, can't pass Spe and other stats simultaneously","|rule|Swagger Clause: Swagger is banned","|rule|Same Type Clause: Pokémon in a team must share a type","|clearpoke","|poke|p1|Dragonite, F, shiny","|poke|p1|Pidgeot, F, shiny","|poke|p1|Landorus-Therian, M, shiny","|poke|p1|Salamence, F, shiny","|poke|p1|Articuno, shiny","|poke|p1|Gyarados, F, shiny","|poke|p2|Bellossom, M","|poke|p2|Abomasnow, M","|poke|p2|Roserade, M","|poke|p2|Leavanny, F","|poke|p2|Ferrothorn, F","|poke|p2|Breloom, M","|rule|Sleep Clause Mod: Limit one foe put to sleep","|rule|Species Clause: Limit one of each Pokémon","|rule|OHKO Clause: OHKO moves are banned","|rule|Moody Clause: Moody is banned","|rule|Evasion Moves Clause: Evasion moves are banned","|rule|Endless Battle Clause: Forcing endless battles is banned","|rule|HP Percentage Mod: HP is shown in percentages","|teampreview","|","|start","|switch|p1a: Articuno|Articuno, shiny|330/330","|switch|p2a: Ferrothorn|Ferrothorn, F|352/352","|-ability|p1a: Articuno|Pressure","|turn|1","|","|move|p1a: Articuno|Hurricane|p2a: Ferrothorn","|-damage|p2a: Ferrothorn|169/352","|-start|p2a: Ferrothorn|confusion","|-damage|p1a: Articuno|297/330|[from] item: Life Orb","|-activate|p2a: Ferrothorn|confusion","|move|p2a: Ferrothorn|Stealth Rock|p1a: Articuno","|-sidestart|p1: Noble♕Kieff|move: Stealth Rock","|","|turn|2","|","|move|p1a: Articuno|Hurricane|p2a: Ferrothorn|[miss]","|-miss|p1a: Articuno|p2a: Ferrothorn","|-end|p2a: Ferrothorn|confusion","|move|p2a: Ferrothorn|Thunder Wave|p1a: Articuno","|-status|p1a: Articuno|par","|","|turn|3","|","|move|p2a: Ferrothorn|Knock Off|p1a: Articuno","|-damage|p1a: Articuno|222/330 par","|-enditem|p1a: Articuno|Life Orb|[from] move: Knock Off|[of] p2a: Ferrothorn","|cant|p1a: Articuno|par","|","|turn|4","|","|move|p2a: Ferrothorn|Iron Head|p1a: Articuno","|-supereffective|p1a: Articuno","|-damage|p1a: Articuno|36/330 par","|cant|p1a: Articuno|flinch","|","|turn|5","|","|move|p2a: Ferrothorn|Iron Head|p1a: Articuno","|-supereffective|p1a: Articuno","|-damage|p1a: Articuno|0 fnt","|faint|p1a: Articuno","|","|","|switch|p1a: Pidgeot|Pidgeot, F, shiny|307/307","|-damage|p1a: Pidgeot|231/307|[from] Stealth Rock","|turn|6","|","|detailschange|p1a: Pidgeot|Pidgeot-Mega, F, shiny","|-mega|p1a: Pidgeot|Pidgeot|Pidgeotite","|move|p1a: Pidgeot|Heat Wave|p2a: Ferrothorn","|-supereffective|p2a: Ferrothorn","|-enditem|p2a: Ferrothorn|Occa Berry|[eat]","|-damage|p2a: Ferrothorn|0 fnt","|faint|p2a: Ferrothorn","|","|","|switch|p2a: Leavanny|Leavanny, F|292/292","|turn|7","|","|move|p1a: Pidgeot|Hurricane|p2a: Leavanny","|-supereffective|p2a: Leavanny","|-enditem|p2a: Leavanny|Focus Sash","|-damage|p2a: Leavanny|1/292","|move|p2a: Leavanny|Knock Off|p1a: Pidgeot","|-damage|p1a: Pidgeot|139/307","|","|turn|8","|","|move|p1a: Pidgeot|Hurricane|p2a: Leavanny","|-supereffective|p2a: Leavanny","|-damage|p2a: Leavanny|0 fnt","|faint|p2a: Leavanny","|","|","|switch|p2a: Abomasnow|Abomasnow, M|338/338","|turn|9","|","|detailschange|p2a: Abomasnow|Abomasnow-Mega, M","|-mega|p2a: Abomasnow|Abomasnow|Abomasite","|-weather|Hail","|move|p2a: Abomasnow|Ice Shard|p1a: Pidgeot","|-supereffective|p1a: Pidgeot","|-damage|p1a: Pidgeot|0 fnt","|faint|p1a: Pidgeot","|","|-weather|Hail|[upkeep]","|","|switch|p1a: Gyarados|Gyarados, F, shiny|353/353","|-damage|p1a: Gyarados|265/353|[from] Stealth Rock","|turn|10","|","|move|p1a: Gyarados|Bounce|p2a: Abomasnow|[still]","|-prepare|p1a: Gyarados|Bounce|p2a: Abomasnow","|move|p2a: Abomasnow|Giga Drain|p1a: Gyarados|[miss]","|-miss|p2a: Abomasnow|p1a: Gyarados","|","|-weather|Hail|[upkeep]","|-damage|p1a: Gyarados|243/353|[from] hail","|-heal|p1a: Gyarados|265/353|[from] item: Leftovers","|turn|11","|","|switch|p2a: Bellossom|Bellossom, M|354/354","|move|p1a: Gyarados|Bounce|p2a: Bellossom|[from]lockedmove","|-supereffective|p2a: Bellossom","|-damage|p2a: Bellossom|132/354","|","|-weather|Hail|[upkeep]","|-damage|p1a: Gyarados|243/353|[from] hail","|-damage|p2a: Bellossom|110/354|[from] hail","|-heal|p1a: Gyarados|265/353|[from] item: Leftovers","|-heal|p2a: Bellossom|132/354|[from] item: Leftovers","|turn|12","|","|move|p1a: Gyarados|Bounce|p2a: Bellossom|[still]","|-prepare|p1a: Gyarados|Bounce|p2a: Bellossom","|move|p2a: Bellossom|Leech Seed|p1a: Gyarados|[miss]","|-miss|p2a: Bellossom|p1a: Gyarados","|","|-weather|Hail|[upkeep]","|-damage|p1a: Gyarados|243/353|[from] hail","|-damage|p2a: Bellossom|110/354|[from] hail","|-heal|p1a: Gyarados|265/353|[from] item: Leftovers","|-heal|p2a: Bellossom|132/354|[from] item: Leftovers","|turn|13","|","|move|p1a: Gyarados|Bounce|p2a: Bellossom|[from]lockedmove","|-supereffective|p2a: Bellossom","|-damage|p2a: Bellossom|0 fnt","|faint|p2a: Bellossom","|-boost|p1a: Gyarados|atk|1|[from] ability: Moxie","|","|-weather|none","|-heal|p1a: Gyarados|287/353|[from] item: Leftovers","|","|switch|p2a: Breloom|Breloom, M|261/261","|turn|14","|","|move|p1a: Gyarados|Substitute|p1a: Gyarados","|-start|p1a: Gyarados|Substitute","|-damage|p1a: Gyarados|199/353","|move|p2a: Breloom|Rock Tomb|p1a: Gyarados","|-supereffective|p1a: Gyarados","|-end|p1a: Gyarados|Substitute","|","|-heal|p1a: Gyarados|221/353|[from] item: Leftovers","|turn|15","|","|move|p1a: Gyarados|Bounce|p2a: Breloom|[still]","|-prepare|p1a: Gyarados|Bounce|p2a: Breloom","|move|p2a: Breloom|Rock Tomb|p1a: Gyarados|[miss]","|-miss|p2a: Breloom|p1a: Gyarados","|","|-heal|p1a: Gyarados|243/353|[from] item: Leftovers","|turn|16","|","|move|p1a: Gyarados|Bounce|p2a: Breloom|[from]lockedmove","|-crit|p2a: Breloom","|-supereffective|p2a: Breloom","|-enditem|p2a: Breloom|Focus Sash","|-damage|p2a: Breloom|1/261","|move|p2a: Breloom|Rock Tomb|p1a: Gyarados","|-supereffective|p1a: Gyarados","|-damage|p1a: Gyarados|0 fnt","|faint|p1a: Gyarados","|","|","|switch|p1a: Salamence|Salamence, F, shiny|378/378","|-damage|p1a: Salamence|284/378|[from] Stealth Rock","|turn|17","|","|move|p2a: Breloom|Mach Punch|p1a: Salamence","|-resisted|p1a: Salamence","|-damage|p1a: Salamence|216/378","|move|p1a: Salamence|Dragon Dance|p1a: Salamence","|-boost|p1a: Salamence|atk|1","|-boost|p1a: Salamence|spe|1","|","|-heal|p1a: Salamence|239/378|[from] item: Leftovers","|turn|18","|","|move|p1a: Salamence|Aerial Ace|p2a: Breloom","|-supereffective|p2a: Breloom","|-damage|p2a: Breloom|0 fnt","|faint|p2a: Breloom","|-boost|p1a: Salamence|atk|1|[from] ability: Moxie","|","|-heal|p1a: Salamence|262/378|[from] item: Leftovers","|","|switch|p2a: Abomasnow|Abomasnow-Mega, M|338/338","|-weather|Hail","|turn|19","|","|move|p2a: Abomasnow|Ice Shard|p1a: Salamence","|-crit|p1a: Salamence","|-supereffective|p1a: Salamence","|-damage|p1a: Salamence|0 fnt","|faint|p1a: Salamence","|","|-weather|Hail|[upkeep]","|","|switch|p1a: Dragonite|Dragonite, F, shiny|324/324","|-damage|p1a: Dragonite|243/324|[from] Stealth Rock","|turn|20","|","|move|p2a: Abomasnow|Ice Shard|p1a: Dragonite","|-supereffective|p1a: Dragonite","|-damage|p1a: Dragonite|0 fnt","|faint|p1a: Dragonite","|","|-weather|Hail|[upkeep]","|","|switch|p1a: Landorus-Therian|Landorus-Therian, M, shiny|382/382","|-damage|p1a: Landorus-Therian|335/382|[from] Stealth Rock","|-ability|p1a: Landorus-Therian|Intimidate","|-unboost|p2a: Abomasnow|atk|1","|turn|21","|","|move|p2a: Abomasnow|Ice Shard|p1a: Landorus-Therian","|-supereffective|p1a: Landorus-Therian","|-damage|p1a: Landorus-Therian|163/382","|move|p1a: Landorus-Therian|Earthquake|p2a: Abomasnow","|-resisted|p2a: Abomasnow","|-damage|p2a: Abomasnow|257/338","|","|-weather|Hail|[upkeep]","|-damage|p1a: Landorus-Therian|140/382|[from] hail","|turn|22","|","|move|p2a: Abomasnow|Ice Shard|p1a: Landorus-Therian","|-supereffective|p1a: Landorus-Therian","|-damage|p1a: Landorus-Therian|0 fnt","|faint|p1a: Landorus-Therian","|","|win|Gym Ldr Mitsuka∆"],"p1rating":{"entryid":"135291","serverid":"eos","formatid":"monotype","userid":"noblekieff","username":"Noble♕Kieff","w":"1","l":1,"t":"0","gxe":49.4,"r":"1540.1606143388","rd":"123.76230875754","sigma":"0","rptime":"1440493200","rpr":1495.2485916485,"rprd":117.06658351331,"rpsigma":"0","acre":1047.8940151927,"lacre":1047.8940151927,"oldacre":"1057.0306620202"},"p2rating":{"entryid":"379503","serverid":"eos","formatid":"monotype","userid":"gymldrmitsuka","username":"Gym Ldr Mitsuka∆","w":16,"l":"12","t":"0","gxe":55.5,"r":"1480.5479162543","rd":"69.536962153299","sigma":"0","rptime":"1440493200","rpr":1541.9179288173,"rprd":62.381750038123,"rpsigma":"0","acre":1263.7192493933,"lacre":1263.7192493933,"oldacre":"1251.4087614675"},"endType":"normal"}