{"seed":[25271,14111,38725,33667],"turns":23,"p1":"Admiral Titan","p2":"Crystal Blade64","p1team":[{"name":"Dragonite","species":"Dragonite","item":"weaknesspolicy","ability":"Multiscale","moves":["dragonclaw","firepunch","extremespeed","dragondance"],"nature":"Adamant","evs":{"hp":0,"atk":252,"def":0,"spa":0,"spd":4,"spe":252},"ivs":{"hp":31,"atk":31,"def":31,"spa":31,"spd":31,"spe":31}},{"name":"Garchomp","species":"Garchomp","item":"rockyhelmet","ability":"Rough Skin","moves":["dragonclaw","earthquake","stoneedge","fireblast"],"nature":"Naive","evs":{"hp":252,"atk":252,"def":0,"spa":4,"spd":0,"spe":0},"ivs":{"hp":31,"atk":31,"def":31,"spa":31,"spd":31,"spe":31}},{"name":"Haxorus","species":"Haxorus","item":"lumberry","ability":"Mold Breaker","moves":["outrage","superpower","poisonjab","dragondance"],"nature":"Adamant","evs":{"hp":0,"atk":252,"def":0,"spa":0,"spd":36,"spe":220},"ivs":{"hp":31,"atk":31,"def":31,"spa":31,"spd":31,"spe":31}},{"name":"Salamence","species":"Salamence","item":"choicescarf","ability":"Moxie","moves":["dragonclaw","earthquake","firefang","aerialace"],"nature":"Jolly","evs":{"hp":0,"atk":252,"def":0,"spa":0,"spd":4,"spe":252},"ivs":{"hp":31,"atk":31,"def":31,"spa":31,"spd":31,"spe":31}},{"name":"Goodra","species":"Goodra","item":"assaultvest","ability":"Gooey","moves":["dragonpulse","flamethrower","sludgewave","thunderbolt"],"nature":"Modest","evs":{"hp":248,"atk":0,"def":0,"spa":252,"spd":8,"spe":0},"ivs":{"hp":31,"atk":31,"def":31,"spa":31,"spd":31,"spe":31}},{"name":"Latios","species":"Latios","item":"choicespecs","ability":"Levitate","moves":["dracometeor","psyshock","icebeam","thunderbolt"],"nature":"Timid","evs":{"hp":0,"atk":0,"def":0,"spa":252,"spd":4,"spe":252},"ivs":{"hp":31,"atk":31,"def":31,"spa":31,"spd":31,"spe":31}}],"p2team":[{"name":"Reckless","species":"staraptor","item":"leftovers","ability":"Intimidate","moves":["bravebird","roost","featherdance","defog"],"nature":"Impish","evs":{"hp":252,"atk":4,"def":252,"spa":0,"spd":0,"spe":0},"ivs":{"hp":31,"atk":31,"def":31,"spa":31,"spd":31,"spe":31}},{"name":"BetterThanYou","species":"ditto","item":"choicescarf","ability":"Imposter","moves":["transform"],"nature":"Bold","evs":{"hp":248,"atk":0,"def":252,"spa":0,"spd":8,"spe":0},"happiness":0,"ivs":{"hp":31,"atk":31,"def":31,"spa":31,"spd":31,"spe":31}},{"name":"Nurse Joy pls","species":"chansey","item":"eviolite","ability":"Natural Cure","moves":["aromatherapy","softboiled","thunderwave","seismictoss"],"nature":"Bold","evs":{"hp":248,"atk":0,"def":252,"spa":0,"spd":8,"spe":0},"ivs":{"hp":31,"atk":31,"def":31,"spa":31,"spd":31,"spe":31}},{"name":"EnergizerBunny","species":"lopunny","item":"lopunnite","ability":"Cute Charm","moves":["fakeout","highjumpkick","icepunch","frustration"],"nature":"Jolly","evs":{"hp":4,"atk":252,"def":0,"spa":0,"spd":0,"spe":252},"happiness":0,"ivs":{"hp":31,"atk":31,"def":31,"spa":31,"spd":31,"spe":31}},{"name":"DownloadFreeRAM","species":"porygon2","item":"eviolite","ability":"Trace","moves":["toxic","recover","icebeam","discharge"],"nature":"Bold","evs":{"hp":248,"atk":0,"def":252,"spa":8,"spd":0,"spe":0},"ivs":{"hp":31,"atk":31,"def":31,"spa":31,"spd":31,"spe":31}},{"name":"Diggersby tho","species":"diggersby","item":"choiceband","ability":"Huge Power","moves":["earthquake","quickattack","frustration","uturn"],"nature":"Adamant","evs":{"hp":4,"atk":252,"def":0,"spa":0,"spd":0,"spe":252},"happiness":0,"ivs":{"hp":31,"atk":31,"def":31,"spa":31,"spd":31,"spe":31}}],"log":["|player|p1|Admiral Titan|153","|player|p2|Crystal Blade64|165","|gametype|singles","|gen|6","|tier|Monotype","|rated","|rule|Baton Pass Clause: Limit one Baton Passer, can't pass Spe and other stats simultaneously","|rule|Swagger Clause: Swagger is banned","|rule|Same Type Clause: Pokémon in a team must share a type","|clearpoke","|poke|p1|Dragonite, M","|poke|p1|Garchomp, F","|poke|p1|Haxorus, M","|poke|p1|Salamence, F","|poke|p1|Goodra, M","|poke|p1|Latios, M","|poke|p2|Staraptor, F","|poke|p2|Ditto","|poke|p2|Chansey, F","|poke|p2|Lopunny, F","|poke|p2|Porygon2","|poke|p2|Diggersby, F","|rule|Sleep Clause Mod: Limit one foe put to sleep","|rule|Species Clause: Limit one of each Pokémon","|rule|OHKO Clause: OHKO moves are banned","|rule|Moody Clause: Moody is banned","|rule|Evasion Moves Clause: Evasion moves are banned","|rule|Endless Battle Clause: Forcing endless battles is banned","|rule|HP Percentage Mod: HP is shown in percentages","|teampreview","|","|start","|switch|p1a: Garchomp|Garchomp, F|420/420","|switch|p2a: EnergizerBunny|Lopunny, F|272/272","|turn|1","|","|detailschange|p2a: EnergizerBunny|Lopunny-Mega, F","|-mega|p2a: EnergizerBunny|Lopunny|Lopunnite","|move|p2a: EnergizerBunny|Ice Punch|p1a: Garchomp","|-supereffective|p1a: Garchomp","|-damage|p1a: Garchomp|36/420","|-damage|p2a: EnergizerBunny|238/272|[from] ability: Rough Skin|[of] p1a: Garchomp","|-damage|p2a: EnergizerBunny|193/272|[from] item: Rocky Helmet|[of] p1a: Garchomp","|move|p1a: Garchomp|Dragon Claw|p2a: EnergizerBunny","|-damage|p2a: EnergizerBunny|43/272","|","|turn|2","|","|switch|p2a: Reckless|Staraptor, F|374/374","|-ability|p2a: Reckless|Intimidate","|-unboost|p1a: Garchomp|atk|1","|move|p1a: Garchomp|Dragon Claw|p2a: Reckless","|-damage|p2a: Reckless|284/374","|","|-heal|p2a: Reckless|307/374|[from] item: Leftovers","|turn|3","|","|move|p1a: Garchomp|Stone Edge|p2a: Reckless","|-supereffective|p2a: Reckless","|-damage|p2a: Reckless|161/374","|move|p2a: Reckless|Brave Bird|p1a: Garchomp","|-damage|p1a: Garchomp|0 fnt","|-damage|p2a: Reckless|115/374|[from] ability: Rough Skin|[of] p1a: Garchomp","|-damage|p2a: Reckless|53/374|[from] item: Rocky Helmet|[of] p1a: Garchomp","|-damage|p2a: Reckless|41/374|[from] recoil|[of] p1a: Garchomp","|faint|p1a: Garchomp","|","|-heal|p2a: Reckless|64/374|[from] item: Leftovers","|","|switch|p1a: Dragonite|Dragonite, M|323/323","|turn|4","|","|move|p1a: Dragonite|Extreme Speed|p2a: Reckless","|-damage|p2a: Reckless|0 fnt","|faint|p2a: Reckless","|","|","|switch|p2a: EnergizerBunny|Lopunny-Mega, F|43/272","|turn|5","|","|move|p2a: EnergizerBunny|Fake Out|p1a: Dragonite","|-damage|p1a: Dragonite|282/323","|cant|p1a: Dragonite|flinch","|","|turn|6","|","|switch|p2a: DownloadFreeRAM|Porygon2|373/373","|-ability|p2a: DownloadFreeRAM|Multiscale|[from] ability: Trace|[of] p1a: Dragonite","|move|p1a: Dragonite|Extreme Speed|p2a: DownloadFreeRAM","|-damage|p2a: DownloadFreeRAM|345/373","|","|turn|7","|","|switch|p1a: Goodra|Goodra, M|383/383","|move|p2a: DownloadFreeRAM|Toxic|p1a: Goodra","|-status|p1a: Goodra|tox","|","|-damage|p1a: Goodra|360/383 tox|[from] psn","|turn|8","|","|switch|p2a: Nurse Joy pls|Chansey, F|703/703","|move|p1a: Goodra|Sludge Wave|p2a: Nurse Joy pls","|-crit|p2a: Nurse Joy pls","|-damage|p2a: Nurse Joy pls|602/703","|","|-damage|p1a: Goodra|314/383 tox|[from] psn","|turn|9","|","|move|p1a: Goodra|Sludge Wave|p2a: Nurse Joy pls","|-damage|p2a: Nurse Joy pls|527/703","|move|p2a: Nurse Joy pls|Seismic Toss|p1a: Goodra","|-damage|p1a: Goodra|214/383 tox","|-unboost|p2a: Nurse Joy pls|spe|1","|","|-damage|p1a: Goodra|145/383 tox|[from] psn","|turn|10","|","|move|p1a: Goodra|Sludge Wave|p2a: Nurse Joy pls","|-damage|p2a: Nurse Joy pls|462/703","|move|p2a: Nurse Joy pls|Seismic Toss|p1a: Goodra","|-damage|p1a: Goodra|45/383 tox","|-unboost|p2a: Nurse Joy pls|spe|1","|","|-damage|p1a: Goodra|0 fnt|[from] psn","|faint|p1a: Goodra","|","|switch|p1a: Haxorus|Haxorus, M|293/293","|-ability|p1a: Haxorus|Mold Breaker","|turn|11","|","|switch|p2a: DownloadFreeRAM|Porygon2|345/373","|-ability|p2a: DownloadFreeRAM|Mold Breaker|[from] ability: Trace|[of] p1a: Haxorus","|-ability|p2a: DownloadFreeRAM|Mold Breaker","|move|p1a: Haxorus|Superpower|p2a: DownloadFreeRAM","|-supereffective|p2a: DownloadFreeRAM","|-damage|p2a: DownloadFreeRAM|159/373","|-unboost|p1a: Haxorus|atk|1","|-unboost|p1a: Haxorus|def|1","|","|turn|12","|","|move|p1a: Haxorus|Dragon Dance|p1a: Haxorus","|-boost|p1a: Haxorus|atk|1","|-boost|p1a: Haxorus|spe|1","|move|p2a: DownloadFreeRAM|Recover|p2a: DownloadFreeRAM","|-heal|p2a: DownloadFreeRAM|346/373","|","|turn|13","|","|move|p1a: Haxorus|Dragon Dance|p1a: Haxorus","|-boost|p1a: Haxorus|atk|1","|-boost|p1a: Haxorus|spe|1","|move|p2a: DownloadFreeRAM|Ice Beam|p1a: Haxorus","|-supereffective|p1a: Haxorus","|-damage|p1a: Haxorus|113/293","|","|turn|14","|","|move|p1a: Haxorus|Superpower|p2a: DownloadFreeRAM","|-supereffective|p2a: DownloadFreeRAM","|-damage|p2a: DownloadFreeRAM|68/373","|-unboost|p1a: Haxorus|atk|1","|-unboost|p1a: Haxorus|def|1","|move|p2a: DownloadFreeRAM|Ice Beam|p1a: Haxorus","|-supereffective|p1a: Haxorus","|-damage|p1a: Haxorus|0 fnt","|faint|p1a: Haxorus","|","|","|switch|p1a: Dragonite|Dragonite, M|282/323","|turn|15","|","|switch|p2a: Nurse Joy pls|Chansey, F|462/703","|move|p1a: Dragonite|Extreme Speed|p2a: Nurse Joy pls","|-damage|p2a: Nurse Joy pls|324/703","|","|turn|16","|","|move|p1a: Dragonite|Dragon Dance|p1a: Dragonite","|-boost|p1a: Dragonite|atk|1","|-boost|p1a: Dragonite|spe|1","|move|p2a: Nurse Joy pls|Thunder Wave|p1a: Dragonite","|-status|p1a: Dragonite|par","|","|turn|17","|","|move|p2a: Nurse Joy pls|Soft-Boiled|p2a: Nurse Joy pls","|-heal|p2a: Nurse Joy pls|676/703","|move|p1a: Dragonite|Dragon Claw|p2a: Nurse Joy pls","|-damage|p2a: Nurse Joy pls|376/703","|","|turn|18","|","|move|p2a: Nurse Joy pls|Soft-Boiled|p2a: Nurse Joy pls","|-heal|p2a: Nurse Joy pls|703/703","|move|p1a: Dragonite|Dragon Claw|p2a: Nurse Joy pls","|-damage|p2a: Nurse Joy pls|373/703","|","|turn|19","|","|switch|p1a: Salamence|Salamence, F|331/331","|move|p2a: Nurse Joy pls|Seismic Toss|p1a: Salamence","|-damage|p1a: Salamence|231/331","|","|turn|20","|","|move|p1a: Salamence|Dragon Claw|p2a: Nurse Joy pls","|-damage|p2a: Nurse Joy pls|171/703","|move|p2a: Nurse Joy pls|Thunder Wave|p1a: Salamence","|-status|p1a: Salamence|par","|","|turn|21","|","|move|p2a: Nurse Joy pls|Soft-Boiled|p2a: Nurse Joy pls","|-heal|p2a: Nurse Joy pls|523/703","|move|p1a: Salamence|Dragon Claw|p2a: Nurse Joy pls","|-damage|p2a: Nurse Joy pls|336/703","|","|turn|22","|","|move|p2a: Nurse Joy pls|Soft-Boiled|p2a: Nurse Joy pls","|-heal|p2a: Nurse Joy pls|688/703","|cant|p1a: Salamence|par","|","|turn|23","|","|win|Crystal Blade64"],"p1rating":{"entryid":459282,"formatid":"monotype","userid":"admiraltitan","username":"Admiral Titan","r":1500,"rd":130,"sigma":0,"rpr":1471.8323512539,"rprd":122.91456674908,"rpsigma":0,"rptime":1440493200,"w":0,"l":1,"t":0,"gxe":46.5,"acre":1000,"lacre":1000,"oldacre":1000},"p2rating":{"entryid":"73557","serverid":"eos","formatid":"monotype","userid":"crystalblade64","username":"Crystal Blade64","w":18,"l":"8","t":"0","gxe":65.9,"r":"1624.8302249946","rd":"67.464526385736","sigma":"0","rptime":"1440493200","rpr":1626.324291523,"rprd":64.625276117062,"rpsigma":"0","acre":1200.8990840476,"lacre":1200.8990840476,"oldacre":"1188.2588061575"},"endType":"forfeit"}