{"seed":[65081,19613,55647,52059],"turns":33,"p1":"Inferno sableye","p2":"SWL HB - ⓕⓤⓝ","p1team":[{"name":"Diancie","species":"Diancie","item":"leftovers","ability":"Clear Body","moves":["stealthrock","trickroom","diamondstorm","explosion"],"nature":"Brave","evs":{"hp":248,"atk":252,"def":8,"spa":0,"spd":0,"spe":0},"ivs":{"hp":31,"atk":31,"def":31,"spa":31,"spd":31,"spe":0}},{"name":"Sylveon","species":"Sylveon","item":"choicespecs","ability":"Pixilate","moves":["hypervoice","hiddenpowerfire","psyshock","shadowball"],"nature":"Quiet","evs":{"hp":248,"atk":0,"def":8,"spa":252,"spd":0,"spe":0},"gender":"M","ivs":{"hp":31,"atk":0,"def":31,"spa":30,"spd":31,"spe":0}},{"name":"Azumarill","species":"Azumarill","item":"lifeorb","ability":"Huge Power","moves":["playrough","waterfall","superpower","aquajet"],"nature":"Brave","evs":{"hp":248,"atk":252,"def":8,"spa":0,"spd":0,"spe":0},"gender":"M","ivs":{"hp":31,"atk":31,"def":31,"spa":31,"spd":31,"spe":0}},{"name":"Gardevoir","species":"Gardevoir","item":"gardevoirite","ability":"Trace","moves":["hypervoice","focusblast","trickroom","healingwish"],"nature":"Quiet","evs":{"hp":248,"atk":0,"def":8,"spa":252,"spd":0,"spe":0},"gender":"M","ivs":{"hp":31,"atk":0,"def":31,"spa":31,"spd":31,"spe":0},"shiny":true},{"name":"Klefki","species":"Klefki","item":"lightclay","ability":"Prankster","moves":["reflect","lightscreen","foulplay","spikes"],"nature":"Bold","evs":{"hp":248,"atk":0,"def":204,"spa":0,"spd":0,"spe":56},"ivs":{"hp":31,"atk":0,"def":31,"spa":31,"spd":31,"spe":31}},{"name":"Togekiss","species":"Togekiss","item":"choicescarf","ability":"Serene Grace","moves":["airslash","fireblast","dazzlinggleam","trick"],"nature":"Timid","evs":{"hp":0,"atk":0,"def":0,"spa":252,"spd":4,"spe":252},"ivs":{"hp":31,"atk":0,"def":31,"spa":31,"spd":31,"spe":31}}],"p2team":[{"name":"Venusaur","species":"Venusaur","item":"venusaurite","ability":"Chlorophyll","moves":["synthesis","gigadrain","amnesia","sludgebomb"],"nature":"Bold","evs":{"hp":248,"atk":0,"def":212,"spa":8,"spd":40,"spe":0},"ivs":{"hp":31,"atk":30,"def":31,"spa":30,"spd":31,"spe":30}},{"name":"Gengar","species":"Gengar","item":"blacksludge","ability":"Levitate","moves":["shadowball","icywind","focusblast","trick"],"nature":"Timid","evs":{"hp":0,"atk":0,"def":0,"spa":252,"spd":4,"spe":252},"ivs":{"hp":31,"atk":31,"def":31,"spa":31,"spd":31,"spe":31}},{"name":"Tentacruel","species":"Tentacruel","item":"blacksludge","ability":"Clear Body","moves":["scald","mirrorcoat","hiddenpowerfire","sludgebomb"],"nature":"Modest","evs":{"hp":248,"atk":0,"def":0,"spa":140,"spd":120,"spe":0},"ivs":{"hp":31,"atk":30,"def":31,"spa":30,"spd":31,"spe":30}},{"name":"Nidoqueen","species":"Nidoqueen","item":"blacksludge","ability":"Sheer Force","moves":["stealthrock","earthpower","flamethrower","icebeam"],"nature":"Bold","evs":{"hp":248,"atk":0,"def":240,"spa":20,"spd":0,"spe":0},"ivs":{"hp":31,"atk":31,"def":31,"spa":31,"spd":31,"spe":31}},{"name":"Drapion","species":"Drapion","item":"blacksludge","ability":"Battle Armor","moves":["swordsdance","crunch","rest","poisonjab"],"nature":"Adamant","evs":{"hp":220,"atk":48,"def":0,"spa":0,"spd":216,"spe":24},"ivs":{"hp":31,"atk":31,"def":31,"spa":31,"spd":31,"spe":31}},{"name":"Scolipede","species":"Scolipede","item":"focussash","ability":"Speed Boost","moves":["swordsdance","megahorn","earthquake","rockslide"],"nature":"Jolly","evs":{"hp":0,"atk":252,"def":0,"spa":0,"spd":4,"spe":252},"ivs":{"hp":31,"atk":31,"def":31,"spa":31,"spd":31,"spe":31}}],"log":["|player|p1|Inferno sableye|infernosableye.gif","|player|p2|SWL HB - ⓕⓤⓝ|swlhb.gif","|gametype|singles","|gen|6","|tier|Monotype","|rated","|rule|Baton Pass Clause: Limit one Baton Passer, can't pass Spe and other stats simultaneously","|rule|Swagger Clause: Swagger is banned","|rule|Same Type Clause: Pokémon in a team must share a type","|clearpoke","|poke|p1|Diancie","|poke|p1|Sylveon, M","|poke|p1|Azumarill, M","|poke|p1|Gardevoir, M, shiny","|poke|p1|Klefki, F","|poke|p1|Togekiss, F","|poke|p2|Venusaur, F","|poke|p2|Gengar, M","|poke|p2|Tentacruel, M","|poke|p2|Nidoqueen, F","|poke|p2|Drapion, M","|poke|p2|Scolipede, M","|rule|Sleep Clause Mod: Limit one foe put to sleep","|rule|Species Clause: Limit one of each Pokémon","|rule|OHKO Clause: OHKO moves are banned","|rule|Moody Clause: Moody is banned","|rule|Evasion Moves Clause: Evasion moves are banned","|rule|Endless Battle Clause: Forcing endless battles is banned","|rule|HP Percentage Mod: HP is shown in percentages","|teampreview","|","|start","|switch|p1a: Togekiss|Togekiss, F|311/311","|switch|p2a: Nidoqueen|Nidoqueen, F|383/383","|turn|1","|","|move|p1a: Togekiss|Air Slash|p2a: Nidoqueen","|-damage|p2a: Nidoqueen|241/383","|cant|p2a: Nidoqueen|flinch","|","|-heal|p2a: Nidoqueen|264/383|[from] item: Black Sludge","|turn|2","|","|switch|p2a: Tentacruel|Tentacruel, M|363/363","|move|p1a: Togekiss|Air Slash|p2a: Tentacruel","|-crit|p2a: Tentacruel","|-damage|p2a: Tentacruel|212/363","|","|-heal|p2a: Tentacruel|234/363|[from] item: Black Sludge","|turn|3","|","|move|p1a: Togekiss|Air Slash|p2a: Tentacruel","|-damage|p2a: Tentacruel|143/363","|cant|p2a: Tentacruel|flinch","|","|-heal|p2a: Tentacruel|165/363|[from] item: Black Sludge","|turn|4","|","|move|p1a: Togekiss|Air Slash|p2a: Tentacruel|[miss]","|-miss|p1a: Togekiss|p2a: Tentacruel","|move|p2a: Tentacruel|Sludge Bomb|p1a: Togekiss","|-supereffective|p1a: Togekiss","|-damage|p1a: Togekiss|105/311","|","|-heal|p2a: Tentacruel|187/363|[from] item: Black Sludge","|turn|5","|","|move|p1a: Togekiss|Air Slash|p2a: Tentacruel","|-damage|p2a: Tentacruel|85/363","|cant|p2a: Tentacruel|flinch","|","|-heal|p2a: Tentacruel|107/363|[from] item: Black Sludge","|turn|6","|","|move|p1a: Togekiss|Air Slash|p2a: Tentacruel","|-damage|p2a: Tentacruel|10/363","|cant|p2a: Tentacruel|flinch","|","|-heal|p2a: Tentacruel|32/363|[from] item: Black Sludge","|turn|7","|","|move|p1a: Togekiss|Air Slash|p2a: Tentacruel","|-damage|p2a: Tentacruel|0 fnt","|faint|p2a: Tentacruel","|","|","|switch|p2a: Scolipede|Scolipede, M|261/261","|turn|8","|","|move|p1a: Togekiss|Air Slash|p2a: Scolipede","|-supereffective|p2a: Scolipede","|-enditem|p2a: Scolipede|Focus Sash","|-damage|p2a: Scolipede|1/261","|cant|p2a: Scolipede|flinch","|","|-boost|p2a: Scolipede|spe|1|[from] ability: Speed Boost","|turn|9","|","|switch|p1a: Klefki|Klefki, F|317/317","|move|p2a: Scolipede|Earthquake|p1a: Klefki","|-supereffective|p1a: Klefki","|-damage|p1a: Klefki|147/317","|","|-boost|p2a: Scolipede|spe|1|[from] ability: Speed Boost","|turn|10","|","|move|p1a: Klefki|Reflect|p1a: Klefki","|-sidestart|p1: Inferno sableye|Reflect","|move|p2a: Scolipede|Swords Dance|p2a: Scolipede","|-boost|p2a: Scolipede|atk|2","|","|-boost|p2a: Scolipede|spe|1|[from] ability: Speed Boost","|turn|11","|","|switch|p1a: Azumarill|Azumarill, M|403/403","|move|p2a: Scolipede|Earthquake|p1a: Azumarill","|-damage|p1a: Azumarill|287/403","|","|-boost|p2a: Scolipede|spe|1|[from] ability: Speed Boost","|turn|12","|","|switch|p2a: Drapion|Drapion, M|336/336","|move|p1a: Azumarill|Aqua Jet|p2a: Drapion","|-damage|p2a: Drapion|239/336","|-damage|p1a: Azumarill|247/403|[from] item: Life Orb","|","|-heal|p2a: Drapion|260/336|[from] item: Black Sludge","|turn|13","|","|move|p2a: Drapion|Swords Dance|p2a: Drapion","|-boost|p2a: Drapion|atk|2","|move|p1a: Azumarill|Play Rough|p2a: Drapion","|-damage|p2a: Drapion|7/336","|-damage|p1a: Azumarill|207/403|[from] item: Life Orb","|","|-heal|p2a: Drapion|28/336|[from] item: Black Sludge","|turn|14","|","|move|p1a: Azumarill|Aqua Jet|p2a: Drapion","|-damage|p2a: Drapion|0 fnt","|-damage|p1a: Azumarill|167/403|[from] item: Life Orb","|faint|p2a: Drapion","|","|","|switch|p2a: Nidoqueen|Nidoqueen, F|264/383","|turn|15","|","|move|p2a: Nidoqueen|Stealth Rock|p1a: Azumarill","|-sidestart|p1: Inferno sableye|move: Stealth Rock","|move|p1a: Azumarill|Waterfall|p2a: Nidoqueen","|-supereffective|p2a: Nidoqueen","|-damage|p2a: Nidoqueen|0 fnt","|-damage|p1a: Azumarill|127/403|[from] item: Life Orb","|faint|p2a: Nidoqueen","|","|","|switch|p2a: Venusaur|Venusaur, F|363/363","|turn|16","|","|detailschange|p2a: Venusaur|Venusaur-Mega, F","|-mega|p2a: Venusaur|Venusaur|Venusaurite","|move|p2a: Venusaur|Amnesia|p2a: Venusaur","|-boost|p2a: Venusaur|spd|2","|move|p1a: Azumarill|Waterfall|p2a: Venusaur","|-resisted|p2a: Venusaur","|-damage|p2a: Venusaur|293/363","|-damage|p1a: Azumarill|87/403|[from] item: Life Orb","|","|turn|17","|","|switch|p1a: Klefki|Klefki, F|147/317","|-damage|p1a: Klefki|128/317|[from] Stealth Rock","|move|p2a: Venusaur|Sludge Bomb|p1a: Klefki","|-immune|p1a: Klefki|[msg]","|","|-sideend|p1: Inferno sableye|Reflect","|turn|18","|","|move|p1a: Klefki|Spikes|p2a: Venusaur","|-sidestart|p2: SWL HB - ⓕⓤⓝ|Spikes","|move|p2a: Venusaur|Giga Drain|p1a: Klefki","|-resisted|p1a: Klefki","|-damage|p1a: Klefki|69/317","|-heal|p2a: Venusaur|323/363|[from] drain|[of] p1a: Klefki","|","|turn|19","|","|move|p1a: Klefki|Light Screen|p1a: Klefki","|-sidestart|p1: Inferno sableye|move: Light Screen","|move|p2a: Venusaur|Amnesia|p2a: Venusaur","|-boost|p2a: Venusaur|spd|2","|","|turn|20","|","|switch|p1a: Diancie|Diancie|303/303","|-damage|p1a: Diancie|266/303|[from] Stealth Rock","|move|p2a: Venusaur|Giga Drain|p1a: Diancie","|-supereffective|p1a: Diancie","|-damage|p1a: Diancie|190/303","|-heal|p2a: Venusaur|361/363|[from] drain|[of] p1a: Diancie","|","|-heal|p1a: Diancie|208/303|[from] item: Leftovers","|turn|21","|","|move|p2a: Venusaur|Giga Drain|p1a: Diancie","|-supereffective|p1a: Diancie","|-damage|p1a: Diancie|132/303","|-heal|p2a: Venusaur|363/363|[from] drain|[of] p1a: Diancie","|move|p1a: Diancie|Trick Room|p1a: Diancie","|-fieldstart|move: Trick Room|[of] p1a: Diancie","|","|-heal|p1a: Diancie|150/303|[from] item: Leftovers","|turn|22","|","|move|p1a: Diancie|Diamond Storm|p2a: Venusaur","|-damage|p2a: Venusaur|260/363","|-boost|p1a: Diancie|def|1","|move|p2a: Venusaur|Synthesis|p2a: Venusaur","|-heal|p2a: Venusaur|363/363","|","|-heal|p1a: Diancie|168/303|[from] item: Leftovers","|turn|23","|","|move|p1a: Diancie|Diamond Storm|p2a: Venusaur","|-damage|p2a: Venusaur|254/363","|-boost|p1a: Diancie|def|1","|move|p2a: Venusaur|Synthesis|p2a: Venusaur","|-heal|p2a: Venusaur|363/363","|","|-heal|p1a: Diancie|186/303|[from] item: Leftovers","|turn|24","|","|move|p1a: Diancie|Diamond Storm|p2a: Venusaur","|-crit|p2a: Venusaur","|-damage|p2a: Venusaur|212/363","|-boost|p1a: Diancie|def|1","|move|p2a: Venusaur|Giga Drain|p1a: Diancie","|-supereffective|p1a: Diancie","|-damage|p1a: Diancie|111/303","|-heal|p2a: Venusaur|250/363|[from] drain|[of] p1a: Diancie","|","|-heal|p1a: Diancie|129/303|[from] item: Leftovers","|turn|25","|","|move|p1a: Diancie|Explosion|p2a: Venusaur","|-damage|p2a: Venusaur|86/363","|faint|p1a: Diancie","|move|p2a: Venusaur|Giga Drain|p1: Diancie|[notarget]","|-notarget","|","|-fieldend|move: Trick Room","|","|switch|p1a: Togekiss|Togekiss, F|105/311","|-damage|p1a: Togekiss|28/311|[from] Stealth Rock","|turn|26","|","|move|p1a: Togekiss|Air Slash|p2a: Venusaur","|-supereffective|p2a: Venusaur","|-damage|p2a: Venusaur|18/363","|move|p2a: Venusaur|Synthesis|p2a: Venusaur","|-heal|p2a: Venusaur|199/363","|","|-sideend|p1: Inferno sableye|move: Light Screen","|turn|27","|","|move|p1a: Togekiss|Air Slash|p2a: Venusaur","|-supereffective|p2a: Venusaur","|-damage|p2a: Venusaur|131/363","|cant|p2a: Venusaur|flinch","|","|turn|28","|","|move|p1a: Togekiss|Air Slash|p2a: Venusaur","|-supereffective|p2a: Venusaur","|-damage|p2a: Venusaur|57/363","|cant|p2a: Venusaur|flinch","|","|turn|29","|","|move|p1a: Togekiss|Air Slash|p2a: Venusaur","|-supereffective|p2a: Venusaur","|-damage|p2a: Venusaur|0 fnt","|faint|p2a: Venusaur","|","|","|switch|p2a: Gengar|Gengar, M|261/261","|turn|30","|","|move|p1a: Togekiss|Air Slash|p2a: Gengar","|-damage|p2a: Gengar|102/261","|move|p2a: Gengar|Shadow Ball|p1a: Togekiss","|-damage|p1a: Togekiss|0 fnt","|faint|p1a: Togekiss","|","|-heal|p2a: Gengar|118/261|[from] item: Black Sludge","|","|switch|p1a: Gardevoir|Gardevoir, M, shiny|339/339","|-damage|p1a: Gardevoir|297/339|[from] Stealth Rock","|-ability|p1a: Gardevoir|Levitate|[from] ability: Trace|[of] p2a: Gengar","|turn|31","|","|detailschange|p1a: Gardevoir|Gardevoir-Mega, M, shiny","|-mega|p1a: Gardevoir|Gardevoir|Gardevoirite","|move|p2a: Gengar|Shadow Ball|p1a: Gardevoir","|-supereffective|p1a: Gardevoir","|-damage|p1a: Gardevoir|67/339","|-unboost|p1a: Gardevoir|spd|1","|move|p1a: Gardevoir|Trick Room|p1a: Gardevoir","|-fieldstart|move: Trick Room|[of] p1a: Gardevoir","|","|-heal|p2a: Gengar|134/261|[from] item: Black Sludge","|turn|32","|","|switch|p2a: Scolipede|Scolipede, M|1/261","|-damage|p2a: Scolipede|0 fnt|[from] Spikes","|faint|p2a: Scolipede","|move|p1a: Gardevoir|Hyper Voice|p2: Scolipede|[notarget]","|-notarget","|","|","|switch|p2a: Gengar|Gengar, M|134/261","|turn|33","|","|move|p1a: Gardevoir|Hyper Voice|p2a: Gengar","|-resisted|p2a: Gengar","|-damage|p2a: Gengar|0 fnt","|faint|p2a: Gengar","|","|win|Inferno sableye"],"p1rating":{"entryid":"83803","serverid":"eos","formatid":"monotype","userid":"infernosableye","username":"Inferno Sableye","w":55,"l":"18","t":"0","gxe":72.8,"r":"1684.0737894333","rd":"50.231927762125","sigma":"0","rptime":"1440406800","rpr":1686.9201379161,"rprd":44.217261801966,"rpsigma":"0","acre":1277.7236294758,"lacre":1277.7236294758,"oldacre":"1268.0881873323"},"p2rating":{"entryid":"2316","serverid":"eos","formatid":"monotype","userid":"swlhb","username":"SWL HB","w":"2","l":8,"t":"0","gxe":35.4,"r":"1390.0773799668","rd":"91.31948998523","sigma":"0","rptime":"1440406800","rpr":1382.8351698044,"rprd":89.723229519131,"rpsigma":"0","acre":1014.2704612886,"lacre":1014.2704612886,"oldacre":"1019.236766659"},"endType":"normal"}