{"seed":[37433,21072,35093,56040],"turns":26,"p1":"Inferno sableye","p2":"fasrel","p1team":[{"name":"Diancie","species":"Diancie","item":"leftovers","ability":"Clear Body","moves":["stealthrock","trickroom","diamondstorm","explosion"],"nature":"Brave","evs":{"hp":248,"atk":252,"def":8,"spa":0,"spd":0,"spe":0},"ivs":{"hp":31,"atk":31,"def":31,"spa":31,"spd":31,"spe":0}},{"name":"Sylveon","species":"Sylveon","item":"choicespecs","ability":"Pixilate","moves":["hypervoice","hiddenpowerfire","psyshock","shadowball"],"nature":"Quiet","evs":{"hp":248,"atk":0,"def":8,"spa":252,"spd":0,"spe":0},"gender":"M","ivs":{"hp":31,"atk":0,"def":31,"spa":30,"spd":31,"spe":0}},{"name":"Azumarill","species":"Azumarill","item":"lifeorb","ability":"Huge Power","moves":["playrough","waterfall","superpower","aquajet"],"nature":"Brave","evs":{"hp":248,"atk":252,"def":8,"spa":0,"spd":0,"spe":0},"gender":"M","ivs":{"hp":31,"atk":31,"def":31,"spa":31,"spd":31,"spe":0}},{"name":"Gardevoir","species":"Gardevoir","item":"gardevoirite","ability":"Trace","moves":["hypervoice","focusblast","trickroom","healingwish"],"nature":"Quiet","evs":{"hp":248,"atk":0,"def":8,"spa":252,"spd":0,"spe":0},"gender":"M","ivs":{"hp":31,"atk":0,"def":31,"spa":31,"spd":31,"spe":0},"shiny":true},{"name":"Klefki","species":"Klefki","item":"lightclay","ability":"Prankster","moves":["reflect","lightscreen","foulplay","spikes"],"nature":"Bold","evs":{"hp":248,"atk":0,"def":204,"spa":0,"spd":0,"spe":56},"ivs":{"hp":31,"atk":0,"def":31,"spa":31,"spd":31,"spe":31}},{"name":"Togekiss","species":"Togekiss","item":"choicescarf","ability":"Serene Grace","moves":["airslash","fireblast","dazzlinggleam","trick"],"nature":"Timid","evs":{"hp":0,"atk":0,"def":0,"spa":252,"spd":4,"spe":252},"ivs":{"hp":31,"atk":0,"def":31,"spa":31,"spd":31,"spe":31}}],"p2team":[{"name":"Ambipom","species":"Ambipom","item":"choiceband","ability":"Technician","moves":["fakeout","retaliate","aerialace","switcheroo"],"nature":"Jolly","evs":{"hp":0,"atk":252,"def":0,"spa":0,"spd":4,"spe":252},"ivs":{"hp":31,"atk":31,"def":31,"spa":31,"spd":31,"spe":31}},{"name":"Blissey","species":"Blissey","item":"leftovers","ability":"Serene Grace","moves":["healbell","softboiled","icebeam","stealthrock"],"nature":"Bold","evs":{"hp":252,"atk":0,"def":252,"spa":4,"spd":0,"spe":0},"ivs":{"hp":31,"atk":31,"def":31,"spa":31,"spd":31,"spe":31}},{"name":"Ditto","species":"Ditto","item":"choicescarf","ability":"Imposter","moves":["transform"],"nature":"","evs":{"hp":0,"atk":0,"def":0,"spa":0,"spd":0,"spe":0},"ivs":{"hp":31,"atk":31,"def":31,"spa":31,"spd":31,"spe":31}},{"name":"Diggersby","species":"Diggersby","item":"leftovers","ability":"Huge Power","moves":["agility","quickattack","return","earthquake"],"nature":"Adamant","evs":{"hp":252,"atk":252,"def":0,"spa":0,"spd":0,"spe":4},"ivs":{"hp":31,"atk":31,"def":31,"spa":31,"spd":31,"spe":31}},{"name":"Porygon2","species":"Porygon2","item":"eviolite","ability":"Trace","moves":["foulplay","thunderwave","painsplit","recover"],"nature":"Bold","evs":{"hp":248,"atk":0,"def":140,"spa":0,"spd":120,"spe":0},"ivs":{"hp":31,"atk":31,"def":31,"spa":31,"spd":31,"spe":31}},{"name":"Audino","species":"Audino","item":"leftovers","ability":"Regenerator","moves":["wish","amnesia","lastresort","knockoff"],"nature":"Impish","evs":{"hp":252,"atk":4,"def":252,"spa":0,"spd":0,"spe":0},"ivs":{"hp":31,"atk":31,"def":31,"spa":31,"spd":31,"spe":31}}],"log":["|player|p1|Inferno sableye|infernosableye.gif","|player|p2|fasrel|121","|gametype|singles","|gen|6","|tier|Monotype","|rated","|rule|Baton Pass Clause: Limit one Baton Passer, can't pass Spe and other stats simultaneously","|rule|Swagger Clause: Swagger is banned","|rule|Same Type Clause: Pokémon in a team must share a type","|clearpoke","|poke|p1|Diancie","|poke|p1|Sylveon, M","|poke|p1|Azumarill, M","|poke|p1|Gardevoir, M, shiny","|poke|p1|Klefki, M","|poke|p1|Togekiss, F","|poke|p2|Ambipom, F","|poke|p2|Blissey, F","|poke|p2|Ditto","|poke|p2|Diggersby, F","|poke|p2|Porygon2","|poke|p2|Audino, F","|rule|Sleep Clause Mod: Limit one foe put to sleep","|rule|Species Clause: Limit one of each Pokémon","|rule|OHKO Clause: OHKO moves are banned","|rule|Moody Clause: Moody is banned","|rule|Evasion Moves Clause: Evasion moves are banned","|rule|Endless Battle Clause: Forcing endless battles is banned","|rule|HP Percentage Mod: HP is shown in percentages","|teampreview","|","|start","|switch|p1a: Azumarill|Azumarill, M|403/403","|switch|p2a: Blissey|Blissey, F|714/714","|turn|1","|","|move|p2a: Blissey|Stealth Rock|p1a: Azumarill","|-sidestart|p1: Inferno sableye|move: Stealth Rock","|move|p1a: Azumarill|Superpower|p2a: Blissey","|-supereffective|p2a: Blissey","|-damage|p2a: Blissey|0 fnt","|-unboost|p1a: Azumarill|atk|1","|-unboost|p1a: Azumarill|def|1","|-damage|p1a: Azumarill|363/403|[from] item: Life Orb","|faint|p2a: Blissey","|","|","|switch|p2a: Porygon2|Porygon2|373/373","|-ability|p2a: Porygon2|Huge Power|[from] ability: Trace|[of] p1a: Azumarill","|turn|2","|","|switch|p1a: Diancie|Diancie|303/303","|-damage|p1a: Diancie|266/303|[from] Stealth Rock","|move|p2a: Porygon2|Thunder Wave|p1a: Diancie","|-status|p1a: Diancie|par","|","|-heal|p1a: Diancie|284/303 par|[from] item: Leftovers","|turn|3","|","|move|p2a: Porygon2|Foul Play|p1a: Diancie","|-resisted|p1a: Diancie","|-damage|p1a: Diancie|211/303 par","|move|p1a: Diancie|Trick Room|p1a: Diancie","|-fieldstart|move: Trick Room|[of] p1a: Diancie","|","|-heal|p1a: Diancie|229/303 par|[from] item: Leftovers","|turn|4","|","|switch|p1a: Sylveon|Sylveon, M|393/393","|-damage|p1a: Sylveon|344/393|[from] Stealth Rock","|move|p2a: Porygon2|Foul Play|p1a: Sylveon","|-resisted|p1a: Sylveon","|-damage|p1a: Sylveon|284/393","|","|turn|5","|","|move|p1a: Sylveon|Hyper Voice|p2a: Porygon2","|-damage|p2a: Porygon2|171/373","|move|p2a: Porygon2|Thunder Wave|p1a: Sylveon","|-status|p1a: Sylveon|par","|","|turn|6","|","|switch|p2a: Audino|Audino, F|410/410","|cant|p1a: Sylveon|par","|","|turn|7","|","|move|p1a: Sylveon|Hyper Voice|p2a: Audino","|-damage|p2a: Audino|64/410","|move|p2a: Audino|Amnesia|p2a: Audino","|-boost|p2a: Audino|spd|2","|","|-heal|p2a: Audino|89/410|[from] item: Leftovers","|-fieldend|move: Trick Room","|turn|8","|","|move|p2a: Audino|Wish|p2a: Audino","|move|p1a: Sylveon|Hyper Voice|p2a: Audino","|-damage|p2a: Audino|0 fnt","|faint|p2a: Audino","|","|","|switch|p2a: Diggersby|Diggersby, F|374/374","|turn|9","|","|move|p2a: Diggersby|Return|p1a: Sylveon","|-damage|p1a: Sylveon|0 fnt","|faint|p1a: Sylveon","|","|","|switch|p1a: Diancie|Diancie|229/303 par","|-damage|p1a: Diancie|192/303 par|[from] Stealth Rock","|turn|10","|","|move|p2a: Diggersby|Agility|p2a: Diggersby","|-boost|p2a: Diggersby|spe|2","|move|p1a: Diancie|Trick Room|p1a: Diancie","|-fieldstart|move: Trick Room|[of] p1a: Diancie","|","|-heal|p1a: Diancie|210/303 par|[from] item: Leftovers","|turn|11","|","|cant|p1a: Diancie|par","|move|p2a: Diggersby|Earthquake|p1a: Diancie","|-supereffective|p1a: Diancie","|-damage|p1a: Diancie|0 fnt","|faint|p1a: Diancie","|","|","|switch|p1a: Azumarill|Azumarill, M|363/403","|-damage|p1a: Azumarill|313/403|[from] Stealth Rock","|turn|12","|","|switch|p2a: Ditto|Ditto|237/237","|-transform|p2a: Ditto|p1a: Azumarill","|move|p1a: Azumarill|Waterfall|p2a: Ditto","|-resisted|p2a: Ditto","|-damage|p2a: Ditto|110/237","|-damage|p1a: Azumarill|273/403|[from] item: Life Orb","|","|turn|13","|","|move|p1a: Azumarill|Play Rough|p2a: Ditto","|-damage|p2a: Ditto|0 fnt","|-damage|p1a: Azumarill|233/403|[from] item: Life Orb","|faint|p2a: Ditto","|","|","|switch|p2a: Porygon2|Porygon2|171/373","|-ability|p2a: Porygon2|Huge Power|[from] ability: Trace|[of] p1a: Azumarill","|turn|14","|","|move|p1a: Azumarill|Superpower|p2a: Porygon2","|-supereffective|p2a: Porygon2","|-damage|p2a: Porygon2|0 fnt","|-unboost|p1a: Azumarill|atk|1","|-unboost|p1a: Azumarill|def|1","|-damage|p1a: Azumarill|193/403|[from] item: Life Orb","|faint|p2a: Porygon2","|","|-fieldend|move: Trick Room","|","|switch|p2a: Ambipom|Ambipom, F|291/291","|turn|15","|","|switch|p1a: Klefki|Klefki, M|317/317","|-damage|p1a: Klefki|298/317|[from] Stealth Rock","|move|p2a: Ambipom|Retaliate|p1a: Klefki","|-resisted|p1a: Klefki","|-damage|p1a: Klefki|168/317","|","|turn|16","|","|switch|p2a: Diggersby|Diggersby, F|374/374","|move|p1a: Klefki|Reflect|p1a: Klefki","|-sidestart|p1: Inferno sableye|Reflect","|","|turn|17","|","|move|p1a: Klefki|Foul Play|p2a: Diggersby","|-damage|p2a: Diggersby|290/374","|move|p2a: Diggersby|Agility|p2a: Diggersby","|-boost|p2a: Diggersby|spe|2","|","|-heal|p2a: Diggersby|313/374|[from] item: Leftovers","|turn|18","|","|switch|p1a: Togekiss|Togekiss, F|311/311","|-damage|p1a: Togekiss|234/311|[from] Stealth Rock","|move|p2a: Diggersby|Earthquake|p1a: Togekiss","|-immune|p1a: Togekiss|[msg]","|","|-heal|p2a: Diggersby|336/374|[from] item: Leftovers","|turn|19","|","|move|p1a: Togekiss|Trick|p2a: Diggersby","|-activate|p1a: Togekiss|move: Trick|[of] p2a: Diggersby","|-item|p2a: Diggersby|Choice Scarf|[from] move: Trick","|-item|p1a: Togekiss|Leftovers|[from] move: Trick","|move|p2a: Diggersby|Return|p1a: Togekiss","|-damage|p1a: Togekiss|108/311","|","|-heal|p1a: Togekiss|127/311|[from] item: Leftovers","|turn|20","|","|switch|p1a: Klefki|Klefki, M|168/317","|-damage|p1a: Klefki|149/317|[from] Stealth Rock","|move|p2a: Diggersby|Return|p1a: Klefki","|-resisted|p1a: Klefki","|-damage|p1a: Klefki|98/317","|","|turn|21","|","|move|p2a: Diggersby|Return|p1a: Klefki","|-resisted|p1a: Klefki","|-damage|p1a: Klefki|54/317","|move|p1a: Klefki|Foul Play|p2a: Diggersby","|-damage|p2a: Diggersby|240/374","|","|turn|22","|","|move|p2a: Diggersby|Return|p1a: Klefki","|-resisted|p1a: Klefki","|-damage|p1a: Klefki|10/317","|move|p1a: Klefki|Foul Play|p2a: Diggersby","|-damage|p2a: Diggersby|147/374","|","|turn|23","|","|move|p1a: Klefki|Spikes|p2a: Diggersby","|-sidestart|p2: fasrel|Spikes","|move|p2a: Diggersby|Return|p1a: Klefki","|-crit|p1a: Klefki","|-resisted|p1a: Klefki","|-damage|p1a: Klefki|0 fnt","|faint|p1a: Klefki","|","|-sideend|p1: Inferno sableye|Reflect","|","|switch|p1a: Azumarill|Azumarill, M|193/403","|-damage|p1a: Azumarill|143/403|[from] Stealth Rock","|turn|24","|","|move|p1a: Azumarill|Aqua Jet|p2a: Diggersby","|-supereffective|p2a: Diggersby","|-damage|p2a: Diggersby|0 fnt","|-damage|p1a: Azumarill|103/403|[from] item: Life Orb","|faint|p2a: Diggersby","|","|","|switch|p2a: Ambipom|Ambipom, F|291/291","|-damage|p2a: Ambipom|255/291|[from] Spikes","|turn|25","|","|switch|p1a: Togekiss|Togekiss, F|127/311","|-damage|p1a: Togekiss|50/311|[from] Stealth Rock","|move|p2a: Ambipom|Retaliate|p1a: Togekiss","|-damage|p1a: Togekiss|0 fnt","|faint|p1a: Togekiss","|","|","|switch|p1a: Gardevoir|Gardevoir, M, shiny|339/339","|-damage|p1a: Gardevoir|297/339|[from] Stealth Rock","|-ability|p1a: Gardevoir|Technician|[from] ability: Trace|[of] p2a: Ambipom","|turn|26","|","|detailschange|p1a: Gardevoir|Gardevoir-Mega, M, shiny","|-mega|p1a: Gardevoir|Gardevoir|Gardevoirite","|move|p2a: Ambipom|Retaliate|p1a: Gardevoir","|-damage|p1a: Gardevoir|92/339","|move|p1a: Gardevoir|Hyper Voice|p2a: Ambipom","|-damage|p2a: Ambipom|0 fnt","|faint|p2a: Ambipom","|","|win|Inferno sableye"],"p1rating":{"entryid":"83803","serverid":"eos","formatid":"monotype","userid":"infernosableye","username":"Inferno Sableye","w":52,"l":"18","t":"0","gxe":72,"r":"1684.0737894333","rd":"50.231927762125","sigma":"0","rptime":"1440406800","rpr":1679.3185132196,"rprd":44.900179194118,"rpsigma":"0","acre":1247.1052807676,"lacre":1247.1052807676,"oldacre":"1236.924492074"},"p2rating":{"entryid":426633,"formatid":"monotype","userid":"fasrel","username":"fasrel","r":1500,"rd":130,"sigma":0,"rpr":1477.4033741186,"rprd":123.66635512501,"rpsigma":0,"rptime":1440406800,"w":0,"l":1,"t":0,"gxe":47.2,"acre":1000,"lacre":1000,"oldacre":1000},"endType":"normal"}