{"seed":[26689,46120,30777,36564],"turns":21,"p1":"Rain Hoot","p2":"Union Wevrm","p1team":[{"name":"Moltres","species":"Moltres","item":"assaultvest","ability":"Pressure","moves":["flamethrower","hurricane","ancientpower","twister"],"nature":"Modest","evs":{"hp":248,"atk":0,"def":0,"spa":252,"spd":8,"spe":0},"ivs":{"hp":31,"atk":31,"def":31,"spa":31,"spd":31,"spe":31}},{"name":"Entei","species":"Entei","item":"choiceband","ability":"Pressure","moves":["extremespeed","stoneedge","sacredfire","ironhead"],"nature":"Adamant","evs":{"hp":252,"atk":252,"def":0,"spa":0,"spd":4,"spe":0},"shiny":true,"ivs":{"hp":31,"atk":31,"def":31,"spa":31,"spd":31,"spe":31}},{"name":"Torkoal","species":"Torkoal","item":"sitrusberry","ability":"White Smoke","moves":["rapidspin","lavaplume","earthquake","clearsmog"],"nature":"Lax","evs":{"hp":248,"atk":8,"def":252,"spa":0,"spd":0,"spe":0},"ivs":{"hp":31,"atk":31,"def":31,"spa":31,"spd":31,"spe":31}},{"name":"Arcanine","species":"Arcanine","item":"rockyhelmet","ability":"Intimidate","moves":["closecombat","crunch","extremespeed","willowisp"],"nature":"Adamant","evs":{"hp":248,"atk":252,"def":0,"spa":0,"spd":8,"spe":0},"ivs":{"hp":31,"atk":31,"def":31,"spa":31,"spd":31,"spe":31}},{"name":"Volcarona","species":"Volcarona","item":"focussash","ability":"Flame Body","moves":["fierydance","quiverdance","bugbuzz","gigadrain"],"nature":"Modest","evs":{"hp":0,"atk":0,"def":0,"spa":252,"spd":4,"spe":252},"ivs":{"hp":31,"atk":31,"def":31,"spa":31,"spd":31,"spe":31}},{"name":"Charizard","species":"Charizard","item":"charizarditey","ability":"Blaze","moves":["solarbeam","ancientpower","airslash","roost"],"nature":"Timid","evs":{"hp":0,"atk":0,"def":0,"spa":252,"spd":4,"spe":252},"ivs":{"hp":31,"atk":31,"def":31,"spa":31,"spd":31,"spe":31}}],"p2team":[{"name":"Flygon","species":"Flygon","item":"choiceband","ability":"Levitate","moves":["earthquake","stoneedge","outrage","superpower"],"nature":"Jolly","evs":{"hp":0,"atk":252,"def":0,"spa":0,"spd":4,"spe":252},"ivs":{"hp":31,"atk":31,"def":31,"spa":31,"spd":31,"spe":31}},{"name":"Zygarde","species":"Zygarde","item":"leftovers","ability":"Aura Break","moves":["dragondance","extremespeed","rockslide","substitute"],"nature":"Adamant","evs":{"hp":0,"atk":252,"def":0,"spa":0,"spd":4,"spe":252},"ivs":{"hp":31,"atk":31,"def":31,"spa":31,"spd":31,"spe":31}},{"name":"Latios","species":"Latios","item":"latiosite","ability":"Levitate","moves":["dracometeor","psychic","thunderbolt","dragonpulse"],"nature":"Timid","evs":{"hp":0,"atk":0,"def":0,"spa":252,"spd":4,"spe":252},"ivs":{"hp":31,"atk":31,"def":31,"spa":31,"spd":31,"spe":31}},{"name":"Noivern","species":"Noivern","item":"choicespecs","ability":"Frisk","moves":["airslash","boomburst","dracometeor","flamethrower"],"nature":"Timid","evs":{"hp":0,"atk":0,"def":0,"spa":252,"spd":4,"spe":252},"ivs":{"hp":31,"atk":31,"def":31,"spa":31,"spd":31,"spe":31}},{"name":"Kingdra","species":"Kingdra","item":"leftovers","ability":"Sniper","moves":["dragondance","outrage","bounce","waterfall"],"nature":"Adamant","evs":{"hp":0,"atk":0,"def":0,"spa":0,"spd":4,"spe":252},"ivs":{"hp":31,"atk":31,"def":31,"spa":31,"spd":31,"spe":31}},{"name":"Hydreigon","species":"Hydreigon","item":"lifeorb","ability":"Levitate","moves":["crunch","dragonrush","flamethrower","steelwing"],"nature":"Hasty","evs":{"hp":0,"atk":252,"def":0,"spa":4,"spd":0,"spe":252},"ivs":{"hp":31,"atk":31,"def":31,"spa":31,"spd":31,"spe":31}}],"log":["|player|p1|Rain Hoot|1","|player|p2|Union Wevrm|unionwevrm.png","|gametype|singles","|gen|6","|tier|Monotype","|rated","|rule|Baton Pass Clause: Limit one Baton Passer, can't pass Spe and other stats simultaneously","|rule|Swagger Clause: Swagger is banned","|rule|Same Type Clause: Pokémon in a team must share a type","|clearpoke","|poke|p1|Moltres","|poke|p1|Entei, shiny","|poke|p1|Torkoal, M","|poke|p1|Arcanine, F","|poke|p1|Volcarona, F","|poke|p1|Charizard, M","|poke|p2|Flygon, F","|poke|p2|Zygarde","|poke|p2|Latios, M","|poke|p2|Noivern, F","|poke|p2|Kingdra, M","|poke|p2|Hydreigon, F","|rule|Sleep Clause Mod: Limit one foe put to sleep","|rule|Species Clause: Limit one of each Pokémon","|rule|OHKO Clause: OHKO moves are banned","|rule|Moody Clause: Moody is banned","|rule|Evasion Moves Clause: Evasion moves are banned","|rule|Endless Battle Clause: Forcing endless battles is banned","|rule|HP Percentage Mod: HP is shown in percentages","|teampreview","|","|start","|switch|p1a: Moltres|Moltres|383/383","|switch|p2a: Kingdra|Kingdra, M|291/291","|-ability|p1a: Moltres|Pressure","|turn|1","|","|move|p2a: Kingdra|Dragon Dance|p2a: Kingdra","|-boost|p2a: Kingdra|atk|1","|-boost|p2a: Kingdra|spe|1","|move|p1a: Moltres|Twister|p2a: Kingdra","|-supereffective|p2a: Kingdra","|-damage|p2a: Kingdra|185/291","|","|-heal|p2a: Kingdra|203/291|[from] item: Leftovers","|turn|2","|","|switch|p1a: Torkoal|Torkoal, M|343/343","|move|p2a: Kingdra|Waterfall|p1a: Torkoal","|-supereffective|p1a: Torkoal","|-damage|p1a: Torkoal|163/343","|-enditem|p1a: Torkoal|Sitrus Berry|[eat]","|-heal|p1a: Torkoal|248/343|[from] item: Sitrus Berry","|","|-heal|p2a: Kingdra|221/291|[from] item: Leftovers","|turn|3","|","|move|p2a: Kingdra|Waterfall|p1a: Torkoal","|-supereffective|p1a: Torkoal","|-damage|p1a: Torkoal|68/343","|cant|p1a: Torkoal|flinch","|","|-heal|p2a: Kingdra|239/291|[from] item: Leftovers","|turn|4","|","|move|p2a: Kingdra|Waterfall|p1a: Torkoal","|-supereffective|p1a: Torkoal","|-damage|p1a: Torkoal|0 fnt","|faint|p1a: Torkoal","|","|-heal|p2a: Kingdra|257/291|[from] item: Leftovers","|","|switch|p1a: Arcanine|Arcanine, F|383/383","|-ability|p1a: Arcanine|Intimidate","|-unboost|p2a: Kingdra|atk|1","|turn|5","|","|move|p2a: Kingdra|Waterfall|p1a: Arcanine","|-supereffective|p1a: Arcanine","|-damage|p1a: Arcanine|147/383","|-damage|p2a: Kingdra|209/291|[from] item: Rocky Helmet|[of] p1a: Arcanine","|move|p1a: Arcanine|Will-O-Wisp|p2a: Kingdra","|-status|p2a: Kingdra|brn","|","|-heal|p2a: Kingdra|227/291 brn|[from] item: Leftovers","|-damage|p2a: Kingdra|191/291 brn|[from] brn","|turn|6","|","|move|p1a: Arcanine|Extreme Speed|p2a: Kingdra","|-crit|p2a: Kingdra","|-damage|p2a: Kingdra|44/291 brn","|move|p2a: Kingdra|Waterfall|p1a: Arcanine","|-supereffective|p1a: Arcanine","|-damage|p1a: Arcanine|27/383","|-damage|p2a: Kingdra|0 fnt|[from] item: Rocky Helmet|[of] p1a: Arcanine","|faint|p2a: Kingdra","|","|","|switch|p2a: Zygarde|Zygarde|357/357","|-ability|p2a: Zygarde|Aura Break","|turn|7","|","|move|p2a: Zygarde|Extreme Speed|p1a: Arcanine","|-damage|p1a: Arcanine|0 fnt","|-damage|p2a: Zygarde|298/357|[from] item: Rocky Helmet|[of] p1a: Arcanine","|faint|p1a: Arcanine","|","|-heal|p2a: Zygarde|320/357|[from] item: Leftovers","|","|switch|p1a: Entei|Entei, shiny|434/434","|-ability|p1a: Entei|Pressure","|turn|8","|","|move|p2a: Zygarde|Substitute|p2a: Zygarde","|-start|p2a: Zygarde|Substitute","|-damage|p2a: Zygarde|231/357","|move|p1a: Entei|Sacred Fire|p2a: Zygarde","|-resisted|p2a: Zygarde","|-end|p2a: Zygarde|Substitute","|","|-heal|p2a: Zygarde|253/357|[from] item: Leftovers","|turn|9","|","|move|p2a: Zygarde|Dragon Dance|p2a: Zygarde","|-boost|p2a: Zygarde|atk|1","|-boost|p2a: Zygarde|spe|1","|move|p1a: Entei|Sacred Fire|p2a: Zygarde","|-resisted|p2a: Zygarde","|-damage|p2a: Zygarde|139/357","|","|-heal|p2a: Zygarde|161/357|[from] item: Leftovers","|turn|10","|","|move|p2a: Zygarde|Rock Slide|p1a: Entei","|-miss|p2a: Zygarde|p1a: Entei","|move|p1a: Entei|Sacred Fire|p2a: Zygarde","|-resisted|p2a: Zygarde","|-damage|p2a: Zygarde|43/357","|","|-heal|p2a: Zygarde|65/357|[from] item: Leftovers","|turn|11","|","|move|p2a: Zygarde|Rock Slide|p1a: Entei","|-supereffective|p1a: Entei","|-damage|p1a: Entei|146/434","|move|p1a: Entei|Sacred Fire|p2a: Zygarde","|-resisted|p2a: Zygarde","|-damage|p2a: Zygarde|0 fnt","|faint|p2a: Zygarde","|","|","|switch|p2a: Hydreigon|Hydreigon, F|325/325","|turn|12","|","|switch|p1a: Moltres|Moltres|383/383","|-ability|p1a: Moltres|Pressure","|move|p2a: Hydreigon|Crunch|p1a: Moltres","|-damage|p1a: Moltres|211/383","|-damage|p2a: Hydreigon|293/325|[from] item: Life Orb","|","|turn|13","|","|move|p2a: Hydreigon|Dragon Rush|p1a: Moltres|[miss]","|-miss|p2a: Hydreigon|p1a: Moltres","|move|p1a: Moltres|Twister|p2a: Hydreigon","|-supereffective|p2a: Hydreigon","|-damage|p2a: Hydreigon|187/325","|","|turn|14","|","|move|p2a: Hydreigon|Dragon Rush|p1a: Moltres","|-damage|p1a: Moltres|4/383","|-damage|p2a: Hydreigon|155/325|[from] item: Life Orb","|move|p1a: Moltres|Hurricane|p2a: Hydreigon","|-damage|p2a: Hydreigon|0 fnt","|faint|p2a: Hydreigon","|","|","|switch|p2a: Latios|Latios, M|301/301","|turn|15","|","|detailschange|p2a: Latios|Latios-Mega, M","|-mega|p2a: Latios|Latios|Latiosite","|move|p2a: Latios|Dragon Pulse|p1a: Moltres","|-damage|p1a: Moltres|0 fnt","|faint|p1a: Moltres","|","|","|switch|p1a: Volcarona|Volcarona, F|311/311","|turn|16","|","|move|p2a: Latios|Draco Meteor|p1a: Volcarona","|-damage|p1a: Volcarona|68/311","|-unboost|p2a: Latios|spa|2","|move|p1a: Volcarona|Quiver Dance|p1a: Volcarona","|-boost|p1a: Volcarona|spa|1","|-boost|p1a: Volcarona|spd|1","|-boost|p1a: Volcarona|spe|1","|","|turn|17","|","|move|p1a: Volcarona|Bug Buzz|p2a: Latios","|-supereffective|p2a: Latios","|-damage|p2a: Latios|0 fnt","|faint|p2a: Latios","|","|","|switch|p2a: Noivern|Noivern, F|311/311","|-item|p1a: Volcarona|Focus Sash|[from] ability: Frisk|[of] p2a: Noivern|[identify]","|turn|18","|","|move|p1a: Volcarona|Fiery Dance|p2a: Noivern","|-resisted|p2a: Noivern","|-damage|p2a: Noivern|160/311","|move|p2a: Noivern|Air Slash|p1a: Volcarona","|-supereffective|p1a: Volcarona","|-damage|p1a: Volcarona|0 fnt","|faint|p1a: Volcarona","|","|","|switch|p1a: Entei|Entei, shiny|146/434","|-ability|p1a: Entei|Pressure","|turn|19","|","|move|p1a: Entei|Extreme Speed|p2a: Noivern","|-damage|p2a: Noivern|0 fnt","|faint|p2a: Noivern","|","|","|switch|p2a: Flygon|Flygon, F|301/301","|turn|20","|","|move|p1a: Entei|Extreme Speed|p2a: Flygon","|-damage|p2a: Flygon|124/301","|move|p2a: Flygon|Stone Edge|p1a: Entei","|-crit|p1a: Entei","|-supereffective|p1a: Entei","|-damage|p1a: Entei|0 fnt","|faint|p1a: Entei","|","|","|switch|p1a: Charizard|Charizard, M|297/297","|turn|21","|","|detailschange|p1a: Charizard|Charizard-Mega-Y, M","|-mega|p1a: Charizard|Charizard|Charizardite Y","|-weather|SunnyDay","|move|p1a: Charizard|Air Slash|p2a: Flygon","|-damage|p2a: Flygon|0 fnt","|faint|p2a: Flygon","|","|win|Rain Hoot"],"p1rating":{"entryid":"129353","serverid":"eos","formatid":"monotype","userid":"rainhoot","username":"Rain Hoot","w":21,"l":"21","t":"0","gxe":50.4,"r":"1479.1506787607","rd":"60.985579386037","sigma":"0","rptime":"1440493200","rpr":1503.3023557837,"rprd":53.35083383399,"rpsigma":"0","acre":1154.4842137174,"lacre":1154.4842137174,"oldacre":"1126.9819083175"},"p2rating":{"entryid":"373318","serverid":"eos","formatid":"monotype","userid":"unionwevrm","username":"Union Wevrm","w":"14","l":13,"t":"0","gxe":50.7,"r":"1494.6792099071","rd":"65.389319406034","sigma":"0","rptime":"1440493200","rpr":1505.5396614685,"rprd":62.448771714701,"rpsigma":"0","acre":1134.3720362534,"lacre":1134.3720362534,"oldacre":"1161.8743416533"},"endType":"normal"}