{"seed":[41795,39288,39933,28839],"turns":20,"p1":"GTX♅WillWolf","p2":"Rain ☆ S.Herbs","p1team":[{"name":"THE KILLER","species":"cobalion","item":"leftovers","ability":"Justified","moves":["stoneedge","stealthrock","ironhead","closecombat"],"nature":"Impish","evs":{"hp":252,"atk":4,"def":252,"spa":0,"spd":0,"spe":0},"ivs":{"hp":31,"atk":31,"def":31,"spa":31,"spd":31,"spe":31}},{"name":"Lucario","species":"Lucario","item":"salacberry","ability":"Justified","moves":["reversal","endure","icepunch","extremespeed"],"nature":"Adamant","evs":{"hp":0,"atk":252,"def":0,"spa":0,"spd":4,"spe":252},"ivs":{"hp":31,"atk":30,"def":30,"spa":31,"spd":31,"spe":31}},{"name":"Whiskers","species":"mienshao","item":"lifeorb","ability":"Regenerator","moves":["hiddenpowerice","highjumpkick","fakeout","uturn"],"nature":"Hasty","evs":{"hp":0,"atk":252,"def":0,"spa":4,"spd":0,"spe":252},"ivs":{"hp":31,"atk":30,"def":30,"spa":31,"spd":31,"spe":31}},{"name":"Hairy Cross","species":"heracross","item":"choicescarf","ability":"Moxie","moves":["nightslash","closecombat","stoneedge","megahorn"],"nature":"Jolly","evs":{"hp":0,"atk":252,"def":0,"spa":0,"spd":4,"spe":252},"ivs":{"hp":31,"atk":31,"def":31,"spa":31,"spd":31,"spe":31}},{"name":"WTF AM I??","species":"hitmonlee","item":"liechiberry","ability":"Unburden","moves":["reversal","endure","stoneedge","knockoff"],"nature":"Adamant","evs":{"hp":0,"atk":252,"def":0,"spa":0,"spd":4,"spe":252},"ivs":{"hp":31,"atk":31,"def":31,"spa":31,"spd":31,"spe":31}},{"name":"Sir Gallade","species":"gallade","item":"galladite","ability":"Steadfast","moves":["knockoff","zenheadbutt","closecombat","shadowsneak"],"nature":"Jolly","evs":{"hp":0,"atk":252,"def":0,"spa":0,"spd":0,"spe":252},"ivs":{"hp":31,"atk":31,"def":31,"spa":31,"spd":31,"spe":31}}],"p2team":[{"name":"Landorus","species":"Landorus","item":"assaultvest","ability":"Sheer Force","moves":["earthpower","stoneedge","sludgewave","grassknot"],"nature":"Naive","evs":{"hp":0,"atk":4,"def":0,"spa":252,"spd":0,"spe":252},"ivs":{"hp":31,"atk":31,"def":31,"spa":31,"spd":31,"spe":31}},{"name":"Hippowdon","species":"Hippowdon","item":"leftovers","ability":"Sand Stream","moves":["earthquake","crunch","stealthrock","toxic"],"nature":"Impish","evs":{"hp":248,"atk":8,"def":252,"spa":0,"spd":0,"spe":0},"ivs":{"hp":31,"atk":31,"def":31,"spa":31,"spd":31,"spe":31}},{"name":"Krookodile","species":"Krookodile","item":"choicescarf","ability":"Moxie","moves":["earthquake","crunch","doubleedge","firefang"],"nature":"Jolly","evs":{"hp":0,"atk":252,"def":0,"spa":0,"spd":4,"spe":252},"shiny":true,"ivs":{"hp":31,"atk":31,"def":31,"spa":31,"spd":31,"spe":31}},{"name":"Garchomp","species":"Garchomp","item":"garchompite","ability":"Rough Skin","moves":["flamethrower","earthquake","dracometeor","ironhead"],"nature":"Rash","evs":{"hp":0,"atk":252,"def":0,"spa":4,"spd":0,"spe":252},"ivs":{"hp":31,"atk":31,"def":31,"spa":31,"spd":31,"spe":31}},{"name":"Gastrodon","species":"Gastrodon","item":"leftovers","ability":"Storm Drain","moves":["icebeam","sludgewave","toxic","recover"],"nature":"Sassy","evs":{"hp":252,"atk":0,"def":252,"spa":0,"spd":4,"spe":0},"ivs":{"hp":31,"atk":31,"def":31,"spa":31,"spd":31,"spe":31}},{"name":"Excadrill","species":"Excadrill","item":"airballoon","ability":"Sand Rush","moves":["ironhead","earthquake","swordsdance","rockslide"],"nature":"Adamant","evs":{"hp":0,"atk":252,"def":0,"spa":0,"spd":4,"spe":252},"shiny":true,"ivs":{"hp":31,"atk":31,"def":31,"spa":31,"spd":31,"spe":31}}],"log":["|player|p1|GTX♅WillWolf|54","|player|p2|Rain ☆ S.Herbs|154","|gametype|singles","|gen|6","|tier|Monotype","|rated","|rule|Baton Pass Clause: Limit one Baton Passer, can't pass Spe and other stats simultaneously","|rule|Swagger Clause: Swagger is banned","|rule|Same Type Clause: Pokémon in a team must share a type","|clearpoke","|poke|p1|Cobalion","|poke|p1|Lucario, M","|poke|p1|Mienshao, M","|poke|p1|Heracross, M","|poke|p1|Hitmonlee, M","|poke|p1|Gallade, M","|poke|p2|Landorus, M","|poke|p2|Hippowdon, F","|poke|p2|Krookodile, M, shiny","|poke|p2|Garchomp, M","|poke|p2|Gastrodon, F","|poke|p2|Excadrill, F, shiny","|rule|Sleep Clause Mod: Limit one foe put to sleep","|rule|Species Clause: Limit one of each Pokémon","|rule|OHKO Clause: OHKO moves are banned","|rule|Moody Clause: Moody is banned","|rule|Evasion Moves Clause: Evasion moves are banned","|rule|Endless Battle Clause: Forcing endless battles is banned","|rule|HP Percentage Mod: HP is shown in percentages","|teampreview","|","|start","|switch|p1a: Whiskers|Mienshao, M|271/271","|switch|p2a: Hippowdon|Hippowdon, F|419/419","|-weather|Sandstorm","|turn|1","|","|move|p1a: Whiskers|Fake Out|p2a: Hippowdon","|-damage|p2a: Hippowdon|377/419","|-damage|p1a: Whiskers|244/271|[from] item: Life Orb","|cant|p2a: Hippowdon|flinch","|","|-weather|Sandstorm|[upkeep]","|-damage|p1a: Whiskers|228/271|[from] sandstorm","|-heal|p2a: Hippowdon|403/419|[from] item: Leftovers","|turn|2","|","|move|p1a: Whiskers|High Jump Kick|p2a: Hippowdon","|-damage|p2a: Hippowdon|220/419","|-damage|p1a: Whiskers|201/271|[from] item: Life Orb","|move|p2a: Hippowdon|Earthquake|p1a: Whiskers","|-damage|p1a: Whiskers|0 fnt","|faint|p1a: Whiskers","|","|-weather|Sandstorm|[upkeep]","|-heal|p2a: Hippowdon|246/419|[from] item: Leftovers","|","|switch|p1a: Lucario|Lucario, M|281/281","|turn|3","|","|move|p1a: Lucario|Endure|p1a: Lucario","|-singleturn|p1a: Lucario|move: Endure","|move|p2a: Hippowdon|Earthquake|p1a: Lucario","|-supereffective|p1a: Lucario","|-activate|p1a: Lucario|move: Endure","|-damage|p1a: Lucario|1/281","|-enditem|p1a: Lucario|Salac Berry|[eat]","|-boost|p1a: Lucario|spe|1|[from] item: Salac Berry","|","|-weather|Sandstorm|[upkeep]","|-heal|p2a: Hippowdon|272/419|[from] item: Leftovers","|turn|4","|","|move|p1a: Lucario|Endure|p1a: Lucario","|-fail|p1a: Lucario","|move|p2a: Hippowdon|Stealth Rock|p1a: Lucario","|-sidestart|p1: GTX♅WillWolf|move: Stealth Rock","|","|-weather|Sandstorm|[upkeep]","|-heal|p2a: Hippowdon|298/419|[from] item: Leftovers","|turn|5","|","|move|p1a: Lucario|Reversal|p2a: Hippowdon","|-damage|p2a: Hippowdon|79/419","|move|p2a: Hippowdon|Crunch|p1a: Lucario","|-resisted|p1a: Lucario","|-damage|p1a: Lucario|0 fnt","|faint|p1a: Lucario","|","|-weather|none","|-heal|p2a: Hippowdon|105/419|[from] item: Leftovers","|","|switch|p1a: Hairy Cross|Heracross, M|301/301","|-damage|p1a: Hairy Cross|264/301|[from] Stealth Rock","|turn|6","|","|switch|p2a: Gastrodon|Gastrodon, F|426/426","|move|p1a: Hairy Cross|Megahorn|p2a: Gastrodon","|-damage|p2a: Gastrodon|224/426","|","|-heal|p2a: Gastrodon|250/426|[from] item: Leftovers","|turn|7","|","|switch|p1a: THE KILLER|Cobalion|386/386","|-damage|p1a: THE KILLER|374/386|[from] Stealth Rock","|switch|p2a: Hippowdon|Hippowdon, F|105/419","|-weather|Sandstorm","|","|-weather|Sandstorm|[upkeep]","|-heal|p1a: THE KILLER|386/386|[from] item: Leftovers","|-heal|p2a: Hippowdon|131/419|[from] item: Leftovers","|turn|8","|","|move|p1a: THE KILLER|Close Combat|p2a: Hippowdon","|-damage|p2a: Hippowdon|40/419","|-unboost|p1a: THE KILLER|def|1","|-unboost|p1a: THE KILLER|spd|1","|move|p2a: Hippowdon|Earthquake|p1a: THE KILLER","|-supereffective|p1a: THE KILLER","|-damage|p1a: THE KILLER|168/386","|","|-weather|Sandstorm|[upkeep]","|-heal|p1a: THE KILLER|192/386|[from] item: Leftovers","|-heal|p2a: Hippowdon|66/419|[from] item: Leftovers","|turn|9","|","|move|p1a: THE KILLER|Iron Head|p2a: Hippowdon","|-damage|p2a: Hippowdon|9/419","|move|p2a: Hippowdon|Earthquake|p1a: THE KILLER","|-supereffective|p1a: THE KILLER","|-damage|p1a: THE KILLER|0 fnt","|faint|p1a: THE KILLER","|","|-weather|Sandstorm|[upkeep]","|-heal|p2a: Hippowdon|35/419|[from] item: Leftovers","|","|switch|p1a: WTF AM I??|Hitmonlee, M|241/241","|-damage|p1a: WTF AM I??|226/241|[from] Stealth Rock","|turn|10","|","|move|p1a: WTF AM I??|Knock Off|p2a: Hippowdon","|-damage|p2a: Hippowdon|0 fnt","|-enditem|p2a: Hippowdon|Leftovers|[from] move: Knock Off|[of] p1a: WTF AM I??","|faint|p2a: Hippowdon","|","|-weather|Sandstorm|[upkeep]","|-damage|p1a: WTF AM I??|211/241|[from] sandstorm","|","|switch|p2a: Excadrill|Excadrill, F, shiny|361/361","|-item|p2a: Excadrill|Air Balloon","|turn|11","|","|switch|p1a: Hairy Cross|Heracross, M|264/301","|-damage|p1a: Hairy Cross|227/301|[from] Stealth Rock","|move|p2a: Excadrill|Iron Head|p1a: Hairy Cross","|-damage|p1a: Hairy Cross|22/301","|","|-weather|none","|turn|12","|","|switch|p2a: Gastrodon|Gastrodon, F|250/426","|move|p1a: Hairy Cross|Close Combat|p2a: Gastrodon","|-crit|p2a: Gastrodon","|-damage|p2a: Gastrodon|0 fnt","|-unboost|p1a: Hairy Cross|def|1","|-unboost|p1a: Hairy Cross|spd|1","|faint|p2a: Gastrodon","|-boost|p1a: Hairy Cross|atk|1|[from] ability: Moxie","|","|","|switch|p2a: Krookodile|Krookodile, M, shiny|331/331","|turn|13","|","|move|p2a: Krookodile|Earthquake|p1a: Hairy Cross","|-resisted|p1a: Hairy Cross","|-damage|p1a: Hairy Cross|0 fnt","|faint|p1a: Hairy Cross","|-boost|p2a: Krookodile|atk|1|[from] ability: Moxie","|","|","|switch|p1a: WTF AM I??|Hitmonlee, M|211/241","|-damage|p1a: WTF AM I??|196/241|[from] Stealth Rock","|turn|14","|","|move|p1a: WTF AM I??|Endure|p1a: WTF AM I??","|-singleturn|p1a: WTF AM I??|move: Endure","|move|p2a: Krookodile|Earthquake|p1a: WTF AM I??","|-activate|p1a: WTF AM I??|move: Endure","|-damage|p1a: WTF AM I??|1/241","|-enditem|p1a: WTF AM I??|Liechi Berry|[eat]","|-boost|p1a: WTF AM I??|atk|1|[from] item: Liechi Berry","|","|turn|15","|","|move|p1a: WTF AM I??|Reversal|p2a: Krookodile","|-supereffective|p2a: Krookodile","|-damage|p2a: Krookodile|0 fnt","|faint|p2a: Krookodile","|","|","|switch|p2a: Garchomp|Garchomp, M|357/357","|turn|16","|","|detailschange|p2a: Garchomp|Garchomp-Mega, M","|-mega|p2a: Garchomp|Garchomp|Garchompite","|move|p1a: WTF AM I??|Reversal|p2a: Garchomp","|-damage|p2a: Garchomp|0 fnt","|faint|p2a: Garchomp","|","|","|switch|p2a: Landorus|Landorus, M|319/319","|turn|17","|","|move|p1a: WTF AM I??|Knock Off|p2a: Landorus","|-damage|p2a: Landorus|122/319","|-enditem|p2a: Landorus|Assault Vest|[from] move: Knock Off|[of] p1a: WTF AM I??","|move|p2a: Landorus|Earth Power|p1a: WTF AM I??","|-damage|p1a: WTF AM I??|0 fnt","|faint|p1a: WTF AM I??","|","|","|switch|p1a: Sir Gallade|Gallade, M|277/277","|-damage|p1a: Sir Gallade|260/277|[from] Stealth Rock","|turn|18","|","|detailschange|p1a: Sir Gallade|Gallade-Mega, M","|-mega|p1a: Sir Gallade|Gallade|Galladite","|move|p1a: Sir Gallade|Shadow Sneak|p2a: Landorus","|-damage|p2a: Landorus|57/319","|move|p2a: Landorus|Earth Power|p1a: Sir Gallade","|-damage|p1a: Sir Gallade|86/277","|","|turn|19","|","|move|p1a: Sir Gallade|Knock Off|p2a: Landorus","|-damage|p2a: Landorus|0 fnt","|faint|p2a: Landorus","|","|","|switch|p2a: Excadrill|Excadrill, F, shiny|361/361","|-item|p2a: Excadrill|Air Balloon","|turn|20","|","|move|p1a: Sir Gallade|Close Combat|p2a: Excadrill","|-supereffective|p2a: Excadrill","|-damage|p2a: Excadrill|0 fnt","|-enditem|p2a: Excadrill|Air Balloon","|-unboost|p1a: Sir Gallade|def|1","|-unboost|p1a: Sir Gallade|spd|1","|faint|p2a: Excadrill","|","|win|GTX♅WillWolf"],"p1rating":{"entryid":"444424","serverid":"eos","formatid":"monotype","userid":"gtxwillwolf","username":"GTX♅WillWolf","w":6,"l":"9","t":"0","gxe":46,"r":"1500","rd":"130","sigma":"0","rptime":"1440493200","rpr":1469.2369681203,"rprd":76.796171137543,"rpsigma":"0","acre":1111.0294836606,"lacre":1111.0294836606,"oldacre":"1077.4922156207"},"p2rating":{"entryid":"61538","serverid":"eos","formatid":"monotype","userid":"rainsherbs","username":"Rain ☆ S.Herbs","w":"14","l":14,"t":"0","gxe":48.9,"r":"1474.7307663819","rd":"66.932012987921","sigma":"0","rptime":"1440493200","rpr":1491.5838742793,"rprd":62.067535605979,"rpsigma":"0","acre":1111.8482718767,"lacre":1111.8482718767,"oldacre":"1141.395309769"},"endType":"normal"}