{"seed":[1871,44957,6022,17597],"turns":26,"p1":"waszap","p2":"ApexProf SmogOn","p1team":[{"name":"Ditto","species":"Ditto","item":"choicescarf","ability":"Imposter","moves":["transform"],"nature":"Timid","evs":{"hp":252,"atk":0,"def":0,"spa":0,"spd":4,"spe":252},"ivs":{"hp":31,"atk":31,"def":31,"spa":31,"spd":31,"spe":31}},{"name":"Chansey","species":"Chansey","item":"eviolite","ability":"Natural Cure","moves":["toxic","seismictoss","healbell","softboiled"],"nature":"Bold","evs":{"hp":248,"atk":0,"def":252,"spa":0,"spd":8,"spe":0},"ivs":{"hp":31,"atk":31,"def":31,"spa":31,"spd":31,"spe":31}},{"name":"Lopunny","species":"Lopunny","item":"lopunnite","ability":"Limber","moves":["fakeout","firepunch","return","highjumpkick"],"nature":"Jolly","evs":{"hp":0,"atk":252,"def":0,"spa":0,"spd":4,"spe":252},"ivs":{"hp":31,"atk":31,"def":31,"spa":31,"spd":31,"spe":31}},{"name":"Staraptor","species":"Staraptor","item":"leftovers","ability":"Intimidate","moves":["bravebird","closecombat","roost","defog"],"nature":"Impish","evs":{"hp":252,"atk":0,"def":252,"spa":0,"spd":4,"spe":0},"ivs":{"hp":31,"atk":31,"def":31,"spa":31,"spd":31,"spe":31}},{"name":"Porygon2","species":"Porygon2","item":"eviolite","ability":"Trace","moves":["discharge","icebeam","recover","psychic"],"nature":"Calm","evs":{"hp":252,"atk":0,"def":0,"spa":4,"spd":252,"spe":0},"ivs":{"hp":31,"atk":31,"def":31,"spa":31,"spd":31,"spe":31}},{"name":"Diggersby","species":"Diggersby","item":"focussash","ability":"Huge Power","moves":["swordsdance","earthquake","quickattack","knockoff"],"nature":"Adamant","evs":{"hp":0,"atk":252,"def":0,"spa":0,"spd":8,"spe":242},"ivs":{"hp":31,"atk":31,"def":31,"spa":31,"spd":31,"spe":31}}],"p2team":[{"name":"Landorus","species":"Landorus","item":"lifeorb","ability":"Sheer Force","moves":["earthpower","knockoff","hiddenpowerice","rockslide"],"nature":"Naive","evs":{"hp":0,"atk":252,"def":0,"spa":4,"spd":0,"spe":252},"ivs":{"hp":31,"atk":30,"def":30,"spa":31,"spd":31,"spe":31}},{"name":"Gliscor","species":"Gliscor","item":"toxicorb","ability":"Poison Heal","moves":["swordsdance","knockoff","facade","earthquake"],"nature":"Adamant","evs":{"hp":184,"atk":252,"def":0,"spa":0,"spd":0,"spe":72},"ivs":{"hp":31,"atk":31,"def":31,"spa":31,"spd":31,"spe":31}},{"name":"Hippowdon","species":"Hippowdon","item":"rockyhelmet","ability":"Sand Stream","moves":["slackoff","yawn","earthquake","rockslide"],"nature":"Impish","evs":{"hp":252,"atk":4,"def":252,"spa":0,"spd":0,"spe":0},"ivs":{"hp":31,"atk":31,"def":31,"spa":31,"spd":31,"spe":31}},{"name":"Gastrodon","species":"Gastrodon","item":"leftovers","ability":"Storm Drain","moves":["toxic","stockpile","scald","recover"],"nature":"Bold","evs":{"hp":252,"atk":0,"def":252,"spa":0,"spd":4,"spe":0},"gender":"M","ivs":{"hp":31,"atk":31,"def":31,"spa":31,"spd":31,"spe":31}},{"name":"Mamoswine","species":"Mamoswine","item":"focussash","ability":"Oblivious","moves":["iceshard","earthquake","knockoff","stealthrock"],"nature":"Adamant","evs":{"hp":248,"atk":252,"def":0,"spa":0,"spd":8,"spe":0},"ivs":{"hp":31,"atk":31,"def":31,"spa":31,"spd":31,"spe":31}},{"name":"Excadrill","species":"Excadrill","item":"lifeorb","ability":"Sand Rush","moves":["earthquake","rockslide","swordsdance","ironhead"],"nature":"Adamant","evs":{"hp":252,"atk":252,"def":0,"spa":0,"spd":0,"spe":4},"ivs":{"hp":31,"atk":31,"def":31,"spa":31,"spd":31,"spe":31}}],"log":["|player|p1|waszap|waszap.png","|player|p2|ApexProf SmogOn|195","|gametype|singles","|gen|6","|tier|Monotype","|rated","|rule|Baton Pass Clause: Limit one Baton Passer, can't pass Spe and other stats simultaneously","|rule|Swagger Clause: Swagger is banned","|rule|Same Type Clause: Pokémon in a team must share a type","|clearpoke","|poke|p1|Ditto","|poke|p1|Chansey, F","|poke|p1|Lopunny, M","|poke|p1|Staraptor, F","|poke|p1|Porygon2","|poke|p1|Diggersby, M","|poke|p2|Landorus, M","|poke|p2|Gliscor, F","|poke|p2|Hippowdon, F","|poke|p2|Gastrodon, M","|poke|p2|Mamoswine, F","|poke|p2|Excadrill, M","|rule|Sleep Clause Mod: Limit one foe put to sleep","|rule|Species Clause: Limit one of each Pokémon","|rule|OHKO Clause: OHKO moves are banned","|rule|Moody Clause: Moody is banned","|rule|Evasion Moves Clause: Evasion moves are banned","|rule|Endless Battle Clause: Forcing endless battles is banned","|rule|HP Percentage Mod: HP is shown in percentages","|teampreview","|","|start","|switch|p1a: Chansey|Chansey, F|703/703","|switch|p2a: Hippowdon|Hippowdon, F|420/420","|-weather|Sandstorm","|turn|1","|","|move|p1a: Chansey|Toxic|p2a: Hippowdon","|-status|p2a: Hippowdon|tox","|move|p2a: Hippowdon|Yawn|p1a: Chansey","|-start|p1a: Chansey|move: Yawn|[of] p2a: Hippowdon","|","|-weather|Sandstorm|[upkeep]","|-damage|p1a: Chansey|660/703|[from] sandstorm","|-damage|p2a: Hippowdon|394/420 tox|[from] psn","|turn|2","|","|switch|p2a: Excadrill|Excadrill, M|424/424","|move|p1a: Chansey|Seismic Toss|p2a: Excadrill","|-damage|p2a: Excadrill|324/424","|","|-end|p1a: Chansey|move: Yawn|[silent]","|-status|p1a: Chansey|slp","|-weather|Sandstorm|[upkeep]","|-damage|p1a: Chansey|617/703 slp|[from] sandstorm","|turn|3","|","|switch|p1a: Staraptor|Staraptor, F|374/374","|-ability|p1a: Staraptor|Intimidate","|-unboost|p2a: Excadrill|atk|1","|move|p2a: Excadrill|Swords Dance|p2a: Excadrill","|-boost|p2a: Excadrill|atk|2","|","|-weather|Sandstorm|[upkeep]","|-damage|p1a: Staraptor|351/374|[from] sandstorm","|-heal|p1a: Staraptor|374/374|[from] item: Leftovers","|turn|4","|","|move|p2a: Excadrill|Rock Slide|p1a: Staraptor","|-supereffective|p1a: Staraptor","|-damage|p1a: Staraptor|44/374","|-damage|p2a: Excadrill|282/424|[from] item: Life Orb","|move|p1a: Staraptor|Close Combat|p2a: Excadrill","|-supereffective|p2a: Excadrill","|-damage|p2a: Excadrill|0 fnt","|-unboost|p1a: Staraptor|def|1","|-unboost|p1a: Staraptor|spd|1","|faint|p2a: Excadrill","|","|-weather|Sandstorm|[upkeep]","|-damage|p1a: Staraptor|21/374|[from] sandstorm","|-heal|p1a: Staraptor|44/374|[from] item: Leftovers","|","|switch|p2a: Gliscor|Gliscor, F|337/337","|turn|5","|","|move|p2a: Gliscor|Swords Dance|p2a: Gliscor","|-boost|p2a: Gliscor|atk|2","|move|p1a: Staraptor|Roost|p1a: Staraptor","|-heal|p1a: Staraptor|231/374","|","|-weather|none","|-heal|p1a: Staraptor|254/374|[from] item: Leftovers","|-status|p2a: Gliscor|tox|[from] item: Toxic Orb","|turn|6","|","|switch|p1a: Porygon2|Porygon2|374/374","|-ability|p1a: Porygon2|Poison Heal|[from] ability: Trace|[of] p2a: Gliscor","|move|p2a: Gliscor|Facade|p1a: Porygon2","|-damage|p1a: Porygon2|142/374","|","|turn|7","|","|move|p2a: Gliscor|Facade|p1a: Porygon2","|-damage|p1a: Porygon2|0 fnt","|faint|p1a: Porygon2","|","|","|switch|p1a: Ditto|Ditto|300/300","|-transform|p1a: Ditto|p2a: Gliscor","|turn|8","|","|move|p1a: Ditto|Knock Off|p2a: Gliscor","|-damage|p2a: Gliscor|168/337 tox","|-enditem|p2a: Gliscor|Toxic Orb|[from] move: Knock Off|[of] p1a: Ditto","|move|p2a: Gliscor|Knock Off|p1a: Ditto","|-damage|p1a: Ditto|120/300","|-enditem|p1a: Ditto|Choice Scarf|[from] move: Knock Off|[of] p2a: Gliscor","|","|-heal|p2a: Gliscor|210/337 tox|[from] ability: Poison Heal","|turn|9","|","|move|p2a: Gliscor|Facade|p1a: Ditto","|-damage|p1a: Ditto|0 fnt","|faint|p1a: Ditto","|","|-heal|p2a: Gliscor|252/337 tox|[from] ability: Poison Heal","|","|switch|p1a: Staraptor|Staraptor, F|254/374","|-ability|p1a: Staraptor|Intimidate","|-unboost|p2a: Gliscor|atk|1","|turn|10","|","|move|p2a: Gliscor|Facade|p1a: Staraptor","|-damage|p1a: Staraptor|59/374","|move|p1a: Staraptor|Brave Bird|p2a: Gliscor","|-damage|p2a: Gliscor|116/337 tox","|-damage|p1a: Staraptor|14/374|[from] recoil|[of] p2a: Gliscor","|","|-heal|p1a: Staraptor|37/374|[from] item: Leftovers","|-heal|p2a: Gliscor|158/337 tox|[from] ability: Poison Heal","|turn|11","|","|move|p2a: Gliscor|Facade|p1a: Staraptor","|-damage|p1a: Staraptor|0 fnt","|faint|p1a: Staraptor","|","|-heal|p2a: Gliscor|200/337 tox|[from] ability: Poison Heal","|","|switch|p1a: Lopunny|Lopunny, M|271/271","|turn|12","|","|detailschange|p1a: Lopunny|Lopunny-Mega, M","|-mega|p1a: Lopunny|Lopunny|Lopunnite","|move|p1a: Lopunny|Fake Out|p2a: Gliscor","|-crit|p2a: Gliscor","|-damage|p2a: Gliscor|106/337 tox","|cant|p2a: Gliscor|flinch","|","|-heal|p2a: Gliscor|148/337 tox|[from] ability: Poison Heal","|turn|13","|","|move|p1a: Lopunny|Return|p2a: Gliscor","|-damage|p2a: Gliscor|0 fnt","|faint|p2a: Gliscor","|","|","|switch|p2a: Mamoswine|Mamoswine, F|423/423","|turn|14","|","|move|p1a: Lopunny|High Jump Kick|p2a: Mamoswine","|-crit|p2a: Mamoswine","|-supereffective|p2a: Mamoswine","|-enditem|p2a: Mamoswine|Focus Sash","|-damage|p2a: Mamoswine|1/423","|move|p2a: Mamoswine|Earthquake|p1a: Lopunny","|-damage|p1a: Lopunny|70/271","|","|turn|15","|","|move|p2a: Mamoswine|Ice Shard|p1a: Lopunny","|-damage|p1a: Lopunny|0 fnt","|faint|p1a: Lopunny","|","|","|switch|p1a: Chansey|Chansey, F|617/703","|turn|16","|","|move|p2a: Mamoswine|Knock Off|p1a: Chansey","|-damage|p1a: Chansey|463/703","|-enditem|p1a: Chansey|Eviolite|[from] move: Knock Off|[of] p2a: Mamoswine","|move|p1a: Chansey|Seismic Toss|p2a: Mamoswine","|-damage|p2a: Mamoswine|0 fnt","|faint|p2a: Mamoswine","|","|","|switch|p2a: Gastrodon|Gastrodon, M|426/426","|turn|17","|","|move|p1a: Chansey|Toxic|p2a: Gastrodon","|-status|p2a: Gastrodon|tox","|move|p2a: Gastrodon|Toxic|p1a: Chansey","|-status|p1a: Chansey|tox","|","|-damage|p1a: Chansey|420/703 tox|[from] psn","|-damage|p2a: Gastrodon|400/426 tox|[from] psn","|turn|18","|","|move|p1a: Chansey|Soft-Boiled|p1a: Chansey","|-heal|p1a: Chansey|703/703 tox","|move|p2a: Gastrodon|Scald|p1a: Chansey","|-damage|p1a: Chansey|627/703 tox","|","|-heal|p2a: Gastrodon|426/426 tox|[from] item: Leftovers","|-damage|p1a: Chansey|541/703 tox|[from] psn","|-damage|p2a: Gastrodon|374/426 tox|[from] psn","|turn|19","|","|switch|p2a: Hippowdon|Hippowdon, F|394/420 tox","|-weather|Sandstorm","|move|p1a: Chansey|Heal Bell|p1a: Chansey","|-cureteam|p1a: Chansey|[from] move: HealBell","|","|-weather|Sandstorm|[upkeep]","|-damage|p1a: Chansey|498/703|[from] sandstorm","|-damage|p2a: Hippowdon|368/420 tox|[from] psn","|turn|20","|","|move|p1a: Chansey|Seismic Toss|p2a: Hippowdon","|-damage|p2a: Hippowdon|268/420 tox","|-damage|p1a: Chansey|381/703|[from] item: Rocky Helmet|[of] p2a: Hippowdon","|move|p2a: Hippowdon|Yawn|p1a: Chansey","|-start|p1a: Chansey|move: Yawn|[of] p2a: Hippowdon","|","|-weather|Sandstorm|[upkeep]","|-damage|p1a: Chansey|338/703|[from] sandstorm","|-damage|p2a: Hippowdon|216/420 tox|[from] psn","|turn|21","|","|switch|p2a: Landorus|Landorus, M|319/319","|move|p1a: Chansey|Soft-Boiled|p1a: Chansey","|-heal|p1a: Chansey|690/703","|","|-end|p1a: Chansey|move: Yawn|[silent]","|-status|p1a: Chansey|slp","|-weather|Sandstorm|[upkeep]","|-damage|p1a: Chansey|647/703 slp|[from] sandstorm","|turn|22","|","|move|p2a: Landorus|Earth Power|p1a: Chansey","|-damage|p1a: Chansey|455/703 slp","|cant|p1a: Chansey|slp","|","|-weather|Sandstorm|[upkeep]","|-damage|p1a: Chansey|412/703 slp|[from] sandstorm","|turn|23","|","|move|p2a: Landorus|Earth Power|p1a: Chansey","|-damage|p1a: Chansey|237/703 slp","|cant|p1a: Chansey|slp","|","|-weather|none","|turn|24","|","|move|p2a: Landorus|Rock Slide|p1a: Chansey","|-damage|p1a: Chansey|0 fnt","|faint|p1a: Chansey","|","|","|switch|p1a: Diggersby|Diggersby, M|311/311","|turn|25","|","|move|p2a: Landorus|Knock Off|p1a: Diggersby","|-damage|p1a: Diggersby|139/311","|-enditem|p1a: Diggersby|Focus Sash|[from] move: Knock Off|[of] p2a: Landorus","|-damage|p2a: Landorus|288/319|[from] item: Life Orb","|move|p1a: Diggersby|Knock Off|p2a: Landorus","|-damage|p2a: Landorus|124/319","|-enditem|p2a: Landorus|Life Orb|[from] move: Knock Off|[of] p1a: Diggersby","|","|turn|26","|","|move|p1a: Diggersby|Quick Attack|p2a: Landorus","|-damage|p2a: Landorus|30/319","|move|p2a: Landorus|Earth Power|p1a: Diggersby","|-crit|p1a: Diggersby","|-damage|p1a: Diggersby|0 fnt","|faint|p1a: Diggersby","|","|win|ApexProf SmogOn"],"p1rating":{"entryid":428647,"formatid":"monotype","userid":"waszap","username":"waszap","r":1500,"rd":130,"sigma":0,"rpr":1463.017597232,"rprd":122.29903902361,"rpsigma":0,"rptime":1440406800,"w":0,"l":1,"t":0,"gxe":45.4,"acre":1000,"lacre":1000,"oldacre":1000},"p2rating":{"entryid":"318042","serverid":"eos","formatid":"monotype","userid":"apexprofsmogon","username":"ApexProf","w":10,"l":"8","t":"0","gxe":58.1,"r":"1541.0202651709","rd":"79.564540212422","sigma":"0","rptime":"1440406800","rpr":1562.9659071729,"rprd":73.244753024509,"rpsigma":"0","acre":1123.1276894349,"lacre":1123.1276894349,"oldacre":"1105.493577757"},"endType":"normal"}