{"seed":[47873,10627,17351,60154],"turns":71,"p1":"Inferno sableye","p2":"Emg E4 Zap","p1team":[{"name":"Not op","species":"sableye","item":"sablenite","ability":"Prankster","moves":["shadowball","recover","calmmind","willowisp"],"nature":"Bold","evs":{"hp":248,"atk":0,"def":252,"spa":0,"spd":8,"spe":0},"ivs":{"hp":31,"atk":0,"def":31,"spa":31,"spd":31,"spe":31}},{"name":"Rawwrrrr","species":"tyranitar","item":"chopleberry","ability":"Sand Stream","moves":["stealthrock","thunderwave","rockslide","earthquake"],"nature":"Impish","evs":{"hp":252,"atk":0,"def":80,"spa":0,"spd":176,"spe":0},"ivs":{"hp":31,"atk":31,"def":31,"spa":31,"spd":31,"spe":31}},{"name":"Bish Plz","species":"bisharp","item":"lumberry","ability":"Defiant","moves":["knockoff","suckerpunch","ironhead","swordsdance"],"nature":"Adamant","evs":{"hp":0,"atk":252,"def":4,"spa":0,"spd":0,"spe":252},"gender":"M","shiny":true,"ivs":{"hp":31,"atk":31,"def":31,"spa":31,"spd":31,"spe":31}},{"name":"Oit of this world","species":"hoopaunbound","item":"choicescarf","ability":"Magician","moves":["gunkshot","psychic","hyperspacefury","drainpunch"],"nature":"Hasty","evs":{"hp":0,"atk":252,"def":0,"spa":4,"spd":0,"spe":252},"ivs":{"hp":31,"atk":31,"def":31,"spa":31,"spd":31,"spe":31}},{"name":"No pressure","species":"weavile","item":"lifeorb","ability":"Pressure","moves":["iciclecrash","iceshard","knockoff","lowkick"],"nature":"Jolly","evs":{"hp":0,"atk":252,"def":0,"spa":0,"spd":4,"spe":252},"ivs":{"hp":31,"atk":31,"def":31,"spa":31,"spd":31,"spe":31}},{"name":"Buzz off bitch","species":"mandibuzz","item":"rockyhelmet","ability":"Overcoat","moves":["roost","defog","whirlwind","foulplay"],"nature":"Bold","evs":{"hp":176,"atk":0,"def":252,"spa":0,"spd":80,"spe":0},"ivs":{"hp":31,"atk":31,"def":31,"spa":31,"spd":31,"spe":31}}],"p2team":[{"name":"Ditto","species":"Ditto","item":"choicescarf","ability":"Imposter","moves":["transform"],"nature":"Timid","evs":{"hp":252,"atk":0,"def":0,"spa":0,"spd":4,"spe":252},"ivs":{"hp":31,"atk":31,"def":31,"spa":31,"spd":31,"spe":31}},{"name":"Chansey","species":"Chansey","item":"eviolite","ability":"Natural Cure","moves":["toxic","seismictoss","healbell","softboiled"],"nature":"Bold","evs":{"hp":248,"atk":0,"def":252,"spa":0,"spd":8,"spe":0},"ivs":{"hp":31,"atk":31,"def":31,"spa":31,"spd":31,"spe":31}},{"name":"Lopunny","species":"Lopunny","item":"lopunnite","ability":"Limber","moves":["fakeout","firepunch","return","highjumpkick"],"nature":"Jolly","evs":{"hp":0,"atk":252,"def":0,"spa":0,"spd":4,"spe":252},"ivs":{"hp":31,"atk":31,"def":31,"spa":31,"spd":31,"spe":31}},{"name":"Staraptor","species":"Staraptor","item":"leftovers","ability":"Intimidate","moves":["bravebird","closecombat","roost","defog"],"nature":"Impish","evs":{"hp":252,"atk":0,"def":252,"spa":0,"spd":4,"spe":0},"ivs":{"hp":31,"atk":31,"def":31,"spa":31,"spd":31,"spe":31}},{"name":"Porygon2","species":"Porygon2","item":"eviolite","ability":"Trace","moves":["discharge","icebeam","recover","psychic"],"nature":"Calm","evs":{"hp":252,"atk":0,"def":0,"spa":4,"spd":252,"spe":0},"ivs":{"hp":31,"atk":31,"def":31,"spa":31,"spd":31,"spe":31}},{"name":"Diggersby","species":"Diggersby","item":"focussash","ability":"Huge Power","moves":["swordsdance","earthquake","quickattack","knockoff"],"nature":"Adamant","evs":{"hp":0,"atk":252,"def":0,"spa":0,"spd":8,"spe":242},"ivs":{"hp":31,"atk":31,"def":31,"spa":31,"spd":31,"spe":31}}],"log":["|player|p1|Inferno sableye|infernosableye.gif","|player|p2|Emg E4 Zap|224","|gametype|singles","|gen|6","|tier|Monotype","|rated","|rule|Baton Pass Clause: Limit one Baton Passer, can't pass Spe and other stats simultaneously","|rule|Swagger Clause: Swagger is banned","|rule|Same Type Clause: Pokémon in a team must share a type","|clearpoke","|poke|p1|Sableye, M","|poke|p1|Tyranitar, M","|poke|p1|Bisharp, M, shiny","|poke|p1|Hoopa-Unbound","|poke|p1|Weavile, F","|poke|p1|Mandibuzz, F","|poke|p2|Ditto","|poke|p2|Chansey, F","|poke|p2|Lopunny, F","|poke|p2|Staraptor, F","|poke|p2|Porygon2","|poke|p2|Diggersby, F","|rule|Sleep Clause Mod: Limit one foe put to sleep","|rule|Species Clause: Limit one of each Pokémon","|rule|OHKO Clause: OHKO moves are banned","|rule|Moody Clause: Moody is banned","|rule|Evasion Moves Clause: Evasion moves are banned","|rule|Endless Battle Clause: Forcing endless battles is banned","|rule|HP Percentage Mod: HP is shown in percentages","|teampreview","|","|start","|switch|p1a: Not op|Sableye, M|303/303","|switch|p2a: Lopunny|Lopunny, F|271/271","|turn|1","|","|switch|p1a: Buzz off bitch|Mandibuzz, F|405/405","|detailschange|p2a: Lopunny|Lopunny-Mega, F","|-mega|p2a: Lopunny|Lopunny|Lopunnite","|move|p2a: Lopunny|High Jump Kick|p1a: Buzz off bitch","|-damage|p1a: Buzz off bitch|234/405","|-damage|p2a: Lopunny|226/271|[from] item: Rocky Helmet|[of] p1a: Buzz off bitch","|","|turn|2","|","|switch|p2a: Chansey|Chansey, F|703/703","|move|p1a: Buzz off bitch|Roost|p1a: Buzz off bitch","|-heal|p1a: Buzz off bitch|405/405","|","|turn|3","|","|switch|p1a: Bish Plz|Bisharp, M, shiny|271/271","|move|p2a: Chansey|Toxic|p1a: Bish Plz","|-immune|p1a: Bish Plz|[msg]","|","|turn|4","|","|move|p1a: Bish Plz|Knock Off|p2a: Chansey","|-damage|p2a: Chansey|462/703","|-enditem|p2a: Chansey|Eviolite|[from] move: Knock Off|[of] p1a: Bish Plz","|move|p2a: Chansey|Seismic Toss|p1a: Bish Plz","|-damage|p1a: Bish Plz|171/271","|","|turn|5","|","|move|p1a: Bish Plz|Swords Dance|p1a: Bish Plz","|-boost|p1a: Bish Plz|atk|2","|move|p2a: Chansey|Seismic Toss|p1a: Bish Plz","|-damage|p1a: Bish Plz|71/271","|","|turn|6","|","|move|p1a: Bish Plz|Iron Head|p2a: Chansey","|-damage|p2a: Chansey|0 fnt","|faint|p2a: Chansey","|","|","|switch|p2a: Ditto|Ditto|300/300","|-transform|p2a: Ditto|p1a: Bish Plz","|turn|7","|","|move|p2a: Ditto|Sucker Punch|p1a: Bish Plz","|-resisted|p1a: Bish Plz","|-damage|p1a: Bish Plz|0 fnt","|faint|p1a: Bish Plz","|","|","|switch|p1a: Rawwrrrr|Tyranitar, M|404/404","|-weather|Sandstorm","|turn|8","|","|switch|p2a: Staraptor|Staraptor, F|374/374","|-ability|p2a: Staraptor|Intimidate","|-unboost|p1a: Rawwrrrr|atk|1","|move|p1a: Rawwrrrr|Stealth Rock|p2a: Staraptor","|-sidestart|p2: Emg E4 Zap|move: Stealth Rock","|","|-weather|Sandstorm|[upkeep]","|-damage|p2a: Staraptor|351/374|[from] sandstorm","|-heal|p2a: Staraptor|374/374|[from] item: Leftovers","|turn|9","|","|move|p2a: Staraptor|Defog|p1a: Rawwrrrr","|-unboost|p1a: Rawwrrrr|evasion|1","|-sideend|p2: Emg E4 Zap|Stealth Rock|[from] move: Defog|[of] p2a: Staraptor","|move|p1a: Rawwrrrr|Rock Slide|p2a: Staraptor","|-supereffective|p2a: Staraptor","|-damage|p2a: Staraptor|242/374","|","|-weather|Sandstorm|[upkeep]","|-damage|p2a: Staraptor|219/374|[from] sandstorm","|-heal|p2a: Staraptor|242/374|[from] item: Leftovers","|turn|10","|","|move|p2a: Staraptor|Close Combat|p1a: Rawwrrrr","|-supereffective|p1a: Rawwrrrr","|-enditem|p1a: Rawwrrrr|Chople Berry|[eat]","|-damage|p1a: Rawwrrrr|232/404","|-unboost|p2a: Staraptor|def|1","|-unboost|p2a: Staraptor|spd|1","|move|p1a: Rawwrrrr|Thunder Wave|p2a: Staraptor","|-status|p2a: Staraptor|par","|","|-weather|Sandstorm|[upkeep]","|-damage|p2a: Staraptor|219/374 par|[from] sandstorm","|-heal|p2a: Staraptor|242/374 par|[from] item: Leftovers","|turn|11","|","|move|p1a: Rawwrrrr|Rock Slide|p2a: Staraptor","|-crit|p2a: Staraptor","|-supereffective|p2a: Staraptor","|-damage|p2a: Staraptor|0 fnt","|faint|p2a: Staraptor","|","|-weather|Sandstorm|[upkeep]","|","|switch|p2a: Diggersby|Diggersby, F|311/311","|turn|12","|","|move|p2a: Diggersby|Earthquake|p1a: Rawwrrrr","|-supereffective|p1a: Rawwrrrr","|-damage|p1a: Rawwrrrr|0 fnt","|faint|p1a: Rawwrrrr","|","|-weather|none","|","|switch|p1a: No pressure|Weavile, F|281/281","|-ability|p1a: No pressure|Pressure","|turn|13","|","|switch|p2a: Ditto|Ditto|300/300","|-transform|p2a: Ditto|p1a: No pressure","|-ability|p2a: Ditto|Pressure","|move|p1a: No pressure|Knock Off|p2a: Ditto","|-resisted|p2a: Ditto","|-damage|p2a: Ditto|143/300","|-enditem|p2a: Ditto|Choice Scarf|[from] move: Knock Off|[of] p1a: No pressure","|-damage|p1a: No pressure|253/281|[from] item: Life Orb","|","|turn|14","|","|move|p2a: Ditto|Low Kick|p1a: No pressure","|-supereffective|p1a: No pressure","|-damage|p1a: No pressure|0 fnt","|faint|p1a: No pressure","|","|","|switch|p1a: Buzz off bitch|Mandibuzz, F|405/405","|turn|15","|","|move|p2a: Ditto|Icicle Crash|p1a: Buzz off bitch","|-supereffective|p1a: Buzz off bitch","|-damage|p1a: Buzz off bitch|219/405","|cant|p1a: Buzz off bitch|flinch","|","|turn|16","|","|move|p2a: Ditto|Icicle Crash|p1a: Buzz off bitch","|-supereffective|p1a: Buzz off bitch","|-damage|p1a: Buzz off bitch|1/405","|move|p1a: Buzz off bitch|Roost|p1a: Buzz off bitch","|-heal|p1a: Buzz off bitch|204/405","|","|turn|17","|","|move|p2a: Ditto|Icicle Crash|p1a: Buzz off bitch","|-supereffective|p1a: Buzz off bitch","|-damage|p1a: Buzz off bitch|0 fnt","|faint|p1a: Buzz off bitch","|","|","|switch|p1a: Not op|Sableye, M|303/303","|turn|18","|","|move|p1a: Not op|Will-O-Wisp|p2a: Ditto","|-status|p2a: Ditto|brn","|move|p2a: Ditto|Icicle Crash|p1a: Not op","|-damage|p1a: Not op|243/303","|","|-damage|p2a: Ditto|106/300 brn|[from] brn","|turn|19","|","|switch|p2a: Porygon2|Porygon2|374/374","|-ability|p2a: Porygon2|Prankster|[from] ability: Trace|[of] p1a: Not op","|switch|p1a: Oit of this world|Hoopa-Unbound|301/301","|","|turn|20","|","|switch|p1a: Not op|Sableye, M|243/303","|move|p2a: Porygon2|Discharge|p1a: Not op","|-damage|p1a: Not op|148/303","|","|turn|21","|","|move|p1a: Not op|Recover|p1a: Not op","|-heal|p1a: Not op|300/303","|move|p2a: Porygon2|Discharge|p1a: Not op","|-damage|p1a: Not op|208/303","|-status|p1a: Not op|par","|","|turn|22","|","|move|p1a: Not op|Recover|p1a: Not op","|-heal|p1a: Not op|303/303 par","|move|p2a: Porygon2|Ice Beam|p1a: Not op","|-damage|p1a: Not op|203/303 par","|","|turn|23","|","|cant|p1a: Not op|par","|move|p2a: Porygon2|Ice Beam|p1a: Not op","|-damage|p1a: Not op|92/303 par","|","|turn|24","|","|move|p1a: Not op|Recover|p1a: Not op","|-heal|p1a: Not op|244/303 par","|move|p2a: Porygon2|Ice Beam|p1a: Not op","|-damage|p1a: Not op|139/303 par","|","|turn|25","|","|switch|p2a: Lopunny|Lopunny-Mega, F|226/271","|move|p1a: Not op|Recover|p1a: Not op","|-heal|p1a: Not op|291/303 par","|","|turn|26","|","|move|p1a: Not op|Will-O-Wisp|p2a: Lopunny","|-status|p2a: Lopunny|brn","|move|p2a: Lopunny|High Jump Kick|p1a: Not op","|-supereffective|p1a: Not op","|-damage|p1a: Not op|74/303 par","|","|-damage|p2a: Lopunny|193/271 brn|[from] brn","|turn|27","|","|detailschange|p1a: Not op|Sableye-Mega, M","|-mega|p1a: Not op|Sableye|Sablenite","|move|p1a: Not op|Recover|p1a: Not op","|-heal|p1a: Not op|226/303 par","|move|p2a: Lopunny|High Jump Kick|p1a: Not op","|-supereffective|p1a: Not op","|-damage|p1a: Not op|70/303 par","|","|-damage|p2a: Lopunny|160/271 brn|[from] brn","|turn|28","|","|move|p2a: Lopunny|High Jump Kick|p1a: Not op|[miss]","|-miss|p2a: Lopunny|p1a: Not op","|-damage|p2a: Lopunny|25/271 brn|[from] highjumpkick","|move|p1a: Not op|Recover|p1a: Not op","|-heal|p1a: Not op|222/303 par","|","|-damage|p2a: Lopunny|0 fnt|[from] brn","|faint|p2a: Lopunny","|","|switch|p2a: Porygon2|Porygon2|374/374","|-ability|p2a: Porygon2|Magic Bounce|[from] ability: Trace|[of] p1a: Not op","|turn|29","|","|move|p2a: Porygon2|Discharge|p1a: Not op","|-damage|p1a: Not op|159/303 par","|move|p1a: Not op|Recover|p1a: Not op","|-heal|p1a: Not op|303/303 par","|","|turn|30","|","|move|p2a: Porygon2|Ice Beam|p1a: Not op","|-damage|p1a: Not op|238/303 par","|cant|p1a: Not op|par","|","|turn|31","|","|move|p2a: Porygon2|Ice Beam|p1a: Not op","|-damage|p1a: Not op|171/303 par","|move|p1a: Not op|Recover|p1a: Not op","|-heal|p1a: Not op|303/303 par","|","|turn|32","|","|move|p2a: Porygon2|Ice Beam|p1a: Not op","|-damage|p1a: Not op|243/303 par","|cant|p1a: Not op|par","|","|turn|33","|","|move|p2a: Porygon2|Ice Beam|p1a: Not op","|-damage|p1a: Not op|181/303 par","|move|p1a: Not op|Calm Mind|p1a: Not op","|-boost|p1a: Not op|spa|1","|-boost|p1a: Not op|spd|1","|","|turn|34","|","|move|p2a: Porygon2|Ice Beam|p1a: Not op","|-damage|p1a: Not op|136/303 par","|move|p1a: Not op|Recover|p1a: Not op","|-heal|p1a: Not op|288/303 par","|","|turn|35","|","|move|p2a: Porygon2|Ice Beam|p1a: Not op","|-damage|p1a: Not op|248/303 par","|move|p1a: Not op|Calm Mind|p1a: Not op","|-boost|p1a: Not op|spa|1","|-boost|p1a: Not op|spd|1","|","|turn|36","|","|move|p2a: Porygon2|Ice Beam|p1a: Not op","|-damage|p1a: Not op|213/303 par","|cant|p1a: Not op|par","|","|turn|37","|","|move|p2a: Porygon2|Ice Beam|p1a: Not op","|-damage|p1a: Not op|181/303 par","|move|p1a: Not op|Calm Mind|p1a: Not op","|-boost|p1a: Not op|spa|1","|-boost|p1a: Not op|spd|1","|","|turn|38","|","|move|p2a: Porygon2|Ice Beam|p1a: Not op","|-damage|p1a: Not op|155/303 par","|move|p1a: Not op|Recover|p1a: Not op","|-heal|p1a: Not op|303/303 par","|","|turn|39","|","|move|p2a: Porygon2|Ice Beam|p1a: Not op","|-crit|p1a: Not op","|-damage|p1a: Not op|203/303 par","|cant|p1a: Not op|par","|","|turn|40","|","|move|p2a: Porygon2|Ice Beam|p1a: Not op","|-damage|p1a: Not op|178/303 par","|move|p1a: Not op|Recover|p1a: Not op","|-heal|p1a: Not op|303/303 par","|","|turn|41","|","|move|p2a: Porygon2|Ice Beam|p1a: Not op","|-damage|p1a: Not op|277/303 par","|move|p1a: Not op|Calm Mind|p1a: Not op","|-boost|p1a: Not op|spa|1","|-boost|p1a: Not op|spd|1","|","|turn|42","|","|switch|p2a: Ditto|Ditto|106/300 brn","|-transform|p2a: Ditto|p1a: Not op","|move|p1a: Not op|Calm Mind|p1a: Not op","|-boost|p1a: Not op|spa|1","|-boost|p1a: Not op|spd|1","|","|-damage|p2a: Ditto|69/300 brn|[from] brn","|turn|43","|","|move|p2a: Ditto|Recover|p2a: Ditto","|-heal|p2a: Ditto|219/300 brn","|move|p1a: Not op|Calm Mind|p1a: Not op","|-boost|p1a: Not op|spa|1","|-boost|p1a: Not op|spd|1","|","|-damage|p2a: Ditto|182/300 brn|[from] brn","|turn|44","|","|move|p2a: Ditto|Recover|p2a: Ditto","|-heal|p2a: Ditto|300/300 brn","|move|p1a: Not op|Recover|p1a: Not op","|-heal|p1a: Not op|303/303 par","|","|-damage|p2a: Ditto|263/300 brn|[from] brn","|turn|45","|","|switch|p2a: Porygon2|Porygon2|374/374","|-ability|p2a: Porygon2|Magic Bounce|[from] ability: Trace|[of] p1a: Not op","|cant|p1a: Not op|par","|","|turn|46","|","|move|p2a: Porygon2|Ice Beam|p1a: Not op","|-damage|p1a: Not op|286/303 par","|cant|p1a: Not op|par","|","|turn|47","|","|move|p2a: Porygon2|Discharge|p1a: Not op","|-damage|p1a: Not op|270/303 par","|move|p1a: Not op|Shadow Ball|p2a: Porygon2","|-immune|p2a: Porygon2|[msg]","|","|turn|48","|","|move|p2a: Porygon2|Discharge|p1a: Not op","|-damage|p1a: Not op|256/303 par","|move|p1a: Not op|Shadow Ball|p2a: Porygon2","|-immune|p2a: Porygon2|[msg]","|","|turn|49","|","|move|p2a: Porygon2|Psychic|p1a: Not op","|-immune|p1a: Not op|[msg]","|move|p1a: Not op|Shadow Ball|p2a: Porygon2","|-immune|p2a: Porygon2|[msg]","|","|turn|50","|","|move|p2a: Porygon2|Psychic|p1a: Not op","|-immune|p1a: Not op|[msg]","|cant|p1a: Not op|par","|","|turn|51","|","|move|p2a: Porygon2|Psychic|p1a: Not op","|-immune|p1a: Not op|[msg]","|cant|p1a: Not op|par","|","|turn|52","|","|move|p2a: Porygon2|Psychic|p1a: Not op","|-immune|p1a: Not op|[msg]","|move|p1a: Not op|Calm Mind|p1a: Not op","|-fail|p1a: Not op","|","|turn|53","|","|move|p2a: Porygon2|Psychic|p1a: Not op","|-immune|p1a: Not op|[msg]","|move|p1a: Not op|Calm Mind|p1a: Not op","|-fail|p1a: Not op","|","|turn|54","|","|move|p2a: Porygon2|Psychic|p1a: Not op","|-immune|p1a: Not op|[msg]","|move|p1a: Not op|Calm Mind|p1a: Not op","|-fail|p1a: Not op","|","|turn|55","|","|move|p2a: Porygon2|Psychic|p1a: Not op","|-immune|p1a: Not op|[msg]","|move|p1a: Not op|Calm Mind|p1a: Not op","|-fail|p1a: Not op","|","|turn|56","|","|move|p2a: Porygon2|Psychic|p1a: Not op","|-immune|p1a: Not op|[msg]","|move|p1a: Not op|Calm Mind|p1a: Not op","|-fail|p1a: Not op","|","|turn|57","|","|move|p2a: Porygon2|Psychic|p1a: Not op","|-immune|p1a: Not op|[msg]","|move|p1a: Not op|Calm Mind|p1a: Not op","|-fail|p1a: Not op","|","|turn|58","|","|move|p2a: Porygon2|Psychic|p1a: Not op","|-immune|p1a: Not op|[msg]","|move|p1a: Not op|Calm Mind|p1a: Not op","|-fail|p1a: Not op","|","|turn|59","|","|move|p2a: Porygon2|Psychic|p1a: Not op","|-immune|p1a: Not op|[msg]","|move|p1a: Not op|Calm Mind|p1a: Not op","|-fail|p1a: Not op","|","|turn|60","|","|move|p2a: Porygon2|Psychic|p1a: Not op","|-immune|p1a: Not op|[msg]","|cant|p1a: Not op|par","|","|turn|61","|","|move|p2a: Porygon2|Psychic|p1a: Not op","|-immune|p1a: Not op|[msg]","|move|p1a: Not op|Calm Mind|p1a: Not op","|-fail|p1a: Not op","|","|turn|62","|","|move|p2a: Porygon2|Psychic|p1a: Not op","|-immune|p1a: Not op|[msg]","|move|p1a: Not op|Calm Mind|p1a: Not op","|-fail|p1a: Not op","|","|turn|63","|","|move|p2a: Porygon2|Psychic|p1a: Not op","|-immune|p1a: Not op|[msg]","|move|p1a: Not op|Calm Mind|p1a: Not op","|-fail|p1a: Not op","|","|turn|64","|","|move|p2a: Porygon2|Psychic|p1a: Not op","|-immune|p1a: Not op|[msg]","|cant|p1a: Not op|par","|","|turn|65","|","|switch|p2a: Ditto|Ditto|263/300 brn","|-transform|p2a: Ditto|p1a: Not op","|cant|p1a: Not op|par","|","|-damage|p2a: Ditto|226/300 brn|[from] brn","|turn|66","|","|move|p2a: Ditto|Shadow Ball|p1a: Not op","|-damage|p1a: Not op|181/303 par","|move|p1a: Not op|Shadow Ball|p2a: Ditto","|-damage|p2a: Ditto|157/300 brn","|","|-damage|p2a: Ditto|120/300 brn|[from] brn","|turn|67","|","|move|p2a: Ditto|Shadow Ball|p1a: Not op","|-damage|p1a: Not op|102/303 par","|move|p1a: Not op|Recover|p1a: Not op","|-heal|p1a: Not op|254/303 par","|","|-damage|p2a: Ditto|83/300 brn|[from] brn","|turn|68","|","|move|p2a: Ditto|Recover|p2a: Ditto","|-heal|p2a: Ditto|233/300 brn","|cant|p1a: Not op|par","|","|-damage|p2a: Ditto|196/300 brn|[from] brn","|turn|69","|","|move|p2a: Ditto|Shadow Ball|p1a: Not op","|-crit|p1a: Not op","|-damage|p1a: Not op|0 fnt","|faint|p1a: Not op","|","|-damage|p2a: Ditto|159/300 brn|[from] brn","|","|switch|p1a: Oit of this world|Hoopa-Unbound|301/301","|turn|70","|","|move|p1a: Oit of this world|Hyperspace Fury|p2a: Ditto","|-damage|p2a: Ditto|35/300 brn","|-unboost|p1a: Oit of this world|def|1","|move|p2a: Ditto|Shadow Ball|p1a: Oit of this world","|-damage|p1a: Oit of this world|36/301","|","|-damage|p2a: Ditto|0 fnt|[from] brn","|faint|p2a: Ditto","|","|switch|p2a: Diggersby|Diggersby, F|311/311","|turn|71","|","|move|p2a: Diggersby|Quick Attack|p1a: Oit of this world","|-damage|p1a: Oit of this world|0 fnt","|faint|p1a: Oit of this world","|","|win|Emg E4 Zap"],"p1rating":{"entryid":"83803","serverid":"eos","formatid":"monotype","userid":"infernosableye","username":"Inferno Sableye","w":"51","l":18,"t":"0","gxe":71.7,"r":"1684.0737894333","rd":"50.231927762125","sigma":"0","rptime":"1440406800","rpr":1676.3018624219,"rprd":45.156716579652,"rpsigma":"0","acre":1236.924492074,"lacre":1236.924492074,"oldacre":"1278.5495639823"},"p2rating":{"entryid":426329,"formatid":"monotype","userid":"emge4zap","username":"Emg E4 Zap","r":1500,"rd":130,"sigma":0,"rpr":1564.3412359838,"rprd":123.66635512501,"rpsigma":0,"rptime":1440406800,"w":1,"l":0,"t":0,"gxe":58,"acre":1066.6001150532,"lacre":1066.6001150532,"oldacre":1000},"endType":"normal"}