{"seed":[64317,15291,50408,1167],"turns":28,"p1":"David0908","p2":"jackker","p1team":[{"name":"Ninetales","species":"Ninetales","item":"","ability":"Drought","moves":["flamethrower","solarbeam","rest","nastyplot"],"nature":"Timid","evs":{"hp":4,"atk":0,"def":0,"spa":252,"spd":0,"spe":252},"gender":"M","ivs":{"hp":31,"atk":31,"def":31,"spa":31,"spd":31,"spe":31}},{"name":"Charizard","species":"Charizard","item":"charizarditey","ability":"Blaze","moves":["flamethrower","solarbeam","focusblast","roost"],"nature":"Timid","evs":{"hp":0,"atk":0,"def":0,"spa":252,"spd":4,"spe":252},"gender":"M","shiny":true,"ivs":{"hp":31,"atk":31,"def":31,"spa":31,"spd":31,"spe":31}},{"name":"Volcarona","species":"Volcarona","item":"lifeorb","ability":"Flame Body","moves":["fierydance","bugbuzz","gigadrain","quiverdance"],"nature":"","evs":{"hp":0,"atk":0,"def":0,"spa":0,"spd":0,"spe":0},"ivs":{"hp":31,"atk":31,"def":31,"spa":31,"spd":31,"spe":31}},{"name":"Infernape","species":"Infernape","item":"focussash","ability":"Blaze","moves":["fakeout","closecombat","blazekick","stealthrock"],"nature":"Jolly","evs":{"hp":4,"atk":252,"def":0,"spa":0,"spd":0,"spe":252},"ivs":{"hp":31,"atk":31,"def":31,"spa":31,"spd":31,"spe":31}},{"name":"Flareon","species":"Flareon","item":"toxicorb","ability":"Flash Fire","moves":["flareblitz","superpower","doubleedge","protect"],"nature":"Adamant","evs":{"hp":252,"atk":252,"def":0,"spa":0,"spd":0,"spe":0},"gender":"M","ivs":{"hp":31,"atk":30,"def":31,"spa":30,"spd":31,"spe":31}},{"name":"Torkoal","species":"Torkoal","item":"leftovers","ability":"Shell Armor","moves":["stealthrock","rapidspin","earthquake","willowisp"],"nature":"Impish","evs":{"hp":252,"atk":4,"def":252,"spa":0,"spd":0,"spe":0},"gender":"M","shiny":true,"ivs":{"hp":31,"atk":31,"def":31,"spa":31,"spd":31,"spe":31}}],"p2team":[{"name":"Cobalion","species":"Cobalion","item":"leftovers","ability":"Justified","moves":["thunderwave","ironhead","stealthrock","taunt"],"nature":"Impish","evs":{"hp":252,"atk":4,"def":252,"spa":0,"spd":0,"spe":0},"ivs":{"hp":31,"atk":31,"def":31,"spa":31,"spd":31,"spe":31}},{"name":"Scrafty","species":"Scrafty","item":"leftovers","ability":"Shed Skin","moves":["icepunch","crunch","drainpunch","bulkup"],"nature":"Careful","evs":{"hp":252,"atk":4,"def":0,"spa":0,"spd":252,"spe":0},"ivs":{"hp":31,"atk":31,"def":31,"spa":31,"spd":31,"spe":31}},{"name":"Hitmontop","species":"Hitmontop","item":"assaultvest","ability":"Intimidate","moves":["endeavor","seismictoss","suckerpunch","rapidspin"],"nature":"Impish","evs":{"hp":252,"atk":0,"def":64,"spa":0,"spd":192,"spe":0},"ivs":{"hp":31,"atk":31,"def":31,"spa":31,"spd":31,"spe":31}},{"name":"Infernape","species":"Infernape","item":"focussash","ability":"Blaze","moves":["flamethrower","vacuumwave","nastyplot","encore"],"nature":"Timid","evs":{"hp":0,"atk":0,"def":0,"spa":252,"spd":0,"spe":252},"ivs":{"hp":31,"atk":31,"def":31,"spa":31,"spd":31,"spe":31}},{"name":"Heracross","species":"Heracross","item":"heracronite","ability":"Moxie","moves":["bulletseed","pinmissile","rockblast","closecombat"],"nature":"Adamant","evs":{"hp":252,"atk":124,"def":132,"spa":0,"spd":0,"spe":0},"ivs":{"hp":31,"atk":31,"def":31,"spa":31,"spd":31,"spe":31}},{"name":"Terrakion","species":"Terrakion","item":"choicescarf","ability":"Justified","moves":["closecombat","stoneedge","earthquake","ironhead"],"nature":"Adamant","evs":{"hp":4,"atk":252,"def":0,"spa":0,"spd":0,"spe":252},"ivs":{"hp":31,"atk":31,"def":31,"spa":31,"spd":31,"spe":31}}],"log":["|player|p1|David0908|1","|player|p2|jackker|93","|gametype|singles","|gen|6","|tier|Monotype","|rated","|rule|Baton Pass Clause: Limit one Baton Passer, can't pass Spe and other stats simultaneously","|rule|Swagger Clause: Swagger is banned","|rule|Same Type Clause: Pokémon in a team must share a type","|clearpoke","|poke|p1|Ninetales, M","|poke|p1|Charizard, M, shiny","|poke|p1|Volcarona, F","|poke|p1|Infernape, M","|poke|p1|Flareon, M","|poke|p1|Torkoal, M, shiny","|poke|p2|Cobalion","|poke|p2|Scrafty, F","|poke|p2|Hitmontop, M","|poke|p2|Infernape, F","|poke|p2|Heracross, F","|poke|p2|Terrakion","|rule|Sleep Clause Mod: Limit one foe put to sleep","|rule|Species Clause: Limit one of each Pokémon","|rule|OHKO Clause: OHKO moves are banned","|rule|Moody Clause: Moody is banned","|rule|Evasion Moves Clause: Evasion moves are banned","|rule|Endless Battle Clause: Forcing endless battles is banned","|rule|HP Percentage Mod: HP is shown in percentages","|teampreview","|","|start","|switch|p1a: Infernape|Infernape, M|294/294","|switch|p2a: Scrafty|Scrafty, F|334/334","|turn|1","|","|switch|p2a: Hitmontop|Hitmontop, M|304/304","|-ability|p2a: Hitmontop|Intimidate","|-unboost|p1a: Infernape|atk|1","|move|p1a: Infernape|Fake Out|p2a: Hitmontop","|-damage|p2a: Hitmontop|280/304","|","|turn|2","|","|switch|p2a: Cobalion|Cobalion|386/386","|move|p1a: Infernape|Stealth Rock|p2a: Cobalion","|-sidestart|p2: jackker|move: Stealth Rock","|","|turn|3","|","|switch|p1a: Ninetales|Ninetales, M|288/288","|-weather|SunnyDay","|move|p2a: Cobalion|Thunder Wave|p1a: Ninetales","|-status|p1a: Ninetales|par","|","|-weather|SunnyDay|[upkeep]","|turn|4","|","|move|p2a: Cobalion|Stealth Rock|p1a: Ninetales","|-sidestart|p1: David0908|move: Stealth Rock","|move|p1a: Ninetales|Nasty Plot|p1a: Ninetales","|-boost|p1a: Ninetales|spa|2","|","|-weather|SunnyDay|[upkeep]","|turn|5","|","|switch|p2a: Hitmontop|Hitmontop, M|280/304","|-damage|p2a: Hitmontop|261/304|[from] Stealth Rock","|-ability|p2a: Hitmontop|Intimidate","|-unboost|p1a: Ninetales|atk|1","|cant|p1a: Ninetales|par","|","|-weather|SunnyDay|[upkeep]","|turn|6","|","|move|p2a: Hitmontop|Rapid Spin|p1a: Ninetales","|-damage|p1a: Ninetales|267/288 par","|-sideend|p2: jackker|Stealth Rock|[from] move: Rapid Spin|[of] p2a: Hitmontop","|cant|p1a: Ninetales|par","|","|-weather|SunnyDay|[upkeep]","|turn|7","|","|move|p2a: Hitmontop|Seismic Toss|p1a: Ninetales","|-damage|p1a: Ninetales|167/288 par","|move|p1a: Ninetales|Nasty Plot|p1a: Ninetales","|-boost|p1a: Ninetales|spa|2","|","|-weather|none","|turn|8","|","|move|p2a: Hitmontop|Seismic Toss|p1a: Ninetales","|-damage|p1a: Ninetales|67/288 par","|move|p1a: Ninetales|Rest|p1a: Ninetales","|-status|p1a: Ninetales|slp","|-heal|p1a: Ninetales|288/288 slp|[silent]","|-status|p1a: Ninetales|slp|[from] move: Rest","|","|turn|9","|","|cant|p1a: Ninetales|slp","|move|p2a: Hitmontop|Seismic Toss|p1a: Ninetales","|-damage|p1a: Ninetales|188/288 slp","|","|turn|10","|","|cant|p1a: Ninetales|slp","|move|p2a: Hitmontop|Seismic Toss|p1a: Ninetales","|-damage|p1a: Ninetales|88/288 slp","|","|turn|11","|","|-curestatus|p1a: Ninetales|slp","|move|p1a: Ninetales|Flamethrower|p2a: Hitmontop","|-damage|p2a: Hitmontop|75/304","|-status|p2a: Hitmontop|brn","|move|p2a: Hitmontop|Seismic Toss|p1a: Ninetales","|-damage|p1a: Ninetales|0 fnt","|faint|p1a: Ninetales","|","|-damage|p2a: Hitmontop|37/304 brn|[from] brn","|","|switch|p1a: Torkoal|Torkoal, M, shiny|344/344","|-damage|p1a: Torkoal|258/344|[from] Stealth Rock","|turn|12","|","|move|p2a: Hitmontop|Endeavor|p1a: Torkoal","|-damage|p1a: Torkoal|37/344","|move|p1a: Torkoal|Rapid Spin|p2a: Hitmontop","|-damage|p2a: Hitmontop|23/304 brn","|-sideend|p1: David0908|Stealth Rock|[from] move: Rapid Spin|[of] p1a: Torkoal","|","|-heal|p1a: Torkoal|58/344|[from] item: Leftovers","|-damage|p2a: Hitmontop|0 fnt|[from] brn","|faint|p2a: Hitmontop","|","|switch|p2a: Heracross|Heracross, F|364/364","|turn|13","|","|move|p2a: Heracross|Rock Blast|p1a: Torkoal|[miss]","|-miss|p2a: Heracross|p1a: Torkoal","|move|p1a: Torkoal|Will-O-Wisp|p2a: Heracross","|-status|p2a: Heracross|brn","|","|-heal|p1a: Torkoal|79/344|[from] item: Leftovers","|-damage|p2a: Heracross|319/364 brn|[from] brn","|turn|14","|","|switch|p1a: Volcarona|Volcarona, F|311/311","|move|p2a: Heracross|Rock Blast|p1a: Volcarona","|-supereffective|p1a: Volcarona","|-damage|p1a: Volcarona|231/311","|-supereffective|p1a: Volcarona","|-damage|p1a: Volcarona|153/311","|-supereffective|p1a: Volcarona","|-damage|p1a: Volcarona|71/311","|-hitcount|p1a: Volcarona|3","|","|-damage|p2a: Heracross|274/364 brn|[from] brn","|turn|15","|","|move|p1a: Volcarona|Fiery Dance|p2a: Heracross","|-supereffective|p2a: Heracross","|-damage|p2a: Heracross|0 fnt","|-boost|p1a: Volcarona|spa|1","|-damage|p1a: Volcarona|40/311|[from] item: Life Orb","|faint|p2a: Heracross","|","|","|switch|p2a: Infernape|Infernape, F|293/293","|turn|16","|","|switch|p1a: Torkoal|Torkoal, M, shiny|79/344","|move|p2a: Infernape|Flamethrower|p1a: Torkoal","|-resisted|p1a: Torkoal","|-damage|p1a: Torkoal|0 fnt","|faint|p1a: Torkoal","|","|","|switch|p1a: Infernape|Infernape, M|294/294","|turn|17","|","|switch|p2a: Cobalion|Cobalion|386/386","|move|p1a: Infernape|Fake Out|p2a: Cobalion","|-resisted|p2a: Cobalion","|-damage|p2a: Cobalion|373/386","|","|-heal|p2a: Cobalion|386/386|[from] item: Leftovers","|turn|18","|","|move|p1a: Infernape|Close Combat|p2a: Cobalion","|-supereffective|p2a: Cobalion","|-damage|p2a: Cobalion|158/386","|-unboost|p1a: Infernape|def|1","|-unboost|p1a: Infernape|spd|1","|move|p2a: Cobalion|Thunder Wave|p1a: Infernape","|-status|p1a: Infernape|par","|","|-heal|p2a: Cobalion|182/386|[from] item: Leftovers","|turn|19","|","|move|p2a: Cobalion|Stealth Rock|p1a: Infernape","|-sidestart|p1: David0908|move: Stealth Rock","|move|p1a: Infernape|Close Combat|p2a: Cobalion","|-supereffective|p2a: Cobalion","|-damage|p2a: Cobalion|0 fnt","|-unboost|p1a: Infernape|def|1","|-unboost|p1a: Infernape|spd|1","|faint|p2a: Cobalion","|","|","|switch|p2a: Infernape|Infernape, F|293/293","|turn|20","|","|switch|p1a: Flareon|Flareon, M|334/334","|-damage|p1a: Flareon|251/334|[from] Stealth Rock","|move|p2a: Infernape|Nasty Plot|p2a: Infernape","|-boost|p2a: Infernape|spa|2","|","|-status|p1a: Flareon|tox|[from] item: Toxic Orb","|turn|21","|","|move|p2a: Infernape|Flamethrower|p1a: Flareon","|-start|p1a: Flareon|ability: Flash Fire","|move|p1a: Flareon|Double-Edge|p2a: Infernape","|-damage|p2a: Infernape|83/293","|-damage|p1a: Flareon|182/334 tox|[from] recoil|[of] p2a: Infernape","|","|-damage|p1a: Flareon|162/334 tox|[from] psn","|turn|22","|","|move|p2a: Infernape|Vacuum Wave|p1a: Flareon","|-damage|p1a: Flareon|54/334 tox","|move|p1a: Flareon|Double-Edge|p2a: Infernape","|-crit|p2a: Infernape","|-damage|p2a: Infernape|0 fnt","|-damage|p1a: Flareon|27/334 tox|[from] recoil|[of] p2a: Infernape","|faint|p2a: Infernape","|","|-damage|p1a: Flareon|0 fnt|[from] psn","|faint|p1a: Flareon","|","|switch|p2a: Scrafty|Scrafty, F|334/334","|switch|p1a: Infernape|Infernape, M|294/294 par","|-damage|p1a: Infernape|258/294 par|[from] Stealth Rock","|turn|23","|","|move|p1a: Infernape|Fake Out|p2a: Scrafty","|-damage|p2a: Scrafty|295/334","|cant|p2a: Scrafty|flinch","|","|-heal|p2a: Scrafty|315/334|[from] item: Leftovers","|turn|24","|","|move|p2a: Scrafty|Drain Punch|p1a: Infernape","|-damage|p1a: Infernape|150/294 par","|-heal|p2a: Scrafty|334/334|[from] drain|[of] p1a: Infernape","|cant|p1a: Infernape|par","|","|turn|25","|","|move|p2a: Scrafty|Drain Punch|p1a: Infernape","|-damage|p1a: Infernape|48/294 par","|move|p1a: Infernape|Close Combat|p2a: Scrafty","|-crit|p2a: Scrafty","|-supereffective|p2a: Scrafty","|-damage|p2a: Scrafty|0 fnt","|-unboost|p1a: Infernape|def|1","|-unboost|p1a: Infernape|spd|1","|faint|p2a: Scrafty","|","|","|switch|p2a: Terrakion|Terrakion|324/324","|turn|26","|","|move|p2a: Terrakion|Stone Edge|p1a: Infernape|[miss]","|-miss|p2a: Terrakion|p1a: Infernape","|cant|p1a: Infernape|par","|","|turn|27","|","|move|p2a: Terrakion|Stone Edge|p1a: Infernape","|-damage|p1a: Infernape|0 fnt","|faint|p1a: Infernape","|","|","|switch|p1a: Charizard|Charizard, M, shiny|297/297","|-damage|p1a: Charizard|149/297|[from] Stealth Rock","|turn|28","|","|detailschange|p1a: Charizard|Charizard-Mega-Y, M, shiny","|-mega|p1a: Charizard|Charizard|Charizardite Y","|-weather|SunnyDay","|move|p2a: Terrakion|Stone Edge|p1a: Charizard","|-supereffective|p1a: Charizard","|-damage|p1a: Charizard|0 fnt","|faint|p1a: Charizard","|","|-weather|SunnyDay|[upkeep]","|","|switch|p1a: Volcarona|Volcarona, F|40/311","|-damage|p1a: Volcarona|0 fnt|[from] Stealth Rock","|faint|p1a: Volcarona","|","|win|jackker"],"p1rating":{"entryid":425631,"formatid":"monotype","userid":"david0908","username":"David0908","r":1500,"rd":130,"sigma":0,"rpr":1459.8393856612,"rprd":122.8583080769,"rpsigma":0,"rptime":1440406800,"w":0,"l":1,"t":0,"gxe":45,"acre":1000,"lacre":1000,"oldacre":1000},"p2rating":{"entryid":"395291","serverid":"eos","formatid":"monotype","userid":"jackker","username":"jackker","w":8,"l":"2","t":"0","gxe":66.1,"r":"1500","rd":"130","sigma":"0","rptime":"1440406800","rpr":1629.7272880117,"rprd":86.967313280681,"rpsigma":"0","acre":1167.3416423232,"lacre":1167.3416423232,"oldacre":"1152.6707686876"},"endType":"normal"}