{"seed":[10255,28878,60217,3852],"turns":24,"p1":"LightningOak번개 오크","p2":"jackker","p1team":[{"name":"ラティオス","species":"latios","item":"choicescarf","ability":"Levitate","moves":["shadowball","dragonpulse","psyshock","icebeam"],"nature":"Timid","evs":{"hp":0,"atk":0,"def":4,"spa":252,"spd":0,"spe":252},"ivs":{"hp":31,"atk":0,"def":31,"spa":31,"spd":31,"spe":31}},{"name":"キュレム","species":"kyuremblack","item":"lifeorb","ability":"Teravolt","moves":["icebeam","outrage","fusionbolt","ironhead"],"nature":"Naive","evs":{"hp":0,"atk":100,"def":0,"spa":180,"spd":0,"spe":228},"shiny":true,"ivs":{"hp":31,"atk":31,"def":31,"spa":31,"spd":31,"spe":31}},{"name":"ボーマンダ","species":"salamence","item":"choicescarf","ability":"Moxie","moves":["outrage","aerialace","steelwing","earthquake"],"nature":"Jolly","evs":{"hp":0,"atk":252,"def":4,"spa":0,"spd":0,"spe":252},"ivs":{"hp":31,"atk":31,"def":31,"spa":31,"spd":31,"spe":31}},{"name":"サザンドラ","species":"hydreigon","item":"choicespecs","ability":"Levitate","moves":["darkpulse","flamethrower","dracometeor","flashcannon"],"nature":"Modest","evs":{"hp":0,"atk":0,"def":4,"spa":252,"spd":0,"spe":252},"shiny":true,"ivs":{"hp":31,"atk":31,"def":31,"spa":31,"spd":31,"spe":31}},{"name":"ガブリアス","species":"garchomp","item":"rockyhelmet","ability":"Rough Skin","moves":["stealthrock","earthquake","dragontail","endure"],"nature":"Impish","evs":{"hp":252,"atk":0,"def":232,"spa":0,"spd":24,"spe":0},"ivs":{"hp":31,"atk":31,"def":31,"spa":31,"spd":31,"spe":31}},{"name":"ラティアス","species":"latias","item":"latiasite","ability":"Levitate","moves":["calmmind","recover","psyshock","dragonbreath"],"nature":"Bold","evs":{"hp":252,"atk":0,"def":224,"spa":0,"spd":0,"spe":32},"ivs":{"hp":31,"atk":0,"def":31,"spa":31,"spd":31,"spe":31}}],"p2team":[{"name":"Cobalion","species":"Cobalion","item":"leftovers","ability":"Justified","moves":["thunderwave","ironhead","stealthrock","taunt"],"nature":"Impish","evs":{"hp":252,"atk":4,"def":252,"spa":0,"spd":0,"spe":0},"ivs":{"hp":31,"atk":31,"def":31,"spa":31,"spd":31,"spe":31}},{"name":"Scrafty","species":"Scrafty","item":"leftovers","ability":"Shed Skin","moves":["icepunch","crunch","drainpunch","bulkup"],"nature":"Careful","evs":{"hp":252,"atk":4,"def":0,"spa":0,"spd":252,"spe":0},"ivs":{"hp":31,"atk":31,"def":31,"spa":31,"spd":31,"spe":31}},{"name":"Hitmontop","species":"Hitmontop","item":"assaultvest","ability":"Intimidate","moves":["endeavor","seismictoss","suckerpunch","rapidspin"],"nature":"Impish","evs":{"hp":252,"atk":0,"def":64,"spa":0,"spd":192,"spe":0},"ivs":{"hp":31,"atk":31,"def":31,"spa":31,"spd":31,"spe":31}},{"name":"Infernape","species":"Infernape","item":"focussash","ability":"Blaze","moves":["flamethrower","vacuumwave","nastyplot","encore"],"nature":"Timid","evs":{"hp":0,"atk":0,"def":0,"spa":252,"spd":0,"spe":252},"ivs":{"hp":31,"atk":31,"def":31,"spa":31,"spd":31,"spe":31}},{"name":"Heracross","species":"Heracross","item":"heracronite","ability":"Moxie","moves":["bulletseed","pinmissile","rockblast","closecombat"],"nature":"Adamant","evs":{"hp":252,"atk":124,"def":132,"spa":0,"spd":0,"spe":0},"ivs":{"hp":31,"atk":31,"def":31,"spa":31,"spd":31,"spe":31}},{"name":"Terrakion","species":"Terrakion","item":"choicescarf","ability":"Justified","moves":["closecombat","stoneedge","earthquake","ironhead"],"nature":"Adamant","evs":{"hp":4,"atk":252,"def":0,"spa":0,"spd":0,"spe":252},"ivs":{"hp":31,"atk":31,"def":31,"spa":31,"spd":31,"spe":31}}],"log":["|player|p1|LightningOak번개 오크|alphakyurem.gif","|player|p2|jackker|93","|gametype|singles","|gen|6","|tier|Monotype","|rated","|rule|Baton Pass Clause: Limit one Baton Passer, can't pass Spe and other stats simultaneously","|rule|Swagger Clause: Swagger is banned","|rule|Same Type Clause: Pokémon in a team must share a type","|clearpoke","|poke|p1|Latios, M","|poke|p1|Kyurem-Black, shiny","|poke|p1|Salamence, M","|poke|p1|Hydreigon, M, shiny","|poke|p1|Garchomp, F","|poke|p1|Latias, F","|poke|p2|Cobalion","|poke|p2|Scrafty, F","|poke|p2|Hitmontop, M","|poke|p2|Infernape, F","|poke|p2|Heracross, F","|poke|p2|Terrakion","|rule|Sleep Clause Mod: Limit one foe put to sleep","|rule|Species Clause: Limit one of each Pokémon","|rule|OHKO Clause: OHKO moves are banned","|rule|Moody Clause: Moody is banned","|rule|Evasion Moves Clause: Evasion moves are banned","|rule|Endless Battle Clause: Forcing endless battles is banned","|rule|HP Percentage Mod: HP is shown in percentages","|teampreview","|","|start","|switch|p1a: ガブリアス|Garchomp, F|420/420","|switch|p2a: Heracross|Heracross, F|364/364","|turn|1","|","|detailschange|p2a: Heracross|Heracross-Mega, F","|-mega|p2a: Heracross|Heracross|Heracronite","|move|p1a: ガブリアス|Stealth Rock|p2a: Heracross","|-sidestart|p2: jackker|move: Stealth Rock","|move|p2a: Heracross|Bullet Seed|p1a: ガブリアス","|-damage|p1a: ガブリアス|388/420","|-damage|p1a: ガブリアス|359/420","|-crit|p1a: ガブリアス","|-damage|p1a: ガブリアス|310/420","|-damage|p1a: ガブリアス|277/420","|-damage|p1a: ガブリアス|248/420","|-hitcount|p1a: ガブリアス|5","|","|turn|2","|","|switch|p1a: ボーマンダ|Salamence, M|331/331","|move|p2a: Heracross|Rock Blast|p1a: ボーマンダ","|-supereffective|p1a: ボーマンダ","|-damage|p1a: ボーマンダ|239/331","|-supereffective|p1a: ボーマンダ","|-damage|p1a: ボーマンダ|137/331","|-supereffective|p1a: ボーマンダ","|-damage|p1a: ボーマンダ|39/331","|-supereffective|p1a: ボーマンダ","|-damage|p1a: ボーマンダ|0 fnt","|-hitcount|p1a: ボーマンダ|4","|faint|p1a: ボーマンダ","|","|","|switch|p1a: ラティオス|Latios, M|301/301","|turn|3","|","|switch|p2a: Scrafty|Scrafty, F|334/334","|-damage|p2a: Scrafty|314/334|[from] Stealth Rock","|move|p1a: ラティオス|Psyshock|p2a: Scrafty","|-immune|p2a: Scrafty|[msg]","|","|-heal|p2a: Scrafty|334/334|[from] item: Leftovers","|turn|4","|","|switch|p1a: ガブリアス|Garchomp, F|248/420","|move|p2a: Scrafty|Bulk Up|p2a: Scrafty","|-boost|p2a: Scrafty|atk|1","|-boost|p2a: Scrafty|def|1","|","|turn|5","|","|move|p2a: Scrafty|Ice Punch|p1a: ガブリアス","|-supereffective|p1a: ガブリアス","|-damage|p1a: ガブリアス|0 fnt","|-damage|p2a: Scrafty|293/334|[from] ability: Rough Skin|[of] p1a: ガブリアス","|-damage|p2a: Scrafty|238/334|[from] item: Rocky Helmet|[of] p1a: ガブリアス","|faint|p1a: ガブリアス","|","|-heal|p2a: Scrafty|258/334|[from] item: Leftovers","|","|switch|p1a: サザンドラ|Hydreigon, M, shiny|325/325","|turn|6","|","|move|p1a: サザンドラ|Draco Meteor|p2a: Scrafty","|-damage|p2a: Scrafty|26/334","|-unboost|p1a: サザンドラ|spa|2","|move|p2a: Scrafty|Drain Punch|p1a: サザンドラ","|-supereffective|p1a: サザンドラ","|-damage|p1a: サザンドラ|77/325","|-heal|p2a: Scrafty|150/334|[from] drain|[of] p1a: サザンドラ","|","|-heal|p2a: Scrafty|170/334|[from] item: Leftovers","|turn|7","|","|move|p1a: サザンドラ|Draco Meteor|p2a: Scrafty","|-damage|p2a: Scrafty|50/334","|-unboost|p1a: サザンドラ|spa|2","|move|p2a: Scrafty|Drain Punch|p1a: サザンドラ","|-supereffective|p1a: サザンドラ","|-damage|p1a: サザンドラ|0 fnt","|-heal|p2a: Scrafty|89/334|[from] drain|[of] p1a: サザンドラ","|faint|p1a: サザンドラ","|","|-heal|p2a: Scrafty|109/334|[from] item: Leftovers","|","|switch|p1a: キュレム|Kyurem-Black, shiny|391/391","|-ability|p1a: キュレム|Teravolt","|turn|8","|","|move|p1a: キュレム|Ice Beam|p2a: Scrafty","|-damage|p2a: Scrafty|0 fnt","|-damage|p1a: キュレム|352/391|[from] item: Life Orb","|faint|p2a: Scrafty","|","|","|switch|p2a: Heracross|Heracross-Mega, F|364/364","|-damage|p2a: Heracross|319/364|[from] Stealth Rock","|turn|9","|","|move|p1a: キュレム|Outrage|p2a: Heracross","|-damage|p2a: Heracross|69/364","|-damage|p1a: キュレム|313/391|[from] item: Life Orb","|move|p2a: Heracross|Rock Blast|p1a: キュレム","|-supereffective|p1a: キュレム","|-damage|p1a: キュレム|233/391","|-crit|p1a: キュレム","|-supereffective|p1a: キュレム","|-damage|p1a: キュレム|117/391","|-supereffective|p1a: キュレム","|-damage|p1a: キュレム|33/391","|-supereffective|p1a: キュレム","|-damage|p1a: キュレム|0 fnt","|-hitcount|p1a: キュレム|4","|faint|p1a: キュレム","|","|","|switch|p1a: ラティオス|Latios, M|301/301","|turn|10","|","|move|p1a: ラティオス|Psyshock|p2a: Heracross","|-supereffective|p2a: Heracross","|-damage|p2a: Heracross|0 fnt","|faint|p2a: Heracross","|","|","|switch|p2a: Cobalion|Cobalion|386/386","|-damage|p2a: Cobalion|374/386|[from] Stealth Rock","|turn|11","|","|move|p1a: ラティオス|Psyshock|p2a: Cobalion","|-damage|p2a: Cobalion|289/386","|move|p2a: Cobalion|Thunder Wave|p1a: ラティオス","|-status|p1a: ラティオス|par","|","|-heal|p2a: Cobalion|313/386|[from] item: Leftovers","|turn|12","|","|move|p2a: Cobalion|Stealth Rock|p1a: ラティオス","|-sidestart|p1: LightningOak번개 오크|move: Stealth Rock","|move|p1a: ラティオス|Psyshock|p2a: Cobalion","|-damage|p2a: Cobalion|231/386","|","|-heal|p2a: Cobalion|255/386|[from] item: Leftovers","|turn|13","|","|move|p2a: Cobalion|Iron Head|p1a: ラティオス","|-damage|p1a: ラティオス|204/301 par","|move|p1a: ラティオス|Psyshock|p2a: Cobalion","|-damage|p2a: Cobalion|165/386","|","|-heal|p2a: Cobalion|189/386|[from] item: Leftovers","|turn|14","|","|move|p2a: Cobalion|Iron Head|p1a: ラティオス","|-damage|p1a: ラティオス|105/301 par","|move|p1a: ラティオス|Psyshock|p2a: Cobalion","|-damage|p2a: Cobalion|108/386","|","|-heal|p2a: Cobalion|132/386|[from] item: Leftovers","|turn|15","|","|move|p2a: Cobalion|Iron Head|p1a: ラティオス","|-damage|p1a: ラティオス|0 fnt","|faint|p1a: ラティオス","|","|-heal|p2a: Cobalion|156/386|[from] item: Leftovers","|","|switch|p1a: ラティアス|Latias, F|364/364","|-damage|p1a: ラティアス|319/364|[from] Stealth Rock","|turn|16","|","|detailschange|p1a: ラティアス|Latias-Mega, F","|-mega|p1a: ラティアス|Latias|Latiasite","|move|p1a: ラティアス|Calm Mind|p1a: ラティアス","|-boost|p1a: ラティアス|spa|1","|-boost|p1a: ラティアス|spd|1","|move|p2a: Cobalion|Taunt|p1a: ラティアス","|-start|p1a: ラティアス|move: Taunt","|","|-heal|p2a: Cobalion|180/386|[from] item: Leftovers","|turn|17","|","|move|p1a: ラティアス|Psyshock|p2a: Cobalion","|-damage|p2a: Cobalion|72/386","|move|p2a: Cobalion|Thunder Wave|p1a: ラティアス","|-status|p1a: ラティアス|par","|","|-heal|p2a: Cobalion|96/386|[from] item: Leftovers","|turn|18","|","|move|p2a: Cobalion|Iron Head|p1a: ラティアス","|-damage|p1a: ラティアス|262/364 par","|move|p1a: ラティアス|Psyshock|p2a: Cobalion","|-damage|p2a: Cobalion|0 fnt","|faint|p2a: Cobalion","|","|","|switch|p2a: Hitmontop|Hitmontop, M|304/304","|-damage|p2a: Hitmontop|285/304|[from] Stealth Rock","|-ability|p2a: Hitmontop|Intimidate","|-unboost|p1a: ラティアス|atk|1","|turn|19","|","|move|p2a: Hitmontop|Rapid Spin|p1a: ラティアス","|-damage|p1a: ラティアス|250/364 par","|-sideend|p2: jackker|Stealth Rock|[from] move: Rapid Spin|[of] p2a: Hitmontop","|move|p1a: ラティアス|Psyshock|p2a: Hitmontop","|-supereffective|p2a: Hitmontop","|-damage|p2a: Hitmontop|0 fnt","|faint|p2a: Hitmontop","|","|-end|p1a: ラティアス|move: Taunt","|","|switch|p2a: Terrakion|Terrakion|324/324","|turn|20","|","|move|p2a: Terrakion|Iron Head|p1a: ラティアス","|-damage|p1a: ラティアス|186/364 par","|move|p1a: ラティアス|Recover|p1a: ラティアス","|-heal|p1a: ラティアス|364/364 par","|","|turn|21","|","|move|p2a: Terrakion|Iron Head|p1a: ラティアス","|-crit|p1a: ラティアス","|-damage|p1a: ラティアス|259/364 par","|move|p1a: ラティアス|Psyshock|p2a: Terrakion","|-supereffective|p2a: Terrakion","|-damage|p2a: Terrakion|0 fnt","|faint|p2a: Terrakion","|","|","|switch|p2a: Infernape|Infernape, F|293/293","|turn|22","|","|move|p2a: Infernape|Flamethrower|p1a: ラティアス","|-resisted|p1a: ラティアス","|-damage|p1a: ラティアス|224/364 par","|move|p1a: ラティアス|Dragon Breath|p2a: Infernape","|-damage|p2a: Infernape|110/293","|","|turn|23","|","|move|p2a: Infernape|Flamethrower|p1a: ラティアス","|-resisted|p1a: ラティアス","|-damage|p1a: ラティアス|191/364 par","|cant|p1a: ラティアス|par","|","|turn|24","|","|move|p2a: Infernape|Flamethrower|p1a: ラティアス","|-resisted|p1a: ラティアス","|-damage|p1a: ラティアス|158/364 par","|move|p1a: ラティアス|Dragon Breath|p2a: Infernape","|-damage|p2a: Infernape|0 fnt","|faint|p2a: Infernape","|","|win|LightningOak번개 오크"],"p1rating":{"entryid":"421623","serverid":"eos","formatid":"monotype","userid":"lightningoak","username":"LightningOak번개 오크","w":3,"l":"1","t":"0","gxe":58.5,"r":"1500","rd":"130","sigma":"0","rptime":"1440406800","rpr":1567.2910507945,"rprd":106.26171225631,"rpsigma":"0","acre":1123.9316107474,"lacre":1123.9316107474,"oldacre":"1092.1843462566"},"p2rating":{"entryid":"395291","serverid":"eos","formatid":"monotype","userid":"jackker","username":"jackker","w":"8","l":3,"t":"0","gxe":63.1,"r":"1500","rd":"130","sigma":"0","rptime":"1440406800","rpr":1604.0336242728,"rprd":84.728618301094,"rpsigma":"0","acre":1137.0164452715,"lacre":1137.0164452715,"oldacre":"1167.3416423232"},"endType":"normal"}