{"seed":[465,46082,49987,50067],"turns":22,"p1":"Primal GT DuckSoup","p2":"Lotus Aranacana","p1team":[{"name":"Landorus-Therian","species":"Landorus-Therian","item":"leftovers","ability":"Intimidate","moves":["stealthrock","bulkup","earthquake","uturn"],"nature":"Impish","evs":{"hp":252,"atk":0,"def":196,"spa":0,"spd":4,"spe":56},"ivs":{"hp":31,"atk":31,"def":31,"spa":31,"spd":31,"spe":31}},{"name":"Pidgeot","species":"Pidgeot","item":"pidgeotite","ability":"Tangled Feet","moves":["uturn","roost","heatwave","hurricane"],"nature":"Timid","evs":{"hp":0,"atk":0,"def":0,"spa":252,"spd":4,"spe":252},"ivs":{"hp":31,"atk":31,"def":31,"spa":31,"spd":31,"spe":31}},{"name":"Salamence","species":"Salamence","item":"choicescarf","ability":"Moxie","moves":["outrage","earthquake","crunch","return"],"nature":"Adamant","evs":{"hp":0,"atk":252,"def":0,"spa":0,"spd":4,"spe":252},"ivs":{"hp":31,"atk":31,"def":31,"spa":31,"spd":31,"spe":31}},{"name":"Togekiss","species":"Togekiss","item":"leftovers","ability":"Serene Grace","moves":["airslash","nastyplot","batonpass","roost"],"nature":"Calm","evs":{"hp":252,"atk":0,"def":0,"spa":4,"spd":252,"spe":0},"ivs":{"hp":31,"atk":31,"def":31,"spa":31,"spd":31,"spe":31}},{"name":"Gyarados","species":"Gyarados","item":"leftovers","ability":"Intimidate","moves":["waterfall","thunderwave","dragondance","ironhead"],"nature":"Serious","evs":{"hp":252,"atk":0,"def":104,"spa":0,"spd":152,"spe":0},"ivs":{"hp":31,"atk":31,"def":31,"spa":31,"spd":31,"spe":31}},{"name":"Thundurus","species":"Thundurus","item":"leftovers","ability":"Prankster","moves":["voltswitch","superpower","grassknot","thunderwave"],"nature":"Hasty","evs":{"hp":0,"atk":4,"def":0,"spa":252,"spd":0,"spe":252},"ivs":{"hp":31,"atk":31,"def":31,"spa":31,"spd":31,"spe":31}}],"p2team":[{"name":"Balboa","species":"tyranitar","item":"assaultvest","ability":"Sand Stream","moves":["crunch","rockslide","earthquake","aerialace"],"nature":"Adamant","evs":{"hp":248,"atk":252,"def":0,"spa":0,"spd":8,"spe":0},"gender":"M","ivs":{"hp":31,"atk":31,"def":31,"spa":31,"spd":31,"spe":31}},{"name":"Gemini","species":"sableye","item":"sablenite","ability":"Prankster","moves":["willowisp","calmmind","dazzlinggleam","recover"],"nature":"Calm","evs":{"hp":248,"atk":0,"def":0,"spa":8,"spd":252,"spe":0},"gender":"F","ivs":{"hp":31,"atk":31,"def":31,"spa":31,"spd":31,"spe":31}},{"name":"Checkmate","species":"bisharp","item":"focussash","ability":"Defiant","moves":["aerialace","ironhead","suckerpunch","knockoff"],"nature":"Jolly","evs":{"hp":4,"atk":252,"def":0,"spa":0,"spd":0,"spe":252},"gender":"M","shiny":true,"ivs":{"hp":31,"atk":31,"def":31,"spa":31,"spd":31,"spe":31}},{"name":"Lord of the Rings","species":"hoopaunbound","item":"choicescarf","ability":"Magician","moves":["hyperspacefury","zenheadbutt","gunkshot","firepunch"],"nature":"Jolly","evs":{"hp":0,"atk":252,"def":0,"spa":0,"spd":4,"spe":252},"ivs":{"hp":31,"atk":31,"def":31,"spa":31,"spd":31,"spe":31}},{"name":"Buzzkill","species":"mandibuzz","item":"leftovers","ability":"Overcoat","moves":["roost","foulplay","toxic","defog"],"nature":"Impish","evs":{"hp":240,"atk":0,"def":28,"spa":0,"spd":188,"spe":52},"ivs":{"hp":31,"atk":31,"def":31,"spa":31,"spd":31,"spe":31}},{"name":"Spielberg's Pet","species":"sharpedo","item":"lifeorb","ability":"Speed Boost","moves":["protect","crunch","icefang","waterfall"],"nature":"Adamant","evs":{"hp":0,"atk":252,"def":0,"spa":0,"spd":4,"spe":252},"gender":"M","ivs":{"hp":31,"atk":31,"def":31,"spa":31,"spd":31,"spe":31}}],"log":["|player|p1|Primal GT DuckSoup|121","|player|p2|Lotus Aranacana|lotusaranacana.png","|gametype|singles","|gen|6","|tier|Monotype","|rated","|rule|Baton Pass Clause: Limit one Baton Passer, can't pass Spe and other stats simultaneously","|rule|Swagger Clause: Swagger is banned","|rule|Same Type Clause: Pokémon in a team must share a type","|clearpoke","|poke|p1|Landorus-Therian, M","|poke|p1|Pidgeot, M","|poke|p1|Salamence, F","|poke|p1|Togekiss, M","|poke|p1|Gyarados, F","|poke|p1|Thundurus, M","|poke|p2|Tyranitar, M","|poke|p2|Sableye, F","|poke|p2|Bisharp, M, shiny","|poke|p2|Hoopa-Unbound","|poke|p2|Mandibuzz, F","|poke|p2|Sharpedo, M","|rule|Sleep Clause Mod: Limit one foe put to sleep","|rule|Species Clause: Limit one of each Pokémon","|rule|OHKO Clause: OHKO moves are banned","|rule|Moody Clause: Moody is banned","|rule|Evasion Moves Clause: Evasion moves are banned","|rule|Endless Battle Clause: Forcing endless battles is banned","|rule|HP Percentage Mod: HP is shown in percentages","|teampreview","|","|start","|switch|p1a: Thundurus|Thundurus, M|299/299","|switch|p2a: Balboa|Tyranitar, M|403/403","|-weather|Sandstorm","|turn|1","|","|move|p1a: Thundurus|Thunder Wave|p2a: Balboa","|-status|p2a: Balboa|par","|move|p2a: Balboa|Rock Slide|p1a: Thundurus","|-supereffective|p1a: Thundurus","|-damage|p1a: Thundurus|0 fnt","|faint|p1a: Thundurus","|","|-weather|Sandstorm|[upkeep]","|","|switch|p1a: Landorus-Therian|Landorus-Therian, M|382/382","|-ability|p1a: Landorus-Therian|Intimidate","|-unboost|p2a: Balboa|atk|1","|turn|2","|","|move|p1a: Landorus-Therian|Stealth Rock|p2a: Balboa","|-sidestart|p2: Lotus Aranacana|move: Stealth Rock","|move|p2a: Balboa|Crunch|p1a: Landorus-Therian","|-damage|p1a: Landorus-Therian|301/382","|-unboost|p1a: Landorus-Therian|def|1","|","|-weather|Sandstorm|[upkeep]","|-heal|p1a: Landorus-Therian|324/382|[from] item: Leftovers","|turn|3","|","|move|p1a: Landorus-Therian|Bulk Up|p1a: Landorus-Therian","|-boost|p1a: Landorus-Therian|atk|1","|-boost|p1a: Landorus-Therian|def|1","|cant|p2a: Balboa|par","|","|-weather|Sandstorm|[upkeep]","|-heal|p1a: Landorus-Therian|347/382|[from] item: Leftovers","|turn|4","|","|move|p1a: Landorus-Therian|Bulk Up|p1a: Landorus-Therian","|-boost|p1a: Landorus-Therian|atk|1","|-boost|p1a: Landorus-Therian|def|1","|move|p2a: Balboa|Crunch|p1a: Landorus-Therian","|-damage|p1a: Landorus-Therian|289/382","|","|-weather|Sandstorm|[upkeep]","|-heal|p1a: Landorus-Therian|312/382|[from] item: Leftovers","|turn|5","|","|move|p1a: Landorus-Therian|Bulk Up|p1a: Landorus-Therian","|-boost|p1a: Landorus-Therian|atk|1","|-boost|p1a: Landorus-Therian|def|1","|cant|p2a: Balboa|par","|","|-weather|none","|-heal|p1a: Landorus-Therian|335/382|[from] item: Leftovers","|turn|6","|","|move|p1a: Landorus-Therian|Earthquake|p2a: Balboa","|-supereffective|p2a: Balboa","|-damage|p2a: Balboa|0 fnt","|faint|p2a: Balboa","|","|-heal|p1a: Landorus-Therian|358/382|[from] item: Leftovers","|","|switch|p2a: Spielberg's Pet|Sharpedo, M|281/281","|-damage|p2a: Spielberg's Pet|246/281|[from] Stealth Rock","|turn|7","|","|move|p2a: Spielberg's Pet|Protect|p2a: Spielberg's Pet","|-singleturn|p2a: Spielberg's Pet|Protect","|move|p1a: Landorus-Therian|Earthquake|p2a: Spielberg's Pet","|-activate|p2a: Spielberg's Pet|Protect","|","|-heal|p1a: Landorus-Therian|381/382|[from] item: Leftovers","|-boost|p2a: Spielberg's Pet|spe|1|[from] ability: Speed Boost","|turn|8","|","|move|p2a: Spielberg's Pet|Ice Fang|p1a: Landorus-Therian","|-supereffective|p1a: Landorus-Therian","|-damage|p1a: Landorus-Therian|220/382","|-damage|p2a: Spielberg's Pet|218/281|[from] item: Life Orb","|move|p1a: Landorus-Therian|Earthquake|p2a: Spielberg's Pet","|-damage|p2a: Spielberg's Pet|0 fnt","|faint|p2a: Spielberg's Pet","|","|-heal|p1a: Landorus-Therian|243/382|[from] item: Leftovers","|","|switch|p2a: Gemini|Sableye, F|303/303","|-damage|p2a: Gemini|266/303|[from] Stealth Rock","|turn|9","|","|detailschange|p2a: Gemini|Sableye-Mega, F","|-mega|p2a: Gemini|Sableye|Sablenite","|move|p2a: Gemini|Will-O-Wisp|p1a: Landorus-Therian","|-status|p1a: Landorus-Therian|brn","|move|p1a: Landorus-Therian|Earthquake|p2a: Gemini","|-damage|p2a: Gemini|93/303","|","|-heal|p1a: Landorus-Therian|266/382 brn|[from] item: Leftovers","|-damage|p1a: Landorus-Therian|219/382 brn|[from] brn","|turn|10","|","|move|p1a: Landorus-Therian|Earthquake|p2a: Gemini","|-crit|p2a: Gemini","|-damage|p2a: Gemini|0 fnt","|faint|p2a: Gemini","|","|-heal|p1a: Landorus-Therian|242/382 brn|[from] item: Leftovers","|-damage|p1a: Landorus-Therian|195/382 brn|[from] brn","|","|switch|p2a: Buzzkill|Mandibuzz, F|421/421","|-damage|p2a: Buzzkill|316/421|[from] Stealth Rock","|turn|11","|","|move|p1a: Landorus-Therian|U-turn|p2a: Buzzkill","|-damage|p2a: Buzzkill|236/421","|","|switch|p1a: Togekiss|Togekiss, M|374/374","|move|p2a: Buzzkill|Foul Play|p1a: Togekiss","|-resisted|p1a: Togekiss","|-damage|p1a: Togekiss|344/374","|","|-heal|p2a: Buzzkill|262/421|[from] item: Leftovers","|-heal|p1a: Togekiss|367/374|[from] item: Leftovers","|turn|12","|","|move|p2a: Buzzkill|Toxic|p1a: Togekiss","|-status|p1a: Togekiss|tox","|move|p1a: Togekiss|Nasty Plot|p1a: Togekiss","|-boost|p1a: Togekiss|spa|2","|","|-heal|p2a: Buzzkill|288/421|[from] item: Leftovers","|-heal|p1a: Togekiss|374/374 tox|[from] item: Leftovers","|-damage|p1a: Togekiss|351/374 tox|[from] psn","|turn|13","|","|move|p2a: Buzzkill|Defog|p1a: Togekiss","|-unboost|p1a: Togekiss|evasion|1","|-sideend|p2: Lotus Aranacana|Stealth Rock|[from] move: Defog|[of] p2a: Buzzkill","|move|p1a: Togekiss|Air Slash|p2a: Buzzkill","|-damage|p2a: Buzzkill|119/421","|","|-heal|p2a: Buzzkill|145/421|[from] item: Leftovers","|-heal|p1a: Togekiss|374/374 tox|[from] item: Leftovers","|-damage|p1a: Togekiss|328/374 tox|[from] psn","|turn|14","|","|move|p2a: Buzzkill|Roost|p2a: Buzzkill","|-heal|p2a: Buzzkill|356/421","|move|p1a: Togekiss|Nasty Plot|p1a: Togekiss","|-boost|p1a: Togekiss|spa|2","|","|-heal|p2a: Buzzkill|382/421|[from] item: Leftovers","|-heal|p1a: Togekiss|351/374 tox|[from] item: Leftovers","|-damage|p1a: Togekiss|282/374 tox|[from] psn","|turn|15","|","|move|p2a: Buzzkill|Foul Play|p1a: Togekiss","|-resisted|p1a: Togekiss","|-damage|p1a: Togekiss|254/374 tox","|move|p1a: Togekiss|Air Slash|p2a: Buzzkill","|-damage|p2a: Buzzkill|99/421","|","|-heal|p2a: Buzzkill|125/421|[from] item: Leftovers","|-heal|p1a: Togekiss|277/374 tox|[from] item: Leftovers","|-damage|p1a: Togekiss|185/374 tox|[from] psn","|turn|16","|","|move|p2a: Buzzkill|Roost|p2a: Buzzkill","|-heal|p2a: Buzzkill|336/421","|move|p1a: Togekiss|Baton Pass|p1a: Togekiss","|","|switch|p1a: Pidgeot|Pidgeot, M|307/307","|","|-heal|p2a: Buzzkill|362/421|[from] item: Leftovers","|turn|17","|","|detailschange|p1a: Pidgeot|Pidgeot-Mega, M","|-mega|p1a: Pidgeot|Pidgeot|Pidgeotite","|move|p1a: Pidgeot|Hurricane|p2a: Buzzkill","|-damage|p2a: Buzzkill|0 fnt","|faint|p2a: Buzzkill","|","|","|switch|p2a: Checkmate|Bisharp, M, shiny|272/272","|turn|18","|","|move|p1a: Pidgeot|Heat Wave|p2a: Checkmate","|-supereffective|p2a: Checkmate","|-enditem|p2a: Checkmate|Focus Sash","|-damage|p2a: Checkmate|1/272","|move|p2a: Checkmate|Iron Head|p1a: Pidgeot","|-damage|p1a: Pidgeot|141/307","|","|turn|19","|","|move|p2a: Checkmate|Sucker Punch|p1a: Pidgeot","|-fail|p2a: Checkmate","|move|p1a: Pidgeot|Roost|p1a: Pidgeot","|-heal|p1a: Pidgeot|295/307","|","|turn|20","|","|move|p2a: Checkmate|Sucker Punch|p1a: Pidgeot","|-damage|p1a: Pidgeot|120/307","|move|p1a: Pidgeot|Heat Wave|p2a: Checkmate","|-supereffective|p2a: Checkmate","|-damage|p2a: Checkmate|0 fnt","|faint|p2a: Checkmate","|","|","|switch|p2a: Lord of the Rings|Hoopa-Unbound|301/301","|turn|21","|","|move|p2a: Lord of the Rings|Hyperspace Fury|p1a: Pidgeot","|-damage|p1a: Pidgeot|0 fnt","|-unboost|p2a: Lord of the Rings|def|1","|faint|p1a: Pidgeot","|","|","|switch|p1a: Landorus-Therian|Landorus-Therian, M|195/382 brn","|-ability|p1a: Landorus-Therian|Intimidate","|-unboost|p2a: Lord of the Rings|atk|1","|turn|22","|","|move|p2a: Lord of the Rings|Hyperspace Fury|p1a: Landorus-Therian","|-damage|p1a: Landorus-Therian|80/382 brn","|-unboost|p2a: Lord of the Rings|def|1","|move|p1a: Landorus-Therian|U-turn|p2a: Lord of the Rings","|-crit|p2a: Lord of the Rings","|-supereffective|p2a: Lord of the Rings","|-damage|p2a: Lord of the Rings|0 fnt","|faint|p2a: Lord of the Rings","|","|win|Primal GT DuckSoup"],"endType":"normal","ladderError":true}