{"seed":[31003,41071,46291,13742],"turns":37,"p1":"Emg E4 Zap","p2":"Bronzes Wrath","p1team":[{"name":"Ditto","species":"Ditto","item":"choicescarf","ability":"Imposter","moves":["transform"],"nature":"Timid","evs":{"hp":252,"atk":0,"def":0,"spa":0,"spd":4,"spe":252},"ivs":{"hp":31,"atk":31,"def":31,"spa":31,"spd":31,"spe":31}},{"name":"Chansey","species":"Chansey","item":"eviolite","ability":"Natural Cure","moves":["toxic","seismictoss","healbell","softboiled"],"nature":"Bold","evs":{"hp":248,"atk":0,"def":252,"spa":0,"spd":8,"spe":0},"ivs":{"hp":31,"atk":31,"def":31,"spa":31,"spd":31,"spe":31}},{"name":"Lopunny","species":"Lopunny","item":"lopunnite","ability":"Limber","moves":["fakeout","firepunch","return","highjumpkick"],"nature":"Jolly","evs":{"hp":0,"atk":252,"def":0,"spa":0,"spd":4,"spe":252},"ivs":{"hp":31,"atk":31,"def":31,"spa":31,"spd":31,"spe":31}},{"name":"Staraptor","species":"Staraptor","item":"leftovers","ability":"Intimidate","moves":["bravebird","closecombat","roost","defog"],"nature":"Impish","evs":{"hp":252,"atk":4,"def":252,"spa":0,"spd":0,"spe":0},"ivs":{"hp":31,"atk":31,"def":31,"spa":31,"spd":31,"spe":31}},{"name":"Porygon2","species":"Porygon2","item":"eviolite","ability":"Trace","moves":["discharge","icebeam","recover","psychup"],"nature":"Bold","evs":{"hp":252,"atk":0,"def":252,"spa":4,"spd":0,"spe":0},"ivs":{"hp":31,"atk":31,"def":31,"spa":31,"spd":31,"spe":31}},{"name":"Diggersby","species":"Diggersby","item":"focussash","ability":"Huge Power","moves":["swordsdance","earthquake","quickattack","knockoff"],"nature":"Adamant","evs":{"hp":0,"atk":252,"def":0,"spa":0,"spd":8,"spe":242},"ivs":{"hp":31,"atk":31,"def":31,"spa":31,"spd":31,"spe":31}}],"p2team":[{"name":"Amphy","species":"ampharos","item":"ampharosite","ability":"Static","moves":["toxic","healbell","powergem","dragonpulse"],"nature":"Calm","evs":{"hp":248,"atk":0,"def":0,"spa":8,"spd":252,"spe":0},"gender":"M","ivs":{"hp":31,"atk":0,"def":31,"spa":31,"spd":31,"spe":31},"shiny":true},{"name":"Spooky","species":"rotomwash","item":"leftovers","ability":"Levitate","moves":["willowisp","voltswitch","hydropump","painsplit"],"nature":"Bold","evs":{"hp":252,"atk":0,"def":252,"spa":4,"spd":0,"spe":0},"ivs":{"hp":31,"atk":0,"def":31,"spa":31,"spd":31,"spe":31}},{"name":"Taiga","species":"raikou","item":"leftovers","ability":"Pressure","moves":["hiddenpowerice","extrasensory","thunderbolt","calmmind"],"nature":"Timid","evs":{"hp":0,"atk":0,"def":0,"spa":252,"spd":4,"spe":252},"ivs":{"hp":31,"atk":0,"def":30,"spa":31,"spd":31,"spe":31},"shiny":true},{"name":"Kami-sama","species":"thundurus","item":"lifeorb","ability":"Prankster","moves":["thunderwave","superpower","knockoff","taunt"],"nature":"Jolly","evs":{"hp":0,"atk":252,"def":0,"spa":0,"spd":4,"spe":252},"ivs":{"hp":31,"atk":31,"def":31,"spa":31,"spd":31,"spe":31}},{"name":"BEEEEEEEP","species":"magnezone","item":"choicespecs","ability":"Sturdy","moves":["thunderbolt","hiddenpowergrass","flashcannon","signalbeam"],"nature":"Modest","evs":{"hp":248,"atk":0,"def":0,"spa":252,"spd":8,"spe":0},"ivs":{"hp":31,"atk":0,"def":31,"spa":30,"spd":31,"spe":31}},{"name":"KAKAW","species":"zapdos","item":"leftovers","ability":"Pressure","moves":["heatwave","roost","defog","discharge"],"nature":"Calm","evs":{"hp":252,"atk":0,"def":0,"spa":4,"spd":252,"spe":0},"ivs":{"hp":31,"atk":0,"def":31,"spa":31,"spd":31,"spe":31}}],"log":["|player|p1|Emg E4 Zap|waszap.png","|player|p2|Bronzes Wrath|23","|gametype|singles","|gen|6","|tier|Monotype","|rated","|rule|Baton Pass Clause: Limit one Baton Passer, can't pass Spe and other stats simultaneously","|rule|Swagger Clause: Swagger is banned","|rule|Same Type Clause: Pokémon in a team must share a type","|clearpoke","|poke|p1|Ditto","|poke|p1|Chansey, F","|poke|p1|Lopunny, F","|poke|p1|Staraptor, F","|poke|p1|Porygon2","|poke|p1|Diggersby, F","|poke|p2|Ampharos, M, shiny","|poke|p2|Rotom-Wash","|poke|p2|Raikou, shiny","|poke|p2|Thundurus, M","|poke|p2|Magnezone","|poke|p2|Zapdos","|rule|Sleep Clause Mod: Limit one foe put to sleep","|rule|Species Clause: Limit one of each Pokémon","|rule|OHKO Clause: OHKO moves are banned","|rule|Moody Clause: Moody is banned","|rule|Evasion Moves Clause: Evasion moves are banned","|rule|Endless Battle Clause: Forcing endless battles is banned","|rule|HP Percentage Mod: HP is shown in percentages","|teampreview","|","|start","|switch|p1a: Lopunny|Lopunny, F|271/271","|switch|p2a: Spooky|Rotom-Wash|304/304","|turn|1","|","|detailschange|p1a: Lopunny|Lopunny-Mega, F","|-mega|p1a: Lopunny|Lopunny|Lopunnite","|move|p1a: Lopunny|Fake Out|p2a: Spooky","|-damage|p2a: Spooky|249/304","|cant|p2a: Spooky|flinch","|","|-heal|p2a: Spooky|268/304|[from] item: Leftovers","|turn|2","|","|move|p1a: Lopunny|High Jump Kick|p2a: Spooky","|-damage|p2a: Spooky|94/304","|move|p2a: Spooky|Will-O-Wisp|p1a: Lopunny","|-status|p1a: Lopunny|brn","|","|-heal|p2a: Spooky|113/304|[from] item: Leftovers","|-damage|p1a: Lopunny|238/271 brn|[from] brn","|turn|3","|","|switch|p1a: Chansey|Chansey, F|703/703","|switch|p2a: KAKAW|Zapdos|384/384","|-ability|p2a: KAKAW|Pressure","|","|turn|4","|","|switch|p2a: Kami-sama|Thundurus, M|299/299","|move|p1a: Chansey|Toxic|p2a: Kami-sama","|-status|p2a: Kami-sama|tox","|","|-damage|p2a: Kami-sama|281/299 tox|[from] psn","|turn|5","|","|switch|p1a: Porygon2|Porygon2|374/374","|-ability|p1a: Porygon2|Prankster|[from] ability: Trace|[of] p2a: Kami-sama","|move|p2a: Kami-sama|Knock Off|p1a: Porygon2","|-damage|p1a: Porygon2|303/374","|-enditem|p1a: Porygon2|Eviolite|[from] move: Knock Off|[of] p2a: Kami-sama","|-damage|p2a: Kami-sama|252/299 tox|[from] item: Life Orb","|","|-damage|p2a: Kami-sama|216/299 tox|[from] psn","|turn|6","|","|switch|p2a: Taiga|Raikou, shiny|321/321","|-ability|p2a: Taiga|Pressure","|move|p1a: Porygon2|Ice Beam|p2a: Taiga","|-damage|p2a: Taiga|249/321","|","|-heal|p2a: Taiga|269/321|[from] item: Leftovers","|turn|7","|","|move|p2a: Taiga|Calm Mind|p2a: Taiga","|-boost|p2a: Taiga|spa|1","|-boost|p2a: Taiga|spd|1","|move|p1a: Porygon2|Ice Beam|p2a: Taiga","|-damage|p2a: Taiga|217/321","|","|-heal|p2a: Taiga|237/321|[from] item: Leftovers","|turn|8","|","|move|p2a: Taiga|Calm Mind|p2a: Taiga","|-boost|p2a: Taiga|spa|1","|-boost|p2a: Taiga|spd|1","|move|p1a: Porygon2|Ice Beam|p2a: Taiga","|-damage|p2a: Taiga|200/321","|","|-heal|p2a: Taiga|220/321|[from] item: Leftovers","|turn|9","|","|move|p1a: Porygon2|Psych Up|p2a: Taiga","|-copyboost|p1a: Porygon2|p2a: Taiga|[from] move: Psych Up","|move|p2a: Taiga|Hidden Power|p1a: Porygon2","|-damage|p1a: Porygon2|239/374","|","|-heal|p2a: Taiga|240/321|[from] item: Leftovers","|turn|10","|","|move|p2a: Taiga|Thunderbolt|p1a: Porygon2","|-damage|p1a: Porygon2|85/374","|-status|p1a: Porygon2|par","|move|p1a: Porygon2|Ice Beam|p2a: Taiga","|-damage|p2a: Taiga|164/321","|","|-heal|p2a: Taiga|184/321|[from] item: Leftovers","|turn|11","|","|cant|p1a: Porygon2|par","|move|p2a: Taiga|Calm Mind|p2a: Taiga","|-boost|p2a: Taiga|spa|1","|-boost|p2a: Taiga|spd|1","|","|-heal|p2a: Taiga|204/321|[from] item: Leftovers","|turn|12","|","|move|p1a: Porygon2|Recover|p1a: Porygon2","|-heal|p1a: Porygon2|272/374 par","|move|p2a: Taiga|Thunderbolt|p1a: Porygon2","|-damage|p1a: Porygon2|64/374 par","|","|-heal|p2a: Taiga|224/321|[from] item: Leftovers","|turn|13","|","|move|p1a: Porygon2|Psych Up|p2a: Taiga","|-copyboost|p1a: Porygon2|p2a: Taiga|[from] move: Psych Up","|move|p2a: Taiga|Calm Mind|p2a: Taiga","|-boost|p2a: Taiga|spa|1","|-boost|p2a: Taiga|spd|1","|","|-heal|p2a: Taiga|244/321|[from] item: Leftovers","|turn|14","|","|move|p1a: Porygon2|Recover|p1a: Porygon2","|-heal|p1a: Porygon2|251/374 par","|move|p2a: Taiga|Calm Mind|p2a: Taiga","|-boost|p2a: Taiga|spa|1","|-boost|p2a: Taiga|spd|1","|","|-heal|p2a: Taiga|264/321|[from] item: Leftovers","|turn|15","|","|cant|p1a: Porygon2|par","|move|p2a: Taiga|Thunderbolt|p1a: Porygon2","|-damage|p1a: Porygon2|44/374 par","|","|-heal|p2a: Taiga|284/321|[from] item: Leftovers","|turn|16","|","|cant|p1a: Porygon2|par","|move|p2a: Taiga|Calm Mind|p2a: Taiga","|-boost|p2a: Taiga|spa|1","|-boost|p2a: Taiga|spd|1","|","|-heal|p2a: Taiga|304/321|[from] item: Leftovers","|turn|17","|","|move|p1a: Porygon2|Recover|p1a: Porygon2","|-heal|p1a: Porygon2|231/374 par","|move|p2a: Taiga|Extrasensory|p1a: Porygon2","|-damage|p1a: Porygon2|81/374 par","|","|-heal|p2a: Taiga|321/321|[from] item: Leftovers","|turn|18","|","|move|p1a: Porygon2|Psych Up|p2a: Taiga","|-copyboost|p1a: Porygon2|p2a: Taiga|[from] move: Psych Up","|move|p2a: Taiga|Thunderbolt|p1a: Porygon2","|-damage|p1a: Porygon2|0 fnt","|faint|p1a: Porygon2","|","|","|switch|p1a: Diggersby|Diggersby, F|311/311","|turn|19","|","|move|p2a: Taiga|Hidden Power|p1a: Diggersby","|-supereffective|p1a: Diggersby","|-enditem|p1a: Diggersby|Focus Sash","|-damage|p1a: Diggersby|1/311","|move|p1a: Diggersby|Earthquake|p2a: Taiga","|-supereffective|p2a: Taiga","|-damage|p2a: Taiga|0 fnt","|faint|p2a: Taiga","|","|","|switch|p2a: Spooky|Rotom-Wash|113/304","|turn|20","|","|switch|p1a: Chansey|Chansey, F|703/703","|move|p2a: Spooky|Will-O-Wisp|p1a: Chansey","|-status|p1a: Chansey|brn","|","|-heal|p2a: Spooky|132/304|[from] item: Leftovers","|-damage|p1a: Chansey|616/703 brn|[from] brn","|turn|21","|","|move|p2a: Spooky|Volt Switch|p1a: Chansey","|-damage|p1a: Chansey|558/703 brn","|","|switch|p2a: BEEEEEEEP|Magnezone|343/343","|move|p1a: Chansey|Seismic Toss|p2a: BEEEEEEEP","|-damage|p2a: BEEEEEEEP|243/343","|","|-damage|p1a: Chansey|471/703 brn|[from] brn","|turn|22","|","|switch|p2a: Spooky|Rotom-Wash|132/304","|move|p1a: Chansey|Seismic Toss|p2a: Spooky","|-damage|p2a: Spooky|32/304","|","|-heal|p2a: Spooky|51/304|[from] item: Leftovers","|-damage|p1a: Chansey|384/703 brn|[from] brn","|turn|23","|","|move|p2a: Spooky|Pain Split|p1a: Chansey","|-sethp|p1a: Chansey|217/703 brn|p2a: Spooky|217/304|[from] move: Pain Split","|move|p1a: Chansey|Soft-Boiled|p1a: Chansey","|-heal|p1a: Chansey|569/703 brn","|","|-heal|p2a: Spooky|236/304|[from] item: Leftovers","|-damage|p1a: Chansey|482/703 brn|[from] brn","|turn|24","|","|switch|p1a: Diggersby|Diggersby, F|1/311","|move|p2a: Spooky|Pain Split|p1a: Diggersby","|-sethp|p1a: Diggersby|118/311|p2a: Spooky|118/304|[from] move: Pain Split","|","|-heal|p2a: Spooky|137/304|[from] item: Leftovers","|turn|25","|","|move|p1a: Diggersby|Knock Off|p2a: Spooky","|-damage|p2a: Spooky|33/304","|-enditem|p2a: Spooky|Leftovers|[from] move: Knock Off|[of] p1a: Diggersby","|move|p2a: Spooky|Hydro Pump|p1a: Diggersby","|-supereffective|p1a: Diggersby","|-damage|p1a: Diggersby|0 fnt","|faint|p1a: Diggersby","|","|","|switch|p1a: Lopunny|Lopunny-Mega, F|238/271 brn","|turn|26","|","|switch|p2a: BEEEEEEEP|Magnezone|243/343","|move|p1a: Lopunny|High Jump Kick|p2a: BEEEEEEEP","|-crit|p2a: BEEEEEEEP","|-supereffective|p2a: BEEEEEEEP","|-damage|p2a: BEEEEEEEP|0 fnt","|faint|p2a: BEEEEEEEP","|","|-damage|p1a: Lopunny|205/271 brn|[from] brn","|","|switch|p2a: Kami-sama|Thundurus, M|216/299 tox","|turn|27","|","|switch|p1a: Staraptor|Staraptor, F|374/374","|-ability|p1a: Staraptor|Intimidate","|-unboost|p2a: Kami-sama|atk|1","|move|p2a: Kami-sama|Superpower|p1a: Staraptor","|-damage|p1a: Staraptor|278/374","|-unboost|p2a: Kami-sama|atk|1","|-unboost|p2a: Kami-sama|def|1","|-damage|p2a: Kami-sama|187/299 tox|[from] item: Life Orb","|","|-heal|p1a: Staraptor|301/374|[from] item: Leftovers","|-damage|p2a: Kami-sama|169/299 tox|[from] psn","|turn|28","|","|move|p2a: Kami-sama|Thunder Wave|p1a: Staraptor","|-status|p1a: Staraptor|par","|move|p1a: Staraptor|Brave Bird|p2a: Kami-sama","|-resisted|p2a: Kami-sama","|-damage|p2a: Kami-sama|11/299 tox","|-damage|p1a: Staraptor|249/374 par|[from] recoil|[of] p2a: Kami-sama","|","|-heal|p1a: Staraptor|272/374 par|[from] item: Leftovers","|-damage|p2a: Kami-sama|0 fnt|[from] psn","|faint|p2a: Kami-sama","|","|switch|p2a: Spooky|Rotom-Wash|33/304","|turn|29","|","|move|p2a: Spooky|Pain Split|p1a: Staraptor","|-sethp|p1a: Staraptor|152/374 par|p2a: Spooky|152/304|[from] move: Pain Split","|move|p1a: Staraptor|Brave Bird|p2a: Spooky","|-resisted|p2a: Spooky","|-damage|p2a: Spooky|97/304","|-damage|p1a: Staraptor|134/374 par|[from] recoil|[of] p2a: Spooky","|","|-heal|p1a: Staraptor|157/374 par|[from] item: Leftovers","|turn|30","|","|move|p2a: Spooky|Volt Switch|p1a: Staraptor","|-supereffective|p1a: Staraptor","|-damage|p1a: Staraptor|0 fnt","|faint|p1a: Staraptor","|","|switch|p2a: Amphy|Ampharos, M, shiny|383/383","|","|","|switch|p1a: Chansey|Chansey, F|482/703","|turn|31","|","|detailschange|p2a: Amphy|Ampharos-Mega, M, shiny","|-mega|p2a: Amphy|Ampharos|Ampharosite","|-ability|p2a: Amphy|Mold Breaker","|move|p2a: Amphy|Toxic|p1a: Chansey","|-status|p1a: Chansey|tox","|move|p1a: Chansey|Heal Bell|p1a: Chansey","|-cureteam|p1a: Chansey|[from] move: HealBell","|","|turn|32","|","|move|p1a: Chansey|Toxic|p2a: Amphy","|-status|p2a: Amphy|tox","|move|p2a: Amphy|Dragon Pulse|p1a: Chansey","|-damage|p1a: Chansey|376/703","|","|-damage|p2a: Amphy|360/383 tox|[from] psn","|turn|33","|","|move|p1a: Chansey|Seismic Toss|p2a: Amphy","|-damage|p2a: Amphy|260/383 tox","|move|p2a: Amphy|Toxic|p1a: Chansey","|-status|p1a: Chansey|tox","|","|-damage|p1a: Chansey|333/703 tox|[from] psn","|-damage|p2a: Amphy|214/383 tox|[from] psn","|turn|34","|","|move|p1a: Chansey|Soft-Boiled|p1a: Chansey","|-heal|p1a: Chansey|685/703 tox","|move|p2a: Amphy|Heal Bell|p2a: Amphy","|-cureteam|p2a: Amphy|[from] move: HealBell","|","|-damage|p1a: Chansey|599/703 tox|[from] psn","|turn|35","|","|move|p1a: Chansey|Heal Bell|p1a: Chansey","|-cureteam|p1a: Chansey|[from] move: HealBell","|move|p2a: Amphy|Power Gem|p1a: Chansey","|-damage|p1a: Chansey|538/703","|","|turn|36","|","|move|p1a: Chansey|Toxic|p2a: Amphy","|-status|p2a: Amphy|tox","|move|p2a: Amphy|Dragon Pulse|p1a: Chansey","|-damage|p1a: Chansey|433/703","|","|-damage|p2a: Amphy|191/383 tox|[from] psn","|turn|37","|","|win|Emg E4 Zap"],"p1rating":{"entryid":"426329","serverid":"eos","formatid":"monotype","userid":"emge4zap","username":"Emg E4 Zap","w":3,"l":"3","t":"0","gxe":53.8,"r":"1503.3823654652","rd":"103.27040331022","sigma":"0","rptime":"1440493200","rpr":1529.5286518624,"rprd":99.580050815734,"rpsigma":"0","acre":1094.820904191,"lacre":1094.820904191,"oldacre":"1071.4835893165"},"p2rating":{"entryid":458182,"formatid":"monotype","userid":"bronzeswrath","username":"Bronzes Wrath","r":1500,"rd":130,"sigma":0,"rpr":1459.3441833179,"rprd":122.48832615251,"rpsigma":0,"rptime":1440493200,"w":0,"l":1,"t":0,"gxe":44.9,"acre":1000,"lacre":1000,"oldacre":1000},"endType":"forfeit"}