{"seed":[272,4854,27010,3467],"turns":33,"p1":"Guard Darkrai","p2":"Inferno Sasuke","p1team":[{"name":"Golden Eye","species":"sableye","item":"sablenite","ability":"Prankster","moves":["willowisp","recover","calmmind","darkpulse"],"nature":"Calm","evs":{"hp":248,"atk":0,"def":0,"spa":8,"spd":252,"spe":0},"shiny":true,"ivs":{"hp":31,"atk":31,"def":31,"spa":31,"spd":31,"spe":31}},{"name":"Pearl","species":"misdreavus","item":"eviolite","ability":"Levitate","moves":["healbell","confuseray","nastyplot","dazzlinggleam"],"nature":"Modest","evs":{"hp":248,"atk":0,"def":0,"spa":252,"spd":8,"spe":0},"shiny":true,"ivs":{"hp":31,"atk":31,"def":31,"spa":31,"spd":31,"spe":31}},{"name":"Griffin","species":"cofagrigus","item":"leftovers","ability":"Mummy","moves":["trickroom","haze","hex","toxic"],"nature":"Relaxed","evs":{"hp":252,"atk":0,"def":252,"spa":4,"spd":0,"spe":0},"ivs":{"hp":31,"atk":31,"def":31,"spa":31,"spd":31,"spe":0},"shiny":true},{"name":"The Black Knight","species":"aegislash","item":"weaknesspolicy","ability":"Stance Change","moves":["kingsshield","swordsdance","shadowsneak","ironhead"],"nature":"Adamant","evs":{"hp":248,"atk":252,"def":0,"spa":0,"spd":8,"spe":0},"shiny":true,"ivs":{"hp":31,"atk":31,"def":31,"spa":31,"spd":31,"spe":31}},{"name":"3spooky5u","species":"gengar","item":"lifeorb","ability":"Levitate","moves":["hex","focusblast","sludgebomb","energyball"],"nature":"Timid","evs":{"hp":0,"atk":0,"def":0,"spa":252,"spd":4,"spe":252},"shiny":true,"ivs":{"hp":31,"atk":31,"def":31,"spa":31,"spd":31,"spe":31}},{"name":"Bob","species":"golurk","item":"focussash","ability":"No Guard","moves":["dynamicpunch","stealthrock","stoneedge","earthquake"],"nature":"Adamant","evs":{"hp":248,"atk":252,"def":0,"spa":0,"spd":8,"spe":0},"shiny":true,"ivs":{"hp":31,"atk":31,"def":31,"spa":31,"spd":31,"spe":31}}],"p2team":[{"name":"磁遁・砂金大葬","species":"skarmory","item":"rockyhelmet","ability":"Sturdy","moves":["roost","defog","stealthrock","whirlwind"],"nature":"Bold","evs":{"hp":252,"atk":0,"def":252,"spa":0,"spd":0,"spe":4},"ivs":{"hp":31,"atk":31,"def":31,"spa":31,"spd":31,"spe":31}},{"name":"Charizard","species":"Charizard","item":"charizarditey","ability":"Blaze","moves":["flamethrower","solarbeam","earthquake","airslash"],"nature":"Hasty","evs":{"hp":0,"atk":4,"def":0,"spa":252,"spd":0,"spe":252},"ivs":{"hp":31,"atk":31,"def":31,"spa":31,"spd":31,"spe":31}},{"name":"Evangelion","species":"thundurus","item":"lifeorb","ability":"Prankster","moves":["thunderbolt","thunderwave","knockoff","superpower"],"nature":"Naive","evs":{"hp":4,"atk":252,"def":0,"spa":0,"spd":0,"spe":252},"ivs":{"hp":31,"atk":31,"def":31,"spa":31,"spd":31,"spe":31}},{"name":"God eater","species":"landorus","item":"lifeorb","ability":"Sheer Force","moves":["earthpower","sludgebomb","focusblast","rockpolish"],"nature":"Timid","evs":{"hp":0,"atk":0,"def":0,"spa":252,"spd":4,"spe":252},"ivs":{"hp":31,"atk":31,"def":31,"spa":31,"spd":31,"spe":31}},{"name":"Attack on Fighting","species":"gyarados","item":"choicescarf","ability":"Moxie","moves":["earthquake","waterfall","icefang","bounce"],"nature":"Adamant","evs":{"hp":0,"atk":252,"def":4,"spa":0,"spd":0,"spe":252},"ivs":{"hp":31,"atk":31,"def":31,"spa":31,"spd":31,"spe":31}},{"name":"7 deadly sins","species":"dragonite","item":"weaknesspolicy","ability":"Multiscale","moves":["dragonclaw","extremespeed","firepunch","dragondance"],"nature":"Adamant","evs":{"hp":4,"atk":252,"def":0,"spa":0,"spd":0,"spe":252},"ivs":{"hp":31,"atk":31,"def":31,"spa":31,"spd":31,"spe":31}}],"log":["|player|p1|Guard Darkrai|guarddarkrai.png","|player|p2|Inferno Sasuke|infernosasuke.png","|gametype|singles","|gen|6","|tier|Monotype","|rated","|rule|Baton Pass Clause: Limit one Baton Passer, can't pass Spe and other stats simultaneously","|rule|Swagger Clause: Swagger is banned","|rule|Same Type Clause: Pokémon in a team must share a type","|clearpoke","|poke|p1|Sableye, F, shiny","|poke|p1|Misdreavus, M, shiny","|poke|p1|Cofagrigus, M, shiny","|poke|p1|Aegislash, M, shiny","|poke|p1|Gengar, M, shiny","|poke|p1|Golurk, shiny","|poke|p2|Skarmory, M","|poke|p2|Charizard, F","|poke|p2|Thundurus, M","|poke|p2|Landorus, M","|poke|p2|Gyarados, M","|poke|p2|Dragonite, M","|rule|Sleep Clause Mod: Limit one foe put to sleep","|rule|Species Clause: Limit one of each Pokémon","|rule|OHKO Clause: OHKO moves are banned","|rule|Moody Clause: Moody is banned","|rule|Evasion Moves Clause: Evasion moves are banned","|rule|Endless Battle Clause: Forcing endless battles is banned","|rule|HP Percentage Mod: HP is shown in percentages","|teampreview","|","|start","|switch|p1a: Bob|Golurk, shiny|381/381","|switch|p2a: Evangelion|Thundurus, M|300/300","|turn|1","|","|move|p2a: Evangelion|Knock Off|p1a: Bob","|-supereffective|p1a: Bob","|-damage|p1a: Bob|69/381","|-enditem|p1a: Bob|Focus Sash|[from] move: Knock Off|[of] p2a: Evangelion","|-damage|p2a: Evangelion|270/300|[from] item: Life Orb","|move|p1a: Bob|Stone Edge|p2a: Evangelion","|-supereffective|p2a: Evangelion","|-damage|p2a: Evangelion|0 fnt","|faint|p2a: Evangelion","|","|","|switch|p2a: God eater|Landorus, M|319/319","|turn|2","|","|switch|p2a: Charizard|Charizard, F|297/297","|move|p1a: Bob|Dynamic Punch|p2a: Charizard","|-resisted|p2a: Charizard","|-damage|p2a: Charizard|209/297","|-start|p2a: Charizard|confusion","|","|turn|3","|","|detailschange|p2a: Charizard|Charizard-Mega-Y, F","|-mega|p2a: Charizard|Charizard|Charizardite Y","|-weather|SunnyDay","|-activate|p2a: Charizard|confusion","|-damage|p2a: Charizard|167/297|[from] confusion","|move|p1a: Bob|Stone Edge|p2a: Charizard","|-supereffective|p2a: Charizard","|-damage|p2a: Charizard|0 fnt","|faint|p2a: Charizard","|","|-weather|SunnyDay|[upkeep]","|","|switch|p2a: Attack on Fighting|Gyarados, M|331/331","|turn|4","|","|switch|p1a: The Black Knight|Aegislash, M, shiny|323/323","|move|p2a: Attack on Fighting|Waterfall|p1a: The Black Knight","|-damage|p1a: The Black Knight|269/323","|","|-weather|SunnyDay|[upkeep]","|turn|5","|","|switch|p2a: 7 deadly sins|Dragonite, M|324/324","|move|p1a: The Black Knight|Swords Dance|p1a: The Black Knight","|-boost|p1a: The Black Knight|atk|2","|","|-weather|SunnyDay|[upkeep]","|turn|6","|","|move|p2a: 7 deadly sins|Fire Punch|p1a: The Black Knight","|-crit|p1a: The Black Knight","|-supereffective|p1a: The Black Knight","|-damage|p1a: The Black Knight|0 fnt","|faint|p1a: The Black Knight","|","|-weather|SunnyDay|[upkeep]","|","|switch|p1a: Golden Eye|Sableye, F, shiny|303/303","|turn|7","|","|detailschange|p1a: Golden Eye|Sableye-Mega, F, shiny","|-mega|p1a: Golden Eye|Sableye|Sablenite","|move|p1a: Golden Eye|Will-O-Wisp|p2a: 7 deadly sins","|-status|p2a: 7 deadly sins|brn","|move|p2a: 7 deadly sins|Dragon Dance|p2a: 7 deadly sins","|-boost|p2a: 7 deadly sins|atk|1","|-boost|p2a: 7 deadly sins|spe|1","|","|-weather|none","|-damage|p2a: 7 deadly sins|284/324 brn|[from] brn","|turn|8","|","|move|p2a: 7 deadly sins|Dragon Claw|p1a: Golden Eye","|-damage|p1a: Golden Eye|202/303","|move|p1a: Golden Eye|Dark Pulse|p2a: 7 deadly sins","|-damage|p2a: 7 deadly sins|199/324 brn","|","|-damage|p2a: 7 deadly sins|159/324 brn|[from] brn","|turn|9","|","|move|p2a: 7 deadly sins|Fire Punch|p1a: Golden Eye","|-damage|p1a: Golden Eye|144/303","|move|p1a: Golden Eye|Recover|p1a: Golden Eye","|-heal|p1a: Golden Eye|296/303","|","|-damage|p2a: 7 deadly sins|119/324 brn|[from] brn","|turn|10","|","|switch|p2a: God eater|Landorus, M|319/319","|move|p1a: Golden Eye|Dark Pulse|p2a: God eater","|-crit|p2a: God eater","|-damage|p2a: God eater|180/319","|","|turn|11","|","|move|p2a: God eater|Earth Power|p1a: Golden Eye","|-damage|p1a: Golden Eye|135/303","|move|p1a: Golden Eye|Calm Mind|p1a: Golden Eye","|-boost|p1a: Golden Eye|spa|1","|-boost|p1a: Golden Eye|spd|1","|","|turn|12","|","|switch|p1a: 3spooky5u|Gengar, M, shiny|261/261","|move|p2a: God eater|Earth Power|p1a: 3spooky5u","|-immune|p1a: 3spooky5u|[msg]","|","|turn|13","|","|switch|p2a: Attack on Fighting|Gyarados, M|331/331","|move|p1a: 3spooky5u|Energy Ball|p2a: Attack on Fighting","|-damage|p2a: Attack on Fighting|182/331","|-damage|p1a: 3spooky5u|235/261|[from] item: Life Orb","|","|turn|14","|","|move|p2a: Attack on Fighting|Bounce|p1a: 3spooky5u|[still]","|-prepare|p2a: Attack on Fighting|Bounce|p1a: 3spooky5u","|move|p1a: 3spooky5u|Sludge Bomb|p2a: Attack on Fighting|[miss]","|-miss|p1a: 3spooky5u|p2a: Attack on Fighting","|","|turn|15","|","|move|p2a: Attack on Fighting|Bounce|p1a: 3spooky5u|[from]lockedmove","|-damage|p1a: 3spooky5u|0 fnt","|faint|p1a: 3spooky5u","|-boost|p2a: Attack on Fighting|atk|1|[from] ability: Moxie","|","|","|switch|p1a: Griffin|Cofagrigus, M, shiny|320/320","|turn|16","|","|move|p2a: Attack on Fighting|Bounce|p1a: Griffin|[still]","|-prepare|p2a: Attack on Fighting|Bounce|p1a: Griffin","|move|p1a: Griffin|Trick Room|p1a: Griffin","|-fieldstart|move: Trick Room|[of] p1a: Griffin","|","|turn|17","|","|move|p1a: Griffin|Haze|p1a: Griffin","|-clearallboost","|move|p2a: Attack on Fighting|Bounce|p1a: Griffin|[from]lockedmove|[miss]","|-miss|p2a: Attack on Fighting|p1a: Griffin","|","|turn|18","|","|move|p1a: Griffin|Toxic|p2a: Attack on Fighting","|-status|p2a: Attack on Fighting|tox","|move|p2a: Attack on Fighting|Bounce|p1a: Griffin|[still]","|-prepare|p2a: Attack on Fighting|Bounce|p1a: Griffin","|","|-damage|p2a: Attack on Fighting|162/331 tox|[from] psn","|turn|19","|","|switch|p1a: Golden Eye|Sableye-Mega, F, shiny|135/303","|move|p2a: Attack on Fighting|Bounce|p1a: Golden Eye|[from]lockedmove","|-damage|p1a: Golden Eye|0 fnt","|faint|p1a: Golden Eye","|-boost|p2a: Attack on Fighting|atk|1|[from] ability: Moxie","|","|-damage|p2a: Attack on Fighting|122/331 tox|[from] psn","|","|switch|p1a: Griffin|Cofagrigus, M, shiny|320/320","|turn|20","|","|switch|p2a: God eater|Landorus, M|180/319","|move|p1a: Griffin|Hex|p2a: God eater","|-damage|p2a: God eater|90/319","|","|-fieldend|move: Trick Room","|turn|21","|","|move|p2a: God eater|Earth Power|p1a: Griffin","|-damage|p1a: Griffin|96/320","|move|p1a: Griffin|Trick Room|p1a: Griffin","|-fieldstart|move: Trick Room|[of] p1a: Griffin","|","|-heal|p1a: Griffin|116/320|[from] item: Leftovers","|turn|22","|","|switch|p1a: Pearl|Misdreavus, M, shiny|323/323","|move|p2a: God eater|Earth Power|p1a: Pearl","|-immune|p1a: Pearl|[msg]","|","|turn|23","|","|switch|p2a: 7 deadly sins|Dragonite, M|119/324 brn","|move|p1a: Pearl|Confuse Ray|p2a: 7 deadly sins","|-start|p2a: 7 deadly sins|confusion","|","|-damage|p2a: 7 deadly sins|79/324 brn|[from] brn","|turn|24","|","|move|p1a: Pearl|Nasty Plot|p1a: Pearl","|-boost|p1a: Pearl|spa|2","|-activate|p2a: 7 deadly sins|confusion","|move|p2a: 7 deadly sins|Fire Punch|p1a: Pearl","|-damage|p1a: Pearl|273/323","|","|-damage|p2a: 7 deadly sins|39/324 brn|[from] brn","|turn|25","|","|move|p1a: Pearl|Dazzling Gleam|p2a: 7 deadly sins","|-supereffective|p2a: 7 deadly sins","|-damage|p2a: 7 deadly sins|0 fnt","|faint|p2a: 7 deadly sins","|","|-fieldend|move: Trick Room","|","|switch|p2a: Attack on Fighting|Gyarados, M|122/331 tox","|turn|26","|","|move|p2a: Attack on Fighting|Bounce|p1a: Pearl|[still]","|-prepare|p2a: Attack on Fighting|Bounce|p1a: Pearl","|move|p1a: Pearl|Confuse Ray|p2a: Attack on Fighting|[miss]","|-miss|p1a: Pearl|p2a: Attack on Fighting","|","|-damage|p2a: Attack on Fighting|102/331 tox|[from] psn","|turn|27","|","|move|p2a: Attack on Fighting|Bounce|p1a: Pearl|[from]lockedmove","|-damage|p1a: Pearl|122/323","|move|p1a: Pearl|Dazzling Gleam|p2a: Attack on Fighting","|-damage|p2a: Attack on Fighting|0 fnt","|faint|p2a: Attack on Fighting","|","|","|switch|p2a: God eater|Landorus, M|90/319","|turn|28","|","|move|p2a: God eater|Sludge Bomb|p1a: Pearl","|-resisted|p1a: Pearl","|-damage|p1a: Pearl|56/323","|move|p1a: Pearl|Dazzling Gleam|p2a: God eater","|-damage|p2a: God eater|0 fnt","|faint|p2a: God eater","|","|","|switch|p2a: 磁遁・砂金大葬|Skarmory, M|334/334","|turn|29","|","|move|p1a: Pearl|Confuse Ray|p2a: 磁遁・砂金大葬","|-start|p2a: 磁遁・砂金大葬|confusion","|-activate|p2a: 磁遁・砂金大葬|confusion","|-damage|p2a: 磁遁・砂金大葬|320/334|[from] confusion","|","|turn|30","|","|move|p1a: Pearl|Nasty Plot|p1a: Pearl","|-boost|p1a: Pearl|spa|2","|-activate|p2a: 磁遁・砂金大葬|confusion","|-damage|p2a: 磁遁・砂金大葬|306/334|[from] confusion","|","|turn|31","|","|move|p1a: Pearl|Nasty Plot|p1a: Pearl","|-boost|p1a: Pearl|spa|2","|-activate|p2a: 磁遁・砂金大葬|confusion","|-damage|p2a: 磁遁・砂金大葬|292/334|[from] confusion","|","|turn|32","|","|move|p1a: Pearl|Dazzling Gleam|p2a: 磁遁・砂金大葬","|-resisted|p2a: 磁遁・砂金大葬","|-damage|p2a: 磁遁・砂金大葬|98/334","|-activate|p2a: 磁遁・砂金大葬|confusion","|-damage|p2a: 磁遁・砂金大葬|83/334|[from] confusion","|","|turn|33","|","|move|p1a: Pearl|Dazzling Gleam|p2a: 磁遁・砂金大葬","|-resisted|p2a: 磁遁・砂金大葬","|-damage|p2a: 磁遁・砂金大葬|0 fnt","|faint|p2a: 磁遁・砂金大葬","|","|win|Guard Darkrai"],"p1rating":{"entryid":"154049","serverid":"eos","formatid":"monotype","userid":"guarddarkrai","username":"Guard Darkrai","w":2,"l":"3","t":"0","gxe":46,"r":"1423.5316974162","rd":"117.18298642754","sigma":"0","rptime":"1440493200","rpr":1468.3381136105,"rprd":102.3648552037,"rpsigma":"0","acre":1088.8397542512,"lacre":1088.8397542512,"oldacre":"1058.1882093634"},"p2rating":{"entryid":"45674","serverid":"eos","formatid":"monotype","userid":"infernosasuke","username":"Inferno Sasuke","w":"24","l":50,"t":"0","gxe":34.4,"r":"1400.7762494984","rd":"44.563674269356","sigma":"0","rptime":"1440493200","rpr":1378.142452908,"rprd":42.436651155119,"rpsigma":"0","acre":1033.9529626393,"lacre":1033.9529626393,"oldacre":"1051.2964965419"},"endType":"normal"}