{"seed":[29431,8182,30276,46253],"turns":24,"p1":"Alliance-Kairyu","p2":"Emg E4 Zap","p1team":[{"name":"Drink the Koosh","species":"breloom","item":"focussash","ability":"Technician","moves":["spore","swordsdance","bulletseed","machpunch"],"nature":"Jolly","evs":{"hp":0,"atk":252,"def":0,"spa":0,"spd":4,"spe":252},"ivs":{"hp":31,"atk":31,"def":31,"spa":31,"spd":31,"spe":31}},{"name":"Infernape","species":"Infernape","item":"focussash","ability":"Iron Fist","moves":["thunderpunch","firepunch","fakeout","earthquake"],"nature":"Jolly","evs":{"hp":0,"atk":252,"def":0,"spa":0,"spd":4,"spe":252},"ivs":{"hp":31,"atk":31,"def":31,"spa":31,"spd":31,"spe":31}},{"name":"Machamp","species":"Machamp","item":"assaultvest","ability":"No Guard","moves":["dynamicpunch","knockoff","bulletpunch","stoneedge"],"nature":"Adamant","evs":{"hp":248,"atk":252,"def":0,"spa":0,"spd":8,"spe":0},"ivs":{"hp":31,"atk":31,"def":31,"spa":31,"spd":31,"spe":31}},{"name":"Terrakion","species":"Terrakion","item":"choicescarf","ability":"Justified","moves":["closecombat","earthquake","stoneedge","ironhead"],"nature":"Jolly","evs":{"hp":0,"atk":252,"def":0,"spa":0,"spd":4,"spe":252},"ivs":{"hp":31,"atk":31,"def":31,"spa":31,"spd":31,"spe":31}},{"name":"Destiny Dildo","species":"keldeoresolute","item":"choicespecs","ability":"Justified","moves":["scald","secretsword","focusblast","icywind"],"nature":"Timid","evs":{"hp":0,"atk":0,"def":0,"spa":252,"spd":4,"spe":252},"ivs":{"hp":31,"atk":31,"def":31,"spa":31,"spd":31,"spe":31}},{"name":"Gallade","species":"Gallade","item":"galladite","ability":"Steadfast","moves":["swordsdance","shadowsneak","psychocut","earthquake"],"nature":"Jolly","evs":{"hp":0,"atk":252,"def":0,"spa":0,"spd":4,"spe":252},"ivs":{"hp":31,"atk":31,"def":31,"spa":31,"spd":31,"spe":31}}],"p2team":[{"name":"Ninetales","species":"Ninetales","item":"focussash","ability":"Drought","moves":["confuseray","fireblast","willowisp","solarbeam"],"nature":"Timid","evs":{"hp":0,"atk":0,"def":0,"spa":252,"spd":4,"spe":252},"ivs":{"hp":31,"atk":31,"def":31,"spa":31,"spd":31,"spe":31}},{"name":"Charizard","species":"Charizard","item":"charizarditey","ability":"Blaze","moves":["airslash","flamethrower","solarbeam","substitute"],"nature":"Timid","evs":{"hp":0,"atk":0,"def":0,"spa":252,"spd":4,"spe":252},"ivs":{"hp":31,"atk":31,"def":31,"spa":31,"spd":31,"spe":31}},{"name":"Heatran","species":"Heatran","item":"choicespecs","ability":"Flash Fire","moves":["lavaplume","flashcannon","roar","toxic"],"nature":"Modest","evs":{"hp":248,"atk":0,"def":0,"spa":252,"spd":8,"spe":0},"ivs":{"hp":31,"atk":31,"def":31,"spa":31,"spd":31,"spe":31}},{"name":"Torkoal","species":"Torkoal","item":"redcard","ability":"White Smoke","moves":["lavaplume","clearsmog","rapidspin","stealthrock"],"nature":"Bold","evs":{"hp":248,"atk":0,"def":252,"spa":0,"spd":8,"spe":0},"ivs":{"hp":31,"atk":31,"def":31,"spa":31,"spd":31,"spe":31}},{"name":"Darmanitan","species":"Darmanitan","item":"choicescarf","ability":"Sheer Force","moves":["rockslide","uturn","flareblitz","earthquake"],"nature":"Jolly","evs":{"hp":0,"atk":252,"def":0,"spa":0,"spd":4,"spe":252},"ivs":{"hp":31,"atk":31,"def":31,"spa":31,"spd":31,"spe":31}},{"name":"Victini","species":"Victini","item":"focussash","ability":"Victory Star","moves":["vcreate","boltstrike","uturn","zenheadbutt"],"nature":"Jolly","evs":{"hp":0,"atk":252,"def":0,"spa":0,"spd":4,"spe":252},"ivs":{"hp":31,"atk":31,"def":31,"spa":31,"spd":31,"spe":0}}],"log":["|player|p1|Alliance-Kairyu|2","|player|p2|Emg E4 Zap|224","|gametype|singles","|gen|6","|tier|Monotype","|rated","|rule|Baton Pass Clause: Limit one Baton Passer, can't pass Spe and other stats simultaneously","|rule|Swagger Clause: Swagger is banned","|rule|Same Type Clause: Pokémon in a team must share a type","|clearpoke","|poke|p1|Breloom, F","|poke|p1|Infernape, F","|poke|p1|Machamp, M","|poke|p1|Terrakion","|poke|p1|Keldeo-Resolute","|poke|p1|Gallade, M","|poke|p2|Ninetales, F","|poke|p2|Charizard, F","|poke|p2|Heatran, F","|poke|p2|Torkoal, M","|poke|p2|Darmanitan, M","|poke|p2|Victini","|rule|Sleep Clause Mod: Limit one foe put to sleep","|rule|Species Clause: Limit one of each Pokémon","|rule|OHKO Clause: OHKO moves are banned","|rule|Moody Clause: Moody is banned","|rule|Evasion Moves Clause: Evasion moves are banned","|rule|Endless Battle Clause: Forcing endless battles is banned","|rule|HP Percentage Mod: HP is shown in percentages","|teampreview","|","|start","|switch|p1a: Infernape|Infernape, F|293/293","|switch|p2a: Darmanitan|Darmanitan, M|351/351","|turn|1","|","|move|p1a: Infernape|Fake Out|p2a: Darmanitan","|-damage|p2a: Darmanitan|290/351","|cant|p2a: Darmanitan|flinch","|","|turn|2","|","|switch|p1a: Destiny Dildo|Keldeo-Resolute|323/323","|move|p2a: Darmanitan|U-turn|p1a: Destiny Dildo","|-resisted|p1a: Destiny Dildo","|-damage|p1a: Destiny Dildo|277/323","|","|switch|p2a: Charizard|Charizard, F|297/297","|","|turn|3","|","|detailschange|p2a: Charizard|Charizard-Mega-Y, F","|-mega|p2a: Charizard|Charizard|Charizardite Y","|-weather|SunnyDay","|move|p1a: Destiny Dildo|Scald|p2a: Charizard","|-supereffective|p2a: Charizard","|-damage|p2a: Charizard|115/297","|move|p2a: Charizard|Air Slash|p1a: Destiny Dildo","|-crit|p1a: Destiny Dildo","|-supereffective|p1a: Destiny Dildo","|-damage|p1a: Destiny Dildo|0 fnt","|faint|p1a: Destiny Dildo","|","|-weather|SunnyDay|[upkeep]","|","|switch|p1a: Terrakion|Terrakion|323/323","|turn|4","|","|move|p1a: Terrakion|Stone Edge|p2a: Charizard","|-supereffective|p2a: Charizard","|-damage|p2a: Charizard|0 fnt","|faint|p2a: Charizard","|","|-weather|SunnyDay|[upkeep]","|","|switch|p2a: Torkoal|Torkoal, M|343/343","|turn|5","|","|switch|p1a: Drink the Koosh|Breloom, F|261/261","|move|p2a: Torkoal|Stealth Rock|p1a: Drink the Koosh","|-sidestart|p1: Alliance-Kairyu|move: Stealth Rock","|","|-weather|SunnyDay|[upkeep]","|turn|6","|","|switch|p2a: Heatran|Heatran, F|385/385","|move|p1a: Drink the Koosh|Swords Dance|p1a: Drink the Koosh","|-boost|p1a: Drink the Koosh|atk|2","|","|-weather|SunnyDay|[upkeep]","|turn|7","|","|move|p1a: Drink the Koosh|Spore|p2a: Heatran","|-status|p2a: Heatran|slp","|cant|p2a: Heatran|slp","|","|-weather|none","|turn|8","|","|switch|p2a: Torkoal|Torkoal, M|343/343","|move|p1a: Drink the Koosh|Mach Punch|p2a: Torkoal","|-damage|p2a: Torkoal|223/343","|-enditem|p2a: Torkoal|Red Card|[of] p1a: Drink the Koosh","|drag|p1a: Gallade|Gallade, M|277/277","|-damage|p1a: Gallade|260/277|[from] Stealth Rock","|","|turn|9","|","|detailschange|p1a: Gallade|Gallade-Mega, M","|-mega|p1a: Gallade|Gallade|Galladite","|move|p1a: Gallade|Psycho Cut|p2a: Torkoal","|-damage|p2a: Torkoal|142/343","|move|p2a: Torkoal|Lava Plume|p1a: Gallade","|-damage|p1a: Gallade|182/277","|","|turn|10","|","|move|p1a: Gallade|Earthquake|p2a: Torkoal","|-supereffective|p2a: Torkoal","|-damage|p2a: Torkoal|0 fnt","|faint|p2a: Torkoal","|","|","|switch|p2a: Darmanitan|Darmanitan, M|290/351","|turn|11","|","|switch|p1a: Drink the Koosh|Breloom, F|261/261","|-damage|p1a: Drink the Koosh|245/261|[from] Stealth Rock","|move|p2a: Darmanitan|Flare Blitz|p1a: Drink the Koosh","|-supereffective|p1a: Drink the Koosh","|-damage|p1a: Drink the Koosh|0 fnt","|-damage|p2a: Darmanitan|209/351|[from] recoil|[of] p1a: Drink the Koosh","|faint|p1a: Drink the Koosh","|","|","|switch|p1a: Terrakion|Terrakion|323/323","|-damage|p1a: Terrakion|303/323|[from] Stealth Rock","|turn|12","|","|switch|p2a: Heatran|Heatran, F|385/385 slp","|move|p1a: Terrakion|Earthquake|p2a: Heatran","|-supereffective|p2a: Heatran","|-damage|p2a: Heatran|0 fnt","|faint|p2a: Heatran","|","|","|switch|p2a: Ninetales|Ninetales, F|287/287","|-weather|SunnyDay","|turn|13","|","|switch|p1a: Machamp|Machamp, M|383/383","|-damage|p1a: Machamp|360/383|[from] Stealth Rock","|move|p2a: Ninetales|Solar Beam|p1a: Machamp|[still]","|-prepare|p2a: Ninetales|Solar Beam|p1a: Machamp","|-anim|p2a: Ninetales|Solar Beam|p1a: Machamp","|-damage|p1a: Machamp|283/383","|","|-weather|SunnyDay|[upkeep]","|turn|14","|","|move|p2a: Ninetales|Confuse Ray|p1a: Machamp","|-start|p1a: Machamp|confusion","|-activate|p1a: Machamp|confusion","|-damage|p1a: Machamp|217/383|[from] confusion","|","|-weather|SunnyDay|[upkeep]","|turn|15","|","|move|p2a: Ninetales|Will-O-Wisp|p1a: Machamp","|-status|p1a: Machamp|brn","|-activate|p1a: Machamp|confusion","|-damage|p1a: Machamp|185/383 brn|[from] confusion","|","|-weather|SunnyDay|[upkeep]","|-damage|p1a: Machamp|138/383 brn|[from] brn","|turn|16","|","|-activate|p1a: Machamp|confusion","|-damage|p1a: Machamp|105/383 brn|[from] confusion","|move|p2a: Ninetales|Fire Blast|p1a: Machamp","|-damage|p1a: Machamp|0 fnt","|faint|p1a: Machamp","|","|-weather|SunnyDay|[upkeep]","|","|switch|p1a: Infernape|Infernape, F|293/293","|-damage|p1a: Infernape|257/293|[from] Stealth Rock","|turn|17","|","|switch|p2a: Darmanitan|Darmanitan, M|209/351","|move|p1a: Infernape|Fake Out|p2a: Darmanitan","|-damage|p2a: Darmanitan|143/351","|","|-weather|none","|turn|18","|","|move|p2a: Darmanitan|Earthquake|p1a: Infernape","|-supereffective|p1a: Infernape","|-damage|p1a: Infernape|0 fnt","|faint|p1a: Infernape","|","|","|switch|p1a: Terrakion|Terrakion|303/323","|-damage|p1a: Terrakion|283/323|[from] Stealth Rock","|turn|19","|","|move|p1a: Terrakion|Earthquake|p2a: Darmanitan","|-supereffective|p2a: Darmanitan","|-damage|p2a: Darmanitan|0 fnt","|faint|p2a: Darmanitan","|","|","|switch|p2a: Ninetales|Ninetales, F|287/287","|-weather|SunnyDay","|turn|20","|","|move|p1a: Terrakion|Earthquake|p2a: Ninetales","|-supereffective|p2a: Ninetales","|-damage|p2a: Ninetales|11/287","|move|p2a: Ninetales|Confuse Ray|p1a: Terrakion","|-start|p1a: Terrakion|confusion","|","|-weather|SunnyDay|[upkeep]","|turn|21","|","|-activate|p1a: Terrakion|confusion","|move|p1a: Terrakion|Earthquake|p2a: Ninetales","|-supereffective|p2a: Ninetales","|-damage|p2a: Ninetales|0 fnt","|faint|p2a: Ninetales","|","|-weather|SunnyDay|[upkeep]","|","|switch|p2a: Victini|Victini|341/341","|turn|22","|","|switch|p1a: Gallade|Gallade-Mega, M|182/277","|-damage|p1a: Gallade|165/277|[from] Stealth Rock","|move|p2a: Victini|Zen Headbutt|p1a: Gallade","|-damage|p1a: Gallade|44/277","|","|-weather|SunnyDay|[upkeep]","|turn|23","|","|move|p1a: Gallade|Shadow Sneak|p2a: Victini","|-supereffective|p2a: Victini","|-damage|p2a: Victini|229/341","|move|p2a: Victini|Zen Headbutt|p1a: Gallade","|-damage|p1a: Gallade|0 fnt","|faint|p1a: Gallade","|","|-weather|SunnyDay|[upkeep]","|","|switch|p1a: Terrakion|Terrakion|283/323","|-damage|p1a: Terrakion|263/323|[from] Stealth Rock","|turn|24","|","|move|p1a: Terrakion|Earthquake|p2a: Victini","|-supereffective|p2a: Victini","|-damage|p2a: Victini|0 fnt","|faint|p2a: Victini","|","|win|Alliance-Kairyu"],"p1rating":{"entryid":426653,"formatid":"monotype","userid":"alliancekairyu","username":"Alliance-Kairyu","r":1500,"rd":130,"sigma":0,"rpr":1540.1606143388,"rprd":122.8583080769,"rpsigma":0,"rptime":1440406800,"w":1,"l":0,"t":0,"gxe":55,"acre":1047.5750655093,"lacre":1047.5750655093,"oldacre":1000},"p2rating":{"entryid":"426329","serverid":"eos","formatid":"monotype","userid":"emge4zap","username":"Emg E4 Zap","w":"1","l":1,"t":"0","gxe":52.7,"r":"1500","rd":"130","sigma":"0","rptime":"1440406800","rpr":1521.3402202067,"rprd":117.47078427244,"rpsigma":"0","acre":1042.8244555387,"lacre":1042.8244555387,"oldacre":"1066.6001150532"},"endType":"normal"}