{"seed":[17452,11034,40412,57440],"turns":17,"p1":"Primal GT DuckSoup","p2":"GTX♅Bzumzum","p1team":[{"name":"Landorus-Therian","species":"Landorus-Therian","item":"leftovers","ability":"Intimidate","moves":["stealthrock","bulkup","earthquake","uturn"],"nature":"Impish","evs":{"hp":252,"atk":0,"def":196,"spa":0,"spd":4,"spe":56},"ivs":{"hp":31,"atk":31,"def":31,"spa":31,"spd":31,"spe":31}},{"name":"Pidgeot","species":"Pidgeot","item":"pidgeotite","ability":"Tangled Feet","moves":["uturn","roost","heatwave","hurricane"],"nature":"Timid","evs":{"hp":0,"atk":0,"def":0,"spa":252,"spd":4,"spe":252},"ivs":{"hp":31,"atk":31,"def":31,"spa":31,"spd":31,"spe":31}},{"name":"Moltres","species":"Moltres","item":"leftovers","ability":"Pressure","moves":["fireblast","hurricane","roost","hiddenpowergrass"],"nature":"Timid","evs":{"hp":4,"atk":0,"def":0,"spa":252,"spd":0,"spe":252},"ivs":{"hp":31,"atk":30,"def":31,"spa":30,"spd":31,"spe":31}},{"name":"Togekiss","species":"Togekiss","item":"leftovers","ability":"Serene Grace","moves":["airslash","nastyplot","batonpass","roost"],"nature":"Calm","evs":{"hp":252,"atk":0,"def":0,"spa":4,"spd":252,"spe":0},"ivs":{"hp":31,"atk":31,"def":31,"spa":31,"spd":31,"spe":31}},{"name":"Gyarados","species":"Gyarados","item":"leftovers","ability":"Intimidate","moves":["waterfall","thunderwave","dragondance","ironhead"],"nature":"Serious","evs":{"hp":252,"atk":0,"def":104,"spa":0,"spd":152,"spe":0},"ivs":{"hp":31,"atk":31,"def":31,"spa":31,"spd":31,"spe":31}},{"name":"Thundurus","species":"Thundurus","item":"leftovers","ability":"Prankster","moves":["voltswitch","superpower","grassknot","thunderwave"],"nature":"Hasty","evs":{"hp":0,"atk":4,"def":0,"spa":252,"spd":0,"spe":252},"ivs":{"hp":31,"atk":31,"def":31,"spa":31,"spd":31,"spe":31}}],"p2team":[{"name":"Thorns","species":"ferrothorn","item":"rockyhelmet","ability":"Iron Barbs","moves":["stealthrock","gyroball","leechseed","protect"],"nature":"Jolly","evs":{"hp":128,"atk":100,"def":116,"spa":0,"spd":120,"spe":44},"gender":"M","ivs":{"hp":31,"atk":31,"def":31,"spa":31,"spd":31,"spe":0}},{"name":"Brawloom","species":"breloom","item":"focussash","ability":"Technician","moves":["bulletseed","rocktomb","machpunch","spore"],"nature":"Jolly","evs":{"hp":4,"atk":252,"def":0,"spa":0,"spd":0,"spe":252},"gender":"M","shiny":true,"ivs":{"hp":31,"atk":31,"def":31,"spa":31,"spd":31,"spe":31}},{"name":"Rising Roses","species":"roserade","item":"bigroot","ability":"Technician","moves":["aromatherapy","hiddenpowerrock","megadrain","magicalleaf"],"nature":"Modest","evs":{"hp":248,"atk":0,"def":0,"spa":252,"spd":8,"spe":0},"gender":"M","ivs":{"hp":31,"atk":31,"def":30,"spa":31,"spd":30,"spe":30},"shiny":true},{"name":"Ludicool","species":"ludicolo","item":"leftovers","ability":"Swift Swim","moves":["icebeam","scald","gigadrain","raindance"],"nature":"Modest","evs":{"hp":200,"atk":0,"def":0,"spa":184,"spd":4,"spe":120},"gender":"M","shiny":true,"ivs":{"hp":31,"atk":31,"def":31,"spa":31,"spd":31,"spe":31}},{"name":"Great-ily","species":"cradily","item":"leftovers","ability":"Storm Drain","moves":["ancientpower","earthpower","recover","toxic"],"nature":"Calm","evs":{"hp":232,"atk":24,"def":0,"spa":0,"spd":252,"spe":0},"gender":"M","shiny":true,"ivs":{"hp":31,"atk":31,"def":31,"spa":31,"spd":31,"spe":31}},{"name":"Plantasaurus","species":"venusaur","item":"venusaurite","ability":"Chlorophyll","moves":["gigadrain","hiddenpowerelectric","sludgebomb","synthesis"],"nature":"Modest","evs":{"hp":0,"atk":0,"def":68,"spa":188,"spd":0,"spe":252},"gender":"M","ivs":{"hp":31,"atk":31,"def":31,"spa":30,"spd":31,"spe":31},"shiny":true}],"log":["|player|p1|Primal GT DuckSoup|121","|player|p2|GTX♅Bzumzum|225","|gametype|singles","|gen|6","|tier|Monotype","|rated","|rule|Baton Pass Clause: Limit one Baton Passer, can't pass Spe and other stats simultaneously","|rule|Swagger Clause: Swagger is banned","|rule|Same Type Clause: Pokémon in a team must share a type","|clearpoke","|poke|p1|Landorus-Therian, M","|poke|p1|Pidgeot, F","|poke|p1|Moltres","|poke|p1|Togekiss, F","|poke|p1|Gyarados, M","|poke|p1|Thundurus, M","|poke|p2|Ferrothorn, M","|poke|p2|Breloom, M, shiny","|poke|p2|Roserade, M, shiny","|poke|p2|Ludicolo, M, shiny","|poke|p2|Cradily, M, shiny","|poke|p2|Venusaur, M, shiny","|rule|Sleep Clause Mod: Limit one foe put to sleep","|rule|Species Clause: Limit one of each Pokémon","|rule|OHKO Clause: OHKO moves are banned","|rule|Moody Clause: Moody is banned","|rule|Evasion Moves Clause: Evasion moves are banned","|rule|Endless Battle Clause: Forcing endless battles is banned","|rule|HP Percentage Mod: HP is shown in percentages","|teampreview","|","|start","|switch|p1a: Thundurus|Thundurus, M|299/299","|switch|p2a: Great-ily|Cradily, M, shiny|371/371","|turn|1","|","|move|p1a: Thundurus|Volt Switch|p2a: Great-ily","|-resisted|p2a: Great-ily","|-damage|p2a: Great-ily|332/371","|","|switch|p1a: Moltres|Moltres|322/322","|-ability|p1a: Moltres|Pressure","|move|p2a: Great-ily|Ancient Power|p1a: Moltres","|-supereffective|p1a: Moltres","|-damage|p1a: Moltres|46/322","|","|-heal|p1a: Moltres|66/322|[from] item: Leftovers","|-heal|p2a: Great-ily|355/371|[from] item: Leftovers","|turn|2","|","|move|p1a: Moltres|Fire Blast|p2a: Great-ily","|-damage|p2a: Great-ily|220/371","|move|p2a: Great-ily|Ancient Power|p1a: Moltres","|-supereffective|p1a: Moltres","|-damage|p1a: Moltres|0 fnt","|faint|p1a: Moltres","|","|-heal|p2a: Great-ily|243/371|[from] item: Leftovers","|","|switch|p1a: Landorus-Therian|Landorus-Therian, M|382/382","|-ability|p1a: Landorus-Therian|Intimidate","|-unboost|p2a: Great-ily|atk|1","|turn|3","|","|move|p1a: Landorus-Therian|Stealth Rock|p2a: Great-ily","|-sidestart|p2: GTX♅Bzumzum|move: Stealth Rock","|move|p2a: Great-ily|Toxic|p1a: Landorus-Therian","|-status|p1a: Landorus-Therian|tox","|","|-heal|p2a: Great-ily|266/371|[from] item: Leftovers","|-damage|p1a: Landorus-Therian|359/382 tox|[from] psn","|turn|4","|","|move|p1a: Landorus-Therian|Bulk Up|p1a: Landorus-Therian","|-boost|p1a: Landorus-Therian|atk|1","|-boost|p1a: Landorus-Therian|def|1","|move|p2a: Great-ily|Ancient Power|p1a: Landorus-Therian","|-damage|p1a: Landorus-Therian|290/382 tox","|","|-heal|p1a: Landorus-Therian|313/382 tox|[from] item: Leftovers","|-heal|p2a: Great-ily|289/371|[from] item: Leftovers","|-damage|p1a: Landorus-Therian|267/382 tox|[from] psn","|turn|5","|","|switch|p2a: Thorns|Ferrothorn, M|321/321","|-damage|p2a: Thorns|301/321|[from] Stealth Rock","|move|p1a: Landorus-Therian|Earthquake|p2a: Thorns","|-damage|p2a: Thorns|111/321","|","|-heal|p1a: Landorus-Therian|290/382 tox|[from] item: Leftovers","|-damage|p1a: Landorus-Therian|221/382 tox|[from] psn","|turn|6","|","|move|p2a: Thorns|Protect|p2a: Thorns","|-singleturn|p2a: Thorns|Protect","|move|p1a: Landorus-Therian|Earthquake|p2a: Thorns","|-activate|p2a: Thorns|Protect","|","|-heal|p1a: Landorus-Therian|244/382 tox|[from] item: Leftovers","|-damage|p1a: Landorus-Therian|152/382 tox|[from] psn","|turn|7","|","|move|p2a: Thorns|Protect|p2a: Thorns","|-singleturn|p2a: Thorns|Protect","|move|p1a: Landorus-Therian|Earthquake|p2a: Thorns","|-activate|p2a: Thorns|Protect","|","|-heal|p1a: Landorus-Therian|175/382 tox|[from] item: Leftovers","|-damage|p1a: Landorus-Therian|60/382 tox|[from] psn","|turn|8","|","|switch|p2a: Brawloom|Breloom, M, shiny|262/262","|-damage|p2a: Brawloom|246/262|[from] Stealth Rock","|move|p1a: Landorus-Therian|Earthquake|p2a: Brawloom","|-crit|p2a: Brawloom","|-resisted|p2a: Brawloom","|-damage|p2a: Brawloom|24/262","|","|-heal|p1a: Landorus-Therian|83/382 tox|[from] item: Leftovers","|-damage|p1a: Landorus-Therian|0 fnt|[from] psn","|faint|p1a: Landorus-Therian","|","|switch|p1a: Togekiss|Togekiss, F|374/374","|turn|9","|","|move|p2a: Brawloom|Mach Punch|p1a: Togekiss","|-resisted|p1a: Togekiss","|-damage|p1a: Togekiss|347/374","|move|p1a: Togekiss|Air Slash|p2a: Brawloom","|-supereffective|p2a: Brawloom","|-damage|p2a: Brawloom|0 fnt","|faint|p2a: Brawloom","|","|-heal|p1a: Togekiss|370/374|[from] item: Leftovers","|","|switch|p2a: Great-ily|Cradily, M, shiny|289/371","|-damage|p2a: Great-ily|243/371|[from] Stealth Rock","|turn|10","|","|move|p1a: Togekiss|Nasty Plot|p1a: Togekiss","|-boost|p1a: Togekiss|spa|2","|move|p2a: Great-ily|Toxic|p1a: Togekiss","|-status|p1a: Togekiss|tox","|","|-heal|p1a: Togekiss|374/374 tox|[from] item: Leftovers","|-heal|p2a: Great-ily|266/371|[from] item: Leftovers","|-damage|p1a: Togekiss|351/374 tox|[from] psn","|turn|11","|","|move|p1a: Togekiss|Air Slash|p2a: Great-ily","|-damage|p2a: Great-ily|124/371","|cant|p2a: Great-ily|flinch","|","|-heal|p1a: Togekiss|374/374 tox|[from] item: Leftovers","|-heal|p2a: Great-ily|147/371|[from] item: Leftovers","|-damage|p1a: Togekiss|328/374 tox|[from] psn","|turn|12","|","|switch|p2a: Thorns|Ferrothorn, M|111/321","|-damage|p2a: Thorns|91/321|[from] Stealth Rock","|move|p1a: Togekiss|Air Slash|p2a: Thorns","|-damage|p2a: Thorns|0 fnt","|faint|p2a: Thorns","|","|-heal|p1a: Togekiss|351/374 tox|[from] item: Leftovers","|-damage|p1a: Togekiss|282/374 tox|[from] psn","|","|switch|p2a: Ludicool|Ludicolo, M, shiny|351/351","|-damage|p2a: Ludicool|308/351|[from] Stealth Rock","|turn|13","|","|move|p2a: Ludicool|Ice Beam|p1a: Togekiss","|-supereffective|p1a: Togekiss","|-damage|p1a: Togekiss|176/374 tox","|move|p1a: Togekiss|Air Slash|p2a: Ludicool","|-supereffective|p2a: Ludicool","|-damage|p2a: Ludicool|0 fnt","|faint|p2a: Ludicool","|","|-heal|p1a: Togekiss|199/374 tox|[from] item: Leftovers","|-damage|p1a: Togekiss|107/374 tox|[from] psn","|","|switch|p2a: Plantasaurus|Venusaur, M, shiny|301/301","|-damage|p2a: Plantasaurus|264/301|[from] Stealth Rock","|turn|14","|","|detailschange|p2a: Plantasaurus|Venusaur-Mega, M, shiny","|-mega|p2a: Plantasaurus|Venusaur|Venusaurite","|move|p2a: Plantasaurus|Hidden Power|p1a: Togekiss","|-supereffective|p1a: Togekiss","|-damage|p1a: Togekiss|19/374 tox","|move|p1a: Togekiss|Baton Pass|p1a: Togekiss","|","|switch|p1a: Pidgeot|Pidgeot, F|307/307","|","|turn|15","|","|detailschange|p1a: Pidgeot|Pidgeot-Mega, F","|-mega|p1a: Pidgeot|Pidgeot|Pidgeotite","|move|p1a: Pidgeot|Hurricane|p2a: Plantasaurus","|-supereffective|p2a: Plantasaurus","|-damage|p2a: Plantasaurus|0 fnt","|faint|p2a: Plantasaurus","|","|","|switch|p2a: Rising Roses|Roserade, M, shiny|323/323","|-damage|p2a: Rising Roses|283/323|[from] Stealth Rock","|turn|16","|","|move|p1a: Pidgeot|Hurricane|p2a: Rising Roses","|-supereffective|p2a: Rising Roses","|-damage|p2a: Rising Roses|0 fnt","|faint|p2a: Rising Roses","|","|","|switch|p2a: Great-ily|Cradily, M, shiny|147/371","|-damage|p2a: Great-ily|101/371|[from] Stealth Rock","|turn|17","|","|move|p1a: Pidgeot|Hurricane|p2a: Great-ily","|-damage|p2a: Great-ily|0 fnt","|faint|p2a: Great-ily","|","|win|Primal GT DuckSoup"],"p1rating":{"entryid":"432064","serverid":"eos","formatid":"monotype","userid":"primalgtducksoup","username":"Primal GT DuckSoup","w":5,"l":"0","t":"0","gxe":63.9,"r":"1500","rd":"130","sigma":"0","rptime":"1440493200","rpr":1612.3837383437,"rprd":102.51105754799,"rpsigma":"0","acre":1147.886563198,"lacre":1147.886563198,"oldacre":"1128.5765520518"},"p2rating":{"entryid":"1463","serverid":"eos","formatid":"monotype","userid":"gtxbzumzum","username":"GTX♅Bzumzum","w":"18","l":42,"t":"0","gxe":31.4,"r":"1355.4260720597","rd":"47.889477272369","sigma":"0","rptime":"1440493200","rpr":1351.6155361577,"rprd":47.556519498498,"rpsigma":"0","acre":1034.7950537355,"lacre":1034.7950537355,"oldacre":"1048.090869557"},"endType":"normal"}