{"seed":[26100,20169,46486,32205],"turns":23,"p1":"SL~Kingdra","p2":"Gym Ldr Mitsuka∆","p1team":[{"name":"Smegle","species":"smeargle","item":"focussash","ability":"Own Tempo","moves":["spore","stickyweb","stealthrock","transform"],"nature":"Timid","evs":{"hp":252,"atk":0,"def":4,"spa":0,"spd":0,"spe":252},"ivs":{"hp":31,"atk":31,"def":31,"spa":31,"spd":31,"spe":31}},{"name":"Slaking","species":"Slaking","item":"choicescarf","ability":"Truant","moves":["retaliate","firepunch","earthquake","brickbreak"],"nature":"Adamant","evs":{"hp":200,"atk":252,"def":0,"spa":0,"spd":0,"spe":56},"ivs":{"hp":31,"atk":31,"def":31,"spa":31,"spd":31,"spe":31}},{"name":"Mel-B","species":"meloetta","item":"leftovers","ability":"Serene Grace","moves":["psychic","shadowball","hypervoice","calmmind"],"nature":"Calm","evs":{"hp":252,"atk":0,"def":0,"spa":4,"spd":252,"spe":0},"ivs":{"hp":31,"atk":31,"def":30,"spa":30,"spd":30,"spe":31}},{"name":"Demolition","species":"diggersby","item":"lifeorb","ability":"Huge Power","moves":["earthquake","quickattack","return","firepunch"],"nature":"Adamant","evs":{"hp":4,"atk":252,"def":0,"spa":0,"spd":0,"spe":252},"ivs":{"hp":31,"atk":31,"def":31,"spa":31,"spd":31,"spe":31}},{"name":"Cute Blob","species":"ditto","item":"choicescarf","ability":"Imposter","moves":["transform"],"nature":"Timid","evs":{"hp":252,"atk":0,"def":4,"spa":0,"spd":0,"spe":252},"ivs":{"hp":31,"atk":31,"def":31,"spa":31,"spd":31,"spe":31}},{"name":"Corey","species":"porygonz","item":"choicespecs","ability":"Adaptability","moves":["triattack","icebeam","hiddenpowerfire","discharge"],"nature":"Timid","evs":{"hp":4,"atk":0,"def":0,"spa":252,"spd":0,"spe":252},"ivs":{"hp":31,"atk":30,"def":31,"spa":30,"spd":31,"spe":30}}],"p2team":[{"name":"Bellossom","species":"Bellossom","item":"leftovers","ability":"Chlorophyll","moves":["infestation","leechseed","hiddenpowerfire","sleeppowder"],"nature":"Bold","evs":{"hp":252,"atk":0,"def":252,"spa":0,"spd":4,"spe":0},"ivs":{"hp":31,"atk":30,"def":31,"spa":30,"spd":31,"spe":30}},{"name":"Abomasnow","species":"Abomasnow","item":"abomasite","ability":"Soundproof","moves":["earthquake","blizzard","iceshard","gigadrain"],"nature":"Naughty","evs":{"hp":68,"atk":252,"def":0,"spa":8,"spd":0,"spe":180},"ivs":{"hp":31,"atk":30,"def":31,"spa":30,"spd":31,"spe":30}},{"name":"Roserade","species":"Roserade","item":"choicescarf","ability":"Technician","moves":["hiddenpowerrock","extrasensory","sludgebomb","gigadrain"],"nature":"Timid","evs":{"hp":0,"atk":0,"def":0,"spa":252,"spd":4,"spe":252},"ivs":{"hp":31,"atk":31,"def":30,"spa":31,"spd":30,"spe":30}},{"name":"Leavanny","species":"Leavanny","item":"focussash","ability":"Swarm","moves":["stickyweb","leafblade","knockoff","xscissor"],"nature":"Adamant","evs":{"hp":4,"atk":252,"def":0,"spa":0,"spd":0,"spe":252},"ivs":{"hp":31,"atk":31,"def":31,"spa":31,"spd":31,"spe":31}},{"name":"Ferrothorn","species":"Ferrothorn","item":"occaberry","ability":"Iron Barbs","moves":["stealthrock","thunderwave","knockoff","ironhead"],"nature":"Impish","evs":{"hp":252,"atk":0,"def":128,"spa":0,"spd":128,"spe":0},"ivs":{"hp":31,"atk":31,"def":31,"spa":31,"spd":31,"spe":31}},{"name":"Breloom","species":"Breloom","item":"focussash","ability":"Technician","moves":["spore","rocktomb","machpunch","bulletseed"],"nature":"Jolly","evs":{"hp":0,"atk":252,"def":0,"spa":0,"spd":4,"spe":252},"ivs":{"hp":31,"atk":31,"def":31,"spa":31,"spd":31,"spe":31}}],"log":["|player|p1|SL~Kingdra|122","|player|p2|Gym Ldr Mitsuka∆|2","|gametype|singles","|gen|6","|tier|Monotype","|rated","|rule|Baton Pass Clause: Limit one Baton Passer, can't pass Spe and other stats simultaneously","|rule|Swagger Clause: Swagger is banned","|rule|Same Type Clause: Pokémon in a team must share a type","|clearpoke","|poke|p1|Smeargle, F","|poke|p1|Slaking, F","|poke|p1|Meloetta","|poke|p1|Diggersby, M","|poke|p1|Ditto","|poke|p1|Porygon-Z","|poke|p2|Bellossom, F","|poke|p2|Abomasnow, F","|poke|p2|Roserade, M","|poke|p2|Leavanny, F","|poke|p2|Ferrothorn, M","|poke|p2|Breloom, F","|rule|Sleep Clause Mod: Limit one foe put to sleep","|rule|Species Clause: Limit one of each Pokémon","|rule|OHKO Clause: OHKO moves are banned","|rule|Moody Clause: Moody is banned","|rule|Evasion Moves Clause: Evasion moves are banned","|rule|Endless Battle Clause: Forcing endless battles is banned","|rule|HP Percentage Mod: HP is shown in percentages","|teampreview","|","|start","|switch|p1a: Smegle|Smeargle, F|314/314","|switch|p2a: Leavanny|Leavanny, F|292/292","|turn|1","|","|move|p2a: Leavanny|Sticky Web|p1a: Smegle","|-sidestart|p1: SL~Kingdra|move: Sticky Web","|move|p1a: Smegle|Sticky Web|p2a: Leavanny","|-sidestart|p2: Gym Ldr Mitsuka∆|move: Sticky Web","|","|turn|2","|","|move|p2a: Leavanny|X-Scissor|p1a: Smegle","|-damage|p1a: Smegle|32/314","|move|p1a: Smegle|Stealth Rock|p2a: Leavanny","|-sidestart|p2: Gym Ldr Mitsuka∆|move: Stealth Rock","|","|turn|3","|","|move|p2a: Leavanny|X-Scissor|p1a: Smegle","|-damage|p1a: Smegle|0 fnt","|faint|p1a: Smegle","|","|","|switch|p1a: Slaking|Slaking, F|491/491","|-activate|p1a: Slaking|move: Sticky Web","|-unboost|p1a: Slaking|spe|1","|turn|4","|","|switch|p2a: Ferrothorn|Ferrothorn, M|352/352","|-activate|p2a: Ferrothorn|move: Sticky Web","|-unboost|p2a: Ferrothorn|spe|1","|-damage|p2a: Ferrothorn|330/352|[from] Stealth Rock","|move|p1a: Slaking|Fire Punch|p2a: Ferrothorn","|-supereffective|p2a: Ferrothorn","|-enditem|p2a: Ferrothorn|Occa Berry|[eat]","|-damage|p2a: Ferrothorn|178/352","|-damage|p1a: Slaking|430/491|[from] ability: Iron Barbs|[of] p2a: Ferrothorn","|","|turn|5","|","|switch|p1a: Corey|Porygon-Z|312/312","|-activate|p1a: Corey|move: Sticky Web","|-unboost|p1a: Corey|spe|1","|move|p2a: Ferrothorn|Knock Off|p1a: Corey","|-damage|p1a: Corey|220/312","|-enditem|p1a: Corey|Choice Specs|[from] move: Knock Off|[of] p2a: Ferrothorn","|","|turn|6","|","|move|p1a: Corey|Hidden Power|p2a: Ferrothorn","|-supereffective|p2a: Ferrothorn","|-damage|p2a: Ferrothorn|0 fnt","|faint|p2a: Ferrothorn","|","|","|switch|p2a: Roserade|Roserade, M|261/261","|-damage|p2a: Roserade|229/261|[from] Stealth Rock","|-activate|p2a: Roserade|move: Sticky Web","|-unboost|p2a: Roserade|spe|1","|turn|7","|","|move|p2a: Roserade|Sludge Bomb|p1a: Corey","|-damage|p1a: Corey|25/312","|move|p1a: Corey|Tri Attack|p2a: Roserade","|-damage|p2a: Roserade|51/261","|","|turn|8","|","|move|p2a: Roserade|Sludge Bomb|p1a: Corey","|-damage|p1a: Corey|0 fnt","|faint|p1a: Corey","|","|","|switch|p1a: Mel-B|Meloetta|404/404","|-activate|p1a: Mel-B|move: Sticky Web","|-unboost|p1a: Mel-B|spe|1","|turn|9","|","|move|p2a: Roserade|Sludge Bomb|p1a: Mel-B","|-damage|p1a: Mel-B|311/404","|-status|p1a: Mel-B|psn","|move|p1a: Mel-B|Psychic|p2a: Roserade","|-supereffective|p2a: Roserade","|-damage|p2a: Roserade|0 fnt","|faint|p2a: Roserade","|","|-heal|p1a: Mel-B|336/404 psn|[from] item: Leftovers","|-damage|p1a: Mel-B|286/404 psn|[from] psn","|","|switch|p2a: Leavanny|Leavanny, F|292/292","|-activate|p2a: Leavanny|move: Sticky Web","|-unboost|p2a: Leavanny|spe|1","|-damage|p2a: Leavanny|219/292|[from] Stealth Rock","|turn|10","|","|move|p2a: Leavanny|X-Scissor|p1a: Mel-B","|-supereffective|p1a: Mel-B","|-damage|p1a: Mel-B|0 fnt","|faint|p1a: Mel-B","|","|","|switch|p1a: Slaking|Slaking, F|430/491","|-activate|p1a: Slaking|move: Sticky Web","|-unboost|p1a: Slaking|spe|1","|turn|11","|","|move|p1a: Slaking|Retaliate|p2a: Leavanny","|-damage|p2a: Leavanny|0 fnt","|faint|p2a: Leavanny","|","|","|switch|p2a: Bellossom|Bellossom, F|354/354","|-activate|p2a: Bellossom|move: Sticky Web","|-unboost|p2a: Bellossom|spe|1","|-damage|p2a: Bellossom|310/354|[from] Stealth Rock","|turn|12","|","|switch|p1a: Demolition|Diggersby, M|312/312","|-activate|p1a: Demolition|move: Sticky Web","|-unboost|p1a: Demolition|spe|1","|move|p2a: Bellossom|Infestation|p1a: Demolition","|-damage|p1a: Demolition|292/312","|-activate|p1a: Demolition|move: Infestation|[of] p2a: Bellossom","|","|-heal|p2a: Bellossom|332/354|[from] item: Leftovers","|-damage|p1a: Demolition|253/312|[from] move: Infestation|[partiallytrapped]","|turn|13","|","|move|p1a: Demolition|Return|p2a: Bellossom","|-damage|p2a: Bellossom|108/354","|-damage|p1a: Demolition|222/312|[from] item: Life Orb","|move|p2a: Bellossom|Sleep Powder|p1a: Demolition","|-status|p1a: Demolition|slp","|","|-heal|p2a: Bellossom|130/354|[from] item: Leftovers","|-damage|p1a: Demolition|183/312 slp|[from] move: Infestation|[partiallytrapped]","|turn|14","|","|cant|p1a: Demolition|slp","|move|p2a: Bellossom|Leech Seed|p1a: Demolition","|-start|p1a: Demolition|move: Leech Seed","|","|-heal|p2a: Bellossom|152/354|[from] item: Leftovers","|-damage|p1a: Demolition|144/312 slp|[from] Leech Seed|[of] p2a: Bellossom","|-heal|p2a: Bellossom|191/354|[silent]","|-damage|p1a: Demolition|105/312 slp|[from] move: Infestation|[partiallytrapped]","|turn|15","|","|cant|p1a: Demolition|slp","|move|p2a: Bellossom|Hidden Power|p1a: Demolition","|-damage|p1a: Demolition|52/312 slp","|","|-heal|p2a: Bellossom|213/354|[from] item: Leftovers","|-damage|p1a: Demolition|13/312 slp|[from] Leech Seed|[of] p2a: Bellossom","|-heal|p2a: Bellossom|252/354|[silent]","|-damage|p1a: Demolition|0 fnt|[from] move: Infestation|[partiallytrapped]","|faint|p1a: Demolition","|","|switch|p1a: Slaking|Slaking, F|430/491","|-activate|p1a: Slaking|move: Sticky Web","|-unboost|p1a: Slaking|spe|1","|turn|16","|","|move|p1a: Slaking|Retaliate|p2a: Bellossom","|-damage|p2a: Bellossom|23/354","|move|p2a: Bellossom|Sleep Powder|p1a: Slaking","|-status|p1a: Slaking|slp","|","|-heal|p2a: Bellossom|45/354|[from] item: Leftovers","|turn|17","|","|cant|p1a: Slaking|slp","|move|p2a: Bellossom|Leech Seed|p1a: Slaking","|-start|p1a: Slaking|move: Leech Seed","|","|-heal|p2a: Bellossom|67/354|[from] item: Leftovers","|-damage|p1a: Slaking|369/491 slp|[from] Leech Seed|[of] p2a: Bellossom","|-heal|p2a: Bellossom|128/354|[silent]","|turn|18","|","|cant|p1a: Slaking|slp","|move|p2a: Bellossom|Infestation|p1a: Slaking","|-damage|p1a: Slaking|350/491 slp","|-activate|p1a: Slaking|move: Infestation|[of] p2a: Bellossom","|","|-heal|p2a: Bellossom|150/354|[from] item: Leftovers","|-damage|p1a: Slaking|289/491 slp|[from] Leech Seed|[of] p2a: Bellossom","|-heal|p2a: Bellossom|211/354|[silent]","|-damage|p1a: Slaking|228/491 slp|[from] move: Infestation|[partiallytrapped]","|turn|19","|","|-curestatus|p1a: Slaking|slp","|move|p1a: Slaking|Retaliate|p2a: Bellossom","|-damage|p2a: Bellossom|82/354","|move|p2a: Bellossom|Hidden Power|p1a: Slaking","|-damage|p1a: Slaking|172/491","|","|-heal|p2a: Bellossom|104/354|[from] item: Leftovers","|-damage|p1a: Slaking|111/491|[from] Leech Seed|[of] p2a: Bellossom","|-heal|p2a: Bellossom|165/354|[silent]","|-damage|p1a: Slaking|50/491|[from] move: Infestation|[partiallytrapped]","|turn|20","|","|cant|p1a: Slaking|ability: Truant|Retaliate","|move|p2a: Bellossom|Sleep Powder|p1a: Slaking","|-status|p1a: Slaking|slp","|","|-heal|p2a: Bellossom|187/354|[from] item: Leftovers","|-damage|p1a: Slaking|0 fnt|[from] Leech Seed|[of] p2a: Bellossom","|-heal|p2a: Bellossom|237/354|[silent]","|faint|p1a: Slaking","|","|switch|p1a: Cute Blob|Ditto|300/300","|-activate|p1a: Cute Blob|move: Sticky Web","|-unboost|p1a: Cute Blob|spe|1","|-transform|p1a: Cute Blob|p2a: Bellossom","|turn|21","|","|move|p1a: Cute Blob|Infestation|p2a: Bellossom","|-supereffective|p2a: Bellossom","|-damage|p2a: Bellossom|203/354","|-activate|p2a: Bellossom|move: Infestation|[of] p1a: Cute Blob","|move|p2a: Bellossom|Infestation|p1a: Cute Blob","|-supereffective|p1a: Cute Blob","|-damage|p1a: Cute Blob|268/300","|-activate|p1a: Cute Blob|move: Infestation|[of] p2a: Bellossom","|","|-heal|p2a: Bellossom|225/354|[from] item: Leftovers","|-damage|p1a: Cute Blob|231/300|[from] move: Infestation|[partiallytrapped]","|-damage|p2a: Bellossom|181/354|[from] move: Infestation|[partiallytrapped]","|turn|22","|","|move|p1a: Cute Blob|Infestation|p2a: Bellossom","|-supereffective|p2a: Bellossom","|-damage|p2a: Bellossom|149/354","|move|p2a: Bellossom|Hidden Power|p1a: Cute Blob","|-crit|p1a: Cute Blob","|-supereffective|p1a: Cute Blob","|-damage|p1a: Cute Blob|109/300","|","|-heal|p2a: Bellossom|171/354|[from] item: Leftovers","|-damage|p1a: Cute Blob|72/300|[from] move: Infestation|[partiallytrapped]","|-damage|p2a: Bellossom|127/354|[from] move: Infestation|[partiallytrapped]","|turn|23","|","|move|p1a: Cute Blob|Infestation|p2a: Bellossom","|-supereffective|p2a: Bellossom","|-damage|p2a: Bellossom|95/354","|move|p2a: Bellossom|Hidden Power|p1a: Cute Blob","|-supereffective|p1a: Cute Blob","|-damage|p1a: Cute Blob|0 fnt","|faint|p1a: Cute Blob","|","|win|Gym Ldr Mitsuka∆"],"p1rating":{"entryid":"101024","serverid":"eos","formatid":"monotype","userid":"slkingdra","username":"SL~Kingdra","w":"23","l":19,"t":"0","gxe":53.3,"r":"1538.8862805113","rd":"54.612624575499","sigma":"0","rptime":"1440493200","rpr":1525.4554743558,"rprd":52.997028419137,"rpsigma":"0","acre":1058.4889384064,"lacre":1058.4889384064,"oldacre":"1071.3472559471"},"p2rating":{"entryid":"379503","serverid":"eos","formatid":"monotype","userid":"gymldrmitsuka","username":"Gym Ldr Mitsuka∆","w":12,"l":"11","t":"0","gxe":50.7,"r":"1480.5479162543","rd":"69.536962153299","sigma":"0","rptime":"1440493200","rpr":1505.5868411641,"rprd":67.110256133961,"rpsigma":"0","acre":1225.4186477363,"lacre":1225.4186477363,"oldacre":"1209.8908453026"},"endType":"normal"}