{"seed":[9399,48236,25384,57009],"turns":30,"p1":"Emg E4 Bit","p2":"Twizz","p1team":[{"name":"Tyranitar","species":"Tyranitar","item":"tyranitarite","ability":"Sand Stream","moves":["crunch","icepunch","earthquake","dragondance"],"nature":"Jolly","evs":{"hp":0,"atk":252,"def":0,"spa":0,"spd":4,"spe":252},"ivs":{"hp":31,"atk":31,"def":31,"spa":31,"spd":31,"spe":31}},{"name":"Unkillable","species":"rhyperior","item":"weaknesspolicy","ability":"Solid Rock","moves":["stoneedge","earthquake","firepunch","icepunch"],"nature":"Impish","evs":{"hp":252,"atk":4,"def":252,"spa":0,"spd":0,"spe":0},"ivs":{"hp":31,"atk":31,"def":31,"spa":31,"spd":31,"spe":31}},{"name":"Smash Hit","species":"omastar","item":"focussash","ability":"Weak Armor","moves":["surf","icebeam","hiddenpowergrass","shellsmash"],"nature":"Timid","evs":{"hp":0,"atk":0,"def":4,"spa":252,"spd":0,"spe":252},"ivs":{"hp":31,"atk":30,"def":31,"spa":30,"spd":31,"spe":31}},{"name":"Last Thing You See","species":"terrakion","item":"choiceband","ability":"Justified","moves":["stoneedge","closecombat","earthquake","quickattack"],"nature":"Jolly","evs":{"hp":0,"atk":252,"def":4,"spa":0,"spd":0,"spe":252},"ivs":{"hp":31,"atk":31,"def":31,"spa":31,"spd":31,"spe":31}},{"name":"Thirsty","species":"cradily","item":"leftovers","ability":"Storm Drain","moves":["gigadrain","toxic","recover","mirrorcoat"],"nature":"Calm","evs":{"hp":252,"atk":0,"def":32,"spa":0,"spd":224,"spe":0},"ivs":{"hp":31,"atk":31,"def":31,"spa":31,"spd":31,"spe":31}},{"name":"Nightmare","species":"shuckle","item":"mentalherb","ability":"Sturdy","moves":["stickyweb","stealthrock","encore","toxic"],"nature":"Relaxed","evs":{"hp":252,"atk":0,"def":156,"spa":0,"spd":100,"spe":0},"ivs":{"hp":31,"atk":31,"def":31,"spa":31,"spd":31,"spe":0}}],"p2team":[{"name":"0.F.U","species":"magnezone","item":"leftovers","ability":"Sturdy","moves":["flashcannon","thunderbolt","protect","hiddenpowerice"],"nature":"Modest","evs":{"hp":76,"atk":0,"def":180,"spa":252,"spd":0,"spe":0},"ivs":{"hp":31,"atk":30,"def":30,"spa":31,"spd":31,"spe":31}},{"name":"Nope","species":"zapdos","item":"leftovers","ability":"Pressure","moves":["discharge","heatwave","toxic","roost"],"nature":"Bold","evs":{"hp":4,"atk":0,"def":252,"spa":56,"spd":196,"spe":0},"ivs":{"hp":31,"atk":31,"def":31,"spa":31,"spd":31,"spe":31}},{"name":"Amphabulous","species":"ampharos","item":"ampharosite","ability":"Static","moves":["cottonguard","rest","sleeptalk","dragonpulse"],"nature":"Bold","evs":{"hp":0,"atk":0,"def":252,"spa":136,"spd":120,"spe":0},"ivs":{"hp":31,"atk":31,"def":31,"spa":31,"spd":31,"spe":31}},{"name":"Raikou","species":"Raikou","item":"leftovers","ability":"Pressure","moves":["calmmind","substitute","thunderbolt","extrasensory"],"nature":"Timid","evs":{"hp":0,"atk":0,"def":0,"spa":252,"spd":4,"spe":252},"ivs":{"hp":31,"atk":30,"def":30,"spa":31,"spd":31,"spe":31}},{"name":"Fuck you","species":"rotomwash","item":"choicescarf","ability":"Levitate","moves":["voltswitch","hydropump","willowisp","trick"],"nature":"Timid","evs":{"hp":0,"atk":0,"def":0,"spa":252,"spd":4,"spe":252},"ivs":{"hp":31,"atk":31,"def":31,"spa":31,"spd":31,"spe":31}},{"name":"Thundurus","species":"Thundurus","item":"lifeorb","ability":"Prankster","moves":["thunderwave","thunderbolt","uturn","psychic"],"nature":"Serious","evs":{"hp":4,"atk":96,"def":0,"spa":156,"spd":0,"spe":252},"ivs":{"hp":31,"atk":31,"def":31,"spa":31,"spd":31,"spe":31}}],"log":["|player|p1|Emg E4 Bit|154","|player|p2|Twizz|264","|gametype|singles","|gen|6","|tier|Monotype","|rated","|rule|Baton Pass Clause: Limit one Baton Passer, can't pass Spe and other stats simultaneously","|rule|Swagger Clause: Swagger is banned","|rule|Same Type Clause: Pokémon in a team must share a type","|clearpoke","|poke|p1|Tyranitar, F","|poke|p1|Rhyperior, F","|poke|p1|Omastar, M","|poke|p1|Terrakion","|poke|p1|Cradily, F","|poke|p1|Shuckle, F","|poke|p2|Magnezone","|poke|p2|Zapdos","|poke|p2|Ampharos, M","|poke|p2|Raikou","|poke|p2|Rotom-Wash","|poke|p2|Thundurus, M","|rule|Sleep Clause Mod: Limit one foe put to sleep","|rule|Species Clause: Limit one of each Pokémon","|rule|OHKO Clause: OHKO moves are banned","|rule|Moody Clause: Moody is banned","|rule|Evasion Moves Clause: Evasion moves are banned","|rule|Endless Battle Clause: Forcing endless battles is banned","|rule|HP Percentage Mod: HP is shown in percentages","|teampreview","|","|start","|switch|p1a: Thirsty|Cradily, F|376/376","|switch|p2a: Fuck you|Rotom-Wash|241/241","|turn|1","|","|move|p2a: Fuck you|Volt Switch|p1a: Thirsty","|-resisted|p1a: Thirsty","|-damage|p1a: Thirsty|337/376","|","|switch|p2a: 0.F.U|Magnezone|300/300","|move|p1a: Thirsty|Toxic|p2a: 0.F.U","|-immune|p2a: 0.F.U|[msg]","|","|-heal|p1a: Thirsty|360/376|[from] item: Leftovers","|turn|2","|","|move|p2a: 0.F.U|Flash Cannon|p1a: Thirsty","|-supereffective|p1a: Thirsty","|-damage|p1a: Thirsty|120/376","|move|p1a: Thirsty|Mirror Coat|p2a: 0.F.U","|-ability|p2a: 0.F.U|Sturdy","|-damage|p2a: 0.F.U|1/300","|","|-heal|p2a: 0.F.U|19/300|[from] item: Leftovers","|-heal|p1a: Thirsty|143/376|[from] item: Leftovers","|turn|3","|","|switch|p1a: Tyranitar|Tyranitar, F|341/341","|-weather|Sandstorm","|move|p2a: 0.F.U|Flash Cannon|p1a: Tyranitar","|-supereffective|p1a: Tyranitar","|-damage|p1a: Tyranitar|149/341","|","|-weather|Sandstorm|[upkeep]","|-heal|p2a: 0.F.U|37/300|[from] item: Leftovers","|turn|4","|","|detailschange|p1a: Tyranitar|Tyranitar-Mega, F","|-mega|p1a: Tyranitar|Tyranitar|Tyranitarite","|move|p2a: 0.F.U|Protect|p2a: 0.F.U","|-singleturn|p2a: 0.F.U|Protect","|move|p1a: Tyranitar|Crunch|p2a: 0.F.U","|-activate|p2a: 0.F.U|Protect","|","|-weather|Sandstorm|[upkeep]","|-heal|p2a: 0.F.U|55/300|[from] item: Leftovers","|turn|5","|","|move|p1a: Tyranitar|Crunch|p2a: 0.F.U","|-damage|p2a: 0.F.U|0 fnt","|faint|p2a: 0.F.U","|","|-weather|Sandstorm|[upkeep]","|","|switch|p2a: Thundurus|Thundurus, M|300/300","|turn|6","|","|move|p2a: Thundurus|U-turn|p1a: Tyranitar","|-supereffective|p1a: Tyranitar","|-damage|p1a: Tyranitar|32/341","|-damage|p2a: Thundurus|270/300|[from] item: Life Orb","|","|switch|p2a: Amphabulous|Ampharos, M|321/321","|move|p1a: Tyranitar|Ice Punch|p2a: Amphabulous","|-damage|p2a: Amphabulous|230/321","|","|-weather|Sandstorm|[upkeep]","|-damage|p2a: Amphabulous|210/321|[from] sandstorm","|turn|7","|","|switch|p2a: Fuck you|Rotom-Wash|241/241","|move|p1a: Tyranitar|Earthquake|p2a: Fuck you","|-immune|p2a: Fuck you|[msg]","|","|-weather|none","|turn|8","|","|switch|p1a: Thirsty|Cradily, F|143/376","|move|p2a: Fuck you|Volt Switch|p1a: Thirsty","|-resisted|p1a: Thirsty","|-damage|p1a: Thirsty|104/376","|","|switch|p2a: Thundurus|Thundurus, M|270/300","|","|-heal|p1a: Thirsty|127/376|[from] item: Leftovers","|turn|9","|","|switch|p1a: Tyranitar|Tyranitar-Mega, F|32/341","|-weather|Sandstorm","|move|p2a: Thundurus|U-turn|p1a: Tyranitar","|-supereffective|p1a: Tyranitar","|-damage|p1a: Tyranitar|0 fnt","|-damage|p2a: Thundurus|240/300|[from] item: Life Orb","|faint|p1a: Tyranitar","|","|switch|p2a: Fuck you|Rotom-Wash|241/241","|","|-weather|Sandstorm|[upkeep]","|-damage|p2a: Fuck you|226/241|[from] sandstorm","|","|switch|p1a: Nightmare|Shuckle, F|244/244","|turn|10","|","|move|p2a: Fuck you|Trick|p1a: Nightmare","|-activate|p2a: Fuck you|move: Trick|[of] p1a: Nightmare","|-item|p1a: Nightmare|Choice Scarf|[from] move: Trick","|-item|p2a: Fuck you|Mental Herb|[from] move: Trick","|move|p1a: Nightmare|Stealth Rock|p2a: Fuck you","|-sidestart|p2: Twizz|move: Stealth Rock","|","|-weather|Sandstorm|[upkeep]","|-damage|p2a: Fuck you|211/241|[from] sandstorm","|turn|11","|","|switch|p1a: Unkillable|Rhyperior, F|434/434","|move|p2a: Fuck you|Will-O-Wisp|p1a: Unkillable|[miss]","|-miss|p2a: Fuck you|p1a: Unkillable","|","|-weather|Sandstorm|[upkeep]","|-damage|p2a: Fuck you|196/241|[from] sandstorm","|turn|12","|","|switch|p1a: Nightmare|Shuckle, F|244/244","|move|p2a: Fuck you|Hydro Pump|p1a: Nightmare","|-supereffective|p1a: Nightmare","|-damage|p1a: Nightmare|130/244","|","|-weather|Sandstorm|[upkeep]","|-damage|p2a: Fuck you|181/241|[from] sandstorm","|turn|13","|","|switch|p2a: Raikou|Raikou|321/321","|-damage|p2a: Raikou|281/321|[from] Stealth Rock","|-ability|p2a: Raikou|Pressure","|move|p1a: Nightmare|Toxic|p2a: Raikou","|-status|p2a: Raikou|tox","|","|-weather|none","|-heal|p2a: Raikou|301/321 tox|[from] item: Leftovers","|-damage|p2a: Raikou|281/321 tox|[from] psn","|turn|14","|","|move|p2a: Raikou|Calm Mind|p2a: Raikou","|-boost|p2a: Raikou|spa|1","|-boost|p2a: Raikou|spd|1","|move|p1a: Nightmare|Toxic|p2a: Raikou","|-fail|p2a: Raikou|tox","|","|-heal|p2a: Raikou|301/321 tox|[from] item: Leftovers","|-damage|p2a: Raikou|261/321 tox|[from] psn","|turn|15","|","|switch|p1a: Thirsty|Cradily, F|127/376","|move|p2a: Raikou|Thunderbolt|p1a: Thirsty","|-resisted|p1a: Thirsty","|-damage|p1a: Thirsty|55/376","|-status|p1a: Thirsty|par","|","|-heal|p2a: Raikou|281/321 tox|[from] item: Leftovers","|-heal|p1a: Thirsty|78/376 par|[from] item: Leftovers","|-damage|p2a: Raikou|221/321 tox|[from] psn","|turn|16","|","|move|p2a: Raikou|Extrasensory|p1a: Thirsty","|-damage|p1a: Thirsty|0 fnt","|faint|p1a: Thirsty","|","|-heal|p2a: Raikou|241/321 tox|[from] item: Leftovers","|-damage|p2a: Raikou|161/321 tox|[from] psn","|","|switch|p1a: Smash Hit|Omastar, M|281/281","|turn|17","|","|move|p2a: Raikou|Substitute|p2a: Raikou","|-start|p2a: Raikou|Substitute","|-damage|p2a: Raikou|81/321 tox","|move|p1a: Smash Hit|Shell Smash|p1a: Smash Hit","|-unboost|p1a: Smash Hit|def|1","|-unboost|p1a: Smash Hit|spd|1","|-boost|p1a: Smash Hit|atk|2","|-boost|p1a: Smash Hit|spa|2","|-boost|p1a: Smash Hit|spe|2","|","|-heal|p2a: Raikou|101/321 tox|[from] item: Leftovers","|-damage|p2a: Raikou|1/321 tox|[from] psn","|turn|18","|","|move|p1a: Smash Hit|Shell Smash|p1a: Smash Hit","|-unboost|p1a: Smash Hit|def|1","|-unboost|p1a: Smash Hit|spd|1","|-boost|p1a: Smash Hit|atk|2","|-boost|p1a: Smash Hit|spa|2","|-boost|p1a: Smash Hit|spe|2","|move|p2a: Raikou|Thunderbolt|p1a: Smash Hit","|-supereffective|p1a: Smash Hit","|-enditem|p1a: Smash Hit|Focus Sash","|-damage|p1a: Smash Hit|1/281","|","|-heal|p2a: Raikou|21/321 tox|[from] item: Leftovers","|-damage|p2a: Raikou|0 fnt|[from] psn","|faint|p2a: Raikou","|","|switch|p2a: Thundurus|Thundurus, M|240/300","|-damage|p2a: Thundurus|165/300|[from] Stealth Rock","|turn|19","|","|move|p2a: Thundurus|Thunder Wave|p1a: Smash Hit","|-status|p1a: Smash Hit|par","|cant|p1a: Smash Hit|par","|","|turn|20","|","|move|p2a: Thundurus|U-turn|p1a: Smash Hit","|-damage|p1a: Smash Hit|0 fnt","|-damage|p2a: Thundurus|135/300|[from] item: Life Orb","|faint|p1a: Smash Hit","|","|switch|p2a: Fuck you|Rotom-Wash|181/241","|-damage|p2a: Fuck you|151/241|[from] Stealth Rock","|","|","|switch|p1a: Last Thing You See|Terrakion|323/323","|turn|21","|","|switch|p2a: Nope|Zapdos|322/322","|-damage|p2a: Nope|242/322|[from] Stealth Rock","|-ability|p2a: Nope|Pressure","|move|p1a: Last Thing You See|Close Combat|p2a: Nope","|-resisted|p2a: Nope","|-damage|p2a: Nope|125/322","|-unboost|p1a: Last Thing You See|def|1","|-unboost|p1a: Last Thing You See|spd|1","|","|-heal|p2a: Nope|145/322|[from] item: Leftovers","|turn|22","|","|switch|p1a: Nightmare|Shuckle, F|130/244","|move|p2a: Nope|Roost|p2a: Nope","|-heal|p2a: Nope|306/322","|","|-heal|p2a: Nope|322/322|[from] item: Leftovers","|turn|23","|","|switch|p2a: Fuck you|Rotom-Wash|151/241","|-damage|p2a: Fuck you|121/241|[from] Stealth Rock","|move|p1a: Nightmare|Toxic|p2a: Fuck you","|-status|p2a: Fuck you|tox","|","|-damage|p2a: Fuck you|106/241 tox|[from] psn","|turn|24","|","|move|p2a: Fuck you|Hydro Pump|p1a: Nightmare","|-supereffective|p1a: Nightmare","|-damage|p1a: Nightmare|0 fnt","|faint|p1a: Nightmare","|","|-damage|p2a: Fuck you|76/241 tox|[from] psn","|","|switch|p1a: Last Thing You See|Terrakion|323/323","|turn|25","|","|move|p1a: Last Thing You See|Close Combat|p2a: Fuck you","|-crit|p2a: Fuck you","|-damage|p2a: Fuck you|0 fnt","|-unboost|p1a: Last Thing You See|def|1","|-unboost|p1a: Last Thing You See|spd|1","|faint|p2a: Fuck you","|","|","|switch|p2a: Thundurus|Thundurus, M|135/300","|-damage|p2a: Thundurus|60/300|[from] Stealth Rock","|turn|26","|","|switch|p1a: Unkillable|Rhyperior, F|434/434","|move|p2a: Thundurus|U-turn|p1a: Unkillable","|-damage|p1a: Unkillable|385/434","|-damage|p2a: Thundurus|30/300|[from] item: Life Orb","|","|switch|p2a: Nope|Zapdos|322/322","|-damage|p2a: Nope|242/322|[from] Stealth Rock","|-ability|p2a: Nope|Pressure","|","|-heal|p2a: Nope|262/322|[from] item: Leftovers","|turn|27","|","|switch|p1a: Last Thing You See|Terrakion|323/323","|move|p2a: Nope|Toxic|p1a: Last Thing You See|[miss]","|-miss|p2a: Nope|p1a: Last Thing You See","|","|-heal|p2a: Nope|282/322|[from] item: Leftovers","|turn|28","|","|switch|p2a: Thundurus|Thundurus, M|30/300","|-damage|p2a: Thundurus|0 fnt|[from] Stealth Rock","|faint|p2a: Thundurus","|move|p1a: Last Thing You See|Stone Edge|p2: Thundurus|[notarget]","|-notarget","|","|","|switch|p2a: Amphabulous|Ampharos, M|210/321","|-damage|p2a: Amphabulous|170/321|[from] Stealth Rock","|turn|29","|","|detailschange|p2a: Amphabulous|Ampharos-Mega, M","|-mega|p2a: Amphabulous|Ampharos|Ampharosite","|-ability|p2a: Amphabulous|Mold Breaker","|move|p1a: Last Thing You See|Stone Edge|p2a: Amphabulous","|-damage|p2a: Amphabulous|0 fnt","|faint|p2a: Amphabulous","|","|","|switch|p2a: Nope|Zapdos|282/322","|-damage|p2a: Nope|202/322|[from] Stealth Rock","|-ability|p2a: Nope|Pressure","|turn|30","|","|move|p1a: Last Thing You See|Stone Edge|p2a: Nope","|-supereffective|p2a: Nope","|-damage|p2a: Nope|0 fnt","|faint|p2a: Nope","|","|win|Emg E4 Bit"],"p1rating":{"entryid":"86213","serverid":"eos","formatid":"monotype","userid":"emge4bit","username":"Emg E4 Bit","w":13,"l":"7","t":"0","gxe":57,"r":"1581.7555251388","rd":"80.811086221359","sigma":"0","rptime":"1440493200","rpr":1554.1292790727,"rprd":72.218718264046,"rpsigma":"0","acre":1142.792789934,"lacre":1142.792789934,"oldacre":"1117.3412390544"},"p2rating":{"entryid":"66045","serverid":"eos","formatid":"monotype","userid":"twizz","username":"Twizz","w":"17","l":12,"t":"0","gxe":53.3,"r":"1556.7516194202","rd":"68.350300331058","sigma":"0","rptime":"1440493200","rpr":1525.1968451177,"rprd":62.413904376267,"rpsigma":"0","acre":1098.1657645003,"lacre":1098.1657645003,"oldacre":"1123.6173153799"},"endType":"normal"}