{"seed":[37055,55915,38886,38156],"turns":22,"p1":"Emg E4 Bit","p2":"GTX♅WillWolf","p1team":[{"name":"Tyranitar","species":"Tyranitar","item":"tyranitarite","ability":"Sand Stream","moves":["crunch","icepunch","earthquake","dragondance"],"nature":"Jolly","evs":{"hp":0,"atk":252,"def":0,"spa":0,"spd":4,"spe":252},"ivs":{"hp":31,"atk":31,"def":31,"spa":31,"spd":31,"spe":31}},{"name":"Unkillable","species":"rhyperior","item":"weaknesspolicy","ability":"Solid Rock","moves":["stoneedge","earthquake","firepunch","icepunch"],"nature":"Impish","evs":{"hp":252,"atk":4,"def":252,"spa":0,"spd":0,"spe":0},"ivs":{"hp":31,"atk":31,"def":31,"spa":31,"spd":31,"spe":31}},{"name":"Smash Hit","species":"omastar","item":"focussash","ability":"Weak Armor","moves":["surf","icebeam","hiddenpowergrass","shellsmash"],"nature":"Timid","evs":{"hp":0,"atk":0,"def":4,"spa":252,"spd":0,"spe":252},"ivs":{"hp":31,"atk":30,"def":31,"spa":30,"spd":31,"spe":31}},{"name":"Last Thing You See","species":"terrakion","item":"choiceband","ability":"Justified","moves":["stoneedge","closecombat","earthquake","quickattack"],"nature":"Jolly","evs":{"hp":0,"atk":252,"def":4,"spa":0,"spd":0,"spe":252},"ivs":{"hp":31,"atk":31,"def":31,"spa":31,"spd":31,"spe":31}},{"name":"Thirsty","species":"cradily","item":"leftovers","ability":"Storm Drain","moves":["gigadrain","toxic","recover","mirrorcoat"],"nature":"Calm","evs":{"hp":252,"atk":0,"def":32,"spa":0,"spd":224,"spe":0},"ivs":{"hp":31,"atk":31,"def":31,"spa":31,"spd":31,"spe":31}},{"name":"Nightmare","species":"shuckle","item":"mentalherb","ability":"Sturdy","moves":["stickyweb","stealthrock","encore","toxic"],"nature":"Relaxed","evs":{"hp":252,"atk":0,"def":156,"spa":0,"spd":100,"spe":0},"ivs":{"hp":31,"atk":31,"def":31,"spa":31,"spd":31,"spe":0}}],"p2team":[{"name":"Breloom","species":"Breloom","item":"focussash","ability":"Technician","moves":["spore","bulletseed","machpunch","wakeupslap"],"nature":"Adamant","evs":{"hp":0,"atk":252,"def":0,"spa":0,"spd":4,"spe":252},"ivs":{"hp":31,"atk":31,"def":31,"spa":31,"spd":31,"spe":31}},{"name":"Celebi","species":"Celebi","item":"leftovers","ability":"Natural Cure","moves":["nastyplot","batonpass","gigadrain","earthpower"],"nature":"Modest","evs":{"hp":220,"atk":0,"def":0,"spa":252,"spd":0,"spe":36},"ivs":{"hp":31,"atk":31,"def":31,"spa":31,"spd":31,"spe":31}},{"name":"Ferrothorn","species":"Ferrothorn","item":"leftovers","ability":"Iron Barbs","moves":["leechseed","gyroball","stealthrock","protect"],"nature":"Relaxed","evs":{"hp":252,"atk":4,"def":252,"spa":0,"spd":0,"spe":0},"ivs":{"hp":31,"atk":31,"def":31,"spa":31,"spd":31,"spe":0}},{"name":"Serperior","species":"Serperior","item":"lifeorb","ability":"Contrary","moves":["leafstorm","dragonpulse","gigadrain","hiddenpowerfire"],"nature":"Timid","evs":{"hp":0,"atk":0,"def":0,"spa":252,"spd":4,"spe":252},"ivs":{"hp":31,"atk":30,"def":31,"spa":30,"spd":31,"spe":30}},{"name":"Sceptile","species":"Sceptile","item":"sceptilite","ability":"Overgrow","moves":["focusblast","hiddenpowerrock","energyball","synthesis"],"nature":"Timid","evs":{"hp":0,"atk":0,"def":0,"spa":252,"spd":4,"spe":252},"ivs":{"hp":31,"atk":31,"def":30,"spa":31,"spd":30,"spe":30}},{"name":"Shaymin","species":"Shaymin","item":"choicescarf","ability":"Natural Cure","moves":["earthpower","seedflare","hiddenpowerfire","dazzlinggleam"],"nature":"Timid","evs":{"hp":0,"atk":0,"def":0,"spa":252,"spd":4,"spe":252},"ivs":{"hp":31,"atk":30,"def":31,"spa":30,"spd":31,"spe":30}}],"log":["|player|p1|Emg E4 Bit|154","|player|p2|GTX♅WillWolf|54","|gametype|singles","|gen|6","|tier|Monotype","|rated","|rule|Baton Pass Clause: Limit one Baton Passer, can't pass Spe and other stats simultaneously","|rule|Swagger Clause: Swagger is banned","|rule|Same Type Clause: Pokémon in a team must share a type","|clearpoke","|poke|p1|Tyranitar, F","|poke|p1|Rhyperior, F","|poke|p1|Omastar, F","|poke|p1|Terrakion","|poke|p1|Cradily, M","|poke|p1|Shuckle, M","|poke|p2|Breloom, M","|poke|p2|Celebi","|poke|p2|Ferrothorn, M","|poke|p2|Serperior, M","|poke|p2|Sceptile, F","|poke|p2|Shaymin","|rule|Sleep Clause Mod: Limit one foe put to sleep","|rule|Species Clause: Limit one of each Pokémon","|rule|OHKO Clause: OHKO moves are banned","|rule|Moody Clause: Moody is banned","|rule|Evasion Moves Clause: Evasion moves are banned","|rule|Endless Battle Clause: Forcing endless battles is banned","|rule|HP Percentage Mod: HP is shown in percentages","|teampreview","|","|start","|switch|p1a: Last Thing You See|Terrakion|323/323","|switch|p2a: Breloom|Breloom, M|261/261","|turn|1","|","|switch|p1a: Nightmare|Shuckle, M|244/244","|move|p2a: Breloom|Spore|p1a: Nightmare","|-status|p1a: Nightmare|slp","|","|turn|2","|","|switch|p2a: Celebi|Celebi|396/396","|cant|p1a: Nightmare|slp","|","|turn|3","|","|switch|p1a: Tyranitar|Tyranitar, F|341/341","|-weather|Sandstorm","|move|p2a: Celebi|Nasty Plot|p2a: Celebi","|-boost|p2a: Celebi|spa|2","|","|-weather|Sandstorm|[upkeep]","|-damage|p2a: Celebi|372/396|[from] sandstorm","|-heal|p2a: Celebi|396/396|[from] item: Leftovers","|turn|4","|","|detailschange|p1a: Tyranitar|Tyranitar-Mega, F","|-mega|p1a: Tyranitar|Tyranitar|Tyranitarite","|move|p2a: Celebi|Baton Pass|p2a: Celebi","|","|switch|p2a: Shaymin|Shaymin|341/341","|move|p1a: Tyranitar|Crunch|p2a: Shaymin","|-damage|p2a: Shaymin|178/341","|","|-weather|Sandstorm|[upkeep]","|-damage|p2a: Shaymin|157/341|[from] sandstorm","|turn|5","|","|switch|p1a: Nightmare|Shuckle, M|244/244 slp","|move|p2a: Shaymin|Seed Flare|p1a: Nightmare","|-damage|p1a: Nightmare|144/244 slp","|","|-weather|Sandstorm|[upkeep]","|-damage|p2a: Shaymin|136/341|[from] sandstorm","|turn|6","|","|move|p2a: Shaymin|Seed Flare|p1a: Nightmare|[miss]","|-miss|p2a: Shaymin|p1a: Nightmare","|cant|p1a: Nightmare|slp","|","|-weather|Sandstorm|[upkeep]","|-damage|p2a: Shaymin|115/341|[from] sandstorm","|turn|7","|","|move|p2a: Shaymin|Seed Flare|p1a: Nightmare","|-damage|p1a: Nightmare|39/244 slp","|cant|p1a: Nightmare|slp","|","|-weather|none","|turn|8","|","|move|p2a: Shaymin|Seed Flare|p1a: Nightmare","|-damage|p1a: Nightmare|0 fnt","|faint|p1a: Nightmare","|","|","|switch|p1a: Last Thing You See|Terrakion|323/323","|turn|9","|","|move|p2a: Shaymin|Seed Flare|p1a: Last Thing You See","|-supereffective|p1a: Last Thing You See","|-damage|p1a: Last Thing You See|0 fnt","|faint|p1a: Last Thing You See","|","|","|switch|p1a: Thirsty|Cradily, M|376/376","|turn|10","|","|move|p2a: Shaymin|Seed Flare|p1a: Thirsty","|-damage|p1a: Thirsty|132/376","|-unboost|p1a: Thirsty|spd|2","|move|p1a: Thirsty|Mirror Coat|p2a: Shaymin","|-damage|p2a: Shaymin|0 fnt","|faint|p2a: Shaymin","|","|-heal|p1a: Thirsty|155/376|[from] item: Leftovers","|","|switch|p2a: Breloom|Breloom, M|261/261","|turn|11","|","|move|p2a: Breloom|Wake-Up Slap|p1a: Thirsty","|-supereffective|p1a: Thirsty","|-damage|p1a: Thirsty|0 fnt","|faint|p1a: Thirsty","|","|","|switch|p1a: Tyranitar|Tyranitar-Mega, F|341/341","|-weather|Sandstorm","|turn|12","|","|switch|p1a: Unkillable|Rhyperior, F|434/434","|move|p2a: Breloom|Wake-Up Slap|p1a: Unkillable","|-supereffective|p1a: Unkillable","|-damage|p1a: Unkillable|311/434","|-enditem|p1a: Unkillable|Weakness Policy","|-boost|p1a: Unkillable|atk|2|[from] item: Weakness Policy","|-boost|p1a: Unkillable|spa|2|[from] item: Weakness Policy","|","|-weather|Sandstorm|[upkeep]","|-damage|p2a: Breloom|245/261|[from] sandstorm","|turn|13","|","|move|p2a: Breloom|Spore|p1a: Unkillable","|-status|p1a: Unkillable|slp","|cant|p1a: Unkillable|slp","|","|-weather|Sandstorm|[upkeep]","|-damage|p2a: Breloom|229/261|[from] sandstorm","|turn|14","|","|move|p2a: Breloom|Bullet Seed|p1a: Unkillable","|-crit|p1a: Unkillable","|-supereffective|p1a: Unkillable","|-damage|p1a: Unkillable|104/434 slp","|-supereffective|p1a: Unkillable","|-damage|p1a: Unkillable|0 fnt","|-hitcount|p1a: Unkillable|2","|faint|p1a: Unkillable","|","|-weather|Sandstorm|[upkeep]","|-damage|p2a: Breloom|213/261|[from] sandstorm","|","|switch|p1a: Tyranitar|Tyranitar-Mega, F|341/341","|turn|15","|","|move|p1a: Tyranitar|Ice Punch|p2a: Breloom","|-supereffective|p2a: Breloom","|-damage|p2a: Breloom|0 fnt","|faint|p2a: Breloom","|","|-weather|Sandstorm|[upkeep]","|","|switch|p2a: Ferrothorn|Ferrothorn, M|352/352","|turn|16","|","|move|p1a: Tyranitar|Crunch|p2a: Ferrothorn","|-damage|p2a: Ferrothorn|252/352","|-damage|p1a: Tyranitar|299/341|[from] ability: Iron Barbs|[of] p2a: Ferrothorn","|-unboost|p2a: Ferrothorn|def|1","|move|p2a: Ferrothorn|Leech Seed|p1a: Tyranitar","|-start|p1a: Tyranitar|move: Leech Seed","|","|-weather|none","|-heal|p2a: Ferrothorn|274/352|[from] item: Leftovers","|-damage|p1a: Tyranitar|257/341|[from] Leech Seed|[of] p2a: Ferrothorn","|-heal|p2a: Ferrothorn|316/352|[silent]","|turn|17","|","|switch|p1a: Smash Hit|Omastar, F|281/281","|switch|p2a: Serperior|Serperior, M|291/291","|","|turn|18","|","|move|p2a: Serperior|Leaf Storm|p1a: Smash Hit","|-supereffective|p1a: Smash Hit","|-enditem|p1a: Smash Hit|Focus Sash","|-damage|p1a: Smash Hit|1/281","|-boost|p2a: Serperior|spa|2","|-damage|p2a: Serperior|262/291|[from] item: Life Orb","|move|p1a: Smash Hit|Shell Smash|p1a: Smash Hit","|-unboost|p1a: Smash Hit|def|1","|-unboost|p1a: Smash Hit|spd|1","|-boost|p1a: Smash Hit|atk|2","|-boost|p1a: Smash Hit|spa|2","|-boost|p1a: Smash Hit|spe|2","|","|turn|19","|","|move|p1a: Smash Hit|Ice Beam|p2a: Serperior","|-supereffective|p2a: Serperior","|-damage|p2a: Serperior|0 fnt","|faint|p2a: Serperior","|","|","|switch|p2a: Ferrothorn|Ferrothorn, M|316/352","|turn|20","|","|move|p2a: Ferrothorn|Protect|p2a: Ferrothorn","|-singleturn|p2a: Ferrothorn|Protect","|move|p1a: Smash Hit|Ice Beam|p2a: Ferrothorn","|-activate|p2a: Ferrothorn|Protect","|","|-heal|p2a: Ferrothorn|338/352|[from] item: Leftovers","|turn|21","|","|move|p1a: Smash Hit|Ice Beam|p2a: Ferrothorn","|-damage|p2a: Ferrothorn|176/352","|move|p2a: Ferrothorn|Gyro Ball|p1a: Smash Hit","|-damage|p1a: Smash Hit|0 fnt","|faint|p1a: Smash Hit","|","|-heal|p2a: Ferrothorn|198/352|[from] item: Leftovers","|","|switch|p1a: Tyranitar|Tyranitar-Mega, F|257/341","|-weather|Sandstorm","|turn|22","|","|move|p1a: Tyranitar|Ice Punch|p2a: Ferrothorn","|-damage|p2a: Ferrothorn|130/352","|-damage|p1a: Tyranitar|215/341|[from] ability: Iron Barbs|[of] p2a: Ferrothorn","|move|p2a: Ferrothorn|Gyro Ball|p1a: Tyranitar","|-supereffective|p1a: Tyranitar","|-damage|p1a: Tyranitar|0 fnt","|faint|p1a: Tyranitar","|","|win|GTX♅WillWolf"],"p1rating":{"entryid":"86213","serverid":"eos","formatid":"monotype","userid":"emge4bit","username":"Emg E4 Bit","w":"11","l":6,"t":"0","gxe":56.1,"r":"1581.7555251388","rd":"80.811086221359","sigma":"0","rptime":"1440493200","rpr":1547.3068512738,"rprd":76.333870465613,"rpsigma":"0","acre":1134.2058679232,"lacre":1134.2058679232,"oldacre":"1166.0251366419"},"p2rating":{"entryid":"444424","serverid":"eos","formatid":"monotype","userid":"gtxwillwolf","username":"GTX♅WillWolf","w":4,"l":"5","t":"0","gxe":47.9,"r":"1500","rd":"130","sigma":"0","rptime":"1440493200","rpr":1483.5639384264,"rprd":89.282525235482,"rpsigma":"0","acre":1106.5706560949,"lacre":1106.5706560949,"oldacre":"1068.7935980374"},"endType":"normal"}