{"seed":[45457,48925,42623,33896],"turns":32,"p1":"Apex✦Emil","p2":"Fluffy Coconuts","p1team":[{"name":"Scizor","species":"Scizor","item":"scizorite","ability":"Technician","moves":["swordsdance","bulletpunch","superpower","roost"],"nature":"Adamant","evs":{"hp":4,"atk":252,"def":0,"spa":0,"spd":252,"spe":0},"gender":"M","ivs":{"hp":31,"atk":31,"def":31,"spa":31,"spd":31,"spe":31}},{"name":"Bisharp","species":"Bisharp","item":"focussash","ability":"Inner Focus","moves":["metalburst","protect","swordsdance","suckerpunch"],"nature":"Adamant","evs":{"hp":16,"atk":252,"def":0,"spa":0,"spd":240,"spe":0},"gender":"M","shiny":true,"ivs":{"hp":31,"atk":31,"def":31,"spa":31,"spd":31,"spe":31}},{"name":"Heatran","species":"Heatran","item":"airballoon","ability":"Flash Fire","moves":["earthpower","lavaplume","toxic","rest"],"nature":"Modest","evs":{"hp":252,"atk":0,"def":4,"spa":252,"spd":0,"spe":0},"gender":"F","shiny":true,"ivs":{"hp":31,"atk":31,"def":31,"spa":31,"spd":31,"spe":31}},{"name":"Excadrill","species":"Excadrill","item":"lifeorb","ability":"Sand Rush","moves":["ironhead","earthquake","rapidspin","rockslide"],"nature":"Jolly","evs":{"hp":0,"atk":252,"def":4,"spa":0,"spd":0,"spe":252},"gender":"M","shiny":true,"ivs":{"hp":31,"atk":31,"def":31,"spa":31,"spd":31,"spe":31}},{"name":"Skarmory","species":"Skarmory","item":"leftovers","ability":"Sturdy","moves":["stealthrock","whirlwind","roost","bravebird"],"nature":"Careful","evs":{"hp":252,"atk":4,"def":0,"spa":0,"spd":252,"spe":0},"gender":"F","ivs":{"hp":31,"atk":31,"def":31,"spa":31,"spd":31,"spe":31}},{"name":"Jirachi","species":"Jirachi","item":"choicescarf","ability":"Serene Grace","moves":["trick","ironhead","bodyslam","ancientpower"],"nature":"Jolly","evs":{"hp":4,"atk":252,"def":0,"spa":0,"spd":0,"spe":252},"shiny":true,"ivs":{"hp":31,"atk":31,"def":31,"spa":31,"spd":31,"spe":31}}],"p2team":[{"name":"Kaiju","species":"nidoking","item":"lifeorb","ability":"Sheer Force","moves":["flamethrower","sludgewave","earthpower","icebeam"],"nature":"Timid","evs":{"hp":6,"atk":0,"def":0,"spa":252,"spd":0,"spe":252},"shiny":true,"ivs":{"hp":31,"atk":31,"def":31,"spa":31,"spd":31,"spe":31}},{"name":"SafteyShark","species":"garchomp","item":"choicescarf","ability":"Sand Veil","moves":["earthquake","fireblast","stoneedge","outrage"],"nature":"Naive","evs":{"hp":0,"atk":252,"def":0,"spa":6,"spd":0,"spe":252},"gender":"M","shiny":true,"ivs":{"hp":31,"atk":31,"def":31,"spa":31,"spd":31,"spe":31}},{"name":"Gloria","species":"hippowdon","item":"redcard","ability":"Sand Stream","moves":["earthquake","stealthrock","slackoff","whirlwind"],"nature":"Impish","evs":{"hp":252,"atk":0,"def":144,"spa":0,"spd":114,"spe":0},"gender":"F","shiny":true,"ivs":{"hp":31,"atk":31,"def":31,"spa":31,"spd":31,"spe":31}},{"name":"Iris","species":"excadrill","item":"lifeorb","ability":"Sand Rush","moves":["swordsdance","earthquake","ironhead","rockslide"],"nature":"Jolly","evs":{"hp":0,"atk":252,"def":0,"spa":0,"spd":6,"spe":252},"gender":"F","ivs":{"hp":31,"atk":31,"def":31,"spa":31,"spd":31,"spe":31}},{"name":"Synergy","species":"gliscor","item":"toxicorb","ability":"Poison Heal","moves":["knockoff","toxic","earthquake","roost"],"nature":"Impish","evs":{"hp":248,"atk":0,"def":188,"spa":0,"spd":0,"spe":74},"gender":"M","ivs":{"hp":31,"atk":31,"def":31,"spa":31,"spd":31,"spe":31}},{"name":"Cindy","species":"gastrodon","item":"rindoberry","ability":"Storm Drain","moves":["scald","toxic","mirrorcoat","recover"],"nature":"Bold","evs":{"hp":250,"atk":0,"def":252,"spa":0,"spd":8,"spe":0},"ivs":{"hp":31,"atk":31,"def":31,"spa":31,"spd":31,"spe":31}}],"log":["|player|p1|Apex✦Emil|267","|player|p2|Fluffy Coconuts|11","|gametype|singles","|gen|6","|tier|Monotype","|rated","|rule|Baton Pass Clause: Limit one Baton Passer, can't pass Spe and other stats simultaneously","|rule|Swagger Clause: Swagger is banned","|rule|Same Type Clause: Pokémon in a team must share a type","|clearpoke","|poke|p1|Scizor, M","|poke|p1|Bisharp, M, shiny","|poke|p1|Heatran, F, shiny","|poke|p1|Excadrill, M, shiny","|poke|p1|Skarmory, F","|poke|p1|Jirachi, shiny","|poke|p2|Nidoking, M, shiny","|poke|p2|Garchomp, M, shiny","|poke|p2|Hippowdon, F, shiny","|poke|p2|Excadrill, F","|poke|p2|Gliscor, M","|poke|p2|Gastrodon, M","|rule|Sleep Clause Mod: Limit one foe put to sleep","|rule|Species Clause: Limit one of each Pokémon","|rule|OHKO Clause: OHKO moves are banned","|rule|Moody Clause: Moody is banned","|rule|Evasion Moves Clause: Evasion moves are banned","|rule|Endless Battle Clause: Forcing endless battles is banned","|rule|HP Percentage Mod: HP is shown in percentages","|teampreview","|","|start","|switch|p1a: Skarmory|Skarmory, F|334/334","|switch|p2a: Gloria|Hippowdon, F, shiny|420/420","|-weather|Sandstorm","|turn|1","|","|move|p1a: Skarmory|Stealth Rock|p2a: Gloria","|-sidestart|p2: Fluffy Coconuts|move: Stealth Rock","|move|p2a: Gloria|Stealth Rock|p1a: Skarmory","|-sidestart|p1: Apex✦Emil|move: Stealth Rock","|","|-weather|Sandstorm|[upkeep]","|turn|2","|","|switch|p2a: Cindy|Gastrodon, M|425/425","|-damage|p2a: Cindy|399/425|[from] Stealth Rock","|move|p1a: Skarmory|Whirlwind|p2a: Cindy","|drag|p2a: SafteyShark|Garchomp, M, shiny|357/357","|-damage|p2a: SafteyShark|335/357|[from] Stealth Rock","|","|-weather|Sandstorm|[upkeep]","|turn|3","|","|move|p2a: SafteyShark|Fire Blast|p1a: Skarmory","|-supereffective|p1a: Skarmory","|-damage|p1a: Skarmory|196/334","|move|p1a: Skarmory|Whirlwind|p2a: SafteyShark","|drag|p2a: Iris|Excadrill, F|361/361","|-damage|p2a: Iris|350/361|[from] Stealth Rock","|","|-weather|Sandstorm|[upkeep]","|-heal|p1a: Skarmory|216/334|[from] item: Leftovers","|turn|4","|","|move|p2a: Iris|Rock Slide|p1a: Skarmory","|-damage|p1a: Skarmory|126/334","|-damage|p2a: Iris|314/361|[from] item: Life Orb","|cant|p1a: Skarmory|flinch","|","|-weather|Sandstorm|[upkeep]","|-heal|p1a: Skarmory|146/334|[from] item: Leftovers","|turn|5","|","|move|p2a: Iris|Swords Dance|p2a: Iris","|-boost|p2a: Iris|atk|2","|move|p1a: Skarmory|Roost|p1a: Skarmory","|-heal|p1a: Skarmory|313/334","|","|-weather|none","|-heal|p1a: Skarmory|333/334|[from] item: Leftovers","|turn|6","|","|move|p2a: Iris|Rock Slide|p1a: Skarmory","|-damage|p1a: Skarmory|161/334","|-damage|p2a: Iris|278/361|[from] item: Life Orb","|move|p1a: Skarmory|Whirlwind|p2a: Iris","|drag|p2a: Kaiju|Nidoking, M, shiny|304/304","|-damage|p2a: Kaiju|285/304|[from] Stealth Rock","|","|-heal|p1a: Skarmory|181/334|[from] item: Leftovers","|turn|7","|","|move|p2a: Kaiju|Flamethrower|p1a: Skarmory","|-crit|p1a: Skarmory","|-supereffective|p1a: Skarmory","|-damage|p1a: Skarmory|0 fnt","|faint|p1a: Skarmory","|","|","|switch|p1a: Heatran|Heatran, F, shiny|386/386","|-damage|p1a: Heatran|338/386|[from] Stealth Rock","|-item|p1a: Heatran|Air Balloon","|turn|8","|","|switch|p2a: Cindy|Gastrodon, M|399/425","|-damage|p2a: Cindy|373/425|[from] Stealth Rock","|move|p1a: Heatran|Lava Plume|p2a: Cindy","|-resisted|p2a: Cindy","|-damage|p2a: Cindy|285/425","|","|turn|9","|","|move|p1a: Heatran|Toxic|p2a: Cindy","|-status|p2a: Cindy|tox","|move|p2a: Cindy|Scald|p1a: Heatran","|-supereffective|p1a: Heatran","|-damage|p1a: Heatran|168/386","|-enditem|p1a: Heatran|Air Balloon","|","|-damage|p2a: Cindy|259/425 tox|[from] psn","|turn|10","|","|move|p1a: Heatran|Earth Power|p2a: Cindy","|-crit|p2a: Cindy","|-damage|p2a: Cindy|65/425 tox","|move|p2a: Cindy|Recover|p2a: Cindy","|-heal|p2a: Cindy|278/425 tox","|","|-damage|p2a: Cindy|226/425 tox|[from] psn","|turn|11","|","|move|p1a: Heatran|Earth Power|p2a: Cindy","|-crit|p2a: Cindy","|-damage|p2a: Cindy|6/425 tox","|move|p2a: Cindy|Mirror Coat|p1a: Heatran","|-damage|p1a: Heatran|0 fnt","|faint|p1a: Heatran","|","|-damage|p2a: Cindy|0 fnt|[from] psn","|faint|p2a: Cindy","|","|switch|p2a: SafteyShark|Garchomp, M, shiny|335/357","|switch|p1a: Excadrill|Excadrill, M, shiny|361/361","|-damage|p2a: SafteyShark|313/357|[from] Stealth Rock","|-damage|p1a: Excadrill|350/361|[from] Stealth Rock","|turn|12","|","|move|p2a: SafteyShark|Earthquake|p1a: Excadrill","|-supereffective|p1a: Excadrill","|-damage|p1a: Excadrill|0 fnt","|faint|p1a: Excadrill","|","|","|switch|p1a: Scizor|Scizor, M|282/282","|-damage|p1a: Scizor|247/282|[from] Stealth Rock","|turn|13","|","|switch|p2a: Gloria|Hippowdon, F, shiny|420/420","|-damage|p2a: Gloria|394/420|[from] Stealth Rock","|-weather|Sandstorm","|detailschange|p1a: Scizor|Scizor-Mega, M","|-mega|p1a: Scizor|Scizor|Scizorite","|move|p1a: Scizor|Swords Dance|p1a: Scizor","|-boost|p1a: Scizor|atk|2","|","|-weather|Sandstorm|[upkeep]","|turn|14","|","|move|p1a: Scizor|Bullet Punch|p2a: Gloria","|-damage|p2a: Gloria|225/420","|-enditem|p2a: Gloria|Red Card|[of] p1a: Scizor","|drag|p1a: Bisharp|Bisharp, M, shiny|275/275","|-damage|p1a: Bisharp|258/275|[from] Stealth Rock","|move|p2a: Gloria|Whirlwind|p1a: Bisharp","|drag|p1a: Jirachi|Jirachi, shiny|342/342","|-damage|p1a: Jirachi|321/342|[from] Stealth Rock","|","|-weather|Sandstorm|[upkeep]","|turn|15","|","|move|p1a: Jirachi|Iron Head|p2a: Gloria","|-damage|p2a: Gloria|140/420","|move|p2a: Gloria|Earthquake|p1a: Jirachi","|-supereffective|p1a: Jirachi","|-damage|p1a: Jirachi|49/342","|","|-weather|Sandstorm|[upkeep]","|turn|16","|","|move|p1a: Jirachi|Iron Head|p2a: Gloria","|-damage|p2a: Gloria|61/420","|move|p2a: Gloria|Slack Off|p2a: Gloria","|-heal|p2a: Gloria|271/420","|","|-weather|Sandstorm|[upkeep]","|turn|17","|","|move|p1a: Jirachi|Iron Head|p2a: Gloria","|-damage|p2a: Gloria|192/420","|cant|p2a: Gloria|flinch","|","|-weather|none","|turn|18","|","|switch|p2a: Synergy|Gliscor, M|353/353","|-damage|p2a: Synergy|309/353|[from] Stealth Rock","|move|p1a: Jirachi|Iron Head|p2a: Synergy","|-damage|p2a: Synergy|236/353","|","|-status|p2a: Synergy|tox|[from] item: Toxic Orb","|turn|19","|","|move|p1a: Jirachi|Iron Head|p2a: Synergy","|-damage|p2a: Synergy|160/353 tox","|move|p2a: Synergy|Earthquake|p1a: Jirachi","|-supereffective|p1a: Jirachi","|-damage|p1a: Jirachi|0 fnt","|faint|p1a: Jirachi","|","|-heal|p2a: Synergy|204/353 tox|[from] ability: Poison Heal","|","|switch|p1a: Scizor|Scizor-Mega, M|247/282","|-damage|p1a: Scizor|212/282|[from] Stealth Rock","|turn|20","|","|move|p2a: Synergy|Roost|p2a: Synergy","|-heal|p2a: Synergy|353/353 tox","|move|p1a: Scizor|Swords Dance|p1a: Scizor","|-boost|p1a: Scizor|atk|2","|","|turn|21","|","|move|p1a: Scizor|Bullet Punch|p2a: Synergy","|-damage|p2a: Synergy|194/353 tox","|move|p2a: Synergy|Earthquake|p1a: Scizor","|-damage|p1a: Scizor|125/282","|","|-heal|p2a: Synergy|238/353 tox|[from] ability: Poison Heal","|turn|22","|","|move|p2a: Synergy|Roost|p2a: Synergy","|-heal|p2a: Synergy|353/353 tox","|move|p1a: Scizor|Swords Dance|p1a: Scizor","|-boost|p1a: Scizor|atk|2","|","|turn|23","|","|move|p2a: Synergy|Earthquake|p1a: Scizor","|-damage|p1a: Scizor|34/282","|move|p1a: Scizor|Roost|p1a: Scizor","|-heal|p1a: Scizor|175/282","|","|turn|24","|","|move|p2a: Synergy|Earthquake|p1a: Scizor","|-damage|p1a: Scizor|88/282","|move|p1a: Scizor|Roost|p1a: Scizor","|-heal|p1a: Scizor|229/282","|","|turn|25","|","|move|p2a: Synergy|Earthquake|p1a: Scizor","|-damage|p1a: Scizor|150/282","|move|p1a: Scizor|Roost|p1a: Scizor","|-heal|p1a: Scizor|282/282","|","|turn|26","|","|move|p2a: Synergy|Earthquake|p1a: Scizor","|-damage|p1a: Scizor|203/282","|move|p1a: Scizor|Swords Dance|p1a: Scizor","|-boost|p1a: Scizor|atk|2","|","|turn|27","|","|move|p1a: Scizor|Bullet Punch|p2a: Synergy","|-damage|p2a: Synergy|22/353 tox","|move|p2a: Synergy|Earthquake|p1a: Scizor","|-damage|p1a: Scizor|110/282","|","|-heal|p2a: Synergy|66/353 tox|[from] ability: Poison Heal","|turn|28","|","|move|p1a: Scizor|Bullet Punch|p2a: Synergy","|-damage|p2a: Synergy|0 fnt","|faint|p2a: Synergy","|","|","|switch|p2a: Kaiju|Nidoking, M, shiny|285/304","|-damage|p2a: Kaiju|266/304|[from] Stealth Rock","|turn|29","|","|move|p1a: Scizor|Bullet Punch|p2a: Kaiju","|-damage|p2a: Kaiju|0 fnt","|faint|p2a: Kaiju","|","|","|switch|p2a: SafteyShark|Garchomp, M, shiny|313/357","|-damage|p2a: SafteyShark|291/357|[from] Stealth Rock","|turn|30","|","|move|p1a: Scizor|Bullet Punch|p2a: SafteyShark","|-damage|p2a: SafteyShark|0 fnt","|faint|p2a: SafteyShark","|","|","|switch|p2a: Gloria|Hippowdon, F, shiny|192/420","|-damage|p2a: Gloria|166/420|[from] Stealth Rock","|-weather|Sandstorm","|turn|31","|","|move|p1a: Scizor|Bullet Punch|p2a: Gloria","|-damage|p2a: Gloria|0 fnt","|faint|p2a: Gloria","|","|-weather|Sandstorm|[upkeep]","|","|switch|p2a: Iris|Excadrill, F|278/361","|-damage|p2a: Iris|267/361|[from] Stealth Rock","|turn|32","|","|move|p1a: Scizor|Bullet Punch|p2a: Iris","|-crit|p2a: Iris","|-resisted|p2a: Iris","|-damage|p2a: Iris|0 fnt","|faint|p2a: Iris","|","|win|Apex✦Emil"],"p1rating":{"entryid":"453672","serverid":"eos","formatid":"monotype","userid":"apexemil","username":"Apex✦Emil","w":2,"l":"0","t":"0","gxe":60,"r":"1500","rd":"130","sigma":"0","rptime":"1440493200","rpr":1580.6640613704,"rprd":116.62277424179,"rpsigma":"0","acre":1090.3065833797,"lacre":1090.3065833797,"oldacre":"1044.9681386475"},"p2rating":{"entryid":"421976","serverid":"eos","formatid":"monotype","userid":"fluffycoconuts","username":"Fluffy Coconuts","w":"8","l":3,"t":"0","gxe":64.5,"r":"1570.1362342246","rd":"98.454096830134","sigma":"0","rptime":"1440493200","rpr":1615.931166275,"rprd":84.638552653595,"rpsigma":"0","acre":1143.1731472443,"lacre":1143.1731472443,"oldacre":"1177.2573043331"},"endType":"normal"}