{"seed":[41681,51795,56280,27969],"turns":20,"p1":"Rain Hoot","p2":"Gym Ldr Mitsuka∆","p1team":[{"name":"Aerodactyl","species":"Aerodactyl","item":"lifeorb","ability":"Pressure","moves":["aerialace","stoneedge","earthquake","taunt"],"nature":"Adamant","evs":{"hp":0,"atk":252,"def":0,"spa":0,"spd":0,"spe":252},"ivs":{"hp":31,"atk":31,"def":31,"spa":31,"spd":31,"spe":31}},{"name":"Diancie","species":"Diancie","item":"diancite","ability":"Clear Body","moves":["moonblast","earthpower","diamondstorm","protect"],"nature":"Hasty","evs":{"hp":0,"atk":0,"def":0,"spa":252,"spd":0,"spe":252},"ivs":{"hp":31,"atk":31,"def":31,"spa":31,"spd":31,"spe":31}},{"name":"Golem","species":"Golem","item":"weaknesspolicy","ability":"Sturdy","moves":["earthquake","smackdown","suckerpunch","rockpolish"],"nature":"Adamant","evs":{"hp":0,"atk":252,"def":0,"spa":0,"spd":4,"spe":252},"ivs":{"hp":31,"atk":31,"def":31,"spa":31,"spd":31,"spe":31}},{"name":"Shuckle","species":"Shuckle","item":"leftovers","ability":"Sturdy","moves":["stealthrock","stickyweb","toxic","encore"],"nature":"Calm","evs":{"hp":252,"atk":0,"def":4,"spa":0,"spd":252,"spe":0},"ivs":{"hp":31,"atk":31,"def":31,"spa":31,"spd":31,"spe":31}},{"name":"Aurorus","species":"Aurorus","item":"assaultvest","ability":"Refrigerate","moves":["hypervoice","freezedry","darkpulse","earthpower"],"nature":"Modest","evs":{"hp":248,"atk":0,"def":0,"spa":252,"spd":8,"spe":0},"ivs":{"hp":31,"atk":31,"def":31,"spa":31,"spd":31,"spe":31}},{"name":"Tyranitar","species":"Tyranitar","item":"expertbelt","ability":"Sand Stream","moves":["darkpulse","flamethrower","icebeam","thunderwave"],"nature":"Modest","evs":{"hp":248,"atk":0,"def":0,"spa":252,"spd":8,"spe":0},"ivs":{"hp":31,"atk":31,"def":31,"spa":31,"spd":31,"spe":31}}],"p2team":[{"name":"Bellossom","species":"Bellossom","item":"leftovers","ability":"Chlorophyll","moves":["infestation","leechseed","hiddenpowerfire","sleeppowder"],"nature":"Bold","evs":{"hp":252,"atk":0,"def":252,"spa":0,"spd":4,"spe":0},"ivs":{"hp":31,"atk":30,"def":31,"spa":30,"spd":31,"spe":30}},{"name":"Abomasnow","species":"Abomasnow","item":"abomasite","ability":"Soundproof","moves":["earthquake","swordsdance","iceshard","gigadrain"],"nature":"Naughty","evs":{"hp":68,"atk":252,"def":0,"spa":8,"spd":0,"spe":180},"ivs":{"hp":31,"atk":30,"def":31,"spa":30,"spd":31,"spe":30}},{"name":"Roserade","species":"Roserade","item":"choicescarf","ability":"Technician","moves":["hiddenpowerrock","extrasensory","sludgebomb","gigadrain"],"nature":"Timid","evs":{"hp":0,"atk":0,"def":0,"spa":252,"spd":4,"spe":252},"ivs":{"hp":31,"atk":31,"def":30,"spa":31,"spd":30,"spe":30}},{"name":"Leavanny","species":"Leavanny","item":"focussash","ability":"Swarm","moves":["stickyweb","leafblade","knockoff","xscissor"],"nature":"Adamant","evs":{"hp":4,"atk":252,"def":0,"spa":0,"spd":0,"spe":252},"ivs":{"hp":31,"atk":31,"def":31,"spa":31,"spd":31,"spe":31}},{"name":"Ferrothorn","species":"Ferrothorn","item":"occaberry","ability":"Iron Barbs","moves":["stealthrock","thunderwave","knockoff","ironhead"],"nature":"Impish","evs":{"hp":252,"atk":0,"def":128,"spa":0,"spd":128,"spe":0},"ivs":{"hp":31,"atk":31,"def":31,"spa":31,"spd":31,"spe":31}},{"name":"Breloom","species":"Breloom","item":"focussash","ability":"Technician","moves":["spore","rocktomb","machpunch","bulletseed"],"nature":"Jolly","evs":{"hp":0,"atk":252,"def":0,"spa":0,"spd":4,"spe":252},"ivs":{"hp":31,"atk":31,"def":31,"spa":31,"spd":31,"spe":31}}],"log":["|player|p1|Rain Hoot|169","|player|p2|Gym Ldr Mitsuka∆|2","|gametype|singles","|gen|6","|tier|Monotype","|rated","|rule|Baton Pass Clause: Limit one Baton Passer, can't pass Spe and other stats simultaneously","|rule|Swagger Clause: Swagger is banned","|rule|Same Type Clause: Pokémon in a team must share a type","|clearpoke","|poke|p1|Aerodactyl, F","|poke|p1|Diancie","|poke|p1|Golem, M","|poke|p1|Shuckle, F","|poke|p1|Aurorus, F","|poke|p1|Tyranitar, F","|poke|p2|Bellossom, M","|poke|p2|Abomasnow, F","|poke|p2|Roserade, M","|poke|p2|Leavanny, F","|poke|p2|Ferrothorn, F","|poke|p2|Breloom, M","|rule|Sleep Clause Mod: Limit one foe put to sleep","|rule|Species Clause: Limit one of each Pokémon","|rule|OHKO Clause: OHKO moves are banned","|rule|Moody Clause: Moody is banned","|rule|Evasion Moves Clause: Evasion moves are banned","|rule|Endless Battle Clause: Forcing endless battles is banned","|rule|HP Percentage Mod: HP is shown in percentages","|teampreview","|","|start","|switch|p1a: Tyranitar|Tyranitar, F|403/403","|switch|p2a: Leavanny|Leavanny, F|292/292","|-weather|Sandstorm","|turn|1","|","|move|p2a: Leavanny|Leaf Blade|p1a: Tyranitar","|-supereffective|p1a: Tyranitar","|-damage|p1a: Tyranitar|131/403","|move|p1a: Tyranitar|Flamethrower|p2a: Leavanny","|-supereffective|p2a: Leavanny","|-enditem|p2a: Leavanny|Focus Sash","|-damage|p2a: Leavanny|1/292","|","|-weather|Sandstorm|[upkeep]","|-damage|p2a: Leavanny|0 fnt|[from] sandstorm","|faint|p2a: Leavanny","|","|switch|p2a: Ferrothorn|Ferrothorn, F|352/352","|turn|2","|","|move|p1a: Tyranitar|Flamethrower|p2a: Ferrothorn","|-supereffective|p2a: Ferrothorn","|-enditem|p2a: Ferrothorn|Occa Berry|[eat]","|-damage|p2a: Ferrothorn|162/352","|move|p2a: Ferrothorn|Stealth Rock|p1a: Tyranitar","|-sidestart|p1: Rain Hoot|move: Stealth Rock","|","|-weather|Sandstorm|[upkeep]","|turn|3","|","|move|p1a: Tyranitar|Flamethrower|p2a: Ferrothorn","|-supereffective|p2a: Ferrothorn","|-damage|p2a: Ferrothorn|0 fnt","|faint|p2a: Ferrothorn","|","|-weather|Sandstorm|[upkeep]","|","|switch|p2a: Roserade|Roserade, M|261/261","|turn|4","|","|move|p2a: Roserade|Giga Drain|p1a: Tyranitar","|-supereffective|p1a: Tyranitar","|-damage|p1a: Tyranitar|0 fnt","|faint|p1a: Tyranitar","|","|-weather|Sandstorm|[upkeep]","|-damage|p2a: Roserade|245/261|[from] sandstorm","|","|switch|p1a: Aurorus|Aurorus, F|449/449","|-damage|p1a: Aurorus|337/449|[from] Stealth Rock","|turn|5","|","|move|p2a: Roserade|Giga Drain|p1a: Aurorus","|-supereffective|p1a: Aurorus","|-damage|p1a: Aurorus|203/449","|-heal|p2a: Roserade|261/261|[from] drain|[of] p1a: Aurorus","|move|p1a: Aurorus|Hyper Voice|p2a: Roserade","|-supereffective|p2a: Roserade","|-damage|p2a: Roserade|0 fnt","|faint|p2a: Roserade","|","|-weather|none","|","|switch|p2a: Breloom|Breloom, M|261/261","|turn|6","|","|move|p2a: Breloom|Mach Punch|p1a: Aurorus","|-supereffective|p1a: Aurorus","|-damage|p1a: Aurorus|0 fnt","|faint|p1a: Aurorus","|","|","|switch|p1a: Aerodactyl|Aerodactyl, F|301/301","|-damage|p1a: Aerodactyl|226/301|[from] Stealth Rock","|-ability|p1a: Aerodactyl|Pressure","|turn|7","|","|move|p1a: Aerodactyl|Aerial Ace|p2a: Breloom","|-supereffective|p2a: Breloom","|-enditem|p2a: Breloom|Focus Sash","|-damage|p2a: Breloom|1/261","|-damage|p1a: Aerodactyl|196/301|[from] item: Life Orb","|move|p2a: Breloom|Bullet Seed|p1a: Aerodactyl","|-damage|p1a: Aerodactyl|105/301","|-damage|p1a: Aerodactyl|9/301","|-crit|p1a: Aerodactyl","|-damage|p1a: Aerodactyl|0 fnt","|-hitcount|p1a: Aerodactyl|3","|faint|p1a: Aerodactyl","|","|","|switch|p1a: Diancie|Diancie|241/241","|-damage|p1a: Diancie|211/241|[from] Stealth Rock","|turn|8","|","|detailschange|p1a: Diancie|Diancie-Mega","|-mega|p1a: Diancie|Diancie|Diancite","|move|p1a: Diancie|Protect|p1a: Diancie","|-singleturn|p1a: Diancie|Protect","|move|p2a: Breloom|Mach Punch|p1a: Diancie","|-activate|p1a: Diancie|Protect","|","|turn|9","|","|move|p2a: Breloom|Mach Punch|p1a: Diancie","|-damage|p1a: Diancie|93/241","|move|p1a: Diancie|Moonblast|p2a: Breloom","|-supereffective|p2a: Breloom","|-damage|p2a: Breloom|0 fnt","|faint|p2a: Breloom","|","|","|switch|p2a: Bellossom|Bellossom, M|354/354","|turn|10","|","|switch|p1a: Shuckle|Shuckle, F|244/244","|-damage|p1a: Shuckle|183/244|[from] Stealth Rock","|move|p2a: Bellossom|Leech Seed|p1a: Shuckle","|-start|p1a: Shuckle|move: Leech Seed","|","|-heal|p1a: Shuckle|198/244|[from] item: Leftovers","|-damage|p1a: Shuckle|168/244|[from] Leech Seed|[of] p2a: Bellossom","|turn|11","|","|move|p2a: Bellossom|Sleep Powder|p1a: Shuckle|[miss]","|-miss|p2a: Bellossom|p1a: Shuckle","|move|p1a: Shuckle|Toxic|p2a: Bellossom","|-status|p2a: Bellossom|tox","|","|-heal|p1a: Shuckle|183/244|[from] item: Leftovers","|-damage|p1a: Shuckle|153/244|[from] Leech Seed|[of] p2a: Bellossom","|-damage|p2a: Bellossom|332/354 tox|[from] psn","|turn|12","|","|move|p2a: Bellossom|Sleep Powder|p1a: Shuckle","|-status|p1a: Shuckle|slp","|cant|p1a: Shuckle|slp","|","|-heal|p2a: Bellossom|354/354 tox|[from] item: Leftovers","|-heal|p1a: Shuckle|168/244 slp|[from] item: Leftovers","|-damage|p1a: Shuckle|138/244 slp|[from] Leech Seed|[of] p2a: Bellossom","|-damage|p2a: Bellossom|310/354 tox|[from] psn","|turn|13","|","|switch|p2a: Abomasnow|Abomasnow, F|338/338","|-curestatus|p1a: Shuckle|slp","|move|p1a: Shuckle|Stealth Rock|p2a: Abomasnow","|-sidestart|p2: Gym Ldr Mitsuka∆|move: Stealth Rock","|","|-heal|p1a: Shuckle|153/244|[from] item: Leftovers","|-damage|p1a: Shuckle|123/244|[from] Leech Seed|[of] p2a: Abomasnow","|turn|14","|","|move|p2a: Abomasnow|Swords Dance|p2a: Abomasnow","|-boost|p2a: Abomasnow|atk|2","|move|p1a: Shuckle|Toxic|p2a: Abomasnow","|-status|p2a: Abomasnow|tox","|","|-heal|p1a: Shuckle|138/244|[from] item: Leftovers","|-damage|p1a: Shuckle|108/244|[from] Leech Seed|[of] p2a: Abomasnow","|-damage|p2a: Abomasnow|317/338 tox|[from] psn","|turn|15","|","|detailschange|p2a: Abomasnow|Abomasnow-Mega, F","|-mega|p2a: Abomasnow|Abomasnow|Abomasite","|-weather|Hail","|move|p2a: Abomasnow|Ice Shard|p1a: Shuckle","|-damage|p1a: Shuckle|38/244","|move|p1a: Shuckle|Encore|p2a: Abomasnow","|-start|p2a: Abomasnow|Encore","|","|-weather|Hail|[upkeep]","|-damage|p1a: Shuckle|23/244|[from] hail","|-heal|p1a: Shuckle|38/244|[from] item: Leftovers","|-damage|p1a: Shuckle|8/244|[from] Leech Seed|[of] p2a: Abomasnow","|-heal|p2a: Abomasnow|338/338 tox|[silent]","|-damage|p2a: Abomasnow|296/338 tox|[from] psn","|turn|16","|","|move|p2a: Abomasnow|Ice Shard|p1a: Shuckle","|-damage|p1a: Shuckle|0 fnt","|faint|p1a: Shuckle","|","|-weather|Hail|[upkeep]","|-damage|p2a: Abomasnow|233/338 tox|[from] psn","|","|switch|p1a: Golem|Golem, M|301/301","|-damage|p1a: Golem|283/301|[from] Stealth Rock","|turn|17","|","|move|p2a: Abomasnow|Ice Shard|p1a: Golem","|-supereffective|p1a: Golem","|-damage|p1a: Golem|11/301","|-enditem|p1a: Golem|Weakness Policy","|-boost|p1a: Golem|atk|2|[from] item: Weakness Policy","|-boost|p1a: Golem|spa|2|[from] item: Weakness Policy","|move|p1a: Golem|Smack Down|p2a: Abomasnow","|-supereffective|p2a: Abomasnow","|-damage|p2a: Abomasnow|0 fnt","|faint|p2a: Abomasnow","|","|-weather|Hail|[upkeep]","|-damage|p1a: Golem|0 fnt|[from] hail","|faint|p1a: Golem","|","|switch|p1a: Diancie|Diancie-Mega|93/241","|switch|p2a: Bellossom|Bellossom, M|310/354 tox","|-damage|p1a: Diancie|63/241|[from] Stealth Rock","|-damage|p2a: Bellossom|266/354 tox|[from] Stealth Rock","|turn|18","|","|move|p1a: Diancie|Protect|p1a: Diancie","|-singleturn|p1a: Diancie|Protect","|move|p2a: Bellossom|Leech Seed|p1a: Diancie","|-activate|p1a: Diancie|Protect","|","|-weather|Hail|[upkeep]","|-damage|p1a: Diancie|48/241|[from] hail","|-damage|p2a: Bellossom|244/354 tox|[from] hail","|-heal|p2a: Bellossom|266/354 tox|[from] item: Leftovers","|-damage|p2a: Bellossom|244/354 tox|[from] psn","|turn|19","|","|move|p1a: Diancie|Diamond Storm|p2a: Bellossom","|-damage|p2a: Bellossom|102/354 tox","|-boost|p1a: Diancie|def|1","|move|p2a: Bellossom|Leech Seed|p1a: Diancie","|move|p1a: Diancie|Leech Seed|p2a: Bellossom|[from]Magic Bounce","|-immune|p2a: Bellossom|[msg]","|","|-weather|none","|-heal|p2a: Bellossom|124/354 tox|[from] item: Leftovers","|-damage|p2a: Bellossom|80/354 tox|[from] psn","|turn|20","|","|move|p1a: Diancie|Moonblast|p2a: Bellossom","|-damage|p2a: Bellossom|0 fnt","|faint|p2a: Bellossom","|","|win|Rain Hoot"],"p1rating":{"entryid":"129353","serverid":"eos","formatid":"monotype","userid":"rainhoot","username":"Rain Hoot","w":22,"l":"21","t":"0","gxe":51.4,"r":"1479.1506787607","rd":"60.985579386037","sigma":"0","rptime":"1440493200","rpr":1510.6259278779,"rprd":52.760990979358,"rpsigma":"0","acre":1188.4829424672,"lacre":1188.4829424672,"oldacre":"1154.4842137174"},"p2rating":{"entryid":"379503","serverid":"eos","formatid":"monotype","userid":"gymldrmitsuka","username":"Gym Ldr Mitsuka∆","w":"15","l":12,"t":"0","gxe":54.1,"r":"1480.5479162543","rd":"69.536962153299","sigma":"0","rptime":"1440493200","rpr":1531.2215712803,"rprd":63.248781254747,"rpsigma":"0","acre":1251.4087614675,"lacre":1251.4087614675,"oldacre":"1285.4074902173"},"endType":"normal"}