{"seed":[24569,40934,31464,5757],"turns":19,"p1":"SL Realms","p2":"amb64","p1team":[{"name":"Lanturn","species":"Lanturn","item":"leftovers","ability":"Volt Absorb","moves":["healbell","scald","thunderwave","voltswitch"],"nature":"","evs":{"hp":40,"atk":0,"def":220,"spa":40,"spd":208,"spe":0},"ivs":{"hp":31,"atk":31,"def":31,"spa":31,"spd":31,"spe":31}},{"name":"Tentacruel","species":"Tentacruel","item":"blacksludge","ability":"Liquid Ooze","moves":["rapidspin","scald","sludgebomb","gigadrain"],"nature":"Bold","evs":{"hp":156,"atk":0,"def":252,"spa":68,"spd":32,"spe":0},"ivs":{"hp":31,"atk":31,"def":31,"spa":31,"spd":31,"spe":31}},{"name":"Gyarados","species":"Gyarados","item":"leftovers","ability":"Intimidate","moves":["dragondance","waterfall","substitute","bounce"],"nature":"Jolly","evs":{"hp":88,"atk":220,"def":4,"spa":0,"spd":0,"spe":196},"ivs":{"hp":31,"atk":31,"def":31,"spa":31,"spd":31,"spe":31}},{"name":"Swampert","species":"Swampert","item":"leftovers","ability":"Torrent","moves":["stealthrock","earthquake","roar","protect"],"nature":"Relaxed","evs":{"hp":240,"atk":16,"def":252,"spa":0,"spd":0,"spe":0},"ivs":{"hp":31,"atk":31,"def":31,"spa":31,"spd":31,"spe":31}},{"name":"Keldeo-Resolute","species":"Keldeo-Resolute","item":"choicescarf","ability":"Justified","moves":["secretsword","hydropump","icywind","hiddenpowerfire"],"nature":"Mild","evs":{"hp":0,"atk":4,"def":0,"spa":252,"spd":0,"spe":252},"ivs":{"hp":31,"atk":30,"def":31,"spa":30,"spd":31,"spe":30}},{"name":"2mu(h$w@g","species":"blastoise","item":"blastoisinite","ability":"Torrent","moves":["hydropump","darkpulse","blizzard","aurasphere"],"nature":"Modest","evs":{"hp":248,"atk":0,"def":0,"spa":252,"spd":8,"spe":0},"ivs":{"hp":31,"atk":31,"def":31,"spa":31,"spd":31,"spe":31}}],"p2team":[{"name":"Absol","species":"Absol","item":"absolite","ability":"Super Luck","moves":["megahorn","suckerpunch","zenheadbutt","playrough"],"nature":"Jolly","evs":{"hp":0,"atk":252,"def":0,"spa":0,"spd":4,"spe":252},"ivs":{"hp":31,"atk":31,"def":31,"spa":31,"spd":31,"spe":31}},{"name":"Sableye","species":"Sableye","item":"blacksludge","ability":"Prankster","moves":["trick","willowisp","shadowsneak","recover"],"nature":"Careful","evs":{"hp":252,"atk":4,"def":0,"spa":0,"spd":252,"spe":0},"ivs":{"hp":31,"atk":31,"def":31,"spa":31,"spd":31,"spe":31}},{"name":"Bisharp","species":"Bisharp","item":"focussash","ability":"Defiant","moves":["suckerpunch","ironhead","swordsdance","stealthrock"],"nature":"Jolly","evs":{"hp":0,"atk":252,"def":0,"spa":0,"spd":4,"spe":252},"ivs":{"hp":31,"atk":31,"def":31,"spa":31,"spd":31,"spe":31}},{"name":"Krookodile","species":"Krookodile","item":"choicescarf","ability":"Moxie","moves":["earthquake","aquatail","crunch","brickbreak"],"nature":"Adamant","evs":{"hp":0,"atk":252,"def":0,"spa":0,"spd":4,"spe":252},"ivs":{"hp":31,"atk":31,"def":31,"spa":31,"spd":31,"spe":31}},{"name":"Weavile","species":"Weavile","item":"focussash","ability":"Pickpocket","moves":["swordsdance","fakeout","iciclecrash","knockoff"],"nature":"Jolly","evs":{"hp":0,"atk":252,"def":0,"spa":0,"spd":4,"spe":252},"ivs":{"hp":31,"atk":31,"def":31,"spa":31,"spd":31,"spe":31}},{"name":"Tyranitar","species":"Tyranitar","item":"tyranitarite","ability":"Sand Stream","moves":["rockpolish","thunderpunch","stoneedge","firepunch"],"nature":"Adamant","evs":{"hp":152,"atk":252,"def":4,"spa":0,"spd":60,"spe":40},"ivs":{"hp":31,"atk":31,"def":31,"spa":31,"spd":31,"spe":31}}],"log":["|player|p1|SL Realms|118","|player|p2|amb64|153","|gametype|singles","|gen|6","|tier|Monotype","|rated","|rule|Baton Pass Clause: Limit one Baton Passer, can't pass Spe and other stats simultaneously","|rule|Swagger Clause: Swagger is banned","|rule|Same Type Clause: Pokémon in a team must share a type","|clearpoke","|poke|p1|Lanturn, M","|poke|p1|Tentacruel, M","|poke|p1|Gyarados, M","|poke|p1|Swampert, M","|poke|p1|Keldeo-Resolute","|poke|p1|Blastoise, F","|poke|p2|Absol, F","|poke|p2|Sableye, F","|poke|p2|Bisharp, M","|poke|p2|Krookodile, F","|poke|p2|Weavile, M","|poke|p2|Tyranitar, M","|rule|Sleep Clause Mod: Limit one foe put to sleep","|rule|Species Clause: Limit one of each Pokémon","|rule|OHKO Clause: OHKO moves are banned","|rule|Moody Clause: Moody is banned","|rule|Evasion Moves Clause: Evasion moves are banned","|rule|Endless Battle Clause: Forcing endless battles is banned","|rule|HP Percentage Mod: HP is shown in percentages","|teampreview","|","|start","|switch|p1a: Swampert|Swampert, M|401/401","|switch|p2a: Sableye|Sableye, F|304/304","|turn|1","|","|move|p2a: Sableye|Trick|p1a: Swampert","|-activate|p2a: Sableye|move: Trick|[of] p1a: Swampert","|-item|p1a: Swampert|Black Sludge|[from] move: Trick","|-item|p2a: Sableye|Leftovers|[from] move: Trick","|move|p1a: Swampert|Earthquake|p2a: Sableye","|-damage|p2a: Sableye|144/304","|","|-damage|p1a: Swampert|351/401|[from] item: Black Sludge","|-heal|p2a: Sableye|163/304|[from] item: Leftovers","|turn|2","|","|move|p2a: Sableye|Will-O-Wisp|p1a: Swampert","|-status|p1a: Swampert|brn","|move|p1a: Swampert|Stealth Rock|p2a: Sableye","|-sidestart|p2: amb64|move: Stealth Rock","|","|-damage|p1a: Swampert|301/401 brn|[from] item: Black Sludge","|-heal|p2a: Sableye|182/304|[from] item: Leftovers","|-damage|p1a: Swampert|251/401 brn|[from] brn","|turn|3","|","|move|p2a: Sableye|Shadow Sneak|p1a: Swampert","|-damage|p1a: Swampert|223/401 brn","|move|p1a: Swampert|Roar|p2a: Sableye","|drag|p2a: Weavile|Weavile, M|281/281","|-damage|p2a: Weavile|211/281|[from] Stealth Rock","|","|-damage|p1a: Swampert|173/401 brn|[from] item: Black Sludge","|-damage|p1a: Swampert|123/401 brn|[from] brn","|turn|4","|","|switch|p1a: Lanturn|Lanturn, M|401/401","|move|p2a: Weavile|Fake Out|p1a: Lanturn","|-crit|p1a: Lanturn","|-damage|p1a: Lanturn|322/401","|","|-heal|p1a: Lanturn|347/401|[from] item: Leftovers","|turn|5","|","|move|p2a: Weavile|Knock Off|p1a: Lanturn","|-damage|p1a: Lanturn|158/401","|-enditem|p1a: Lanturn|Leftovers|[from] move: Knock Off|[of] p2a: Weavile","|move|p1a: Lanturn|Heal Bell|p1a: Lanturn","|-cureteam|p1a: Lanturn|[from] move: HealBell","|","|turn|6","|","|move|p2a: Weavile|Swords Dance|p2a: Weavile","|-boost|p2a: Weavile|atk|2","|move|p1a: Lanturn|Thunder Wave|p2a: Weavile","|-status|p2a: Weavile|par","|","|turn|7","|","|move|p1a: Lanturn|Volt Switch|p2a: Weavile","|-damage|p2a: Weavile|138/281 par","|","|switch|p1a: Swampert|Swampert, M|123/401","|move|p2a: Weavile|Icicle Crash|p1a: Swampert","|-damage|p1a: Swampert|0 fnt","|faint|p1a: Swampert","|","|","|switch|p1a: Gyarados|Gyarados, M|353/353","|-ability|p1a: Gyarados|Intimidate","|-unboost|p2a: Weavile|atk|1","|turn|8","|","|move|p1a: Gyarados|Substitute|p1a: Gyarados","|-start|p1a: Gyarados|Substitute","|-damage|p1a: Gyarados|265/353","|cant|p2a: Weavile|par","|","|-heal|p1a: Gyarados|287/353|[from] item: Leftovers","|turn|9","|","|move|p1a: Gyarados|Dragon Dance|p1a: Gyarados","|-boost|p1a: Gyarados|atk|1","|-boost|p1a: Gyarados|spe|1","|move|p2a: Weavile|Icicle Crash|p1a: Gyarados","|-end|p1a: Gyarados|Substitute","|","|-heal|p1a: Gyarados|309/353|[from] item: Leftovers","|turn|10","|","|move|p1a: Gyarados|Waterfall|p2a: Weavile","|-damage|p2a: Weavile|0 fnt","|faint|p2a: Weavile","|","|-heal|p1a: Gyarados|331/353|[from] item: Leftovers","|","|switch|p2a: Sableye|Sableye, F|182/304","|-damage|p2a: Sableye|144/304|[from] Stealth Rock","|turn|11","|","|move|p2a: Sableye|Will-O-Wisp|p1a: Gyarados","|-status|p1a: Gyarados|brn","|move|p1a: Gyarados|Substitute|p1a: Gyarados","|-start|p1a: Gyarados|Substitute","|-damage|p1a: Gyarados|243/353 brn","|","|-heal|p1a: Gyarados|265/353 brn|[from] item: Leftovers","|-heal|p2a: Sableye|163/304|[from] item: Leftovers","|-damage|p1a: Gyarados|221/353 brn|[from] brn","|turn|12","|","|move|p2a: Sableye|Shadow Sneak|p1a: Gyarados","|-activate|p1a: Gyarados|Substitute|[damage]","|move|p1a: Gyarados|Dragon Dance|p1a: Gyarados","|-boost|p1a: Gyarados|atk|1","|-boost|p1a: Gyarados|spe|1","|","|-heal|p1a: Gyarados|243/353 brn|[from] item: Leftovers","|-heal|p2a: Sableye|182/304|[from] item: Leftovers","|-damage|p1a: Gyarados|199/353 brn|[from] brn","|turn|13","|","|move|p2a: Sableye|Shadow Sneak|p1a: Gyarados","|-end|p1a: Gyarados|Substitute","|move|p1a: Gyarados|Dragon Dance|p1a: Gyarados","|-boost|p1a: Gyarados|atk|1","|-boost|p1a: Gyarados|spe|1","|","|-heal|p1a: Gyarados|221/353 brn|[from] item: Leftovers","|-heal|p2a: Sableye|201/304|[from] item: Leftovers","|-damage|p1a: Gyarados|177/353 brn|[from] brn","|turn|14","|","|move|p2a: Sableye|Shadow Sneak|p1a: Gyarados","|-damage|p1a: Gyarados|135/353 brn","|move|p1a: Gyarados|Waterfall|p2a: Sableye","|-damage|p2a: Sableye|0 fnt","|faint|p2a: Sableye","|","|-heal|p1a: Gyarados|157/353 brn|[from] item: Leftovers","|-damage|p1a: Gyarados|113/353 brn|[from] brn","|","|switch|p2a: Bisharp|Bisharp, M|271/271","|-damage|p2a: Bisharp|255/271|[from] Stealth Rock","|turn|15","|","|move|p2a: Bisharp|Sucker Punch|p1a: Gyarados","|-damage|p1a: Gyarados|0 fnt","|faint|p1a: Gyarados","|","|","|switch|p1a: Keldeo-Resolute|Keldeo-Resolute|323/323","|turn|16","|","|move|p1a: Keldeo-Resolute|Secret Sword|p2a: Bisharp","|-supereffective|p2a: Bisharp","|-damage|p2a: Bisharp|0 fnt","|faint|p2a: Bisharp","|","|","|switch|p2a: Absol|Absol, F|271/271","|-damage|p2a: Absol|238/271|[from] Stealth Rock","|turn|17","|","|detailschange|p2a: Absol|Absol-Mega, F","|-mega|p2a: Absol|Absol|Absolite","|move|p1a: Keldeo-Resolute|Secret Sword|p2a: Absol","|-supereffective|p2a: Absol","|-damage|p2a: Absol|0 fnt","|faint|p2a: Absol","|","|","|switch|p2a: Krookodile|Krookodile, F|331/331","|-damage|p2a: Krookodile|311/331|[from] Stealth Rock","|turn|18","|","|move|p1a: Keldeo-Resolute|Secret Sword|p2a: Krookodile","|-supereffective|p2a: Krookodile","|-damage|p2a: Krookodile|0 fnt","|faint|p2a: Krookodile","|","|","|switch|p2a: Tyranitar|Tyranitar, M|379/379","|-damage|p2a: Tyranitar|332/379|[from] Stealth Rock","|-weather|Sandstorm","|turn|19","|","|move|p1a: Keldeo-Resolute|Secret Sword|p2a: Tyranitar","|-supereffective|p2a: Tyranitar","|-damage|p2a: Tyranitar|0 fnt","|faint|p2a: Tyranitar","|","|win|SL Realms"],"p1rating":{"entryid":"259244","serverid":"eos","formatid":"monotype","userid":"slrealms","username":"SL Realms","w":4,"l":"4","t":"0","gxe":50.2,"r":"1535.1228671505","rd":"102.87470915432","sigma":"0","rptime":"1440493200","rpr":1501.7114636551,"rprd":92.894593652431,"rpsigma":"0","acre":1094.0426074493,"lacre":1094.0426074493,"oldacre":"1070.5097276474"},"p2rating":{"entryid":438427,"formatid":"monotype","userid":"amb64","username":"amb64","r":1500,"rd":130,"sigma":0,"rpr":1462.8473389422,"rprd":122.54581255929,"rpsigma":0,"rptime":1440493200,"w":0,"l":1,"t":0,"gxe":45.4,"acre":1000,"lacre":1000,"oldacre":1000},"endType":"normal"}