{"seed":[63982,58887,24406,14777],"turns":52,"p1":"waszap","p2":"Fluffy Coconuts","p1team":[{"name":"Ditto","species":"Ditto","item":"choicescarf","ability":"Imposter","moves":["transform"],"nature":"Timid","evs":{"hp":252,"atk":0,"def":0,"spa":0,"spd":4,"spe":252},"ivs":{"hp":31,"atk":31,"def":31,"spa":31,"spd":31,"spe":31}},{"name":"Chansey","species":"Chansey","item":"eviolite","ability":"Natural Cure","moves":["toxic","seismictoss","healbell","softboiled"],"nature":"Bold","evs":{"hp":248,"atk":0,"def":252,"spa":0,"spd":8,"spe":0},"ivs":{"hp":31,"atk":31,"def":31,"spa":31,"spd":31,"spe":31}},{"name":"Lopunny","species":"Lopunny","item":"lopunnite","ability":"Limber","moves":["fakeout","firepunch","return","highjumpkick"],"nature":"Jolly","evs":{"hp":0,"atk":252,"def":0,"spa":0,"spd":4,"spe":252},"ivs":{"hp":31,"atk":31,"def":31,"spa":31,"spd":31,"spe":31}},{"name":"Staraptor","species":"Staraptor","item":"leftovers","ability":"Intimidate","moves":["bravebird","closecombat","roost","defog"],"nature":"Impish","evs":{"hp":252,"atk":0,"def":252,"spa":0,"spd":4,"spe":0},"ivs":{"hp":31,"atk":31,"def":31,"spa":31,"spd":31,"spe":31}},{"name":"Porygon2","species":"Porygon2","item":"eviolite","ability":"Trace","moves":["discharge","icebeam","recover","psychic"],"nature":"Calm","evs":{"hp":252,"atk":0,"def":0,"spa":4,"spd":252,"spe":0},"ivs":{"hp":31,"atk":31,"def":31,"spa":31,"spd":31,"spe":31}},{"name":"Diggersby","species":"Diggersby","item":"focussash","ability":"Huge Power","moves":["swordsdance","earthquake","quickattack","knockoff"],"nature":"Adamant","evs":{"hp":0,"atk":252,"def":0,"spa":0,"spd":8,"spe":242},"ivs":{"hp":31,"atk":31,"def":31,"spa":31,"spd":31,"spe":31}}],"p2team":[{"name":"Kaiju","species":"nidoking","item":"lifeorb","ability":"Sheer Force","moves":["flamethrower","sludgewave","earthpower","icebeam"],"nature":"Timid","evs":{"hp":6,"atk":0,"def":0,"spa":252,"spd":0,"spe":252},"shiny":true,"ivs":{"hp":31,"atk":31,"def":31,"spa":31,"spd":31,"spe":31}},{"name":"SafteyShark","species":"garchomp","item":"choicescarf","ability":"Sand Veil","moves":["earthquake","fireblast","stoneedge","outrage"],"nature":"Naive","evs":{"hp":0,"atk":252,"def":0,"spa":6,"spd":0,"spe":252},"gender":"M","shiny":true,"ivs":{"hp":31,"atk":31,"def":31,"spa":31,"spd":31,"spe":31}},{"name":"Gloria","species":"hippowdon","item":"redcard","ability":"Sand Stream","moves":["earthquake","stealthrock","slackoff","whirlwind"],"nature":"Impish","evs":{"hp":252,"atk":0,"def":144,"spa":0,"spd":114,"spe":0},"gender":"F","shiny":true,"ivs":{"hp":31,"atk":31,"def":31,"spa":31,"spd":31,"spe":31}},{"name":"Iris","species":"excadrill","item":"lifeorb","ability":"Sand Rush","moves":["swordsdance","earthquake","ironhead","rockslide"],"nature":"Jolly","evs":{"hp":0,"atk":252,"def":0,"spa":0,"spd":6,"spe":252},"gender":"F","ivs":{"hp":31,"atk":31,"def":31,"spa":31,"spd":31,"spe":31}},{"name":"Synergy","species":"gliscor","item":"toxicorb","ability":"Poison Heal","moves":["knockoff","toxic","earthquake","roost"],"nature":"Impish","evs":{"hp":248,"atk":0,"def":188,"spa":0,"spd":0,"spe":74},"gender":"M","ivs":{"hp":31,"atk":31,"def":31,"spa":31,"spd":31,"spe":31}},{"name":"Cindy","species":"gastrodon","item":"rindoberry","ability":"Storm Drain","moves":["scald","toxic","mirrorcoat","recover"],"nature":"Bold","evs":{"hp":250,"atk":0,"def":252,"spa":0,"spd":8,"spe":0},"ivs":{"hp":31,"atk":31,"def":31,"spa":31,"spd":31,"spe":31}}],"log":["|player|p1|waszap|waszap.png","|player|p2|Fluffy Coconuts|11","|gametype|singles","|gen|6","|tier|Monotype","|rated","|rule|Baton Pass Clause: Limit one Baton Passer, can't pass Spe and other stats simultaneously","|rule|Swagger Clause: Swagger is banned","|rule|Same Type Clause: Pokémon in a team must share a type","|clearpoke","|poke|p1|Ditto","|poke|p1|Chansey, F","|poke|p1|Lopunny, M","|poke|p1|Staraptor, F","|poke|p1|Porygon2","|poke|p1|Diggersby, M","|poke|p2|Nidoking, M, shiny","|poke|p2|Garchomp, M, shiny","|poke|p2|Hippowdon, F, shiny","|poke|p2|Excadrill, F","|poke|p2|Gliscor, M","|poke|p2|Gastrodon, M","|rule|Sleep Clause Mod: Limit one foe put to sleep","|rule|Species Clause: Limit one of each Pokémon","|rule|OHKO Clause: OHKO moves are banned","|rule|Moody Clause: Moody is banned","|rule|Evasion Moves Clause: Evasion moves are banned","|rule|Endless Battle Clause: Forcing endless battles is banned","|rule|HP Percentage Mod: HP is shown in percentages","|teampreview","|","|start","|switch|p1a: Chansey|Chansey, F|703/703","|switch|p2a: Gloria|Hippowdon, F, shiny|420/420","|-weather|Sandstorm","|turn|1","|","|move|p1a: Chansey|Toxic|p2a: Gloria","|-status|p2a: Gloria|tox","|move|p2a: Gloria|Whirlwind|p1a: Chansey","|drag|p1a: Porygon2|Porygon2|374/374","|-ability|p1a: Porygon2|Sand Stream|[from] ability: Trace|[of] p2a: Gloria","|","|-weather|Sandstorm|[upkeep]","|-damage|p1a: Porygon2|351/374|[from] sandstorm","|-damage|p2a: Gloria|394/420 tox|[from] psn","|turn|2","|","|move|p1a: Porygon2|Ice Beam|p2a: Gloria","|-supereffective|p2a: Gloria","|-damage|p2a: Gloria|212/420 tox","|-enditem|p2a: Gloria|Red Card|[of] p1a: Porygon2","|drag|p1a: Staraptor|Staraptor, F|374/374","|-ability|p1a: Staraptor|Intimidate","|-unboost|p2a: Gloria|atk|1","|move|p2a: Gloria|Stealth Rock|p1a: Staraptor","|-sidestart|p1: waszap|move: Stealth Rock","|","|-weather|Sandstorm|[upkeep]","|-damage|p1a: Staraptor|351/374|[from] sandstorm","|-heal|p1a: Staraptor|374/374|[from] item: Leftovers","|-damage|p2a: Gloria|160/420 tox|[from] psn","|turn|3","|","|switch|p2a: Synergy|Gliscor, M|353/353","|move|p1a: Staraptor|Defog|p2a: Synergy","|-unboost|p2a: Synergy|evasion|1","|-sideend|p1: waszap|Stealth Rock|[from] move: Defog|[of] p1a: Staraptor","|","|-weather|Sandstorm|[upkeep]","|-damage|p1a: Staraptor|351/374|[from] sandstorm","|-heal|p1a: Staraptor|374/374|[from] item: Leftovers","|-status|p2a: Synergy|tox|[from] item: Toxic Orb","|turn|4","|","|switch|p1a: Porygon2|Porygon2|351/374","|-ability|p1a: Porygon2|Poison Heal|[from] ability: Trace|[of] p2a: Synergy","|move|p2a: Synergy|Knock Off|p1a: Porygon2","|-damage|p1a: Porygon2|299/374","|-enditem|p1a: Porygon2|Eviolite|[from] move: Knock Off|[of] p2a: Synergy","|","|-weather|Sandstorm|[upkeep]","|-damage|p1a: Porygon2|276/374|[from] sandstorm","|turn|5","|","|switch|p2a: Cindy|Gastrodon, M|425/425","|move|p1a: Porygon2|Ice Beam|p2a: Cindy","|-damage|p2a: Cindy|344/425","|","|-weather|none","|turn|6","|","|move|p1a: Porygon2|Ice Beam|p2a: Cindy","|-crit|p2a: Cindy","|-damage|p2a: Cindy|220/425","|move|p2a: Cindy|Toxic|p1a: Porygon2","|-status|p1a: Porygon2|tox","|","|-heal|p1a: Porygon2|322/374 tox|[from] ability: Poison Heal","|turn|7","|","|move|p1a: Porygon2|Psychic|p2a: Cindy","|-damage|p2a: Cindy|130/425","|move|p2a: Cindy|Recover|p2a: Cindy","|-heal|p2a: Cindy|343/425","|","|-heal|p1a: Porygon2|368/374 tox|[from] ability: Poison Heal","|turn|8","|","|move|p1a: Porygon2|Psychic|p2a: Cindy","|-damage|p2a: Cindy|263/425","|-unboost|p2a: Cindy|spd|1","|move|p2a: Cindy|Mirror Coat|p1a: Porygon2","|-damage|p1a: Porygon2|208/374 tox","|","|-heal|p1a: Porygon2|254/374 tox|[from] ability: Poison Heal","|turn|9","|","|move|p1a: Porygon2|Psychic|p2a: Cindy","|-damage|p2a: Cindy|131/425","|move|p2a: Cindy|Recover|p2a: Cindy","|-heal|p2a: Cindy|344/425","|","|-heal|p1a: Porygon2|300/374 tox|[from] ability: Poison Heal","|turn|10","|","|move|p1a: Porygon2|Psychic|p2a: Cindy","|-damage|p2a: Cindy|212/425","|move|p2a: Cindy|Mirror Coat|p1a: Porygon2","|-damage|p1a: Porygon2|36/374 tox","|","|-heal|p1a: Porygon2|82/374 tox|[from] ability: Poison Heal","|turn|11","|","|switch|p2a: SafteyShark|Garchomp, M, shiny|357/357","|move|p1a: Porygon2|Recover|p1a: Porygon2","|-heal|p1a: Porygon2|269/374 tox","|","|-heal|p1a: Porygon2|315/374 tox|[from] ability: Poison Heal","|turn|12","|","|switch|p2a: Gloria|Hippowdon, F, shiny|160/420 tox","|-weather|Sandstorm","|move|p1a: Porygon2|Ice Beam|p2a: Gloria","|-supereffective|p2a: Gloria","|-damage|p2a: Gloria|0 fnt","|faint|p2a: Gloria","|","|-weather|Sandstorm|[upkeep]","|-damage|p1a: Porygon2|292/374 tox|[from] sandstorm","|-heal|p1a: Porygon2|338/374 tox|[from] ability: Poison Heal","|","|switch|p2a: Iris|Excadrill, F|361/361","|turn|13","|","|switch|p1a: Staraptor|Staraptor, F|374/374","|-ability|p1a: Staraptor|Intimidate","|-unboost|p2a: Iris|atk|1","|move|p2a: Iris|Swords Dance|p2a: Iris","|-boost|p2a: Iris|atk|2","|","|-weather|Sandstorm|[upkeep]","|-damage|p1a: Staraptor|351/374|[from] sandstorm","|-heal|p1a: Staraptor|374/374|[from] item: Leftovers","|turn|14","|","|move|p2a: Iris|Rock Slide|p1a: Staraptor","|-supereffective|p1a: Staraptor","|-damage|p1a: Staraptor|75/374","|-damage|p2a: Iris|325/361|[from] item: Life Orb","|move|p1a: Staraptor|Close Combat|p2a: Iris","|-supereffective|p2a: Iris","|-damage|p2a: Iris|5/361","|-unboost|p1a: Staraptor|def|1","|-unboost|p1a: Staraptor|spd|1","|","|-weather|Sandstorm|[upkeep]","|-damage|p1a: Staraptor|52/374|[from] sandstorm","|-heal|p1a: Staraptor|75/374|[from] item: Leftovers","|turn|15","|","|switch|p1a: Chansey|Chansey, F|703/703","|move|p2a: Iris|Rock Slide|p1a: Chansey","|-damage|p1a: Chansey|447/703","|-damage|p2a: Iris|0 fnt|[from] item: Life Orb","|faint|p2a: Iris","|","|-weather|Sandstorm|[upkeep]","|-damage|p1a: Chansey|404/703|[from] sandstorm","|","|switch|p2a: SafteyShark|Garchomp, M, shiny|357/357","|turn|16","|","|switch|p1a: Staraptor|Staraptor, F|75/374","|-ability|p1a: Staraptor|Intimidate","|-unboost|p2a: SafteyShark|atk|1","|move|p2a: SafteyShark|Outrage|p1a: Staraptor","|-damage|p1a: Staraptor|0 fnt","|faint|p1a: Staraptor","|","|-weather|none","|","|switch|p1a: Ditto|Ditto|300/300","|-transform|p1a: Ditto|p2a: SafteyShark","|turn|17","|","|move|p2a: SafteyShark|Outrage|p1a: Ditto|[from]lockedmove","|-supereffective|p1a: Ditto","|-damage|p1a: Ditto|0 fnt","|faint|p1a: Ditto","|","|","|switch|p1a: Diggersby|Diggersby, M|311/311","|turn|18","|","|move|p2a: SafteyShark|Outrage|p1a: Diggersby|[from]lockedmove","|-damage|p1a: Diggersby|142/311","|-start|p2a: SafteyShark|confusion|[fatigue]","|move|p1a: Diggersby|Swords Dance|p1a: Diggersby","|-boost|p1a: Diggersby|atk|2","|","|turn|19","|","|switch|p2a: Synergy|Gliscor, M|353/353 tox","|move|p1a: Diggersby|Earthquake|p2a: Synergy","|-immune|p2a: Synergy|[msg]","|","|turn|20","|","|move|p1a: Diggersby|Knock Off|p2a: Synergy","|-damage|p2a: Synergy|177/353 tox","|-enditem|p2a: Synergy|Toxic Orb|[from] move: Knock Off|[of] p1a: Diggersby","|move|p2a: Synergy|Knock Off|p1a: Diggersby","|-damage|p1a: Diggersby|56/311","|-enditem|p1a: Diggersby|Focus Sash|[from] move: Knock Off|[of] p2a: Synergy","|","|-heal|p2a: Synergy|221/353 tox|[from] ability: Poison Heal","|turn|21","|","|move|p1a: Diggersby|Quick Attack|p2a: Synergy","|-damage|p2a: Synergy|91/353 tox","|move|p2a: Synergy|Earthquake|p1a: Diggersby","|-damage|p1a: Diggersby|0 fnt","|faint|p1a: Diggersby","|","|-heal|p2a: Synergy|135/353 tox|[from] ability: Poison Heal","|","|switch|p1a: Porygon2|Porygon2|338/374 tox","|-ability|p1a: Porygon2|Poison Heal|[from] ability: Trace|[of] p2a: Synergy","|turn|22","|","|move|p2a: Synergy|Roost|p2a: Synergy","|-heal|p2a: Synergy|312/353 tox","|move|p1a: Porygon2|Ice Beam|p2a: Synergy","|-supereffective|p2a: Synergy","|-damage|p2a: Synergy|116/353 tox","|","|-heal|p2a: Synergy|160/353 tox|[from] ability: Poison Heal","|-heal|p1a: Porygon2|374/374 tox|[from] ability: Poison Heal","|turn|23","|","|move|p2a: Synergy|Roost|p2a: Synergy","|-heal|p2a: Synergy|337/353 tox","|move|p1a: Porygon2|Ice Beam|p2a: Synergy","|-supereffective|p2a: Synergy","|-damage|p2a: Synergy|147/353 tox","|","|-heal|p2a: Synergy|191/353 tox|[from] ability: Poison Heal","|turn|24","|","|move|p2a: Synergy|Earthquake|p1a: Porygon2","|-damage|p1a: Porygon2|254/374 tox","|move|p1a: Porygon2|Psychic|p2a: Synergy","|-damage|p2a: Synergy|105/353 tox","|","|-heal|p2a: Synergy|149/353 tox|[from] ability: Poison Heal","|-heal|p1a: Porygon2|300/374 tox|[from] ability: Poison Heal","|turn|25","|","|move|p2a: Synergy|Roost|p2a: Synergy","|-heal|p2a: Synergy|326/353 tox","|move|p1a: Porygon2|Psychic|p2a: Synergy","|-damage|p2a: Synergy|234/353 tox","|","|-heal|p2a: Synergy|278/353 tox|[from] ability: Poison Heal","|-heal|p1a: Porygon2|346/374 tox|[from] ability: Poison Heal","|turn|26","|","|move|p2a: Synergy|Earthquake|p1a: Porygon2","|-crit|p1a: Porygon2","|-damage|p1a: Porygon2|177/374 tox","|move|p1a: Porygon2|Ice Beam|p2a: Synergy","|-supereffective|p2a: Synergy","|-damage|p2a: Synergy|0 fnt","|faint|p2a: Synergy","|","|-heal|p1a: Porygon2|223/374 tox|[from] ability: Poison Heal","|","|switch|p2a: Cindy|Gastrodon, M|212/425","|turn|27","|","|move|p1a: Porygon2|Recover|p1a: Porygon2","|-heal|p1a: Porygon2|374/374 tox","|move|p2a: Cindy|Mirror Coat|p1a: Porygon2","|-fail|p1a: Porygon2","|","|turn|28","|","|switch|p1a: Chansey|Chansey, F|404/703","|move|p2a: Cindy|Recover|p2a: Cindy","|-heal|p2a: Cindy|425/425","|","|turn|29","|","|move|p1a: Chansey|Soft-Boiled|p1a: Chansey","|-heal|p1a: Chansey|703/703","|move|p2a: Cindy|Toxic|p1a: Chansey|[miss]","|-miss|p2a: Cindy|p1a: Chansey","|","|turn|30","|","|move|p1a: Chansey|Toxic|p2a: Cindy","|-status|p2a: Cindy|tox","|move|p2a: Cindy|Toxic|p1a: Chansey","|-status|p1a: Chansey|tox","|","|-damage|p1a: Chansey|660/703 tox|[from] psn","|-damage|p2a: Cindy|399/425 tox|[from] psn","|turn|31","|","|move|p1a: Chansey|Heal Bell|p1a: Chansey","|-cureteam|p1a: Chansey|[from] move: HealBell","|move|p2a: Cindy|Scald|p1a: Chansey","|-damage|p1a: Chansey|603/703","|-status|p1a: Chansey|brn","|","|-damage|p1a: Chansey|516/703 brn|[from] brn","|-damage|p2a: Cindy|347/425 tox|[from] psn","|turn|32","|","|move|p1a: Chansey|Heal Bell|p1a: Chansey","|-cureteam|p1a: Chansey|[from] move: HealBell","|move|p2a: Cindy|Scald|p1a: Chansey","|-damage|p1a: Chansey|462/703","|-status|p1a: Chansey|brn","|","|-damage|p1a: Chansey|375/703 brn|[from] brn","|-damage|p2a: Cindy|269/425 tox|[from] psn","|turn|33","|","|switch|p2a: SafteyShark|Garchomp, M, shiny|357/357","|move|p1a: Chansey|Soft-Boiled|p1a: Chansey","|-heal|p1a: Chansey|703/703 brn","|","|-damage|p1a: Chansey|616/703 brn|[from] brn","|turn|34","|","|move|p2a: SafteyShark|Earthquake|p1a: Chansey","|-damage|p1a: Chansey|381/703 brn","|move|p1a: Chansey|Toxic|p2a: SafteyShark","|-status|p2a: SafteyShark|tox","|","|-damage|p2a: SafteyShark|335/357 tox|[from] psn","|-damage|p1a: Chansey|294/703 brn|[from] brn","|turn|35","|","|move|p2a: SafteyShark|Earthquake|p1a: Chansey","|-damage|p1a: Chansey|66/703 brn","|move|p1a: Chansey|Soft-Boiled|p1a: Chansey","|-heal|p1a: Chansey|418/703 brn","|","|-damage|p2a: SafteyShark|291/357 tox|[from] psn","|-damage|p1a: Chansey|331/703 brn|[from] brn","|turn|36","|","|switch|p2a: Cindy|Gastrodon, M|269/425 tox","|move|p1a: Chansey|Soft-Boiled|p1a: Chansey","|-heal|p1a: Chansey|683/703 brn","|","|-damage|p1a: Chansey|596/703 brn|[from] brn","|-damage|p2a: Cindy|243/425 tox|[from] psn","|turn|37","|","|move|p1a: Chansey|Heal Bell|p1a: Chansey","|-cureteam|p1a: Chansey|[from] move: HealBell","|move|p2a: Cindy|Scald|p1a: Chansey","|-damage|p1a: Chansey|536/703","|-status|p1a: Chansey|brn","|","|-damage|p1a: Chansey|449/703 brn|[from] brn","|-damage|p2a: Cindy|191/425 tox|[from] psn","|turn|38","|","|switch|p2a: SafteyShark|Garchomp, M, shiny|291/357 tox","|move|p1a: Chansey|Soft-Boiled|p1a: Chansey","|-heal|p1a: Chansey|703/703 brn","|","|-damage|p2a: SafteyShark|269/357 tox|[from] psn","|-damage|p1a: Chansey|616/703 brn|[from] brn","|turn|39","|","|move|p2a: SafteyShark|Outrage|p1a: Chansey","|-damage|p1a: Chansey|316/703 brn","|move|p1a: Chansey|Soft-Boiled|p1a: Chansey","|-heal|p1a: Chansey|668/703 brn","|","|-damage|p2a: SafteyShark|225/357 tox|[from] psn","|-damage|p1a: Chansey|581/703 brn|[from] brn","|turn|40","|","|move|p2a: SafteyShark|Outrage|p1a: Chansey|[from]lockedmove","|-damage|p1a: Chansey|290/703 brn","|move|p1a: Chansey|Soft-Boiled|p1a: Chansey","|-heal|p1a: Chansey|642/703 brn","|","|-damage|p2a: SafteyShark|159/357 tox|[from] psn","|-damage|p1a: Chansey|555/703 brn|[from] brn","|turn|41","|","|move|p2a: SafteyShark|Outrage|p1a: Chansey|[from]lockedmove","|-damage|p1a: Chansey|276/703 brn","|-start|p2a: SafteyShark|confusion|[fatigue]","|move|p1a: Chansey|Soft-Boiled|p1a: Chansey","|-heal|p1a: Chansey|628/703 brn","|","|-damage|p2a: SafteyShark|71/357 tox|[from] psn","|-damage|p1a: Chansey|541/703 brn|[from] brn","|turn|42","|","|-activate|p2a: SafteyShark|confusion","|move|p2a: SafteyShark|Outrage|p1a: Chansey","|-damage|p1a: Chansey|271/703 brn","|move|p1a: Chansey|Soft-Boiled|p1a: Chansey","|-heal|p1a: Chansey|623/703 brn","|","|-damage|p2a: SafteyShark|0 fnt|[from] psn","|-damage|p1a: Chansey|536/703 brn|[from] brn","|faint|p2a: SafteyShark","|","|switch|p2a: Kaiju|Nidoking, M, shiny|304/304","|turn|43","|","|move|p2a: Kaiju|Earth Power|p1a: Chansey","|-damage|p1a: Chansey|414/703 brn","|move|p1a: Chansey|Seismic Toss|p2a: Kaiju","|-damage|p2a: Kaiju|204/304","|","|-damage|p1a: Chansey|327/703 brn|[from] brn","|turn|44","|","|move|p2a: Kaiju|Earth Power|p1a: Chansey","|-damage|p1a: Chansey|197/703 brn","|move|p1a: Chansey|Soft-Boiled|p1a: Chansey","|-heal|p1a: Chansey|549/703 brn","|","|-damage|p1a: Chansey|462/703 brn|[from] brn","|turn|45","|","|move|p2a: Kaiju|Earth Power|p1a: Chansey","|-damage|p1a: Chansey|333/703 brn","|move|p1a: Chansey|Soft-Boiled|p1a: Chansey","|-heal|p1a: Chansey|685/703 brn","|","|-damage|p1a: Chansey|598/703 brn|[from] brn","|turn|46","|","|move|p2a: Kaiju|Earth Power|p1a: Chansey","|-crit|p1a: Chansey","|-damage|p1a: Chansey|390/703 brn","|move|p1a: Chansey|Heal Bell|p1a: Chansey","|-cureteam|p1a: Chansey|[from] move: HealBell","|","|turn|47","|","|move|p2a: Kaiju|Earth Power|p1a: Chansey","|-damage|p1a: Chansey|260/703","|move|p1a: Chansey|Soft-Boiled|p1a: Chansey","|-heal|p1a: Chansey|612/703","|","|turn|48","|","|move|p2a: Kaiju|Earth Power|p1a: Chansey","|-damage|p1a: Chansey|482/703","|move|p1a: Chansey|Seismic Toss|p2a: Kaiju","|-damage|p2a: Kaiju|104/304","|","|turn|49","|","|move|p2a: Kaiju|Earth Power|p1a: Chansey","|-damage|p1a: Chansey|353/703","|move|p1a: Chansey|Seismic Toss|p2a: Kaiju","|-damage|p2a: Kaiju|4/304","|","|turn|50","|","|move|p2a: Kaiju|Sludge Wave|p1a: Chansey","|-damage|p1a: Chansey|215/703","|move|p1a: Chansey|Seismic Toss|p2a: Kaiju","|-damage|p2a: Kaiju|0 fnt","|faint|p2a: Kaiju","|","|","|switch|p2a: Cindy|Gastrodon, M|191/425 tox","|turn|51","|","|move|p1a: Chansey|Seismic Toss|p2a: Cindy","|-damage|p2a: Cindy|91/425 tox","|move|p2a: Cindy|Scald|p1a: Chansey","|-damage|p1a: Chansey|158/703","|","|-damage|p2a: Cindy|65/425 tox|[from] psn","|turn|52","|","|move|p1a: Chansey|Seismic Toss|p2a: Cindy","|-damage|p2a: Cindy|0 fnt","|faint|p2a: Cindy","|","|win|waszap"],"p1rating":{"entryid":"428647","serverid":"eos","formatid":"monotype","userid":"waszap","username":"waszap","w":1,"l":"1","t":"0","gxe":50.3,"r":"1500","rd":"130","sigma":"0","rptime":"1440406800","rpr":1502.5440378886,"rprd":116.29695330216,"rpsigma":"0","acre":1052.2253814327,"lacre":1052.2253814327,"oldacre":"1000"},"p2rating":{"entryid":"421976","serverid":"eos","formatid":"monotype","userid":"fluffycoconuts","username":"Fluffy Coconuts","w":"4","l":2,"t":"0","gxe":58.9,"r":"1500","rd":"130","sigma":"0","rptime":"1440406800","rpr":1570.1362342246,"rprd":98.454096830134,"rpsigma":"0","acre":1077.0525434622,"lacre":1077.0525434622,"oldacre":"1109.6934068576"},"endType":"normal"}