{"seed":[37028,32190,32594,7969],"turns":33,"p1":"Vodoom","p2":"Union Wevrm","p1team":[{"name":"バンギラス","species":"tyranitar","item":"assaultvest","ability":"Sand Stream","moves":["earthquake","darkpulse","ancientpower","flamethrower"],"nature":"Quiet","evs":{"hp":248,"atk":8,"def":0,"spa":252,"spd":0,"spe":0},"shiny":true,"ivs":{"hp":31,"atk":31,"def":31,"spa":31,"spd":31,"spe":31}},{"name":"テラキオン","species":"terrakion","item":"choicescarf","ability":"Justified","moves":["closecombat","earthquake","rockslide","quickattack"],"nature":"Jolly","evs":{"hp":0,"atk":252,"def":0,"spa":0,"spd":4,"spe":252},"shiny":true,"ivs":{"hp":31,"atk":31,"def":31,"spa":31,"spd":31,"spe":31}},{"name":"ボスゴドラ","species":"aggron","item":"aggronite","ability":"Sturdy","moves":["metalburst","firepunch","rest","earthquake"],"nature":"Impish","evs":{"hp":248,"atk":0,"def":252,"spa":0,"spd":8,"spe":0},"shiny":true,"ivs":{"hp":31,"atk":31,"def":31,"spa":31,"spd":31,"spe":31}},{"name":"リリーラ","species":"lileep","item":"eviolite","ability":"Storm Drain","moves":["recover","toxic","infestation","gigadrain"],"nature":"Calm","evs":{"hp":252,"atk":0,"def":0,"spa":4,"spd":252,"spe":0},"shiny":true,"ivs":{"hp":31,"atk":31,"def":31,"spa":31,"spd":31,"spe":31}},{"name":"ディアンシー","species":"diancie","item":"diancite","ability":"Clear Body","moves":["protect","earthpower","diamondstorm","moonblast"],"nature":"Hasty","evs":{"hp":0,"atk":4,"def":0,"spa":252,"spd":0,"spe":252},"shiny":true,"ivs":{"hp":31,"atk":31,"def":31,"spa":31,"spd":31,"spe":31}},{"name":"アマルルガ","species":"aurorus","item":"choicescarf","ability":"Refrigerate","moves":["freezedry","hypervoice","earthpower","ancientpower"],"nature":"Timid","evs":{"hp":0,"atk":0,"def":0,"spa":252,"spd":4,"spe":252},"shiny":true,"ivs":{"hp":31,"atk":31,"def":31,"spa":31,"spd":31,"spe":31}}],"p2team":[{"name":"Flygon","species":"Flygon","item":"choiceband","ability":"Levitate","moves":["earthquake","stoneedge","outrage","superpower"],"nature":"Jolly","evs":{"hp":0,"atk":252,"def":0,"spa":0,"spd":4,"spe":252},"ivs":{"hp":31,"atk":31,"def":31,"spa":31,"spd":31,"spe":31}},{"name":"Zygarde","species":"Zygarde","item":"leftovers","ability":"Aura Break","moves":["dragondance","extremespeed","rockslide","substitute"],"nature":"Adamant","evs":{"hp":0,"atk":252,"def":0,"spa":0,"spd":4,"spe":252},"ivs":{"hp":31,"atk":31,"def":31,"spa":31,"spd":31,"spe":31}},{"name":"Latios","species":"Latios","item":"latiosite","ability":"Levitate","moves":["dracometeor","psychic","thunderbolt","dragonpulse"],"nature":"Timid","evs":{"hp":0,"atk":0,"def":0,"spa":252,"spd":4,"spe":252},"ivs":{"hp":31,"atk":31,"def":31,"spa":31,"spd":31,"spe":31}},{"name":"Noivern","species":"Noivern","item":"choicespecs","ability":"Frisk","moves":["airslash","boomburst","dracometeor","flamethrower"],"nature":"Timid","evs":{"hp":0,"atk":0,"def":0,"spa":252,"spd":4,"spe":252},"ivs":{"hp":31,"atk":31,"def":31,"spa":31,"spd":31,"spe":31}},{"name":"Kingdra","species":"Kingdra","item":"leftovers","ability":"Sniper","moves":["dragondance","outrage","bounce","waterfall"],"nature":"Adamant","evs":{"hp":0,"atk":0,"def":0,"spa":0,"spd":4,"spe":252},"ivs":{"hp":31,"atk":31,"def":31,"spa":31,"spd":31,"spe":31}},{"name":"Hydreigon","species":"Hydreigon","item":"lifeorb","ability":"Levitate","moves":["crunch","dragonrush","flamethrower","steelwing"],"nature":"Hasty","evs":{"hp":0,"atk":252,"def":0,"spa":4,"spd":0,"spe":252},"ivs":{"hp":31,"atk":31,"def":31,"spa":31,"spd":31,"spe":31}}],"log":["|player|p1|Vodoom|vodoom.png","|player|p2|Union Wevrm|unionwevrm.png","|gametype|singles","|gen|6","|tier|Monotype","|rated","|rule|Baton Pass Clause: Limit one Baton Passer, can't pass Spe and other stats simultaneously","|rule|Swagger Clause: Swagger is banned","|rule|Same Type Clause: Pokémon in a team must share a type","|clearpoke","|poke|p1|Tyranitar, M, shiny","|poke|p1|Terrakion, shiny","|poke|p1|Aggron, F, shiny","|poke|p1|Lileep, M, shiny","|poke|p1|Diancie, shiny","|poke|p1|Aurorus, M, shiny","|poke|p2|Flygon, F","|poke|p2|Zygarde","|poke|p2|Latios, M","|poke|p2|Noivern, M","|poke|p2|Kingdra, M","|poke|p2|Hydreigon, F","|rule|Sleep Clause Mod: Limit one foe put to sleep","|rule|Species Clause: Limit one of each Pokémon","|rule|OHKO Clause: OHKO moves are banned","|rule|Moody Clause: Moody is banned","|rule|Evasion Moves Clause: Evasion moves are banned","|rule|Endless Battle Clause: Forcing endless battles is banned","|rule|HP Percentage Mod: HP is shown in percentages","|teampreview","|","|start","|switch|p1a: アマルルガ|Aurorus, M, shiny|387/387","|switch|p2a: Kingdra|Kingdra, M|291/291","|turn|1","|","|move|p1a: アマルルガ|Freeze-Dry|p2a: Kingdra","|-supereffective|p2a: Kingdra","|-damage|p2a: Kingdra|0 fnt","|faint|p2a: Kingdra","|","|","|switch|p2a: Latios|Latios, M|301/301","|turn|2","|","|switch|p1a: リリーラ|Lileep, M, shiny|336/336","|detailschange|p2a: Latios|Latios-Mega, M","|-mega|p2a: Latios|Latios|Latiosite","|move|p2a: Latios|Draco Meteor|p1a: リリーラ","|-damage|p1a: リリーラ|188/336","|-unboost|p2a: Latios|spa|2","|","|turn|3","|","|switch|p2a: Zygarde|Zygarde|357/357","|-ability|p2a: Zygarde|Aura Break","|move|p1a: リリーラ|Recover|p1a: リリーラ","|-heal|p1a: リリーラ|336/336","|","|turn|4","|","|move|p2a: Zygarde|Substitute|p2a: Zygarde","|-start|p2a: Zygarde|Substitute","|-damage|p2a: Zygarde|268/357","|move|p1a: リリーラ|Toxic|p2a: Zygarde","|-fail|p2a: Zygarde","|","|-heal|p2a: Zygarde|290/357|[from] item: Leftovers","|turn|5","|","|move|p2a: Zygarde|Dragon Dance|p2a: Zygarde","|-boost|p2a: Zygarde|atk|1","|-boost|p2a: Zygarde|spe|1","|move|p1a: リリーラ|Infestation|p2a: Zygarde","|-activate|p2a: Zygarde|Substitute|[damage]","|","|-heal|p2a: Zygarde|312/357|[from] item: Leftovers","|turn|6","|","|switch|p1a: アマルルガ|Aurorus, M, shiny|387/387","|move|p2a: Zygarde|Dragon Dance|p2a: Zygarde","|-boost|p2a: Zygarde|atk|1","|-boost|p2a: Zygarde|spe|1","|","|-heal|p2a: Zygarde|334/357|[from] item: Leftovers","|turn|7","|","|move|p2a: Zygarde|Rock Slide|p1a: アマルルガ","|-supereffective|p1a: アマルルガ","|-damage|p1a: アマルルガ|0 fnt","|faint|p1a: アマルルガ","|","|-heal|p2a: Zygarde|356/357|[from] item: Leftovers","|","|switch|p1a: ディアンシー|Diancie, shiny|241/241","|turn|8","|","|detailschange|p1a: ディアンシー|Diancie-Mega, shiny","|-mega|p1a: ディアンシー|Diancie|Diancite","|move|p2a: Zygarde|Dragon Dance|p2a: Zygarde","|-boost|p2a: Zygarde|atk|1","|-boost|p2a: Zygarde|spe|1","|move|p1a: ディアンシー|Moonblast|p2a: Zygarde","|-supereffective|p2a: Zygarde","|-end|p2a: Zygarde|Substitute","|","|-heal|p2a: Zygarde|357/357|[from] item: Leftovers","|turn|9","|","|move|p2a: Zygarde|Rock Slide|p1a: ディアンシー","|-damage|p1a: ディアンシー|18/241","|move|p1a: ディアンシー|Moonblast|p2a: Zygarde","|-supereffective|p2a: Zygarde","|-damage|p2a: Zygarde|0 fnt","|faint|p2a: Zygarde","|","|","|switch|p2a: Noivern|Noivern, M|311/311","|-item|p1a: ディアンシー|Diancite|[from] ability: Frisk|[of] p2a: Noivern|[identify]","|turn|10","|","|switch|p1a: リリーラ|Lileep, M, shiny|336/336","|move|p2a: Noivern|Air Slash|p1a: リリーラ","|-damage|p1a: リリーラ|249/336","|","|turn|11","|","|switch|p2a: Flygon|Flygon, F|301/301","|switch|p1a: バンギラス|Tyranitar, M, shiny|403/403","|-weather|Sandstorm","|","|-weather|Sandstorm|[upkeep]","|turn|12","|","|move|p2a: Flygon|Superpower|p1a: バンギラス","|-supereffective|p1a: バンギラス","|-damage|p1a: バンギラス|0 fnt","|-unboost|p2a: Flygon|atk|1","|-unboost|p2a: Flygon|def|1","|faint|p1a: バンギラス","|","|-weather|Sandstorm|[upkeep]","|","|switch|p1a: ディアンシー|Diancie-Mega, shiny|18/241","|turn|13","|","|switch|p2a: Noivern|Noivern, M|311/311","|-item|p1a: ディアンシー|Diancite|[from] ability: Frisk|[of] p2a: Noivern|[identify]","|move|p1a: ディアンシー|Moonblast|p2a: Noivern","|-supereffective|p2a: Noivern","|-damage|p2a: Noivern|0 fnt","|faint|p2a: Noivern","|","|-weather|Sandstorm|[upkeep]","|","|switch|p2a: Latios|Latios-Mega, M|301/301","|turn|14","|","|move|p2a: Latios|Psychic|p1a: ディアンシー","|-damage|p1a: ディアンシー|0 fnt","|faint|p1a: ディアンシー","|","|-weather|Sandstorm|[upkeep]","|-damage|p2a: Latios|283/301|[from] sandstorm","|","|switch|p1a: リリーラ|Lileep, M, shiny|249/336","|turn|15","|","|move|p2a: Latios|Psychic|p1a: リリーラ","|-damage|p1a: リリーラ|185/336","|move|p1a: リリーラ|Toxic|p2a: Latios","|-status|p2a: Latios|tox","|","|-weather|none","|-damage|p2a: Latios|265/301 tox|[from] psn","|turn|16","|","|switch|p2a: Flygon|Flygon, F|301/301","|move|p1a: リリーラ|Recover|p1a: リリーラ","|-heal|p1a: リリーラ|336/336","|","|turn|17","|","|switch|p1a: テラキオン|Terrakion, shiny|323/323","|move|p2a: Flygon|Superpower|p1a: テラキオン","|-supereffective|p1a: テラキオン","|-damage|p1a: テラキオン|0 fnt","|-unboost|p2a: Flygon|atk|1","|-unboost|p2a: Flygon|def|1","|faint|p1a: テラキオン","|","|","|switch|p1a: ボスゴドラ|Aggron, F, shiny|343/343","|turn|18","|","|switch|p1a: リリーラ|Lileep, M, shiny|336/336","|move|p2a: Flygon|Superpower|p1a: リリーラ","|-supereffective|p1a: リリーラ","|-damage|p1a: リリーラ|138/336","|-unboost|p2a: Flygon|atk|1","|-unboost|p2a: Flygon|def|1","|","|turn|19","|","|switch|p2a: Hydreigon|Hydreigon, F|325/325","|move|p1a: リリーラ|Recover|p1a: リリーラ","|-heal|p1a: リリーラ|306/336","|","|turn|20","|","|move|p2a: Hydreigon|Steel Wing|p1a: リリーラ","|-supereffective|p1a: リリーラ","|-damage|p1a: リリーラ|140/336","|-damage|p2a: Hydreigon|293/325|[from] item: Life Orb","|move|p1a: リリーラ|Recover|p1a: リリーラ","|-heal|p1a: リリーラ|308/336","|","|turn|21","|","|move|p2a: Hydreigon|Steel Wing|p1a: リリーラ","|-supereffective|p1a: リリーラ","|-damage|p1a: リリーラ|155/336","|-damage|p2a: Hydreigon|261/325|[from] item: Life Orb","|move|p1a: リリーラ|Recover|p1a: リリーラ","|-heal|p1a: リリーラ|323/336","|","|turn|22","|","|switch|p2a: Flygon|Flygon, F|301/301","|move|p1a: リリーラ|Recover|p1a: リリーラ","|-heal|p1a: リリーラ|336/336","|","|turn|23","|","|move|p2a: Flygon|Superpower|p1a: リリーラ","|-supereffective|p1a: リリーラ","|-damage|p1a: リリーラ|62/336","|-unboost|p2a: Flygon|atk|1","|-unboost|p2a: Flygon|def|1","|move|p1a: リリーラ|Recover|p1a: リリーラ","|-heal|p1a: リリーラ|230/336","|","|turn|24","|","|move|p2a: Flygon|Superpower|p1a: リリーラ","|-supereffective|p1a: リリーラ","|-damage|p1a: リリーラ|20/336","|-unboost|p2a: Flygon|atk|1","|-unboost|p2a: Flygon|def|1","|move|p1a: リリーラ|Recover|p1a: リリーラ","|-heal|p1a: リリーラ|188/336","|","|turn|25","|","|move|p2a: Flygon|Superpower|p1a: リリーラ","|-supereffective|p1a: リリーラ","|-damage|p1a: リリーラ|50/336","|-unboost|p2a: Flygon|atk|1","|-unboost|p2a: Flygon|def|1","|move|p1a: リリーラ|Recover|p1a: リリーラ","|-heal|p1a: リリーラ|218/336","|","|turn|26","|","|switch|p2a: Hydreigon|Hydreigon, F|261/325","|move|p1a: リリーラ|Recover|p1a: リリーラ","|-heal|p1a: リリーラ|336/336","|","|turn|27","|","|move|p2a: Hydreigon|Steel Wing|p1a: リリーラ","|-supereffective|p1a: リリーラ","|-damage|p1a: リリーラ|183/336","|-damage|p2a: Hydreigon|229/325|[from] item: Life Orb","|move|p1a: リリーラ|Infestation|p2a: Hydreigon","|-supereffective|p2a: Hydreigon","|-damage|p2a: Hydreigon|205/325","|-activate|p2a: Hydreigon|move: Infestation|[of] p1a: リリーラ","|","|-damage|p2a: Hydreigon|165/325|[from] move: Infestation|[partiallytrapped]","|turn|28","|","|move|p2a: Hydreigon|Crunch|p1a: リリーラ","|-damage|p1a: リリーラ|57/336","|-damage|p2a: Hydreigon|133/325|[from] item: Life Orb","|move|p1a: リリーラ|Recover|p1a: リリーラ","|-heal|p1a: リリーラ|225/336","|","|-damage|p2a: Hydreigon|93/325|[from] move: Infestation|[partiallytrapped]","|turn|29","|","|move|p2a: Hydreigon|Dragon Rush|p1a: リリーラ|[miss]","|-miss|p2a: Hydreigon|p1a: リリーラ","|move|p1a: リリーラ|Recover|p1a: リリーラ","|-heal|p1a: リリーラ|336/336","|","|-damage|p2a: Hydreigon|53/325|[from] move: Infestation|[partiallytrapped]","|turn|30","|","|move|p2a: Hydreigon|Steel Wing|p1a: リリーラ","|-supereffective|p1a: リリーラ","|-damage|p1a: リリーラ|175/336","|-damage|p2a: Hydreigon|21/325|[from] item: Life Orb","|move|p1a: リリーラ|Giga Drain|p2a: Hydreigon","|-resisted|p2a: Hydreigon","|-damage|p2a: Hydreigon|0 fnt","|-heal|p1a: リリーラ|186/336|[from] drain|[of] p2a: Hydreigon","|faint|p2a: Hydreigon","|","|","|switch|p2a: Flygon|Flygon, F|301/301","|turn|31","|","|move|p2a: Flygon|Superpower|p1a: リリーラ","|-supereffective|p1a: リリーラ","|-damage|p1a: リリーラ|0 fnt","|-unboost|p2a: Flygon|atk|1","|-unboost|p2a: Flygon|def|1","|faint|p1a: リリーラ","|","|","|switch|p1a: ボスゴドラ|Aggron, F, shiny|343/343","|turn|32","|","|move|p2a: Flygon|Superpower|p1a: ボスゴドラ","|-supereffective|p1a: ボスゴドラ","|-damage|p1a: ボスゴドラ|131/343","|-unboost|p2a: Flygon|atk|1","|-unboost|p2a: Flygon|def|1","|move|p1a: ボスゴドラ|Metal Burst|p2a: Flygon","|-damage|p2a: Flygon|0 fnt","|faint|p2a: Flygon","|","|","|switch|p2a: Latios|Latios-Mega, M|265/301 tox","|turn|33","|","|move|p2a: Latios|Thunderbolt|p1a: ボスゴドラ","|-damage|p1a: ボスゴドラ|0 fnt","|faint|p1a: ボスゴドラ","|","|win|Union Wevrm"],"p1rating":{"entryid":"114353","serverid":"eos","formatid":"monotype","userid":"vodoom","username":"Vodoom","w":"6","l":5,"t":"0","gxe":52.3,"r":"1532.2451718424","rd":"96.281534311073","sigma":"0","rptime":"1440493200","rpr":1518.1130277894,"rprd":85.373788392597,"rpsigma":"0","acre":1092.8868471981,"lacre":1092.8868471981,"oldacre":"1117.8571597204"},"p2rating":{"entryid":"373318","serverid":"eos","formatid":"monotype","userid":"unionwevrm","username":"Union Wevrm","w":13,"l":"12","t":"0","gxe":50.9,"r":"1494.6792099071","rd":"65.389319406034","sigma":"0","rptime":"1440493200","rpr":1507.2581331437,"rprd":64.365912110229,"rpsigma":"0","acre":1143.2400518844,"lacre":1143.2400518844,"oldacre":"1118.2697393621"},"endType":"normal"}