{"seed":[122,5576,47338,64700],"turns":32,"p1":"GTX♅WillWolf","p2":"Crystal Blade64","p1team":[{"name":"THE KILLER","species":"cobalion","item":"leftovers","ability":"Justified","moves":["stoneedge","stealthrock","ironhead","closecombat"],"nature":"Impish","evs":{"hp":252,"atk":4,"def":252,"spa":0,"spd":0,"spe":0},"ivs":{"hp":31,"atk":31,"def":31,"spa":31,"spd":31,"spe":31}},{"name":"Lucario","species":"Lucario","item":"salacberry","ability":"Justified","moves":["reversal","endure","icepunch","extremespeed"],"nature":"Adamant","evs":{"hp":0,"atk":252,"def":0,"spa":0,"spd":4,"spe":252},"ivs":{"hp":31,"atk":30,"def":30,"spa":31,"spd":31,"spe":31}},{"name":"Whiskers","species":"mienshao","item":"lifeorb","ability":"Regenerator","moves":["hiddenpowerice","highjumpkick","fakeout","uturn"],"nature":"Hasty","evs":{"hp":0,"atk":252,"def":0,"spa":4,"spd":0,"spe":252},"ivs":{"hp":31,"atk":30,"def":30,"spa":31,"spd":31,"spe":31}},{"name":"Hairy Cross","species":"heracross","item":"choicescarf","ability":"Moxie","moves":["nightslash","closecombat","stoneedge","megahorn"],"nature":"Jolly","evs":{"hp":0,"atk":252,"def":0,"spa":0,"spd":4,"spe":252},"ivs":{"hp":31,"atk":31,"def":31,"spa":31,"spd":31,"spe":31}},{"name":"WTF AM I??","species":"hitmonlee","item":"liechiberry","ability":"Unburden","moves":["reversal","endure","stoneedge","knockoff"],"nature":"Adamant","evs":{"hp":0,"atk":252,"def":0,"spa":0,"spd":4,"spe":252},"ivs":{"hp":31,"atk":31,"def":31,"spa":31,"spd":31,"spe":31}},{"name":"Sir Gallade","species":"gallade","item":"galladite","ability":"Steadfast","moves":["knockoff","zenheadbutt","closecombat","shadowsneak"],"nature":"Jolly","evs":{"hp":0,"atk":252,"def":0,"spa":0,"spd":0,"spe":252},"ivs":{"hp":31,"atk":31,"def":31,"spa":31,"spd":31,"spe":31}}],"p2team":[{"name":"Reckless","species":"staraptor","item":"leftovers","ability":"Intimidate","moves":["bravebird","roost","featherdance","defog"],"nature":"Impish","evs":{"hp":252,"atk":4,"def":252,"spa":0,"spd":0,"spe":0},"ivs":{"hp":31,"atk":31,"def":31,"spa":31,"spd":31,"spe":31}},{"name":"BetterThanYou","species":"ditto","item":"choicescarf","ability":"Imposter","moves":["transform"],"nature":"Bold","evs":{"hp":248,"atk":0,"def":252,"spa":0,"spd":8,"spe":0},"happiness":0,"ivs":{"hp":31,"atk":31,"def":31,"spa":31,"spd":31,"spe":31}},{"name":"Nurse Joy pls","species":"chansey","item":"eviolite","ability":"Natural Cure","moves":["aromatherapy","softboiled","thunderwave","seismictoss"],"nature":"Bold","evs":{"hp":248,"atk":0,"def":252,"spa":0,"spd":8,"spe":0},"ivs":{"hp":31,"atk":31,"def":31,"spa":31,"spd":31,"spe":31}},{"name":"EnergizerBunny","species":"lopunny","item":"lopunnite","ability":"Cute Charm","moves":["fakeout","highjumpkick","icepunch","frustration"],"nature":"Jolly","evs":{"hp":4,"atk":252,"def":0,"spa":0,"spd":0,"spe":252},"happiness":0,"ivs":{"hp":31,"atk":31,"def":31,"spa":31,"spd":31,"spe":31}},{"name":"DownloadFreeRAM","species":"porygon2","item":"eviolite","ability":"Trace","moves":["toxic","recover","icebeam","discharge"],"nature":"Bold","evs":{"hp":248,"atk":0,"def":252,"spa":8,"spd":0,"spe":0},"ivs":{"hp":31,"atk":31,"def":31,"spa":31,"spd":31,"spe":31}},{"name":"Diggersby tho","species":"diggersby","item":"choiceband","ability":"Huge Power","moves":["earthquake","quickattack","frustration","uturn"],"nature":"Adamant","evs":{"hp":4,"atk":252,"def":0,"spa":0,"spd":0,"spe":252},"happiness":0,"ivs":{"hp":31,"atk":31,"def":31,"spa":31,"spd":31,"spe":31}}],"log":["|player|p1|GTX♅WillWolf|54","|player|p2|Crystal Blade64|165","|gametype|singles","|gen|6","|tier|Monotype","|rated","|rule|Baton Pass Clause: Limit one Baton Passer, can't pass Spe and other stats simultaneously","|rule|Swagger Clause: Swagger is banned","|rule|Same Type Clause: Pokémon in a team must share a type","|clearpoke","|poke|p1|Cobalion","|poke|p1|Lucario, M","|poke|p1|Mienshao, M","|poke|p1|Heracross, M","|poke|p1|Hitmonlee, M","|poke|p1|Gallade, M","|poke|p2|Staraptor, F","|poke|p2|Ditto","|poke|p2|Chansey, F","|poke|p2|Lopunny, F","|poke|p2|Porygon2","|poke|p2|Diggersby, F","|rule|Sleep Clause Mod: Limit one foe put to sleep","|rule|Species Clause: Limit one of each Pokémon","|rule|OHKO Clause: OHKO moves are banned","|rule|Moody Clause: Moody is banned","|rule|Evasion Moves Clause: Evasion moves are banned","|rule|Endless Battle Clause: Forcing endless battles is banned","|rule|HP Percentage Mod: HP is shown in percentages","|teampreview","|","|start","|switch|p1a: Whiskers|Mienshao, M|271/271","|switch|p2a: Reckless|Staraptor, F|374/374","|-ability|p2a: Reckless|Intimidate","|-unboost|p1a: Whiskers|atk|1","|turn|1","|","|move|p1a: Whiskers|Fake Out|p2a: Reckless","|-damage|p2a: Reckless|334/374","|-damage|p1a: Whiskers|244/271|[from] item: Life Orb","|cant|p2a: Reckless|flinch","|","|-heal|p2a: Reckless|357/374|[from] item: Leftovers","|turn|2","|","|switch|p1a: THE KILLER|Cobalion|386/386","|move|p2a: Reckless|Feather Dance|p1a: THE KILLER","|-unboost|p1a: THE KILLER|atk|2","|","|-heal|p2a: Reckless|374/374|[from] item: Leftovers","|turn|3","|","|move|p1a: THE KILLER|Stealth Rock|p2a: Reckless","|-sidestart|p2: Crystal Blade64|move: Stealth Rock","|move|p2a: Reckless|Brave Bird|p1a: THE KILLER","|-damage|p1a: THE KILLER|277/386","|-damage|p2a: Reckless|338/374|[from] recoil|[of] p1a: THE KILLER","|","|-heal|p1a: THE KILLER|301/386|[from] item: Leftovers","|-heal|p2a: Reckless|361/374|[from] item: Leftovers","|turn|4","|","|move|p1a: THE KILLER|Stone Edge|p2a: Reckless|[miss]","|-miss|p1a: THE KILLER|p2a: Reckless","|move|p2a: Reckless|Defog|p1a: THE KILLER","|-unboost|p1a: THE KILLER|evasion|1","|-sideend|p2: Crystal Blade64|Stealth Rock|[from] move: Defog|[of] p2a: Reckless","|","|-heal|p1a: THE KILLER|325/386|[from] item: Leftovers","|-heal|p2a: Reckless|374/374|[from] item: Leftovers","|turn|5","|","|switch|p2a: DownloadFreeRAM|Porygon2|373/373","|-ability|p2a: DownloadFreeRAM|Justified|[from] ability: Trace|[of] p1a: THE KILLER","|move|p1a: THE KILLER|Stone Edge|p2a: DownloadFreeRAM|[miss]","|-miss|p1a: THE KILLER|p2a: DownloadFreeRAM","|","|-heal|p1a: THE KILLER|349/386|[from] item: Leftovers","|turn|6","|","|move|p1a: THE KILLER|Close Combat|p2a: DownloadFreeRAM","|-supereffective|p2a: DownloadFreeRAM","|-damage|p2a: DownloadFreeRAM|311/373","|-unboost|p1a: THE KILLER|def|1","|-unboost|p1a: THE KILLER|spd|1","|move|p2a: DownloadFreeRAM|Discharge|p1a: THE KILLER","|-damage|p1a: THE KILLER|226/386","|","|-heal|p1a: THE KILLER|250/386|[from] item: Leftovers","|turn|7","|","|move|p1a: THE KILLER|Close Combat|p2a: DownloadFreeRAM","|-supereffective|p2a: DownloadFreeRAM","|-damage|p2a: DownloadFreeRAM|245/373","|-unboost|p1a: THE KILLER|def|1","|-unboost|p1a: THE KILLER|spd|1","|move|p2a: DownloadFreeRAM|Discharge|p1a: THE KILLER","|-damage|p1a: THE KILLER|78/386","|","|-heal|p1a: THE KILLER|102/386|[from] item: Leftovers","|turn|8","|","|move|p1a: THE KILLER|Close Combat|p2a: DownloadFreeRAM","|-supereffective|p2a: DownloadFreeRAM","|-damage|p2a: DownloadFreeRAM|173/373","|-unboost|p1a: THE KILLER|def|1","|-unboost|p1a: THE KILLER|spd|1","|move|p2a: DownloadFreeRAM|Discharge|p1a: THE KILLER","|-damage|p1a: THE KILLER|0 fnt","|faint|p1a: THE KILLER","|","|","|switch|p1a: Hairy Cross|Heracross, M|301/301","|turn|9","|","|switch|p2a: Reckless|Staraptor, F|374/374","|-ability|p2a: Reckless|Intimidate","|-unboost|p1a: Hairy Cross|atk|1","|move|p1a: Hairy Cross|Close Combat|p2a: Reckless","|-damage|p2a: Reckless|244/374","|-unboost|p1a: Hairy Cross|def|1","|-unboost|p1a: Hairy Cross|spd|1","|","|-heal|p2a: Reckless|267/374|[from] item: Leftovers","|turn|10","|","|move|p1a: Hairy Cross|Close Combat|p2a: Reckless","|-damage|p2a: Reckless|149/374","|-unboost|p1a: Hairy Cross|def|1","|-unboost|p1a: Hairy Cross|spd|1","|move|p2a: Reckless|Feather Dance|p1a: Hairy Cross","|-unboost|p1a: Hairy Cross|atk|2","|","|-heal|p2a: Reckless|172/374|[from] item: Leftovers","|turn|11","|","|switch|p1a: Sir Gallade|Gallade, M|277/277","|move|p2a: Reckless|Roost|p2a: Reckless","|-heal|p2a: Reckless|359/374","|","|-heal|p2a: Reckless|374/374|[from] item: Leftovers","|turn|12","|","|detailschange|p1a: Sir Gallade|Gallade-Mega, M","|-mega|p1a: Sir Gallade|Gallade|Galladite","|move|p1a: Sir Gallade|Close Combat|p2a: Reckless","|-damage|p2a: Reckless|142/374","|-unboost|p1a: Sir Gallade|def|1","|-unboost|p1a: Sir Gallade|spd|1","|move|p2a: Reckless|Feather Dance|p1a: Sir Gallade","|-unboost|p1a: Sir Gallade|atk|2","|","|-heal|p2a: Reckless|165/374|[from] item: Leftovers","|turn|13","|","|move|p1a: Sir Gallade|Knock Off|p2a: Reckless","|-damage|p2a: Reckless|106/374","|-enditem|p2a: Reckless|Leftovers|[from] move: Knock Off|[of] p1a: Sir Gallade","|move|p2a: Reckless|Roost|p2a: Reckless","|-heal|p2a: Reckless|293/374","|","|turn|14","|","|switch|p1a: Lucario|Lucario, M|281/281","|move|p2a: Reckless|Brave Bird|p1a: Lucario","|-damage|p1a: Lucario|58/281","|-damage|p2a: Reckless|219/374|[from] recoil|[of] p1a: Lucario","|-enditem|p1a: Lucario|Salac Berry|[eat]","|-boost|p1a: Lucario|spe|1|[from] item: Salac Berry","|","|turn|15","|","|switch|p2a: Nurse Joy pls|Chansey, F|703/703","|move|p1a: Lucario|Reversal|p2a: Nurse Joy pls","|-crit|p2a: Nurse Joy pls","|-supereffective|p2a: Nurse Joy pls","|-damage|p2a: Nurse Joy pls|17/703","|","|turn|16","|","|move|p1a: Lucario|Ice Punch|p2a: Nurse Joy pls","|-damage|p2a: Nurse Joy pls|0 fnt","|faint|p2a: Nurse Joy pls","|","|","|switch|p2a: Diggersby tho|Diggersby, F|312/312","|turn|17","|","|move|p2a: Diggersby tho|Quick Attack|p1a: Lucario","|-resisted|p1a: Lucario","|-damage|p1a: Lucario|0 fnt","|faint|p1a: Lucario","|","|","|switch|p1a: Whiskers|Mienshao, M|271/271","|turn|18","|","|switch|p2a: Reckless|Staraptor, F|219/374","|-ability|p2a: Reckless|Intimidate","|-unboost|p1a: Whiskers|atk|1","|move|p1a: Whiskers|High Jump Kick|p2a: Reckless","|-damage|p2a: Reckless|51/374","|-damage|p1a: Whiskers|244/271|[from] item: Life Orb","|","|turn|19","|","|move|p1a: Whiskers|Hidden Power|p2a: Reckless","|-supereffective|p2a: Reckless","|-damage|p2a: Reckless|0 fnt","|-damage|p1a: Whiskers|217/271|[from] item: Life Orb","|faint|p2a: Reckless","|","|","|switch|p2a: EnergizerBunny|Lopunny, F|272/272","|turn|20","|","|switch|p1a: WTF AM I??|Hitmonlee, M|241/241","|detailschange|p2a: EnergizerBunny|Lopunny-Mega, F","|-mega|p2a: EnergizerBunny|Lopunny|Lopunnite","|move|p2a: EnergizerBunny|Fake Out|p1a: WTF AM I??","|-damage|p1a: WTF AM I??|115/241","|","|turn|21","|","|move|p1a: WTF AM I??|Endure|p1a: WTF AM I??","|-singleturn|p1a: WTF AM I??|move: Endure","|move|p2a: EnergizerBunny|Frustration|p1a: WTF AM I??","|-activate|p1a: WTF AM I??|move: Endure","|-damage|p1a: WTF AM I??|1/241","|-enditem|p1a: WTF AM I??|Liechi Berry|[eat]","|-boost|p1a: WTF AM I??|atk|1|[from] item: Liechi Berry","|","|turn|22","|","|switch|p2a: DownloadFreeRAM|Porygon2|173/373","|-ability|p2a: DownloadFreeRAM|Unburden|[from] ability: Trace|[of] p1a: WTF AM I??","|move|p1a: WTF AM I??|Reversal|p2a: DownloadFreeRAM","|-supereffective|p2a: DownloadFreeRAM","|-damage|p2a: DownloadFreeRAM|0 fnt","|faint|p2a: DownloadFreeRAM","|","|","|switch|p2a: EnergizerBunny|Lopunny-Mega, F|272/272","|turn|23","|","|move|p1a: WTF AM I??|Endure|p1a: WTF AM I??","|-singleturn|p1a: WTF AM I??|move: Endure","|move|p2a: EnergizerBunny|Fake Out|p1a: WTF AM I??","|-activate|p1a: WTF AM I??|move: Endure","|-damage|p1a: WTF AM I??|1/241","|","|turn|24","|","|switch|p2a: BetterThanYou|Ditto|299/299","|-transform|p2a: BetterThanYou|p1a: WTF AM I??","|move|p1a: WTF AM I??|Reversal|p2a: BetterThanYou","|-damage|p2a: BetterThanYou|0 fnt","|faint|p2a: BetterThanYou","|","|","|switch|p2a: Diggersby tho|Diggersby, F|312/312","|turn|25","|","|move|p1a: WTF AM I??|Endure|p1a: WTF AM I??","|-singleturn|p1a: WTF AM I??|move: Endure","|move|p2a: Diggersby tho|Quick Attack|p1a: WTF AM I??","|-activate|p1a: WTF AM I??|move: Endure","|-damage|p1a: WTF AM I??|1/241","|","|turn|26","|","|move|p2a: Diggersby tho|Quick Attack|p1a: WTF AM I??","|-damage|p1a: WTF AM I??|0 fnt","|faint|p1a: WTF AM I??","|","|","|switch|p1a: Whiskers|Mienshao, M|271/271","|turn|27","|","|move|p1a: Whiskers|Fake Out|p2a: Diggersby tho","|-damage|p2a: Diggersby tho|241/312","|-damage|p1a: Whiskers|244/271|[from] item: Life Orb","|cant|p2a: Diggersby tho|flinch","|","|turn|28","|","|move|p2a: Diggersby tho|Quick Attack|p1a: Whiskers","|-damage|p1a: Whiskers|0 fnt","|faint|p1a: Whiskers","|","|","|switch|p1a: Hairy Cross|Heracross, M|301/301","|turn|29","|","|move|p2a: Diggersby tho|Quick Attack|p1a: Hairy Cross","|-damage|p1a: Hairy Cross|132/301","|move|p1a: Hairy Cross|Close Combat|p2a: Diggersby tho","|-supereffective|p2a: Diggersby tho","|-damage|p2a: Diggersby tho|0 fnt","|-unboost|p1a: Hairy Cross|def|1","|-unboost|p1a: Hairy Cross|spd|1","|faint|p2a: Diggersby tho","|-boost|p1a: Hairy Cross|atk|1|[from] ability: Moxie","|","|","|switch|p2a: EnergizerBunny|Lopunny-Mega, F|272/272","|turn|30","|","|switch|p1a: Sir Gallade|Gallade-Mega, M|277/277","|move|p2a: EnergizerBunny|Fake Out|p1a: Sir Gallade","|-damage|p1a: Sir Gallade|196/277","|","|turn|31","|","|move|p2a: EnergizerBunny|Frustration|p1a: Sir Gallade","|-damage|p1a: Sir Gallade|0 fnt","|faint|p1a: Sir Gallade","|","|","|switch|p1a: Hairy Cross|Heracross, M|132/301","|turn|32","|","|move|p1a: Hairy Cross|Close Combat|p2a: EnergizerBunny","|-supereffective|p2a: EnergizerBunny","|-damage|p2a: EnergizerBunny|0 fnt","|-unboost|p1a: Hairy Cross|def|1","|-unboost|p1a: Hairy Cross|spd|1","|faint|p2a: EnergizerBunny","|-boost|p1a: Hairy Cross|atk|1|[from] ability: Moxie","|","|win|GTX♅WillWolf"],"p1rating":{"entryid":"444424","serverid":"eos","formatid":"monotype","userid":"gtxwillwolf","username":"GTX♅WillWolf","w":5,"l":"6","t":"0","gxe":48.8,"r":"1500","rd":"130","sigma":"0","rptime":"1440493200","rpr":1491.0110904203,"rprd":84.411958462845,"rpsigma":"0","acre":1125.990801181,"lacre":1125.990801181,"oldacre":"1089.8038048217"},"p2rating":{"entryid":"73557","serverid":"eos","formatid":"monotype","userid":"crystalblade64","username":"Crystal Blade64","w":"17","l":8,"t":"0","gxe":65,"r":"1624.8302249946","rd":"67.464526385736","sigma":"0","rptime":"1440493200","rpr":1618.6078225579,"rprd":65.499969703955,"rpsigma":"0","acre":1188.2588061575,"lacre":1188.2588061575,"oldacre":"1222.3596117024"},"endType":"normal"}