{"seed":[65066,11099,61785,11727],"turns":29,"p1":"Void Neo","p2":"SL~Kingdra","p1team":[{"name":"Miller","species":"skarmory","item":"rockyhelmet","ability":"Sturdy","moves":["stealthrock","whirlwind","roost","bravebird"],"nature":"Impish","evs":{"hp":248,"atk":0,"def":252,"spa":0,"spd":0,"spe":8},"ivs":{"hp":31,"atk":31,"def":31,"spa":31,"spd":31,"spe":31}},{"name":"Andrea","species":"togekiss","item":"leftovers","ability":"Serene Grace","moves":["dazzlinggleam","airslash","defog","roost"],"nature":"Calm","evs":{"hp":252,"atk":0,"def":0,"spa":4,"spd":252,"spe":0},"ivs":{"hp":31,"atk":31,"def":31,"spa":31,"spd":31,"spe":31}},{"name":"Ohnta","species":"gyarados","item":"leftovers","ability":"Moxie","moves":["dragondance","substitute","icefang","earthquake"],"nature":"Jolly","evs":{"hp":0,"atk":252,"def":0,"spa":0,"spd":4,"spe":252},"ivs":{"hp":31,"atk":31,"def":31,"spa":31,"spd":31,"spe":31}},{"name":"Rafique","species":"landorustherian","item":"choicescarf","ability":"Intimidate","moves":["uturn","earthquake","stoneedge","knockoff"],"nature":"Jolly","evs":{"hp":0,"atk":252,"def":0,"spa":0,"spd":4,"spe":252},"ivs":{"hp":31,"atk":31,"def":31,"spa":31,"spd":31,"spe":31}},{"name":"Zapdos","species":"Zapdos","item":"leftovers","ability":"Pressure","moves":["discharge","heatwave","toxic","roost"],"nature":"Calm","evs":{"hp":252,"atk":0,"def":0,"spa":4,"spd":252,"spe":0},"ivs":{"hp":31,"atk":31,"def":31,"spa":31,"spd":31,"spe":31}},{"name":"Cyron","species":"dragonite","item":"choiceband","ability":"Multiscale","moves":["outrage","extremespeed","firepunch","brickbreak"],"nature":"Adamant","evs":{"hp":0,"atk":252,"def":0,"spa":0,"spd":8,"spe":248},"ivs":{"hp":31,"atk":31,"def":31,"spa":31,"spd":31,"spe":31}}],"p2team":[{"name":"Smegle","species":"smeargle","item":"focussash","ability":"Own Tempo","moves":["spore","stickyweb","stealthrock","transform"],"nature":"Timid","evs":{"hp":252,"atk":0,"def":4,"spa":0,"spd":0,"spe":252},"ivs":{"hp":31,"atk":31,"def":31,"spa":31,"spd":31,"spe":31}},{"name":"Slaking","species":"Slaking","item":"choicescarf","ability":"Truant","moves":["retaliate","firepunch","earthquake","brickbreak"],"nature":"Adamant","evs":{"hp":200,"atk":252,"def":0,"spa":0,"spd":0,"spe":56},"ivs":{"hp":31,"atk":31,"def":31,"spa":31,"spd":31,"spe":31}},{"name":"Mel-B","species":"meloetta","item":"leftovers","ability":"Serene Grace","moves":["psychic","shadowball","hypervoice","calmmind"],"nature":"Calm","evs":{"hp":252,"atk":0,"def":0,"spa":4,"spd":252,"spe":0},"ivs":{"hp":31,"atk":31,"def":30,"spa":30,"spd":30,"spe":31}},{"name":"Demolition","species":"diggersby","item":"lifeorb","ability":"Huge Power","moves":["earthquake","quickattack","return","firepunch"],"nature":"Adamant","evs":{"hp":4,"atk":252,"def":0,"spa":0,"spd":0,"spe":252},"ivs":{"hp":31,"atk":31,"def":31,"spa":31,"spd":31,"spe":31}},{"name":"Cute Blob","species":"ditto","item":"choicescarf","ability":"Imposter","moves":["transform"],"nature":"Timid","evs":{"hp":252,"atk":0,"def":4,"spa":0,"spd":0,"spe":252},"ivs":{"hp":31,"atk":31,"def":31,"spa":31,"spd":31,"spe":31}},{"name":"Corey","species":"porygonz","item":"choicespecs","ability":"Adaptability","moves":["triattack","icebeam","hiddenpowerfire","discharge"],"nature":"Timid","evs":{"hp":4,"atk":0,"def":0,"spa":252,"spd":0,"spe":252},"ivs":{"hp":31,"atk":30,"def":31,"spa":30,"spd":31,"spe":30}}],"log":["|player|p1|Void Neo|266","|player|p2|SL~Kingdra|122","|gametype|singles","|gen|6","|tier|Monotype","|rated","|rule|Baton Pass Clause: Limit one Baton Passer, can't pass Spe and other stats simultaneously","|rule|Swagger Clause: Swagger is banned","|rule|Same Type Clause: Pokémon in a team must share a type","|clearpoke","|poke|p1|Skarmory, M","|poke|p1|Togekiss, F","|poke|p1|Gyarados, M","|poke|p1|Landorus-Therian, M","|poke|p1|Zapdos","|poke|p1|Dragonite, M","|poke|p2|Smeargle, M","|poke|p2|Slaking, F","|poke|p2|Meloetta","|poke|p2|Diggersby, M","|poke|p2|Ditto","|poke|p2|Porygon-Z","|rule|Sleep Clause Mod: Limit one foe put to sleep","|rule|Species Clause: Limit one of each Pokémon","|rule|OHKO Clause: OHKO moves are banned","|rule|Moody Clause: Moody is banned","|rule|Evasion Moves Clause: Evasion moves are banned","|rule|Endless Battle Clause: Forcing endless battles is banned","|rule|HP Percentage Mod: HP is shown in percentages","|teampreview","|","|start","|switch|p1a: Andrea|Togekiss, F|374/374","|switch|p2a: Smegle|Smeargle, M|314/314","|turn|1","|","|move|p2a: Smegle|Stealth Rock|p1a: Andrea","|-sidestart|p1: Void Neo|move: Stealth Rock","|move|p1a: Andrea|Air Slash|p2a: Smegle","|-damage|p2a: Smegle|113/314","|","|turn|2","|","|move|p2a: Smegle|Spore|p1a: Andrea","|-status|p1a: Andrea|slp","|cant|p1a: Andrea|slp","|","|turn|3","|","|switch|p2a: Corey|Porygon-Z|312/312","|cant|p1a: Andrea|slp","|","|turn|4","|","|move|p2a: Corey|Ice Beam|p1a: Andrea","|-supereffective|p1a: Andrea","|-damage|p1a: Andrea|160/374 slp","|cant|p1a: Andrea|slp","|","|-heal|p1a: Andrea|183/374 slp|[from] item: Leftovers","|turn|5","|","|switch|p1a: Ohnta|Gyarados, M|331/331","|-damage|p1a: Ohnta|249/331|[from] Stealth Rock","|move|p2a: Corey|Ice Beam|p1a: Ohnta","|-damage|p1a: Ohnta|98/331","|","|-heal|p1a: Ohnta|118/331|[from] item: Leftovers","|turn|6","|","|move|p2a: Corey|Ice Beam|p1a: Ohnta","|-damage|p1a: Ohnta|0 fnt","|faint|p1a: Ohnta","|","|","|switch|p1a: Rafique|Landorus-Therian, M|319/319","|-damage|p1a: Rafique|280/319|[from] Stealth Rock","|-ability|p1a: Rafique|Intimidate","|-unboost|p2a: Corey|atk|1","|turn|7","|","|move|p1a: Rafique|Earthquake|p2a: Corey","|-damage|p2a: Corey|60/312","|move|p2a: Corey|Ice Beam|p1a: Rafique","|-supereffective|p1a: Rafique","|-damage|p1a: Rafique|0 fnt","|faint|p1a: Rafique","|","|","|switch|p1a: Cyron|Dragonite, M|323/323","|-damage|p1a: Cyron|243/323|[from] Stealth Rock","|turn|8","|","|switch|p2a: Cute Blob|Ditto|300/300","|-transform|p2a: Cute Blob|p1a: Cyron","|move|p1a: Cyron|Extreme Speed|p2a: Cute Blob","|-damage|p2a: Cute Blob|220/300","|","|turn|9","|","|switch|p1a: Miller|Skarmory, M|333/333","|-damage|p1a: Miller|292/333|[from] Stealth Rock","|move|p2a: Cute Blob|Outrage|p1a: Miller","|-resisted|p1a: Miller","|-damage|p1a: Miller|220/333","|-damage|p2a: Cute Blob|170/300|[from] item: Rocky Helmet|[of] p1a: Miller","|","|turn|10","|","|move|p2a: Cute Blob|Outrage|p1a: Miller|[from]lockedmove","|-resisted|p1a: Miller","|-damage|p1a: Miller|155/333","|-damage|p2a: Cute Blob|120/300|[from] item: Rocky Helmet|[of] p1a: Miller","|-start|p2a: Cute Blob|confusion|[fatigue]","|move|p1a: Miller|Stealth Rock|p2a: Cute Blob","|-sidestart|p2: SL~Kingdra|move: Stealth Rock","|","|turn|11","|","|switch|p2a: Corey|Porygon-Z|60/312","|-damage|p2a: Corey|21/312|[from] Stealth Rock","|switch|p1a: Cyron|Dragonite, M|243/323","|-damage|p1a: Cyron|163/323|[from] Stealth Rock","|","|turn|12","|","|switch|p2a: Slaking|Slaking, F|491/491","|-damage|p2a: Slaking|430/491|[from] Stealth Rock","|move|p1a: Cyron|Extreme Speed|p2a: Slaking","|-damage|p2a: Slaking|268/491","|","|turn|13","|","|switch|p1a: Miller|Skarmory, M|155/333","|-damage|p1a: Miller|114/333|[from] Stealth Rock","|move|p2a: Slaking|Fire Punch|p1a: Miller","|-supereffective|p1a: Miller","|-damage|p1a: Miller|0 fnt","|-damage|p2a: Slaking|187/491|[from] item: Rocky Helmet|[of] p1a: Miller","|faint|p1a: Miller","|","|","|switch|p1a: Zapdos|Zapdos|384/384","|-damage|p1a: Zapdos|288/384|[from] Stealth Rock","|-ability|p1a: Zapdos|Pressure","|turn|14","|","|cant|p2a: Slaking|ability: Truant|Fire Punch","|move|p1a: Zapdos|Discharge|p2a: Slaking","|-damage|p2a: Slaking|19/491","|","|-heal|p1a: Zapdos|312/384|[from] item: Leftovers","|turn|15","|","|move|p2a: Slaking|Fire Punch|p1a: Zapdos","|-damage|p1a: Zapdos|170/384","|move|p1a: Zapdos|Roost|p1a: Zapdos","|-heal|p1a: Zapdos|362/384","|","|-heal|p1a: Zapdos|384/384|[from] item: Leftovers","|turn|16","|","|cant|p2a: Slaking|ability: Truant|Fire Punch","|move|p1a: Zapdos|Discharge|p2a: Slaking","|-damage|p2a: Slaking|0 fnt","|faint|p2a: Slaking","|","|","|switch|p2a: Mel-B|Meloetta|404/404","|-damage|p2a: Mel-B|354/404|[from] Stealth Rock","|turn|17","|","|move|p1a: Zapdos|Toxic|p2a: Mel-B","|-status|p2a: Mel-B|tox","|move|p2a: Mel-B|Hyper Voice|p1a: Zapdos","|-damage|p1a: Zapdos|282/384","|","|-heal|p1a: Zapdos|306/384|[from] item: Leftovers","|-heal|p2a: Mel-B|379/404 tox|[from] item: Leftovers","|-damage|p2a: Mel-B|354/404 tox|[from] psn","|turn|18","|","|switch|p2a: Corey|Porygon-Z|21/312","|-damage|p2a: Corey|0 fnt|[from] Stealth Rock","|faint|p2a: Corey","|move|p1a: Zapdos|Heat Wave|p2: Corey|[notarget]","|-notarget","|","|-heal|p1a: Zapdos|330/384|[from] item: Leftovers","|","|switch|p2a: Smegle|Smeargle, M|113/314","|-damage|p2a: Smegle|74/314|[from] Stealth Rock","|turn|19","|","|move|p2a: Smegle|Transform|p1a: Zapdos","|-transform|p2a: Smegle|p1a: Zapdos","|-ability|p2a: Smegle|Pressure","|move|p1a: Zapdos|Discharge|p2a: Smegle","|-damage|p2a: Smegle|0 fnt","|faint|p2a: Smegle","|","|-heal|p1a: Zapdos|354/384|[from] item: Leftovers","|","|switch|p2a: Cute Blob|Ditto|120/300","|-damage|p2a: Cute Blob|83/300|[from] Stealth Rock","|-transform|p2a: Cute Blob|p1a: Zapdos","|-ability|p2a: Cute Blob|Pressure","|turn|20","|","|switch|p1a: Andrea|Togekiss, F|183/374 slp","|-damage|p1a: Andrea|90/374 slp|[from] Stealth Rock","|move|p2a: Cute Blob|Toxic|p1a: Andrea","|-fail|p1a: Andrea","|","|-heal|p1a: Andrea|113/374 slp|[from] item: Leftovers","|turn|21","|","|switch|p2a: Mel-B|Meloetta|354/404 tox","|-damage|p2a: Mel-B|304/404 tox|[from] Stealth Rock","|-curestatus|p1a: Andrea|slp","|move|p1a: Andrea|Dazzling Gleam|p2a: Mel-B","|-damage|p2a: Mel-B|240/404 tox","|","|-heal|p2a: Mel-B|265/404 tox|[from] item: Leftovers","|-heal|p1a: Andrea|136/374|[from] item: Leftovers","|-damage|p2a: Mel-B|240/404 tox|[from] psn","|turn|22","|","|move|p2a: Mel-B|Hyper Voice|p1a: Andrea","|-damage|p1a: Andrea|57/374","|move|p1a: Andrea|Roost|p1a: Andrea","|-heal|p1a: Andrea|244/374","|","|-heal|p2a: Mel-B|265/404 tox|[from] item: Leftovers","|-heal|p1a: Andrea|267/374|[from] item: Leftovers","|-damage|p2a: Mel-B|215/404 tox|[from] psn","|turn|23","|","|move|p2a: Mel-B|Calm Mind|p2a: Mel-B","|-boost|p2a: Mel-B|spa|1","|-boost|p2a: Mel-B|spd|1","|move|p1a: Andrea|Dazzling Gleam|p2a: Mel-B","|-damage|p2a: Mel-B|167/404 tox","|","|-heal|p2a: Mel-B|192/404 tox|[from] item: Leftovers","|-heal|p1a: Andrea|290/374|[from] item: Leftovers","|-damage|p2a: Mel-B|117/404 tox|[from] psn","|turn|24","|","|move|p2a: Mel-B|Hyper Voice|p1a: Andrea","|-damage|p1a: Andrea|158/374","|move|p1a: Andrea|Roost|p1a: Andrea","|-heal|p1a: Andrea|345/374","|","|-heal|p2a: Mel-B|142/404 tox|[from] item: Leftovers","|-heal|p1a: Andrea|368/374|[from] item: Leftovers","|-damage|p2a: Mel-B|42/404 tox|[from] psn","|turn|25","|","|move|p2a: Mel-B|Psychic|p1a: Andrea","|-damage|p1a: Andrea|236/374","|move|p1a: Andrea|Roost|p1a: Andrea","|-heal|p1a: Andrea|374/374","|","|-heal|p2a: Mel-B|67/404 tox|[from] item: Leftovers","|-damage|p2a: Mel-B|0 fnt|[from] psn","|faint|p2a: Mel-B","|","|switch|p2a: Demolition|Diggersby, M|312/312","|-damage|p2a: Demolition|293/312|[from] Stealth Rock","|turn|26","|","|move|p2a: Demolition|Return|p1a: Andrea","|-damage|p1a: Andrea|61/374","|-damage|p2a: Demolition|262/312|[from] item: Life Orb","|move|p1a: Andrea|Air Slash|p2a: Demolition","|-crit|p2a: Demolition","|-damage|p2a: Demolition|61/312","|","|-heal|p1a: Andrea|84/374|[from] item: Leftovers","|turn|27","|","|move|p2a: Demolition|Quick Attack|p1a: Andrea","|-damage|p1a: Andrea|0 fnt","|-damage|p2a: Demolition|30/312|[from] item: Life Orb","|faint|p1a: Andrea","|","|","|switch|p1a: Cyron|Dragonite, M|163/323","|-damage|p1a: Cyron|83/323|[from] Stealth Rock","|turn|28","|","|switch|p2a: Cute Blob|Ditto|83/300","|-damage|p2a: Cute Blob|46/300|[from] Stealth Rock","|-transform|p2a: Cute Blob|p1a: Cyron","|move|p1a: Cyron|Extreme Speed|p2a: Cute Blob","|-damage|p2a: Cute Blob|0 fnt","|faint|p2a: Cute Blob","|","|","|switch|p2a: Demolition|Diggersby, M|30/312","|-damage|p2a: Demolition|11/312|[from] Stealth Rock","|turn|29","|","|move|p1a: Cyron|Extreme Speed|p2a: Demolition","|-damage|p2a: Demolition|0 fnt","|faint|p2a: Demolition","|","|win|Void Neo"],"p1rating":{"entryid":"413977","serverid":"eos","formatid":"monotype","userid":"voidneo","username":"Void Neo","w":4,"l":"0","t":"0","gxe":66.4,"r":"1500","rd":"130","sigma":"0","rptime":"1440406800","rpr":1634.4665264368,"rprd":106.71481891658,"rpsigma":"0","acre":1151.8377826025,"lacre":1151.8377826025,"oldacre":"1129.3014800565"},"p2rating":{"entryid":"101024","serverid":"eos","formatid":"monotype","userid":"slkingdra","username":"SL~Kingdra","w":"22","l":17,"t":"0","gxe":55.1,"r":"1554.5418496299","rd":"60.782696099482","sigma":"0","rptime":"1440406800","rpr":1538.8862805113,"rprd":54.612624575499,"rpsigma":"0","acre":1073.0973631955,"lacre":1073.0973631955,"oldacre":"1094.9509433292"},"endType":"normal"}