{"seed":[33963,54744,5077,53845],"turns":28,"p1":"Twizz","p2":"GTX♅Bzumzum","p1team":[{"name":"0.F.U","species":"magnezone","item":"leftovers","ability":"Sturdy","moves":["flashcannon","thunderbolt","protect","hiddenpowerice"],"nature":"Modest","evs":{"hp":76,"atk":0,"def":180,"spa":252,"spd":0,"spe":0},"ivs":{"hp":31,"atk":30,"def":30,"spa":31,"spd":31,"spe":31}},{"name":"Nope","species":"zapdos","item":"leftovers","ability":"Pressure","moves":["discharge","heatwave","toxic","roost"],"nature":"Bold","evs":{"hp":4,"atk":0,"def":252,"spa":56,"spd":196,"spe":0},"ivs":{"hp":31,"atk":31,"def":31,"spa":31,"spd":31,"spe":31}},{"name":"Amphabulous","species":"ampharos","item":"ampharosite","ability":"Static","moves":["cottonguard","rest","sleeptalk","dragonpulse"],"nature":"Bold","evs":{"hp":0,"atk":0,"def":252,"spa":136,"spd":120,"spe":0},"ivs":{"hp":31,"atk":31,"def":31,"spa":31,"spd":31,"spe":31}},{"name":"Raikou","species":"Raikou","item":"leftovers","ability":"Pressure","moves":["calmmind","substitute","thunderbolt","extrasensory"],"nature":"Timid","evs":{"hp":0,"atk":0,"def":0,"spa":252,"spd":4,"spe":252},"ivs":{"hp":31,"atk":30,"def":30,"spa":31,"spd":31,"spe":31}},{"name":"Fuck you","species":"rotomwash","item":"choicescarf","ability":"Levitate","moves":["voltswitch","hydropump","willowisp","trick"],"nature":"Timid","evs":{"hp":0,"atk":0,"def":0,"spa":252,"spd":4,"spe":252},"ivs":{"hp":31,"atk":31,"def":31,"spa":31,"spd":31,"spe":31}},{"name":"Condom","species":"eelektross","item":"assaultvest","ability":"Levitate","moves":["flamethrower","thunderbolt","drainpunch","knockoff"],"nature":"Quiet","evs":{"hp":3,"atk":136,"def":0,"spa":108,"spd":252,"spe":0},"ivs":{"hp":31,"atk":31,"def":31,"spa":31,"spd":31,"spe":31}}],"p2team":[{"name":"Abomasnow","species":"Abomasnow","item":"assaultvest","ability":"Snow Warning","moves":["blizzard","waterpulse","gigadrain","hiddenpowersteel"],"nature":"Modest","evs":{"hp":248,"atk":0,"def":0,"spa":252,"spd":8,"spe":0},"gender":"M","ivs":{"hp":31,"atk":31,"def":31,"spa":31,"spd":30,"spe":31},"shiny":true},{"name":"Serperior","species":"Serperior","item":"choicescarf","ability":"Contrary","moves":["dragonpulse","leafstorm","hiddenpowerrock","wringout"],"nature":"Timid","evs":{"hp":0,"atk":0,"def":0,"spa":252,"spd":4,"spe":252},"gender":"M","ivs":{"hp":31,"atk":31,"def":30,"spa":31,"spd":30,"spe":30},"shiny":true},{"name":"Sceptile","species":"Sceptile","item":"sceptilite","ability":"Unburden","moves":["dragonpulse","hiddenpowerfire","gigadrain","detect"],"nature":"Modest","evs":{"hp":0,"atk":0,"def":0,"spa":252,"spd":4,"spe":252},"gender":"M","ivs":{"hp":31,"atk":30,"def":31,"spa":30,"spd":31,"spe":30},"shiny":true},{"name":"Ludicool","species":"ludicolo","item":"leftovers","ability":"Swift Swim","moves":["icebeam","scald","leechseed","raindance"],"nature":"Calm","evs":{"hp":200,"atk":0,"def":0,"spa":96,"spd":92,"spe":120},"gender":"M","shiny":true,"ivs":{"hp":31,"atk":31,"def":31,"spa":31,"spd":31,"spe":31}},{"name":"Great-ily","species":"cradily","item":"leftovers","ability":"Storm Drain","moves":["rockslide","earthquake","recover","toxic"],"nature":"Careful","evs":{"hp":196,"atk":0,"def":60,"spa":0,"spd":252,"spe":0},"gender":"M","shiny":true,"ivs":{"hp":31,"atk":31,"def":31,"spa":31,"spd":31,"spe":31}},{"name":"Plantasaurus","species":"venusaur","item":"assaultvest","ability":"Chlorophyll","moves":["gigadrain","hiddenpowerrock","sludgebomb","energyball"],"nature":"Modest","evs":{"hp":0,"atk":0,"def":0,"spa":252,"spd":196,"spe":60},"gender":"M","ivs":{"hp":31,"atk":31,"def":30,"spa":31,"spd":30,"spe":30},"shiny":true}],"log":["|player|p1|Twizz|264","|player|p2|GTX♅Bzumzum|225","|gametype|singles","|gen|6","|tier|Monotype","|rated","|rule|Baton Pass Clause: Limit one Baton Passer, can't pass Spe and other stats simultaneously","|rule|Swagger Clause: Swagger is banned","|rule|Same Type Clause: Pokémon in a team must share a type","|clearpoke","|poke|p1|Magnezone","|poke|p1|Zapdos","|poke|p1|Ampharos, M","|poke|p1|Raikou","|poke|p1|Rotom-Wash","|poke|p1|Eelektross, F","|poke|p2|Abomasnow, M, shiny","|poke|p2|Serperior, M, shiny","|poke|p2|Sceptile, M, shiny","|poke|p2|Ludicolo, M, shiny","|poke|p2|Cradily, M, shiny","|poke|p2|Venusaur, M, shiny","|rule|Sleep Clause Mod: Limit one foe put to sleep","|rule|Species Clause: Limit one of each Pokémon","|rule|OHKO Clause: OHKO moves are banned","|rule|Moody Clause: Moody is banned","|rule|Evasion Moves Clause: Evasion moves are banned","|rule|Endless Battle Clause: Forcing endless battles is banned","|rule|HP Percentage Mod: HP is shown in percentages","|teampreview","|","|start","|switch|p1a: Fuck you|Rotom-Wash|241/241","|switch|p2a: Ludicool|Ludicolo, M, shiny|351/351","|turn|1","|","|move|p1a: Fuck you|Volt Switch|p2a: Ludicool","|-damage|p2a: Ludicool|255/351","|","|switch|p1a: Condom|Eelektross, F|311/311","|move|p2a: Ludicool|Leech Seed|p1a: Condom","|-start|p1a: Condom|move: Leech Seed","|","|-heal|p2a: Ludicool|276/351|[from] item: Leftovers","|-damage|p1a: Condom|273/311|[from] Leech Seed|[of] p2a: Ludicool","|-heal|p2a: Ludicool|314/351|[silent]","|turn|2","|","|move|p2a: Ludicool|Rain Dance|p2a: Ludicool","|-weather|RainDance","|move|p1a: Condom|Knock Off|p2a: Ludicool","|-damage|p2a: Ludicool|186/351","|-enditem|p2a: Ludicool|Leftovers|[from] move: Knock Off|[of] p1a: Condom","|","|-weather|RainDance|[upkeep]","|-damage|p1a: Condom|235/311|[from] Leech Seed|[of] p2a: Ludicool","|-heal|p2a: Ludicool|224/351|[silent]","|turn|3","|","|move|p2a: Ludicool|Scald|p1a: Condom","|-damage|p1a: Condom|153/311","|move|p1a: Condom|Thunderbolt|p2a: Ludicool","|-damage|p2a: Ludicool|104/351","|","|-weather|RainDance|[upkeep]","|-damage|p1a: Condom|115/311|[from] Leech Seed|[of] p2a: Ludicool","|-heal|p2a: Ludicool|142/351|[silent]","|turn|4","|","|switch|p2a: Sceptile|Sceptile, M, shiny|281/281","|switch|p1a: Fuck you|Rotom-Wash|241/241","|","|-weather|RainDance|[upkeep]","|turn|5","|","|switch|p2a: Abomasnow|Abomasnow, M, shiny|383/383","|-weather|Hail","|move|p1a: Fuck you|Volt Switch|p2a: Abomasnow","|-resisted|p2a: Abomasnow","|-damage|p2a: Abomasnow|341/383","|","|switch|p1a: 0.F.U|Magnezone|300/300","|","|-weather|Hail|[upkeep]","|-damage|p1a: 0.F.U|282/300|[from] hail","|-heal|p1a: 0.F.U|300/300|[from] item: Leftovers","|turn|6","|","|switch|p2a: Serperior|Serperior, M, shiny|291/291","|move|p1a: 0.F.U|Flash Cannon|p2a: Serperior","|-damage|p2a: Serperior|128/291","|","|-weather|Hail|[upkeep]","|-damage|p2a: Serperior|110/291|[from] hail","|-damage|p1a: 0.F.U|282/300|[from] hail","|-heal|p1a: 0.F.U|300/300|[from] item: Leftovers","|turn|7","|","|switch|p2a: Ludicool|Ludicolo, M, shiny|142/351","|move|p1a: 0.F.U|Protect|p1a: 0.F.U","|-fail|p1a: 0.F.U","|","|-weather|Hail|[upkeep]","|-damage|p2a: Ludicool|121/351|[from] hail","|-damage|p1a: 0.F.U|282/300|[from] hail","|-heal|p1a: 0.F.U|300/300|[from] item: Leftovers","|turn|8","|","|move|p2a: Ludicool|Leech Seed|p1a: 0.F.U","|-start|p1a: 0.F.U|move: Leech Seed","|move|p1a: 0.F.U|Thunderbolt|p2a: Ludicool","|-damage|p2a: Ludicool|0 fnt","|faint|p2a: Ludicool","|","|-weather|Hail|[upkeep]","|-damage|p1a: 0.F.U|282/300|[from] hail","|-heal|p1a: 0.F.U|300/300|[from] item: Leftovers","|","|switch|p2a: Sceptile|Sceptile, M, shiny|281/281","|turn|9","|","|switch|p1a: Fuck you|Rotom-Wash|241/241","|move|p2a: Sceptile|Detect|p2a: Sceptile","|-fail|p2a: Sceptile","|","|-weather|none","|turn|10","|","|detailschange|p2a: Sceptile|Sceptile-Mega, M, shiny","|-mega|p2a: Sceptile|Sceptile|Sceptilite","|move|p1a: Fuck you|Volt Switch|p2a: Sceptile","|-boost|p2a: Sceptile|spa|1|[from] ability: Lightning Rod","|move|p2a: Sceptile|Hidden Power|p1a: Fuck you","|-resisted|p1a: Fuck you","|-damage|p1a: Fuck you|178/241","|","|turn|11","|","|switch|p1a: Amphabulous|Ampharos, M|321/321","|move|p2a: Sceptile|Giga Drain|p1a: Amphabulous","|-damage|p1a: Amphabulous|92/321","|","|turn|12","|","|detailschange|p1a: Amphabulous|Ampharos-Mega, M","|-mega|p1a: Amphabulous|Ampharos|Ampharosite","|-ability|p1a: Amphabulous|Mold Breaker","|move|p2a: Sceptile|Hidden Power|p1a: Amphabulous","|-resisted|p1a: Amphabulous","|-damage|p1a: Amphabulous|37/321","|move|p1a: Amphabulous|Dragon Pulse|p2a: Sceptile","|-supereffective|p2a: Sceptile","|-damage|p2a: Sceptile|0 fnt","|faint|p2a: Sceptile","|","|","|switch|p2a: Abomasnow|Abomasnow, M, shiny|341/383","|-weather|Hail","|turn|13","|","|move|p2a: Abomasnow|Blizzard|p1a: Amphabulous","|-supereffective|p1a: Amphabulous","|-damage|p1a: Amphabulous|0 fnt","|faint|p1a: Amphabulous","|","|-weather|Hail|[upkeep]","|","|switch|p1a: 0.F.U|Magnezone|300/300","|turn|14","|","|move|p2a: Abomasnow|Blizzard|p1a: 0.F.U","|-resisted|p1a: 0.F.U","|-damage|p1a: 0.F.U|212/300","|move|p1a: 0.F.U|Flash Cannon|p2a: Abomasnow","|-supereffective|p2a: Abomasnow","|-damage|p2a: Abomasnow|119/383","|","|-weather|Hail|[upkeep]","|-damage|p1a: 0.F.U|194/300|[from] hail","|-heal|p1a: 0.F.U|212/300|[from] item: Leftovers","|turn|15","|","|move|p1a: 0.F.U|Flash Cannon|p2a: Abomasnow","|-supereffective|p2a: Abomasnow","|-damage|p2a: Abomasnow|0 fnt","|faint|p2a: Abomasnow","|","|-weather|Hail|[upkeep]","|-damage|p1a: 0.F.U|194/300|[from] hail","|-heal|p1a: 0.F.U|212/300|[from] item: Leftovers","|","|switch|p2a: Great-ily|Cradily, M, shiny|362/362","|turn|16","|","|move|p1a: 0.F.U|Flash Cannon|p2a: Great-ily","|-supereffective|p2a: Great-ily","|-damage|p2a: Great-ily|156/362","|move|p2a: Great-ily|Earthquake|p1a: 0.F.U","|-supereffective|p1a: 0.F.U","|-damage|p1a: 0.F.U|4/300","|","|-weather|Hail|[upkeep]","|-damage|p1a: 0.F.U|0 fnt|[from] hail","|-damage|p2a: Great-ily|134/362|[from] hail","|-heal|p2a: Great-ily|156/362|[from] item: Leftovers","|faint|p1a: 0.F.U","|","|switch|p1a: Nope|Zapdos|322/322","|-ability|p1a: Nope|Pressure","|turn|17","|","|move|p1a: Nope|Toxic|p2a: Great-ily","|-status|p2a: Great-ily|tox","|move|p2a: Great-ily|Recover|p2a: Great-ily","|-heal|p2a: Great-ily|337/362 tox","|","|-weather|none","|-heal|p2a: Great-ily|359/362 tox|[from] item: Leftovers","|-damage|p2a: Great-ily|337/362 tox|[from] psn","|turn|18","|","|move|p1a: Nope|Discharge|p2a: Great-ily","|-resisted|p2a: Great-ily","|-damage|p2a: Great-ily|295/362 tox","|move|p2a: Great-ily|Toxic|p1a: Nope","|-status|p1a: Nope|tox","|","|-heal|p2a: Great-ily|317/362 tox|[from] item: Leftovers","|-damage|p1a: Nope|302/322 tox|[from] psn","|-damage|p2a: Great-ily|273/362 tox|[from] psn","|turn|19","|","|switch|p1a: Fuck you|Rotom-Wash|178/241","|move|p2a: Great-ily|Rock Slide|p1a: Fuck you","|-damage|p1a: Fuck you|114/241","|","|-heal|p2a: Great-ily|295/362 tox|[from] item: Leftovers","|-damage|p2a: Great-ily|229/362 tox|[from] psn","|turn|20","|","|move|p1a: Fuck you|Trick|p2a: Great-ily","|-activate|p1a: Fuck you|move: Trick|[of] p2a: Great-ily","|-item|p2a: Great-ily|Choice Scarf|[from] move: Trick","|-item|p1a: Fuck you|Leftovers|[from] move: Trick","|move|p2a: Great-ily|Toxic|p1a: Fuck you","|-status|p1a: Fuck you|tox","|","|-heal|p1a: Fuck you|129/241 tox|[from] item: Leftovers","|-damage|p1a: Fuck you|114/241 tox|[from] psn","|-damage|p2a: Great-ily|141/362 tox|[from] psn","|turn|21","|","|move|p1a: Fuck you|Volt Switch|p2a: Great-ily","|-resisted|p2a: Great-ily","|-damage|p2a: Great-ily|108/362 tox","|","|switch|p1a: Nope|Zapdos|302/322 tox","|-ability|p1a: Nope|Pressure","|move|p2a: Great-ily|Toxic|p1a: Nope|[miss]","|-miss|p2a: Great-ily|p1a: Nope","|","|-heal|p1a: Nope|322/322 tox|[from] item: Leftovers","|-damage|p1a: Nope|302/322 tox|[from] psn","|-damage|p2a: Great-ily|0 fnt|[from] psn","|faint|p2a: Great-ily","|","|switch|p2a: Serperior|Serperior, M, shiny|110/291","|turn|22","|","|move|p2a: Serperior|Wring Out|p1a: Nope","|-damage|p1a: Nope|217/322 tox","|move|p1a: Nope|Heat Wave|p2a: Serperior","|-supereffective|p2a: Serperior","|-damage|p2a: Serperior|0 fnt","|faint|p2a: Serperior","|","|-heal|p1a: Nope|237/322 tox|[from] item: Leftovers","|-damage|p1a: Nope|197/322 tox|[from] psn","|","|switch|p2a: Plantasaurus|Venusaur, M, shiny|301/301","|turn|23","|","|move|p1a: Nope|Discharge|p2a: Plantasaurus","|-resisted|p2a: Plantasaurus","|-damage|p2a: Plantasaurus|268/301","|-status|p2a: Plantasaurus|par","|cant|p2a: Plantasaurus|par","|","|-heal|p1a: Nope|217/322 tox|[from] item: Leftovers","|-damage|p1a: Nope|157/322 tox|[from] psn","|turn|24","|","|move|p1a: Nope|Heat Wave|p2a: Plantasaurus","|-supereffective|p2a: Plantasaurus","|-damage|p2a: Plantasaurus|152/301 par","|move|p2a: Plantasaurus|Hidden Power|p1a: Nope","|-supereffective|p1a: Nope","|-damage|p1a: Nope|47/322 tox","|","|-heal|p1a: Nope|67/322 tox|[from] item: Leftovers","|-damage|p1a: Nope|0 fnt|[from] psn","|faint|p1a: Nope","|","|switch|p1a: Raikou|Raikou|321/321","|-ability|p1a: Raikou|Pressure","|turn|25","|","|move|p1a: Raikou|Calm Mind|p1a: Raikou","|-boost|p1a: Raikou|spa|1","|-boost|p1a: Raikou|spd|1","|move|p2a: Plantasaurus|Giga Drain|p1a: Raikou","|-damage|p1a: Raikou|239/321","|-heal|p2a: Plantasaurus|193/301 par|[from] drain|[of] p1a: Raikou","|","|-heal|p1a: Raikou|259/321|[from] item: Leftovers","|turn|26","|","|move|p1a: Raikou|Substitute|p1a: Raikou","|-start|p1a: Raikou|Substitute","|-damage|p1a: Raikou|179/321","|cant|p2a: Plantasaurus|par","|","|-heal|p1a: Raikou|199/321|[from] item: Leftovers","|turn|27","|","|move|p1a: Raikou|Extrasensory|p2a: Plantasaurus","|-supereffective|p2a: Plantasaurus","|-damage|p2a: Plantasaurus|55/301 par","|cant|p2a: Plantasaurus|par","|","|-heal|p1a: Raikou|219/321|[from] item: Leftovers","|turn|28","|","|move|p1a: Raikou|Extrasensory|p2a: Plantasaurus","|-supereffective|p2a: Plantasaurus","|-damage|p2a: Plantasaurus|0 fnt","|faint|p2a: Plantasaurus","|","|win|Twizz"],"p1rating":{"entryid":"66045","serverid":"eos","formatid":"monotype","userid":"twizz","username":"Twizz","w":16,"l":"11","t":"0","gxe":53.2,"r":"1556.7516194202","rd":"68.350300331058","sigma":"0","rptime":"1440493200","rpr":1524.6579750465,"rprd":64.27562459131,"rpsigma":"0","acre":1106.0176230252,"lacre":1106.0176230252,"oldacre":"1082.073412783"},"p2rating":{"entryid":"1463","serverid":"eos","formatid":"monotype","userid":"gtxbzumzum","username":"GTX♅Bzumzum","w":"18","l":43,"t":"0","gxe":31,"r":"1355.4260720597","rd":"47.889477272369","sigma":"0","rptime":"1440493200","rpr":1348.6051018167,"rprd":47.245918986365,"rpsigma":"0","acre":1021.6341135942,"lacre":1021.6341135942,"oldacre":"1034.7950537355"},"endType":"normal"}