{"seed":[38678,40471,29143,61323],"turns":22,"p1":"Blizzardbuffalo123","p2":"ZodiacDeadlyshotz","p1team":[{"name":"Kyurem-Black","species":"Kyurem-Black","item":"choiceband","ability":"Teravolt","moves":["outrage","earthpower","ironhead","fusionbolt"],"nature":"Naughty","evs":{"hp":248,"atk":252,"def":0,"spa":8,"spd":0,"spe":0},"ivs":{"hp":31,"atk":31,"def":31,"spa":31,"spd":31,"spe":31}},{"name":"Mamoswine","species":"Mamoswine","item":"choicescarf","ability":"Thick Fat","moves":["earthquake","iciclecrash","freezedry","ironhead"],"nature":"Naive","evs":{"hp":0,"atk":252,"def":0,"spa":4,"spd":0,"spe":252},"ivs":{"hp":31,"atk":31,"def":31,"spa":31,"spd":31,"spe":31}},{"name":"Froslass","species":"Froslass","item":"focussash","ability":"Cursed Body","moves":["thunderwave","destinybond","crunch","avalanche"],"nature":"Jolly","evs":{"hp":0,"atk":252,"def":0,"spa":0,"spd":4,"spe":252},"ivs":{"hp":31,"atk":31,"def":31,"spa":31,"spd":31,"spe":31}},{"name":"Cloyster","species":"Cloyster","item":"focussash","ability":"Skill Link","moves":["shellsmash","razorshell","iciclespear","rockblast"],"nature":"Adamant","evs":{"hp":0,"atk":252,"def":0,"spa":0,"spd":4,"spe":252},"ivs":{"hp":31,"atk":31,"def":31,"spa":31,"spd":31,"spe":31}},{"name":"Weavile","species":"Weavile","item":"lifeorb","ability":"Pressure","moves":["lowkick","fakeout","iciclecrash","knockoff"],"nature":"Jolly","evs":{"hp":0,"atk":252,"def":0,"spa":0,"spd":4,"spe":252},"ivs":{"hp":31,"atk":31,"def":31,"spa":31,"spd":31,"spe":31}},{"name":"Avalugg","species":"Avalugg","item":"leftovers","ability":"Own Tempo","moves":["earthquake","toxic","rapidspin","recover"],"nature":"Impish","evs":{"hp":252,"atk":4,"def":252,"spa":0,"spd":0,"spe":0},"ivs":{"hp":31,"atk":31,"def":31,"spa":31,"spd":31,"spe":31}}],"p2team":[{"name":"Hoopa-Unbound","species":"Hoopa-Unbound","item":"leftovers","ability":"Magician","moves":["gunkshot","protect","destinybond","phantomforce"],"nature":"Careful","evs":{"hp":252,"atk":4,"def":0,"spa":0,"spd":252,"spe":0},"ivs":{"hp":31,"atk":31,"def":31,"spa":31,"spd":31,"spe":31}},{"name":"Malamar","species":"Malamar","item":"airballoon","ability":"Contrary","moves":["foulplay","superpower","destinybond","facade"],"nature":"Adamant","evs":{"hp":248,"atk":252,"def":0,"spa":0,"spd":8,"spe":0},"ivs":{"hp":31,"atk":31,"def":31,"spa":31,"spd":31,"spe":31}},{"name":"Medicham","species":"Medicham","item":"medichamite","ability":"Pure Power","moves":["highjumpkick","zenheadbutt","poweruppunch","bulletpunch"],"nature":"Jolly","evs":{"hp":0,"atk":252,"def":0,"spa":0,"spd":4,"spe":252},"ivs":{"hp":31,"atk":31,"def":31,"spa":31,"spd":31,"spe":31}},{"name":"Mew","species":"Mew","item":"ejectbutton","ability":"Synchronize","moves":["reflect","explosion","healbell","lightscreen"],"nature":"Careful","evs":{"hp":248,"atk":8,"def":0,"spa":0,"spd":252,"spe":0},"ivs":{"hp":31,"atk":31,"def":31,"spa":31,"spd":31,"spe":31}},{"name":"Alakazam","species":"Alakazam","item":"colburberry","ability":"Magic Guard","moves":["magiccoat","signalbeam","encore","dazzlinggleam"],"nature":"Timid","evs":{"hp":0,"atk":0,"def":0,"spa":252,"spd":4,"spe":252},"ivs":{"hp":31,"atk":31,"def":31,"spa":31,"spd":31,"spe":31}},{"name":"Sigilyph","species":"Sigilyph","item":"focussash","ability":"Magic Guard","moves":["airslash","heatwave","psychic","icebeam"],"nature":"Timid","evs":{"hp":0,"atk":0,"def":0,"spa":252,"spd":36,"spe":220},"ivs":{"hp":31,"atk":31,"def":31,"spa":31,"spd":31,"spe":31}}],"log":["|player|p1|Blizzardbuffalo123|266","|player|p2|ZodiacDeadlyshotz|89","|gametype|singles","|gen|6","|tier|Monotype","|rated","|rule|Baton Pass Clause: Limit one Baton Passer, can't pass Spe and other stats simultaneously","|rule|Swagger Clause: Swagger is banned","|rule|Same Type Clause: Pokémon in a team must share a type","|clearpoke","|poke|p1|Kyurem-Black","|poke|p1|Mamoswine, M","|poke|p1|Froslass, F","|poke|p1|Cloyster, F","|poke|p1|Weavile, F","|poke|p1|Avalugg, F","|poke|p2|Hoopa-Unbound","|poke|p2|Malamar, F","|poke|p2|Medicham, F","|poke|p2|Mew","|poke|p2|Alakazam, F","|poke|p2|Sigilyph, M","|rule|Sleep Clause Mod: Limit one foe put to sleep","|rule|Species Clause: Limit one of each Pokémon","|rule|OHKO Clause: OHKO moves are banned","|rule|Moody Clause: Moody is banned","|rule|Evasion Moves Clause: Evasion moves are banned","|rule|Endless Battle Clause: Forcing endless battles is banned","|rule|HP Percentage Mod: HP is shown in percentages","|teampreview","|","|start","|switch|p1a: Weavile|Weavile, F|281/281","|switch|p2a: Sigilyph|Sigilyph, M|285/285","|-ability|p1a: Weavile|Pressure","|turn|1","|","|move|p1a: Weavile|Fake Out|p2a: Sigilyph","|-damage|p2a: Sigilyph|217/285","|-damage|p1a: Weavile|253/281|[from] item: Life Orb","|cant|p2a: Sigilyph|flinch","|","|turn|2","|","|move|p1a: Weavile|Knock Off|p2a: Sigilyph","|-supereffective|p2a: Sigilyph","|-damage|p2a: Sigilyph|0 fnt","|-enditem|p2a: Sigilyph|Focus Sash|[from] move: Knock Off|[of] p1a: Weavile","|-damage|p1a: Weavile|225/281|[from] item: Life Orb","|faint|p2a: Sigilyph","|","|","|switch|p2a: Hoopa-Unbound|Hoopa-Unbound|364/364","|turn|3","|","|move|p1a: Weavile|Knock Off|p2a: Hoopa-Unbound","|-damage|p2a: Hoopa-Unbound|59/364","|-enditem|p2a: Hoopa-Unbound|Leftovers|[from] move: Knock Off|[of] p1a: Weavile","|-damage|p1a: Weavile|197/281|[from] item: Life Orb","|move|p2a: Hoopa-Unbound|Destiny Bond|p2a: Hoopa-Unbound","|-singlemove|p2a: Hoopa-Unbound|Destiny Bond","|","|turn|4","|","|switch|p1a: Avalugg|Avalugg, F|394/394","|move|p2a: Hoopa-Unbound|Protect|p2a: Hoopa-Unbound","|-fail|p2a: Hoopa-Unbound","|","|turn|5","|","|move|p2a: Hoopa-Unbound|Destiny Bond|p2a: Hoopa-Unbound","|-singlemove|p2a: Hoopa-Unbound|Destiny Bond","|move|p1a: Avalugg|Toxic|p2a: Hoopa-Unbound","|-status|p2a: Hoopa-Unbound|tox","|","|-damage|p2a: Hoopa-Unbound|37/364 tox|[from] psn","|turn|6","|","|move|p2a: Hoopa-Unbound|Phantom Force|p1a: Avalugg|[still]","|-prepare|p2a: Hoopa-Unbound|Phantom Force|p1a: Avalugg","|move|p1a: Avalugg|Toxic|p2a: Hoopa-Unbound|[miss]","|-miss|p1a: Avalugg|p2a: Hoopa-Unbound","|","|-damage|p2a: Hoopa-Unbound|0 fnt|[from] psn","|faint|p2a: Hoopa-Unbound","|","|switch|p2a: Malamar|Malamar, F|375/375","|-item|p2a: Malamar|Air Balloon","|turn|7","|","|move|p2a: Malamar|Foul Play|p1a: Avalugg","|-damage|p1a: Avalugg|334/394","|move|p1a: Avalugg|Toxic|p2a: Malamar","|-status|p2a: Malamar|tox","|","|-heal|p1a: Avalugg|358/394|[from] item: Leftovers","|-damage|p2a: Malamar|352/375 tox|[from] psn","|turn|8","|","|move|p2a: Malamar|Superpower|p1a: Avalugg","|-supereffective|p1a: Avalugg","|-damage|p1a: Avalugg|244/394","|-boost|p2a: Malamar|atk|1","|-boost|p2a: Malamar|def|1","|move|p1a: Avalugg|Earthquake|p2a: Malamar","|-immune|p2a: Malamar|[msg]","|","|-heal|p1a: Avalugg|268/394|[from] item: Leftovers","|-damage|p2a: Malamar|306/375 tox|[from] psn","|turn|9","|","|move|p2a: Malamar|Facade|p1a: Avalugg","|-damage|p1a: Avalugg|166/394","|move|p1a: Avalugg|Rapid Spin|p2a: Malamar","|-damage|p2a: Malamar|293/375 tox","|-enditem|p2a: Malamar|Air Balloon","|","|-heal|p1a: Avalugg|190/394|[from] item: Leftovers","|-damage|p2a: Malamar|224/375 tox|[from] psn","|turn|10","|","|move|p2a: Malamar|Superpower|p1a: Avalugg","|-supereffective|p1a: Avalugg","|-damage|p1a: Avalugg|32/394","|-boost|p2a: Malamar|atk|1","|-boost|p2a: Malamar|def|1","|move|p1a: Avalugg|Recover|p1a: Avalugg","|-heal|p1a: Avalugg|229/394","|","|-heal|p1a: Avalugg|253/394|[from] item: Leftovers","|-damage|p2a: Malamar|132/375 tox|[from] psn","|turn|11","|","|move|p2a: Malamar|Superpower|p1a: Avalugg","|-supereffective|p1a: Avalugg","|-damage|p1a: Avalugg|25/394","|-boost|p2a: Malamar|atk|1","|-boost|p2a: Malamar|def|1","|move|p1a: Avalugg|Recover|p1a: Avalugg","|-heal|p1a: Avalugg|222/394","|","|-heal|p1a: Avalugg|246/394|[from] item: Leftovers","|-damage|p2a: Malamar|17/375 tox|[from] psn","|turn|12","|","|move|p2a: Malamar|Destiny Bond|p2a: Malamar","|-singlemove|p2a: Malamar|Destiny Bond","|move|p1a: Avalugg|Recover|p1a: Avalugg","|-heal|p1a: Avalugg|394/394","|","|-damage|p2a: Malamar|0 fnt|[from] psn","|faint|p2a: Malamar","|","|switch|p2a: Alakazam|Alakazam, F|251/251","|turn|13","|","|move|p2a: Alakazam|Encore|p1a: Avalugg","|-start|p1a: Avalugg|Encore","|move|p1a: Avalugg|Recover|p1a: Avalugg","|-fail|p1a: Avalugg","|","|turn|14","|","|switch|p2a: Medicham|Medicham, F|261/261","|switch|p1a: Kyurem-Black|Kyurem-Black|453/453","|-ability|p1a: Kyurem-Black|Teravolt","|","|turn|15","|","|detailschange|p2a: Medicham|Medicham-Mega, F","|-mega|p2a: Medicham|Medicham|Medichamite","|move|p2a: Medicham|High Jump Kick|p1a: Kyurem-Black","|-supereffective|p1a: Kyurem-Black","|-damage|p1a: Kyurem-Black|0 fnt","|faint|p1a: Kyurem-Black","|","|","|switch|p1a: Mamoswine|Mamoswine, M|361/361","|turn|16","|","|move|p1a: Mamoswine|Earthquake|p2a: Medicham","|-damage|p2a: Medicham|56/261","|move|p2a: Medicham|High Jump Kick|p1a: Mamoswine","|-supereffective|p1a: Mamoswine","|-damage|p1a: Mamoswine|0 fnt","|faint|p1a: Mamoswine","|","|","|switch|p1a: Froslass|Froslass, F|281/281","|turn|17","|","|switch|p2a: Alakazam|Alakazam, F|251/251","|move|p1a: Froslass|Crunch|p2a: Alakazam","|-supereffective|p2a: Alakazam","|-enditem|p2a: Alakazam|Colbur Berry|[eat]","|-damage|p2a: Alakazam|123/251","|","|turn|18","|","|move|p2a: Alakazam|Magic Coat|p2a: Alakazam","|-singleturn|p2a: Alakazam|move: Magic Coat","|move|p1a: Froslass|Crunch|p2a: Alakazam","|-supereffective|p2a: Alakazam","|-damage|p2a: Alakazam|0 fnt","|faint|p2a: Alakazam","|","|","|switch|p2a: Mew|Mew|403/403","|turn|19","|","|move|p1a: Froslass|Crunch|p2a: Mew","|-crit|p2a: Mew","|-supereffective|p2a: Mew","|-damage|p2a: Mew|211/403","|-enditem|p2a: Mew|Eject Button","|","|switch|p2a: Medicham|Medicham-Mega, F|56/261","|","|turn|20","|","|move|p1a: Froslass|Crunch|p2a: Medicham","|-damage|p2a: Medicham|0 fnt","|faint|p2a: Medicham","|","|","|switch|p2a: Mew|Mew|211/403","|turn|21","|","|move|p1a: Froslass|Crunch|p2a: Mew","|-supereffective|p2a: Mew","|-damage|p2a: Mew|67/403","|move|p2a: Mew|Reflect|p2a: Mew","|-sidestart|p2: ZodiacDeadlyshotz|Reflect","|","|turn|22","|","|move|p1a: Froslass|Crunch|p2a: Mew","|-supereffective|p2a: Mew","|-damage|p2a: Mew|0 fnt","|faint|p2a: Mew","|","|win|Blizzardbuffalo123"],"p1rating":{"entryid":"123638","serverid":"eos","formatid":"monotype","userid":"blizzardbuffalo123","username":"Blizzardbuffalo123","w":3,"l":"14","t":"0","gxe":31,"r":"1323.3480570002","rd":"87.082266353756","sigma":"0","rptime":"1440493200","rpr":1345.8729902405,"rprd":78.770717273456,"rpsigma":"0","acre":1081.1719067562,"lacre":1081.1719067562,"oldacre":"1054.2429875182"},"p2rating":{"entryid":441834,"formatid":"monotype","userid":"zodiacdeadlyshotz","username":"ZodiacDeadlyshotz","r":1500,"rd":130,"sigma":0,"rpr":1438.1968323215,"rprd":123.76873740797,"rpsigma":0,"rptime":1440493200,"w":0,"l":1,"t":0,"gxe":42.3,"acre":1000,"lacre":1000,"oldacre":1000},"endType":"normal"}