{"seed":[16318,56007,10284,43436],"turns":21,"p1":"Gym Ldr Mitsuka∆","p2":"LightOfAKnowing","p1team":[{"name":"Bellossom","species":"Bellossom","item":"leftovers","ability":"Chlorophyll","moves":["infestation","leechseed","hiddenpowerfire","sleeppowder"],"nature":"Bold","evs":{"hp":252,"atk":0,"def":252,"spa":0,"spd":4,"spe":0},"ivs":{"hp":31,"atk":30,"def":31,"spa":30,"spd":31,"spe":30}},{"name":"Abomasnow","species":"Abomasnow","item":"abomasite","ability":"Soundproof","moves":["earthquake","swordsdance","iceshard","gigadrain"],"nature":"Naughty","evs":{"hp":68,"atk":252,"def":0,"spa":8,"spd":0,"spe":180},"ivs":{"hp":31,"atk":30,"def":31,"spa":30,"spd":31,"spe":30}},{"name":"Roserade","species":"Roserade","item":"choicescarf","ability":"Technician","moves":["hiddenpowerrock","extrasensory","sludgebomb","gigadrain"],"nature":"Timid","evs":{"hp":0,"atk":0,"def":0,"spa":252,"spd":4,"spe":252},"ivs":{"hp":31,"atk":31,"def":30,"spa":31,"spd":30,"spe":30}},{"name":"Leavanny","species":"Leavanny","item":"focussash","ability":"Overcoat","moves":["stickyweb","leafblade","knockoff","xscissor"],"nature":"Adamant","evs":{"hp":4,"atk":252,"def":0,"spa":0,"spd":0,"spe":252},"ivs":{"hp":31,"atk":31,"def":31,"spa":31,"spd":31,"spe":31}},{"name":"Ferrothorn","species":"Ferrothorn","item":"occaberry","ability":"Iron Barbs","moves":["stealthrock","thunderwave","knockoff","ironhead"],"nature":"Impish","evs":{"hp":252,"atk":0,"def":128,"spa":0,"spd":128,"spe":0},"ivs":{"hp":31,"atk":31,"def":31,"spa":31,"spd":31,"spe":31}},{"name":"Breloom","species":"Breloom","item":"focussash","ability":"Technician","moves":["spore","rocktomb","machpunch","bulletseed"],"nature":"Jolly","evs":{"hp":0,"atk":252,"def":0,"spa":0,"spd":4,"spe":252},"ivs":{"hp":31,"atk":31,"def":31,"spa":31,"spd":31,"spe":31}}],"p2team":[{"name":"Gurdurr","species":"Gurdurr","item":"eviolite","ability":"Guts","moves":["bulkup","drainpunch","stoneedge","knockoff"],"nature":"Adamant","evs":{"hp":248,"atk":252,"def":0,"spa":0,"spd":8,"spe":0},"ivs":{"hp":31,"atk":31,"def":31,"spa":31,"spd":31,"spe":31}},{"name":"Hawlucha","species":"Hawlucha","item":"sitrusberry","ability":"Unburden","moves":["substitute","poweruppunch","acrobatics","drainpunch"],"nature":"Adamant","evs":{"hp":4,"atk":252,"def":0,"spa":0,"spd":0,"spe":252},"ivs":{"hp":31,"atk":31,"def":31,"spa":31,"spd":31,"spe":31}},{"name":"Gallade","species":"Gallade","item":"galladite","ability":"Steadfast","moves":["substitute","swordsdance","brickbreak","psychocut"],"nature":"Adamant","evs":{"hp":248,"atk":252,"def":0,"spa":0,"spd":8,"spe":0},"ivs":{"hp":31,"atk":31,"def":31,"spa":31,"spd":31,"spe":31}},{"name":"Machamp","species":"Machamp","item":"choiceband","ability":"No Guard","moves":["knockoff","bulletpunch","stoneedge","dynamicpunch"],"nature":"Adamant","evs":{"hp":248,"atk":252,"def":0,"spa":0,"spd":8,"spe":0},"ivs":{"hp":31,"atk":31,"def":31,"spa":31,"spd":31,"spe":31}},{"name":"Keldeo","species":"Keldeo","item":"leftovers","ability":"Justified","moves":["calmmind","scald","secretsword","icywind"],"nature":"Timid","evs":{"hp":0,"atk":0,"def":0,"spa":252,"spd":4,"spe":252},"ivs":{"hp":31,"atk":31,"def":31,"spa":31,"spd":31,"spe":31}},{"name":"Hitmontop","species":"Hitmontop","item":"choiceband","ability":"Technician","moves":["rapidspin","machpunch","pursuit","bulletpunch"],"nature":"Adamant","evs":{"hp":248,"atk":252,"def":0,"spa":0,"spd":8,"spe":0},"ivs":{"hp":31,"atk":31,"def":31,"spa":31,"spd":31,"spe":31}}],"log":["|player|p1|Gym Ldr Mitsuka∆|2","|player|p2|LightOfAKnowing|lightofaknowing.png","|gametype|singles","|gen|6","|tier|Monotype","|rated","|rule|Baton Pass Clause: Limit one Baton Passer, can't pass Spe and other stats simultaneously","|rule|Swagger Clause: Swagger is banned","|rule|Same Type Clause: Pokémon in a team must share a type","|clearpoke","|poke|p1|Bellossom, M","|poke|p1|Abomasnow, M","|poke|p1|Roserade, F","|poke|p1|Leavanny, M","|poke|p1|Ferrothorn, F","|poke|p1|Breloom, M","|poke|p2|Gurdurr, F","|poke|p2|Hawlucha, F","|poke|p2|Gallade, M","|poke|p2|Machamp, F","|poke|p2|Keldeo","|poke|p2|Hitmontop, M","|rule|Sleep Clause Mod: Limit one foe put to sleep","|rule|Species Clause: Limit one of each Pokémon","|rule|OHKO Clause: OHKO moves are banned","|rule|Moody Clause: Moody is banned","|rule|Evasion Moves Clause: Evasion moves are banned","|rule|Endless Battle Clause: Forcing endless battles is banned","|rule|HP Percentage Mod: HP is shown in percentages","|teampreview","|","|start","|switch|p1a: Leavanny|Leavanny, M|292/292","|switch|p2a: Gallade|Gallade, M|339/339","|turn|1","|","|detailschange|p2a: Gallade|Gallade-Mega, M","|-mega|p2a: Gallade|Gallade|Galladite","|move|p1a: Leavanny|Leaf Blade|p2a: Gallade","|-damage|p2a: Gallade|183/339","|move|p2a: Gallade|Brick Break|p1a: Leavanny","|-resisted|p1a: Leavanny","|-damage|p1a: Leavanny|187/292","|","|turn|2","|","|move|p1a: Leavanny|Leaf Blade|p2a: Gallade","|-damage|p2a: Gallade|39/339","|move|p2a: Gallade|Psycho Cut|p1a: Leavanny","|-damage|p1a: Leavanny|0 fnt","|faint|p1a: Leavanny","|","|","|switch|p1a: Abomasnow|Abomasnow, M|338/338","|turn|3","|","|move|p1a: Abomasnow|Ice Shard|p2a: Gallade","|-damage|p2a: Gallade|0 fnt","|faint|p2a: Gallade","|","|","|switch|p2a: Machamp|Machamp, F|383/383","|turn|4","|","|switch|p1a: Bellossom|Bellossom, M|354/354","|move|p2a: Machamp|Dynamic Punch|p1a: Bellossom","|-damage|p1a: Bellossom|144/354","|-start|p1a: Bellossom|confusion","|","|-heal|p1a: Bellossom|166/354|[from] item: Leftovers","|turn|5","|","|switch|p2a: Keldeo|Keldeo|323/323","|-activate|p1a: Bellossom|confusion","|move|p1a: Bellossom|Sleep Powder|p2a: Keldeo","|-status|p2a: Keldeo|slp","|","|-heal|p1a: Bellossom|188/354|[from] item: Leftovers","|turn|6","|","|switch|p2a: Gurdurr|Gurdurr, F|373/373","|-activate|p1a: Bellossom|confusion","|-damage|p1a: Bellossom|171/354|[from] confusion","|","|-heal|p1a: Bellossom|193/354|[from] item: Leftovers","|turn|7","|","|-activate|p1a: Bellossom|confusion","|move|p1a: Bellossom|Leech Seed|p2a: Gurdurr","|-start|p2a: Gurdurr|move: Leech Seed","|move|p2a: Gurdurr|Bulk Up|p2a: Gurdurr","|-boost|p2a: Gurdurr|atk|1","|-boost|p2a: Gurdurr|def|1","|","|-heal|p1a: Bellossom|215/354|[from] item: Leftovers","|-damage|p2a: Gurdurr|327/373|[from] Leech Seed|[of] p1a: Bellossom","|-heal|p1a: Bellossom|261/354|[silent]","|turn|8","|","|-activate|p1a: Bellossom|confusion","|-damage|p1a: Bellossom|241/354|[from] confusion","|move|p2a: Gurdurr|Knock Off|p1a: Bellossom","|-damage|p1a: Bellossom|125/354","|-enditem|p1a: Bellossom|Leftovers|[from] move: Knock Off|[of] p2a: Gurdurr","|","|-damage|p2a: Gurdurr|281/373|[from] Leech Seed|[of] p1a: Bellossom","|-heal|p1a: Bellossom|171/354|[silent]","|turn|9","|","|-end|p1a: Bellossom|confusion","|move|p1a: Bellossom|Infestation|p2a: Gurdurr","|-resisted|p2a: Gurdurr","|-damage|p2a: Gurdurr|273/373","|-activate|p2a: Gurdurr|move: Infestation|[of] p1a: Bellossom","|move|p2a: Gurdurr|Drain Punch|p1a: Bellossom","|-damage|p1a: Bellossom|33/354","|-heal|p2a: Gurdurr|342/373|[from] drain|[of] p1a: Bellossom","|","|-damage|p2a: Gurdurr|296/373|[from] Leech Seed|[of] p1a: Bellossom","|-heal|p1a: Bellossom|79/354|[silent]","|-damage|p2a: Gurdurr|250/373|[from] move: Infestation|[partiallytrapped]","|turn|10","|","|move|p1a: Bellossom|Hidden Power|p2a: Gurdurr","|-damage|p2a: Gurdurr|202/373","|move|p2a: Gurdurr|Drain Punch|p1a: Bellossom","|-crit|p1a: Bellossom","|-damage|p1a: Bellossom|0 fnt","|-heal|p2a: Gurdurr|242/373|[from] drain|[of] p1a: Bellossom","|faint|p1a: Bellossom","|","|","|switch|p1a: Roserade|Roserade, F|261/261","|turn|11","|","|move|p1a: Roserade|Extrasensory|p2a: Gurdurr","|-supereffective|p2a: Gurdurr","|-damage|p2a: Gurdurr|30/373","|move|p2a: Gurdurr|Drain Punch|p1a: Roserade","|-resisted|p1a: Roserade","|-damage|p1a: Roserade|127/261","|-heal|p2a: Gurdurr|97/373|[from] drain|[of] p1a: Roserade","|","|-damage|p2a: Gurdurr|51/373|[from] Leech Seed|[of] p1a: Roserade","|-heal|p1a: Roserade|173/261|[silent]","|turn|12","|","|move|p1a: Roserade|Extrasensory|p2a: Gurdurr","|-supereffective|p2a: Gurdurr","|-damage|p2a: Gurdurr|0 fnt","|faint|p2a: Gurdurr","|","|","|switch|p2a: Hitmontop|Hitmontop, M|303/303","|turn|13","|","|switch|p1a: Ferrothorn|Ferrothorn, F|352/352","|move|p2a: Hitmontop|Mach Punch|p1a: Ferrothorn","|-supereffective|p1a: Ferrothorn","|-damage|p1a: Ferrothorn|164/352","|-damage|p2a: Hitmontop|266/303|[from] ability: Iron Barbs|[of] p1a: Ferrothorn","|","|turn|14","|","|move|p2a: Hitmontop|Mach Punch|p1a: Ferrothorn","|-supereffective|p1a: Ferrothorn","|-damage|p1a: Ferrothorn|0 fnt","|-damage|p2a: Hitmontop|229/303|[from] ability: Iron Barbs|[of] p1a: Ferrothorn","|faint|p1a: Ferrothorn","|","|","|switch|p1a: Breloom|Breloom, M|261/261","|turn|15","|","|switch|p2a: Hawlucha|Hawlucha, F|298/298","|move|p1a: Breloom|Bullet Seed|p2a: Hawlucha","|-resisted|p2a: Hawlucha","|-damage|p2a: Hawlucha|260/298","|-resisted|p2a: Hawlucha","|-damage|p2a: Hawlucha|215/298","|-crit|p2a: Hawlucha","|-resisted|p2a: Hawlucha","|-damage|p2a: Hawlucha|157/298","|-resisted|p2a: Hawlucha","|-damage|p2a: Hawlucha|112/298","|-enditem|p2a: Hawlucha|Sitrus Berry|[eat]","|-heal|p2a: Hawlucha|186/298|[from] item: Sitrus Berry","|-hitcount|p2a: Hawlucha|4","|","|turn|16","|","|move|p2a: Hawlucha|Acrobatics|p1a: Breloom","|-supereffective|p1a: Breloom","|-enditem|p1a: Breloom|Focus Sash","|-damage|p1a: Breloom|1/261","|move|p1a: Breloom|Spore|p2a: Hawlucha","|-message|Sleep Clause Mod activated.","|-immune|p2a: Hawlucha|[msg]","|","|turn|17","|","|move|p2a: Hawlucha|Power-Up Punch|p1a: Breloom","|-damage|p1a: Breloom|0 fnt","|-boost|p2a: Hawlucha|atk|1","|faint|p1a: Breloom","|","|","|switch|p1a: Roserade|Roserade, F|173/261","|turn|18","|","|move|p2a: Hawlucha|Acrobatics|p1a: Roserade","|-supereffective|p1a: Roserade","|-damage|p1a: Roserade|0 fnt","|faint|p1a: Roserade","|","|","|switch|p1a: Abomasnow|Abomasnow, M|338/338","|turn|19","|","|detailschange|p1a: Abomasnow|Abomasnow-Mega, M","|-mega|p1a: Abomasnow|Abomasnow|Abomasite","|-weather|Hail","|move|p1a: Abomasnow|Ice Shard|p2a: Hawlucha","|-supereffective|p2a: Hawlucha","|-damage|p2a: Hawlucha|0 fnt","|faint|p2a: Hawlucha","|","|-weather|Hail|[upkeep]","|","|switch|p2a: Hitmontop|Hitmontop, M|229/303","|turn|20","|","|move|p2a: Hitmontop|Mach Punch|p1a: Abomasnow","|-supereffective|p1a: Abomasnow","|-damage|p1a: Abomasnow|50/338","|move|p1a: Abomasnow|Giga Drain|p2a: Hitmontop","|-damage|p2a: Hitmontop|121/303","|-heal|p1a: Abomasnow|104/338|[from] drain|[of] p2a: Hitmontop","|","|-weather|Hail|[upkeep]","|-damage|p2a: Hitmontop|103/303|[from] hail","|turn|21","|","|move|p2a: Hitmontop|Mach Punch|p1a: Abomasnow","|-supereffective|p1a: Abomasnow","|-damage|p1a: Abomasnow|0 fnt","|faint|p1a: Abomasnow","|","|win|LightOfAKnowing"],"p1rating":{"entryid":"379503","serverid":"eos","formatid":"monotype","userid":"gymldrmitsuka","username":"Gym Ldr Mitsuka∆","w":"16","l":14,"t":"0","gxe":52.9,"r":"1480.5479162543","rd":"69.536962153299","sigma":"0","rptime":"1440493200","rpr":1522.406344736,"rprd":60.716895540545,"rpsigma":"0","acre":1210.626929717,"lacre":1210.626929717,"oldacre":"1240.783895071"},"p2rating":{"entryid":"386","serverid":"eos","formatid":"monotype","userid":"lightofaknowing","username":"LightOfAKnowing","w":34,"l":"42","t":"0","gxe":47.1,"r":"1468.7177165907","rd":"42.537282339152","sigma":"0","rptime":"1440493200","rpr":1477.8737110016,"rprd":41.964411558406,"rpsigma":"0","acre":1198.2290418679,"lacre":1198.2290418679,"oldacre":"1168.0720765139"},"endType":"normal"}