{"seed":[27714,26515,8674,41347],"turns":26,"p1":"Primal GT DuckSoup","p2":"Lotus Aranacana","p1team":[{"name":"Landorus-Therian","species":"Landorus-Therian","item":"leftovers","ability":"Intimidate","moves":["stealthrock","bulkup","earthquake","uturn"],"nature":"Impish","evs":{"hp":252,"atk":0,"def":196,"spa":0,"spd":4,"spe":56},"ivs":{"hp":31,"atk":31,"def":31,"spa":31,"spd":31,"spe":31}},{"name":"Pidgeot","species":"Pidgeot","item":"pidgeotite","ability":"Tangled Feet","moves":["uturn","roost","heatwave","hurricane"],"nature":"Timid","evs":{"hp":0,"atk":0,"def":0,"spa":252,"spd":4,"spe":252},"ivs":{"hp":31,"atk":31,"def":31,"spa":31,"spd":31,"spe":31}},{"name":"Salamence","species":"Salamence","item":"choicescarf","ability":"Moxie","moves":["outrage","earthquake","crunch","return"],"nature":"Adamant","evs":{"hp":0,"atk":252,"def":0,"spa":0,"spd":4,"spe":252},"ivs":{"hp":31,"atk":31,"def":31,"spa":31,"spd":31,"spe":31}},{"name":"Togekiss","species":"Togekiss","item":"leftovers","ability":"Serene Grace","moves":["airslash","nastyplot","batonpass","roost"],"nature":"Calm","evs":{"hp":252,"atk":0,"def":0,"spa":4,"spd":252,"spe":0},"ivs":{"hp":31,"atk":31,"def":31,"spa":31,"spd":31,"spe":31}},{"name":"Gyarados","species":"Gyarados","item":"leftovers","ability":"Intimidate","moves":["waterfall","thunderwave","dragondance","ironhead"],"nature":"Serious","evs":{"hp":252,"atk":0,"def":104,"spa":0,"spd":152,"spe":0},"ivs":{"hp":31,"atk":31,"def":31,"spa":31,"spd":31,"spe":31}},{"name":"Thundurus","species":"Thundurus","item":"leftovers","ability":"Prankster","moves":["voltswitch","superpower","grassknot","thunderwave"],"nature":"Hasty","evs":{"hp":0,"atk":4,"def":0,"spa":252,"spd":0,"spe":252},"ivs":{"hp":31,"atk":31,"def":31,"spa":31,"spd":31,"spe":31}}],"p2team":[{"name":"Balboa","species":"tyranitar","item":"assaultvest","ability":"Sand Stream","moves":["crunch","rockslide","earthquake","aerialace"],"nature":"Adamant","evs":{"hp":248,"atk":252,"def":0,"spa":0,"spd":8,"spe":0},"gender":"M","ivs":{"hp":31,"atk":31,"def":31,"spa":31,"spd":31,"spe":31}},{"name":"Gemini","species":"sableye","item":"sablenite","ability":"Prankster","moves":["willowisp","calmmind","dazzlinggleam","recover"],"nature":"Calm","evs":{"hp":248,"atk":0,"def":0,"spa":8,"spd":252,"spe":0},"gender":"F","ivs":{"hp":31,"atk":31,"def":31,"spa":31,"spd":31,"spe":31}},{"name":"Checkmate","species":"bisharp","item":"focussash","ability":"Defiant","moves":["aerialace","ironhead","suckerpunch","knockoff"],"nature":"Jolly","evs":{"hp":4,"atk":252,"def":0,"spa":0,"spd":0,"spe":252},"gender":"M","shiny":true,"ivs":{"hp":31,"atk":31,"def":31,"spa":31,"spd":31,"spe":31}},{"name":"Lord of the Rings","species":"hoopaunbound","item":"choicescarf","ability":"Magician","moves":["hyperspacefury","zenheadbutt","gunkshot","firepunch"],"nature":"Jolly","evs":{"hp":0,"atk":252,"def":0,"spa":0,"spd":4,"spe":252},"ivs":{"hp":31,"atk":31,"def":31,"spa":31,"spd":31,"spe":31}},{"name":"Buzzkill","species":"mandibuzz","item":"leftovers","ability":"Overcoat","moves":["roost","foulplay","toxic","defog"],"nature":"Impish","evs":{"hp":240,"atk":0,"def":28,"spa":0,"spd":188,"spe":52},"ivs":{"hp":31,"atk":31,"def":31,"spa":31,"spd":31,"spe":31}},{"name":"Spielberg's Pet","species":"sharpedo","item":"lifeorb","ability":"Speed Boost","moves":["protect","crunch","icefang","waterfall"],"nature":"Adamant","evs":{"hp":0,"atk":252,"def":0,"spa":0,"spd":4,"spe":252},"gender":"M","ivs":{"hp":31,"atk":31,"def":31,"spa":31,"spd":31,"spe":31}}],"log":["|player|p1|Primal GT DuckSoup|121","|player|p2|Lotus Aranacana|lotusaranacana.png","|gametype|singles","|gen|6","|tier|Monotype","|rated","|rule|Baton Pass Clause: Limit one Baton Passer, can't pass Spe and other stats simultaneously","|rule|Swagger Clause: Swagger is banned","|rule|Same Type Clause: Pokémon in a team must share a type","|clearpoke","|poke|p1|Landorus-Therian, M","|poke|p1|Pidgeot, F","|poke|p1|Salamence, F","|poke|p1|Togekiss, F","|poke|p1|Gyarados, M","|poke|p1|Thundurus, M","|poke|p2|Tyranitar, M","|poke|p2|Sableye, F","|poke|p2|Bisharp, M, shiny","|poke|p2|Hoopa-Unbound","|poke|p2|Mandibuzz, F","|poke|p2|Sharpedo, M","|rule|Sleep Clause Mod: Limit one foe put to sleep","|rule|Species Clause: Limit one of each Pokémon","|rule|OHKO Clause: OHKO moves are banned","|rule|Moody Clause: Moody is banned","|rule|Evasion Moves Clause: Evasion moves are banned","|rule|Endless Battle Clause: Forcing endless battles is banned","|rule|HP Percentage Mod: HP is shown in percentages","|teampreview","|","|start","|switch|p1a: Thundurus|Thundurus, M|299/299","|switch|p2a: Gemini|Sableye, F|303/303","|turn|1","|","|detailschange|p2a: Gemini|Sableye-Mega, F","|-mega|p2a: Gemini|Sableye|Sablenite","|move|p1a: Thundurus|Thunder Wave|p2a: Gemini","|move|p2a: Gemini|Thunder Wave|p1a: Thundurus|[from]Magic Bounce","|-immune|p1a: Thundurus|[msg]","|move|p2a: Gemini|Calm Mind|p2a: Gemini","|-boost|p2a: Gemini|spa|1","|-boost|p2a: Gemini|spd|1","|","|turn|2","|","|move|p1a: Thundurus|Volt Switch|p2a: Gemini","|-crit|p2a: Gemini","|-damage|p2a: Gemini|188/303","|","|switch|p1a: Gyarados|Gyarados, M|394/394","|-ability|p1a: Gyarados|Intimidate","|-unboost|p2a: Gemini|atk|1","|move|p2a: Gemini|Will-O-Wisp|p1a: Gyarados","|-status|p1a: Gyarados|brn","|","|-damage|p1a: Gyarados|345/394 brn|[from] brn","|turn|3","|","|move|p1a: Gyarados|Dragon Dance|p1a: Gyarados","|-boost|p1a: Gyarados|atk|1","|-boost|p1a: Gyarados|spe|1","|move|p2a: Gemini|Recover|p2a: Gemini","|-heal|p2a: Gemini|303/303","|","|-heal|p1a: Gyarados|369/394 brn|[from] item: Leftovers","|-damage|p1a: Gyarados|320/394 brn|[from] brn","|turn|4","|","|move|p1a: Gyarados|Dragon Dance|p1a: Gyarados","|-boost|p1a: Gyarados|atk|1","|-boost|p1a: Gyarados|spe|1","|move|p2a: Gemini|Calm Mind|p2a: Gemini","|-boost|p2a: Gemini|spa|1","|-boost|p2a: Gemini|spd|1","|","|-heal|p1a: Gyarados|344/394 brn|[from] item: Leftovers","|-damage|p1a: Gyarados|295/394 brn|[from] brn","|turn|5","|","|move|p1a: Gyarados|Waterfall|p2a: Gemini","|-damage|p2a: Gemini|209/303","|move|p2a: Gemini|Dazzling Gleam|p1a: Gyarados","|-damage|p1a: Gyarados|205/394 brn","|","|-heal|p1a: Gyarados|229/394 brn|[from] item: Leftovers","|-damage|p1a: Gyarados|180/394 brn|[from] brn","|turn|6","|","|move|p1a: Gyarados|Waterfall|p2a: Gemini","|-damage|p2a: Gemini|122/303","|move|p2a: Gemini|Recover|p2a: Gemini","|-heal|p2a: Gemini|274/303","|","|-heal|p1a: Gyarados|204/394 brn|[from] item: Leftovers","|-damage|p1a: Gyarados|155/394 brn|[from] brn","|turn|7","|","|move|p1a: Gyarados|Dragon Dance|p1a: Gyarados","|-boost|p1a: Gyarados|atk|1","|-boost|p1a: Gyarados|spe|1","|move|p2a: Gemini|Dazzling Gleam|p1a: Gyarados","|-damage|p1a: Gyarados|58/394 brn","|","|-heal|p1a: Gyarados|82/394 brn|[from] item: Leftovers","|-damage|p1a: Gyarados|33/394 brn|[from] brn","|turn|8","|","|move|p1a: Gyarados|Waterfall|p2a: Gemini","|-damage|p2a: Gemini|154/303","|move|p2a: Gemini|Dazzling Gleam|p1a: Gyarados","|-damage|p1a: Gyarados|0 fnt","|faint|p1a: Gyarados","|","|","|switch|p1a: Salamence|Salamence, F|331/331","|turn|9","|","|move|p1a: Salamence|Earthquake|p2a: Gemini","|-damage|p2a: Gemini|34/303","|move|p2a: Gemini|Will-O-Wisp|p1a: Salamence","|-status|p1a: Salamence|brn","|","|-damage|p1a: Salamence|290/331 brn|[from] brn","|turn|10","|","|switch|p2a: Buzzkill|Mandibuzz, F|421/421","|move|p1a: Salamence|Earthquake|p2a: Buzzkill","|-immune|p2a: Buzzkill|[msg]","|","|-damage|p1a: Salamence|249/331 brn|[from] brn","|turn|11","|","|switch|p1a: Thundurus|Thundurus, M|299/299","|move|p2a: Buzzkill|Foul Play|p1a: Thundurus","|-damage|p1a: Thundurus|95/299","|","|-heal|p1a: Thundurus|113/299|[from] item: Leftovers","|turn|12","|","|move|p1a: Thundurus|Volt Switch|p2a: Buzzkill","|-supereffective|p2a: Buzzkill","|-damage|p2a: Buzzkill|211/421","|","|switch|p1a: Togekiss|Togekiss, F|374/374","|move|p2a: Buzzkill|Foul Play|p1a: Togekiss","|-resisted|p1a: Togekiss","|-damage|p1a: Togekiss|344/374","|","|-heal|p2a: Buzzkill|237/421|[from] item: Leftovers","|-heal|p1a: Togekiss|367/374|[from] item: Leftovers","|turn|13","|","|switch|p2a: Checkmate|Bisharp, M, shiny|272/272","|move|p1a: Togekiss|Nasty Plot|p1a: Togekiss","|-boost|p1a: Togekiss|spa|2","|","|-heal|p1a: Togekiss|374/374|[from] item: Leftovers","|turn|14","|","|move|p2a: Checkmate|Iron Head|p1a: Togekiss","|-supereffective|p1a: Togekiss","|-damage|p1a: Togekiss|86/374","|cant|p1a: Togekiss|flinch","|","|-heal|p1a: Togekiss|109/374|[from] item: Leftovers","|turn|15","|","|switch|p1a: Landorus-Therian|Landorus-Therian, M|382/382","|-ability|p1a: Landorus-Therian|Intimidate","|-unboost|p2a: Checkmate|atk|1","|-boost|p2a: Checkmate|atk|2|[from] ability: Defiant","|move|p2a: Checkmate|Iron Head|p1a: Landorus-Therian","|-damage|p1a: Landorus-Therian|228/382","|","|-heal|p1a: Landorus-Therian|251/382|[from] item: Leftovers","|turn|16","|","|move|p2a: Checkmate|Knock Off|p1a: Landorus-Therian","|-damage|p1a: Landorus-Therian|50/382","|-enditem|p1a: Landorus-Therian|Leftovers|[from] move: Knock Off|[of] p2a: Checkmate","|move|p1a: Landorus-Therian|Earthquake|p2a: Checkmate","|-supereffective|p2a: Checkmate","|-enditem|p2a: Checkmate|Focus Sash","|-damage|p2a: Checkmate|1/272","|","|turn|17","|","|move|p2a: Checkmate|Iron Head|p1a: Landorus-Therian","|-damage|p1a: Landorus-Therian|0 fnt","|faint|p1a: Landorus-Therian","|","|","|switch|p1a: Thundurus|Thundurus, M|113/299","|turn|18","|","|move|p2a: Checkmate|Sucker Punch|p1a: Thundurus","|-damage|p1a: Thundurus|0 fnt","|faint|p1a: Thundurus","|","|","|switch|p1a: Pidgeot|Pidgeot, F|307/307","|turn|19","|","|detailschange|p1a: Pidgeot|Pidgeot-Mega, F","|-mega|p1a: Pidgeot|Pidgeot|Pidgeotite","|move|p2a: Checkmate|Sucker Punch|p1a: Pidgeot","|-damage|p1a: Pidgeot|42/307","|move|p1a: Pidgeot|Heat Wave|p2a: Checkmate","|-supereffective|p2a: Checkmate","|-damage|p2a: Checkmate|0 fnt","|faint|p2a: Checkmate","|","|","|switch|p2a: Balboa|Tyranitar, M|403/403","|-weather|Sandstorm","|turn|20","|","|move|p1a: Pidgeot|U-turn|p2a: Balboa","|-supereffective|p2a: Balboa","|-damage|p2a: Balboa|325/403","|","|switch|p1a: Salamence|Salamence, F|249/331 brn","|move|p2a: Balboa|Rock Slide|p1a: Salamence","|-supereffective|p1a: Salamence","|-damage|p1a: Salamence|0 fnt","|faint|p1a: Salamence","|","|-weather|Sandstorm|[upkeep]","|","|switch|p1a: Togekiss|Togekiss, F|109/374","|turn|21","|","|move|p1a: Togekiss|Roost|p1a: Togekiss","|-heal|p1a: Togekiss|296/374","|move|p2a: Balboa|Rock Slide|p1a: Togekiss","|-damage|p1a: Togekiss|137/374","|","|-weather|Sandstorm|[upkeep]","|-damage|p1a: Togekiss|114/374|[from] sandstorm","|-heal|p1a: Togekiss|137/374|[from] item: Leftovers","|turn|22","|","|move|p1a: Togekiss|Roost|p1a: Togekiss","|-heal|p1a: Togekiss|324/374","|move|p2a: Balboa|Earthquake|p1a: Togekiss","|-damage|p1a: Togekiss|184/374","|","|-weather|Sandstorm|[upkeep]","|-damage|p1a: Togekiss|161/374|[from] sandstorm","|-heal|p1a: Togekiss|184/374|[from] item: Leftovers","|turn|23","|","|move|p1a: Togekiss|Roost|p1a: Togekiss","|-heal|p1a: Togekiss|371/374","|move|p2a: Balboa|Rock Slide|p1a: Togekiss","|-damage|p1a: Togekiss|218/374","|","|-weather|Sandstorm|[upkeep]","|-damage|p1a: Togekiss|195/374|[from] sandstorm","|-heal|p1a: Togekiss|218/374|[from] item: Leftovers","|turn|24","|","|move|p1a: Togekiss|Roost|p1a: Togekiss","|-heal|p1a: Togekiss|374/374","|move|p2a: Balboa|Crunch|p1a: Togekiss","|-resisted|p1a: Togekiss","|-damage|p1a: Togekiss|292/374","|-unboost|p1a: Togekiss|def|1","|","|-weather|none","|-heal|p1a: Togekiss|315/374|[from] item: Leftovers","|turn|25","|","|move|p1a: Togekiss|Air Slash|p2a: Balboa","|-resisted|p2a: Balboa","|-damage|p2a: Balboa|292/403","|move|p2a: Balboa|Rock Slide|p1a: Togekiss","|-supereffective|p1a: Togekiss","|-damage|p1a: Togekiss|0 fnt","|faint|p1a: Togekiss","|","|","|switch|p1a: Pidgeot|Pidgeot-Mega, F|42/307","|turn|26","|","|win|Lotus Aranacana"],"endType":"forfeit","ladderError":true}