{"seed":[40139,62085,62236,9530],"turns":24,"p1":"Emg E4 Bit","p2":"GTX♅Bzumzum","p1team":[{"name":"Tyranitar","species":"Tyranitar","item":"tyranitarite","ability":"Sand Stream","moves":["crunch","icepunch","earthquake","dragondance"],"nature":"Jolly","evs":{"hp":0,"atk":252,"def":0,"spa":0,"spd":4,"spe":252},"ivs":{"hp":31,"atk":31,"def":31,"spa":31,"spd":31,"spe":31}},{"name":"Unkillable","species":"rhyperior","item":"weaknesspolicy","ability":"Solid Rock","moves":["stoneedge","earthquake","firepunch","icepunch"],"nature":"Impish","evs":{"hp":252,"atk":4,"def":252,"spa":0,"spd":0,"spe":0},"ivs":{"hp":31,"atk":31,"def":31,"spa":31,"spd":31,"spe":31}},{"name":"Smash Hit","species":"omastar","item":"focussash","ability":"Weak Armor","moves":["surf","icebeam","hiddenpowergrass","shellsmash"],"nature":"Timid","evs":{"hp":0,"atk":0,"def":4,"spa":252,"spd":0,"spe":252},"ivs":{"hp":31,"atk":30,"def":31,"spa":30,"spd":31,"spe":31}},{"name":"Last Thing You See","species":"terrakion","item":"choiceband","ability":"Justified","moves":["stoneedge","closecombat","earthquake","quickattack"],"nature":"Jolly","evs":{"hp":0,"atk":252,"def":4,"spa":0,"spd":0,"spe":252},"ivs":{"hp":31,"atk":31,"def":31,"spa":31,"spd":31,"spe":31}},{"name":"Thirsty","species":"cradily","item":"leftovers","ability":"Storm Drain","moves":["gigadrain","toxic","recover","mirrorcoat"],"nature":"Calm","evs":{"hp":252,"atk":0,"def":32,"spa":0,"spd":224,"spe":0},"ivs":{"hp":31,"atk":31,"def":31,"spa":31,"spd":31,"spe":31}},{"name":"Nightmare","species":"shuckle","item":"mentalherb","ability":"Sturdy","moves":["stickyweb","stealthrock","encore","toxic"],"nature":"Relaxed","evs":{"hp":252,"atk":0,"def":156,"spa":0,"spd":100,"spe":0},"ivs":{"hp":31,"atk":31,"def":31,"spa":31,"spd":31,"spe":0}}],"p2team":[{"name":"Abomasnow","species":"Abomasnow","item":"assaultvest","ability":"Snow Warning","moves":["blizzard","waterpulse","leechseed","hiddenpowersteel"],"nature":"Modest","evs":{"hp":248,"atk":0,"def":0,"spa":252,"spd":8,"spe":0},"gender":"M","ivs":{"hp":31,"atk":31,"def":31,"spa":31,"spd":30,"spe":31},"shiny":true},{"name":"Serperior","species":"Serperior","item":"assaultvest","ability":"Contrary","moves":["outrage","aerialace","leafblade","aquatail"],"nature":"Jolly","evs":{"hp":0,"atk":252,"def":0,"spa":0,"spd":4,"spe":252},"gender":"M","ivs":{"hp":31,"atk":31,"def":30,"spa":31,"spd":30,"spe":30},"shiny":true},{"name":"Sceptile","species":"Sceptile","item":"sceptilite","ability":"Unburden","moves":["dragonpulse","hiddenpowerfire","gigadrain","detect"],"nature":"Modest","evs":{"hp":0,"atk":0,"def":0,"spa":252,"spd":4,"spe":252},"gender":"M","ivs":{"hp":31,"atk":30,"def":31,"spa":30,"spd":31,"spe":30},"shiny":true},{"name":"Ludicool","species":"ludicolo","item":"leftovers","ability":"Swift Swim","moves":["icebeam","surf","leechseed","raindance"],"nature":"Calm","evs":{"hp":200,"atk":0,"def":0,"spa":36,"spd":152,"spe":120},"gender":"M","shiny":true,"ivs":{"hp":31,"atk":31,"def":31,"spa":31,"spd":31,"spe":31}},{"name":"Great-ily","species":"cradily","item":"leftovers","ability":"Storm Drain","moves":["rockslide","earthquake","recover","toxic"],"nature":"Careful","evs":{"hp":196,"atk":0,"def":60,"spa":0,"spd":252,"spe":0},"gender":"M","shiny":true,"ivs":{"hp":31,"atk":31,"def":31,"spa":31,"spd":31,"spe":31}},{"name":"Plantasaurus","species":"venusaur","item":"assaultvest","ability":"Chlorophyll","moves":["gigadrain","hiddenpowerrock","sludgebomb","energyball"],"nature":"Modest","evs":{"hp":0,"atk":0,"def":0,"spa":252,"spd":196,"spe":60},"gender":"M","ivs":{"hp":31,"atk":31,"def":30,"spa":31,"spd":30,"spe":30},"shiny":true}],"log":["|player|p1|Emg E4 Bit|154","|player|p2|GTX♅Bzumzum|225","|gametype|singles","|gen|6","|tier|Monotype","|rated","|rule|Baton Pass Clause: Limit one Baton Passer, can't pass Spe and other stats simultaneously","|rule|Swagger Clause: Swagger is banned","|rule|Same Type Clause: Pokémon in a team must share a type","|clearpoke","|poke|p1|Tyranitar, M","|poke|p1|Rhyperior, M","|poke|p1|Omastar, M","|poke|p1|Terrakion","|poke|p1|Cradily, M","|poke|p1|Shuckle, F","|poke|p2|Abomasnow, M, shiny","|poke|p2|Serperior, M, shiny","|poke|p2|Sceptile, M, shiny","|poke|p2|Ludicolo, M, shiny","|poke|p2|Cradily, M, shiny","|poke|p2|Venusaur, M, shiny","|rule|Sleep Clause Mod: Limit one foe put to sleep","|rule|Species Clause: Limit one of each Pokémon","|rule|OHKO Clause: OHKO moves are banned","|rule|Moody Clause: Moody is banned","|rule|Evasion Moves Clause: Evasion moves are banned","|rule|Endless Battle Clause: Forcing endless battles is banned","|rule|HP Percentage Mod: HP is shown in percentages","|teampreview","|","|start","|switch|p1a: Last Thing You See|Terrakion|323/323","|switch|p2a: Abomasnow|Abomasnow, M, shiny|383/383","|-weather|Hail","|turn|1","|","|move|p1a: Last Thing You See|Stone Edge|p2a: Abomasnow","|-supereffective|p2a: Abomasnow","|-damage|p2a: Abomasnow|0 fnt","|faint|p2a: Abomasnow","|","|-weather|Hail|[upkeep]","|-damage|p1a: Last Thing You See|303/323|[from] hail","|","|switch|p2a: Ludicool|Ludicolo, M, shiny|351/351","|turn|2","|","|switch|p1a: Thirsty|Cradily, M|376/376","|move|p2a: Ludicool|Rain Dance|p2a: Ludicool","|-weather|RainDance","|","|-weather|RainDance|[upkeep]","|turn|3","|","|move|p2a: Ludicool|Ice Beam|p1a: Thirsty","|-supereffective|p1a: Thirsty","|-damage|p1a: Thirsty|288/376","|move|p1a: Thirsty|Mirror Coat|p2a: Ludicool","|-damage|p2a: Ludicool|175/351","|","|-weather|RainDance|[upkeep]","|-heal|p2a: Ludicool|196/351|[from] item: Leftovers","|-heal|p1a: Thirsty|311/376|[from] item: Leftovers","|turn|4","|","|switch|p2a: Great-ily|Cradily, M, shiny|362/362","|move|p1a: Thirsty|Toxic|p2a: Great-ily","|-status|p2a: Great-ily|tox","|","|-weather|RainDance|[upkeep]","|-heal|p1a: Thirsty|334/376|[from] item: Leftovers","|-damage|p2a: Great-ily|340/362 tox|[from] psn","|turn|5","|","|switch|p1a: Last Thing You See|Terrakion|303/323","|move|p2a: Great-ily|Toxic|p1a: Last Thing You See","|-status|p1a: Last Thing You See|tox","|","|-weather|RainDance|[upkeep]","|-heal|p2a: Great-ily|362/362 tox|[from] item: Leftovers","|-damage|p1a: Last Thing You See|283/323 tox|[from] psn","|-damage|p2a: Great-ily|318/362 tox|[from] psn","|turn|6","|","|switch|p2a: Ludicool|Ludicolo, M, shiny|196/351","|move|p1a: Last Thing You See|Close Combat|p2a: Ludicool","|-damage|p2a: Ludicool|0 fnt","|-unboost|p1a: Last Thing You See|def|1","|-unboost|p1a: Last Thing You See|spd|1","|faint|p2a: Ludicool","|","|-weather|none","|-damage|p1a: Last Thing You See|243/323 tox|[from] psn","|","|switch|p2a: Serperior|Serperior, M, shiny|291/291","|turn|7","|","|switch|p1a: Unkillable|Rhyperior, M|434/434","|move|p2a: Serperior|Leaf Blade|p1a: Unkillable","|-supereffective|p1a: Unkillable","|-damage|p1a: Unkillable|242/434","|-enditem|p1a: Unkillable|Weakness Policy","|-boost|p1a: Unkillable|atk|2|[from] item: Weakness Policy","|-boost|p1a: Unkillable|spa|2|[from] item: Weakness Policy","|","|turn|8","|","|switch|p2a: Great-ily|Cradily, M, shiny|318/362 tox","|move|p1a: Unkillable|Ice Punch|p2a: Great-ily","|-supereffective|p2a: Great-ily","|-damage|p2a: Great-ily|18/362 tox","|","|-heal|p2a: Great-ily|40/362 tox|[from] item: Leftovers","|-damage|p2a: Great-ily|18/362 tox|[from] psn","|turn|9","|","|switch|p1a: Nightmare|Shuckle, F|244/244","|move|p2a: Great-ily|Earthquake|p1a: Nightmare","|-damage|p1a: Nightmare|218/244","|","|-heal|p2a: Great-ily|40/362 tox|[from] item: Leftovers","|-damage|p2a: Great-ily|0 fnt|[from] psn","|faint|p2a: Great-ily","|","|switch|p2a: Plantasaurus|Venusaur, M, shiny|301/301","|turn|10","|","|move|p2a: Plantasaurus|Energy Ball|p1a: Nightmare","|-damage|p1a: Nightmare|154/244","|move|p1a: Nightmare|Encore|p2a: Plantasaurus","|-start|p2a: Plantasaurus|Encore","|","|turn|11","|","|move|p2a: Plantasaurus|Energy Ball|p1a: Nightmare","|-damage|p1a: Nightmare|93/244","|move|p1a: Nightmare|Stealth Rock|p2a: Plantasaurus","|-sidestart|p2: GTX♅Bzumzum|move: Stealth Rock","|","|turn|12","|","|switch|p2a: Sceptile|Sceptile, M, shiny|281/281","|-damage|p2a: Sceptile|246/281|[from] Stealth Rock","|switch|p1a: Thirsty|Cradily, M|334/376","|","|-heal|p1a: Thirsty|357/376|[from] item: Leftovers","|turn|13","|","|switch|p2a: Plantasaurus|Venusaur, M, shiny|301/301","|-damage|p2a: Plantasaurus|264/301|[from] Stealth Rock","|move|p1a: Thirsty|Mirror Coat|p2a: Plantasaurus","|-fail|p2a: Plantasaurus","|","|-heal|p1a: Thirsty|376/376|[from] item: Leftovers","|turn|14","|","|move|p2a: Plantasaurus|Sludge Bomb|p1a: Thirsty","|-damage|p1a: Thirsty|265/376","|move|p1a: Thirsty|Mirror Coat|p2a: Plantasaurus","|-damage|p2a: Plantasaurus|42/301","|","|-heal|p1a: Thirsty|288/376|[from] item: Leftovers","|turn|15","|","|switch|p2a: Serperior|Serperior, M, shiny|291/291","|-damage|p2a: Serperior|255/291|[from] Stealth Rock","|move|p1a: Thirsty|Mirror Coat|p2a: Serperior","|-fail|p2a: Serperior","|","|-heal|p1a: Thirsty|311/376|[from] item: Leftovers","|turn|16","|","|move|p2a: Serperior|Leaf Blade|p1a: Thirsty","|-crit|p1a: Thirsty","|-damage|p1a: Thirsty|149/376","|move|p1a: Thirsty|Toxic|p2a: Serperior","|-status|p2a: Serperior|tox","|","|-heal|p1a: Thirsty|172/376|[from] item: Leftovers","|-damage|p2a: Serperior|237/291 tox|[from] psn","|turn|17","|","|move|p2a: Serperior|Outrage|p1a: Thirsty","|-crit|p1a: Thirsty","|-damage|p1a: Thirsty|36/376","|move|p1a: Thirsty|Recover|p1a: Thirsty","|-heal|p1a: Thirsty|224/376","|","|-heal|p1a: Thirsty|247/376|[from] item: Leftovers","|-damage|p2a: Serperior|201/291 tox|[from] psn","|turn|18","|","|move|p2a: Serperior|Outrage|p1a: Thirsty|[from]lockedmove","|-damage|p1a: Thirsty|142/376","|-start|p2a: Serperior|confusion|[fatigue]","|move|p1a: Thirsty|Recover|p1a: Thirsty","|-heal|p1a: Thirsty|330/376","|","|-heal|p1a: Thirsty|353/376|[from] item: Leftovers","|-damage|p2a: Serperior|147/291 tox|[from] psn","|turn|19","|","|switch|p2a: Plantasaurus|Venusaur, M, shiny|42/301","|-damage|p2a: Plantasaurus|5/301|[from] Stealth Rock","|move|p1a: Thirsty|Recover|p1a: Thirsty","|-heal|p1a: Thirsty|376/376","|","|turn|20","|","|move|p2a: Plantasaurus|Giga Drain|p1a: Thirsty","|-damage|p1a: Thirsty|292/376","|-heal|p2a: Plantasaurus|47/301|[from] drain|[of] p1a: Thirsty","|move|p1a: Thirsty|Mirror Coat|p2a: Plantasaurus","|-damage|p2a: Plantasaurus|0 fnt","|faint|p2a: Plantasaurus","|","|-heal|p1a: Thirsty|315/376|[from] item: Leftovers","|","|switch|p2a: Sceptile|Sceptile, M, shiny|246/281","|-damage|p2a: Sceptile|211/281|[from] Stealth Rock","|turn|21","|","|detailschange|p2a: Sceptile|Sceptile-Mega, M, shiny","|-mega|p2a: Sceptile|Sceptile|Sceptilite","|move|p2a: Sceptile|Hidden Power|p1a: Thirsty","|-damage|p1a: Thirsty|252/376","|move|p1a: Thirsty|Mirror Coat|p2a: Sceptile","|-damage|p2a: Sceptile|85/281","|","|-heal|p1a: Thirsty|275/376|[from] item: Leftovers","|turn|22","|","|switch|p2a: Serperior|Serperior, M, shiny|147/291 tox","|-damage|p2a: Serperior|111/291 tox|[from] Stealth Rock","|move|p1a: Thirsty|Mirror Coat|p2a: Serperior","|-fail|p2a: Serperior","|","|-heal|p1a: Thirsty|298/376|[from] item: Leftovers","|-damage|p2a: Serperior|93/291 tox|[from] psn","|turn|23","|","|move|p2a: Serperior|Leaf Blade|p1a: Thirsty","|-damage|p1a: Thirsty|187/376","|move|p1a: Thirsty|Recover|p1a: Thirsty","|-heal|p1a: Thirsty|375/376","|","|-heal|p1a: Thirsty|376/376|[from] item: Leftovers","|-damage|p2a: Serperior|57/291 tox|[from] psn","|turn|24","|","|win|Emg E4 Bit"],"p1rating":{"entryid":"86213","serverid":"eos","formatid":"monotype","userid":"emge4bit","username":"Emg E4 Bit","w":12,"l":"6","t":"0","gxe":57.1,"r":"1581.7555251388","rd":"80.811086221359","sigma":"0","rptime":"1440493200","rpr":1555.3210141696,"rprd":75.141856646883,"rpsigma":"0","acre":1150.0022437022,"lacre":1150.0022437022,"oldacre":"1134.2058679232"},"p2rating":{"entryid":"1463","serverid":"eos","formatid":"monotype","userid":"gtxbzumzum","username":"GTX♅Bzumzum","w":"18","l":47,"t":"0","gxe":29.5,"r":"1355.4260720597","rd":"47.889477272369","sigma":"0","rptime":"1440493200","rpr":1334.7879444904,"rprd":45.976398560745,"rpsigma":"0","acre":1000,"lacre":1000,"oldacre":"1000"},"endType":"forfeit"}