{"seed":[15067,18564,9837,56965],"turns":40,"p1":"Dragotic","p2":"Crystal Blade64","p1team":[{"name":"Pinsir","species":"Pinsir","item":"pinsirite","ability":"Moxie","moves":["closecombat","frustration","quickattack","earthquake"],"nature":"Jolly","evs":{"hp":0,"atk":252,"def":0,"spa":0,"spd":4,"spe":252},"happiness":0,"ivs":{"hp":31,"atk":31,"def":31,"spa":31,"spd":31,"spe":31}},{"name":"Scizor","species":"Scizor","item":"occaberry","ability":"Technician","moves":["bulletpunch","superpower","swordsdance","knockoff"],"nature":"Adamant","evs":{"hp":76,"atk":252,"def":0,"spa":0,"spd":8,"spe":172},"ivs":{"hp":31,"atk":31,"def":31,"spa":31,"spd":31,"spe":31}},{"name":"Shuckle","species":"Shuckle","item":"sitrusberry","ability":"Gluttony","moves":["substitute","protect","infestation","toxic"],"nature":"Jolly","evs":{"hp":248,"atk":8,"def":0,"spa":0,"spd":0,"spe":252},"ivs":{"hp":31,"atk":31,"def":31,"spa":31,"spd":31,"spe":31}},{"name":"Galvantula","species":"Galvantula","item":"focussash","ability":"Compound Eyes","moves":["thunder","energyball","stickyweb","bugbuzz"],"nature":"Timid","evs":{"hp":0,"atk":0,"def":0,"spa":252,"spd":4,"spe":252},"ivs":{"hp":31,"atk":31,"def":31,"spa":31,"spd":31,"spe":31}},{"name":"Heracross","species":"Heracross","item":"choicescarf","ability":"Moxie","moves":["stoneedge","earthquake","closecombat","megahorn"],"nature":"Jolly","evs":{"hp":0,"atk":252,"def":0,"spa":0,"spd":4,"spe":252},"ivs":{"hp":31,"atk":31,"def":31,"spa":31,"spd":31,"spe":31}},{"name":"Volcarona","species":"Volcarona","item":"focussash","ability":"Flame Body","moves":["quiverdance","fierydance","hiddenpowerground","gigadrain"],"nature":"Modest","evs":{"hp":0,"atk":0,"def":0,"spa":252,"spd":4,"spe":252},"ivs":{"hp":31,"atk":31,"def":31,"spa":30,"spd":30,"spe":31}}],"p2team":[{"name":"Reckless","species":"staraptor","item":"leftovers","ability":"Intimidate","moves":["bravebird","roost","featherdance","defog"],"nature":"Impish","evs":{"hp":252,"atk":4,"def":252,"spa":0,"spd":0,"spe":0},"ivs":{"hp":31,"atk":31,"def":31,"spa":31,"spd":31,"spe":31}},{"name":"BetterThanYou","species":"ditto","item":"choicescarf","ability":"Imposter","moves":["transform"],"nature":"Bold","evs":{"hp":248,"atk":0,"def":252,"spa":0,"spd":8,"spe":0},"happiness":0,"ivs":{"hp":31,"atk":31,"def":31,"spa":31,"spd":31,"spe":31}},{"name":"Nurse Joy pls","species":"chansey","item":"eviolite","ability":"Natural Cure","moves":["aromatherapy","softboiled","thunderwave","seismictoss"],"nature":"Bold","evs":{"hp":248,"atk":0,"def":252,"spa":0,"spd":8,"spe":0},"ivs":{"hp":31,"atk":31,"def":31,"spa":31,"spd":31,"spe":31}},{"name":"EnergizerBunny","species":"lopunny","item":"lopunnite","ability":"Cute Charm","moves":["fakeout","highjumpkick","icepunch","frustration"],"nature":"Jolly","evs":{"hp":4,"atk":252,"def":0,"spa":0,"spd":0,"spe":252},"happiness":0,"ivs":{"hp":31,"atk":31,"def":31,"spa":31,"spd":31,"spe":31}},{"name":"DownloadFreeRAM","species":"porygon2","item":"eviolite","ability":"Trace","moves":["toxic","recover","icebeam","discharge"],"nature":"Bold","evs":{"hp":248,"atk":0,"def":252,"spa":8,"spd":0,"spe":0},"ivs":{"hp":31,"atk":31,"def":31,"spa":31,"spd":31,"spe":31}},{"name":"Diggersby tho","species":"diggersby","item":"choiceband","ability":"Huge Power","moves":["earthquake","quickattack","frustration","uturn"],"nature":"Adamant","evs":{"hp":4,"atk":252,"def":0,"spa":0,"spd":0,"spe":252},"happiness":0,"ivs":{"hp":31,"atk":31,"def":31,"spa":31,"spd":31,"spe":31}}],"log":["|player|p1|Dragotic|dragotic.png","|player|p2|Crystal Blade64|165","|gametype|singles","|gen|6","|tier|Monotype","|rated","|rule|Baton Pass Clause: Limit one Baton Passer, can't pass Spe and other stats simultaneously","|rule|Swagger Clause: Swagger is banned","|rule|Same Type Clause: Pokémon in a team must share a type","|clearpoke","|poke|p1|Pinsir, M","|poke|p1|Scizor, M","|poke|p1|Shuckle, F","|poke|p1|Galvantula, F","|poke|p1|Heracross, F","|poke|p1|Volcarona, M","|poke|p2|Staraptor, F","|poke|p2|Ditto","|poke|p2|Chansey, F","|poke|p2|Lopunny, M","|poke|p2|Porygon2","|poke|p2|Diggersby, F","|rule|Sleep Clause Mod: Limit one foe put to sleep","|rule|Species Clause: Limit one of each Pokémon","|rule|OHKO Clause: OHKO moves are banned","|rule|Moody Clause: Moody is banned","|rule|Evasion Moves Clause: Evasion moves are banned","|rule|Endless Battle Clause: Forcing endless battles is banned","|rule|HP Percentage Mod: HP is shown in percentages","|teampreview","|","|start","|switch|p1a: Heracross|Heracross, F|301/301","|switch|p2a: EnergizerBunny|Lopunny, M|272/272","|turn|1","|","|detailschange|p2a: EnergizerBunny|Lopunny-Mega, M","|-mega|p2a: EnergizerBunny|Lopunny|Lopunnite","|move|p2a: EnergizerBunny|Fake Out|p1a: Heracross","|-damage|p1a: Heracross|211/301","|cant|p1a: Heracross|flinch","|","|turn|2","|","|switch|p2a: Reckless|Staraptor, F|374/374","|-ability|p2a: Reckless|Intimidate","|-unboost|p1a: Heracross|atk|1","|move|p1a: Heracross|Close Combat|p2a: Reckless","|-damage|p2a: Reckless|245/374","|-unboost|p1a: Heracross|def|1","|-unboost|p1a: Heracross|spd|1","|","|-heal|p2a: Reckless|268/374|[from] item: Leftovers","|turn|3","|","|switch|p1a: Shuckle|Shuckle, F|243/243","|move|p2a: Reckless|Feather Dance|p1a: Shuckle","|-unboost|p1a: Shuckle|atk|2","|","|-heal|p2a: Reckless|291/374|[from] item: Leftovers","|turn|4","|","|switch|p2a: Diggersby tho|Diggersby, F|312/312","|move|p1a: Shuckle|Toxic|p2a: Diggersby tho","|-status|p2a: Diggersby tho|tox","|","|-damage|p2a: Diggersby tho|293/312 tox|[from] psn","|turn|5","|","|move|p1a: Shuckle|Protect|p1a: Shuckle","|-singleturn|p1a: Shuckle|Protect","|move|p2a: Diggersby tho|Earthquake|p1a: Shuckle","|-activate|p1a: Shuckle|Protect","|","|-damage|p2a: Diggersby tho|255/312 tox|[from] psn","|turn|6","|","|move|p2a: Diggersby tho|Earthquake|p1a: Shuckle","|-damage|p1a: Shuckle|83/243","|-enditem|p1a: Shuckle|Sitrus Berry|[eat]","|-heal|p1a: Shuckle|143/243|[from] item: Sitrus Berry","|move|p1a: Shuckle|Infestation|p2a: Diggersby tho","|-damage|p2a: Diggersby tho|248/312 tox","|-activate|p2a: Diggersby tho|move: Infestation|[of] p1a: Shuckle","|","|-damage|p2a: Diggersby tho|191/312 tox|[from] psn","|-damage|p2a: Diggersby tho|152/312 tox|[from] move: Infestation|[partiallytrapped]","|turn|7","|","|move|p1a: Shuckle|Protect|p1a: Shuckle","|-singleturn|p1a: Shuckle|Protect","|move|p2a: Diggersby tho|Earthquake|p1a: Shuckle","|-activate|p1a: Shuckle|Protect","|","|-damage|p2a: Diggersby tho|76/312 tox|[from] psn","|-damage|p2a: Diggersby tho|37/312 tox|[from] move: Infestation|[partiallytrapped]","|turn|8","|","|move|p2a: Diggersby tho|Earthquake|p1a: Shuckle","|-damage|p1a: Shuckle|0 fnt","|faint|p1a: Shuckle","|","|-damage|p2a: Diggersby tho|0 fnt|[from] psn","|faint|p2a: Diggersby tho","|","|switch|p2a: EnergizerBunny|Lopunny-Mega, M|272/272","|switch|p1a: Heracross|Heracross, F|211/301","|turn|9","|","|move|p2a: EnergizerBunny|Fake Out|p1a: Heracross","|-damage|p1a: Heracross|111/301","|cant|p1a: Heracross|flinch","|","|turn|10","|","|switch|p2a: Reckless|Staraptor, F|291/374","|-ability|p2a: Reckless|Intimidate","|-unboost|p1a: Heracross|atk|1","|move|p1a: Heracross|Close Combat|p2a: Reckless","|-damage|p2a: Reckless|174/374","|-unboost|p1a: Heracross|def|1","|-unboost|p1a: Heracross|spd|1","|","|-heal|p2a: Reckless|197/374|[from] item: Leftovers","|turn|11","|","|move|p1a: Heracross|Close Combat|p2a: Reckless","|-damage|p2a: Reckless|77/374","|-unboost|p1a: Heracross|def|1","|-unboost|p1a: Heracross|spd|1","|move|p2a: Reckless|Roost|p2a: Reckless","|-heal|p2a: Reckless|264/374","|","|-heal|p2a: Reckless|287/374|[from] item: Leftovers","|turn|12","|","|move|p1a: Heracross|Close Combat|p2a: Reckless","|-damage|p2a: Reckless|152/374","|-unboost|p1a: Heracross|def|1","|-unboost|p1a: Heracross|spd|1","|move|p2a: Reckless|Roost|p2a: Reckless","|-heal|p2a: Reckless|339/374","|","|-heal|p2a: Reckless|362/374|[from] item: Leftovers","|turn|13","|","|move|p1a: Heracross|Close Combat|p2a: Reckless","|-damage|p2a: Reckless|233/374","|-unboost|p1a: Heracross|def|1","|-unboost|p1a: Heracross|spd|1","|move|p2a: Reckless|Brave Bird|p1a: Heracross","|-supereffective|p1a: Heracross","|-damage|p1a: Heracross|0 fnt","|-damage|p2a: Reckless|196/374|[from] recoil|[of] p1a: Heracross","|faint|p1a: Heracross","|","|-heal|p2a: Reckless|219/374|[from] item: Leftovers","|","|switch|p1a: Galvantula|Galvantula, F|281/281","|turn|14","|","|switch|p2a: Nurse Joy pls|Chansey, F|703/703","|move|p1a: Galvantula|Thunder|p2a: Nurse Joy pls","|-damage|p2a: Nurse Joy pls|603/703","|","|turn|15","|","|switch|p1a: Volcarona|Volcarona, M|311/311","|move|p2a: Nurse Joy pls|Seismic Toss|p1a: Volcarona","|-damage|p1a: Volcarona|211/311","|","|turn|16","|","|move|p1a: Volcarona|Quiver Dance|p1a: Volcarona","|-boost|p1a: Volcarona|spa|1","|-boost|p1a: Volcarona|spd|1","|-boost|p1a: Volcarona|spe|1","|move|p2a: Nurse Joy pls|Thunder Wave|p1a: Volcarona","|-status|p1a: Volcarona|par","|","|turn|17","|","|move|p2a: Nurse Joy pls|Seismic Toss|p1a: Volcarona","|-damage|p1a: Volcarona|111/311 par","|move|p1a: Volcarona|Fiery Dance|p2a: Nurse Joy pls","|-damage|p2a: Nurse Joy pls|437/703","|","|turn|18","|","|move|p2a: Nurse Joy pls|Soft-Boiled|p2a: Nurse Joy pls","|-heal|p2a: Nurse Joy pls|703/703","|move|p1a: Volcarona|Fiery Dance|p2a: Nurse Joy pls","|-damage|p2a: Nurse Joy pls|549/703","|-boost|p1a: Volcarona|spa|1","|","|turn|19","|","|move|p2a: Nurse Joy pls|Seismic Toss|p1a: Volcarona","|-damage|p1a: Volcarona|11/311 par","|-status|p2a: Nurse Joy pls|brn","|move|p1a: Volcarona|Fiery Dance|p2a: Nurse Joy pls","|-damage|p2a: Nurse Joy pls|336/703 brn","|","|-damage|p2a: Nurse Joy pls|249/703 brn|[from] brn","|turn|20","|","|move|p2a: Nurse Joy pls|Soft-Boiled|p2a: Nurse Joy pls","|-heal|p2a: Nurse Joy pls|601/703 brn","|move|p1a: Volcarona|Fiery Dance|p2a: Nurse Joy pls","|-damage|p2a: Nurse Joy pls|411/703 brn","|","|-damage|p2a: Nurse Joy pls|324/703 brn|[from] brn","|turn|21","|","|move|p2a: Nurse Joy pls|Soft-Boiled|p2a: Nurse Joy pls","|-heal|p2a: Nurse Joy pls|676/703 brn","|move|p1a: Volcarona|Fiery Dance|p2a: Nurse Joy pls","|-damage|p2a: Nurse Joy pls|481/703 brn","|-boost|p1a: Volcarona|spa|1","|","|-damage|p2a: Nurse Joy pls|394/703 brn|[from] brn","|turn|22","|","|move|p2a: Nurse Joy pls|Seismic Toss|p1a: Volcarona","|-damage|p1a: Volcarona|0 fnt","|faint|p1a: Volcarona","|","|-damage|p2a: Nurse Joy pls|307/703 brn|[from] brn","|","|switch|p1a: Pinsir|Pinsir, M|271/271","|turn|23","|","|switch|p2a: Reckless|Staraptor, F|219/374","|-ability|p2a: Reckless|Intimidate","|-unboost|p1a: Pinsir|atk|1","|move|p1a: Pinsir|Close Combat|p2a: Reckless","|-damage|p2a: Reckless|142/374","|-unboost|p1a: Pinsir|def|1","|-unboost|p1a: Pinsir|spd|1","|","|-heal|p2a: Reckless|165/374|[from] item: Leftovers","|turn|24","|","|switch|p1a: Galvantula|Galvantula, F|281/281","|move|p2a: Reckless|Roost|p2a: Reckless","|-heal|p2a: Reckless|352/374","|","|-heal|p2a: Reckless|374/374|[from] item: Leftovers","|turn|25","|","|switch|p2a: Nurse Joy pls|Chansey, F|307/703","|move|p1a: Galvantula|Thunder|p2a: Nurse Joy pls|[miss]","|-miss|p1a: Galvantula|p2a: Nurse Joy pls","|","|turn|26","|","|move|p1a: Galvantula|Thunder|p2a: Nurse Joy pls","|-damage|p2a: Nurse Joy pls|201/703","|move|p2a: Nurse Joy pls|Soft-Boiled|p2a: Nurse Joy pls","|-heal|p2a: Nurse Joy pls|553/703","|","|turn|27","|","|switch|p1a: Scizor|Scizor, M|300/300","|move|p2a: Nurse Joy pls|Soft-Boiled|p2a: Nurse Joy pls","|-heal|p2a: Nurse Joy pls|703/703","|","|turn|28","|","|switch|p2a: Reckless|Staraptor, F|374/374","|-ability|p2a: Reckless|Intimidate","|-unboost|p1a: Scizor|atk|1","|move|p1a: Scizor|Swords Dance|p1a: Scizor","|-boost|p1a: Scizor|atk|2","|","|turn|29","|","|move|p2a: Reckless|Feather Dance|p1a: Scizor","|-unboost|p1a: Scizor|atk|2","|move|p1a: Scizor|Swords Dance|p1a: Scizor","|-boost|p1a: Scizor|atk|2","|","|turn|30","|","|move|p1a: Scizor|Bullet Punch|p2a: Reckless","|-damage|p2a: Reckless|220/374","|move|p2a: Reckless|Feather Dance|p1a: Scizor","|-unboost|p1a: Scizor|atk|2","|","|-heal|p2a: Reckless|243/374|[from] item: Leftovers","|turn|31","|","|switch|p1a: Galvantula|Galvantula, F|281/281","|move|p2a: Reckless|Brave Bird|p1a: Galvantula","|-damage|p1a: Galvantula|37/281","|-damage|p2a: Reckless|162/374|[from] recoil|[of] p1a: Galvantula","|","|-heal|p2a: Reckless|185/374|[from] item: Leftovers","|turn|32","|","|switch|p2a: Nurse Joy pls|Chansey, F|703/703","|move|p1a: Galvantula|Thunder|p2a: Nurse Joy pls","|-damage|p2a: Nurse Joy pls|600/703","|-status|p2a: Nurse Joy pls|par","|","|turn|33","|","|switch|p1a: Scizor|Scizor, M|300/300","|move|p2a: Nurse Joy pls|Seismic Toss|p1a: Scizor","|-damage|p1a: Scizor|200/300","|","|turn|34","|","|switch|p2a: Reckless|Staraptor, F|185/374","|-ability|p2a: Reckless|Intimidate","|-unboost|p1a: Scizor|atk|1","|move|p1a: Scizor|Swords Dance|p1a: Scizor","|-boost|p1a: Scizor|atk|2","|","|-heal|p2a: Reckless|208/374|[from] item: Leftovers","|turn|35","|","|move|p2a: Reckless|Brave Bird|p1a: Scizor","|-damage|p1a: Scizor|26/300","|-damage|p2a: Reckless|151/374|[from] recoil|[of] p1a: Scizor","|move|p1a: Scizor|Knock Off|p2a: Reckless","|-damage|p2a: Reckless|0 fnt","|-enditem|p2a: Reckless|Leftovers|[from] move: Knock Off|[of] p1a: Scizor","|faint|p2a: Reckless","|","|","|switch|p2a: EnergizerBunny|Lopunny-Mega, M|272/272","|turn|36","|","|move|p2a: EnergizerBunny|Fake Out|p1a: Scizor","|-resisted|p1a: Scizor","|-damage|p1a: Scizor|0 fnt","|faint|p1a: Scizor","|","|","|switch|p1a: Galvantula|Galvantula, F|37/281","|turn|37","|","|move|p2a: EnergizerBunny|Frustration|p1a: Galvantula","|-damage|p1a: Galvantula|0 fnt","|faint|p1a: Galvantula","|","|","|switch|p1a: Pinsir|Pinsir, M|271/271","|turn|38","|","|detailschange|p1a: Pinsir|Pinsir-Mega, M","|-mega|p1a: Pinsir|Pinsir|Pinsirite","|move|p1a: Pinsir|Quick Attack|p2a: EnergizerBunny","|-supereffective|p2a: EnergizerBunny","|-damage|p2a: EnergizerBunny|68/272","|move|p2a: EnergizerBunny|Frustration|p1a: Pinsir","|-damage|p1a: Pinsir|103/271","|","|turn|39","|","|switch|p2a: DownloadFreeRAM|Porygon2|373/373","|-ability|p2a: DownloadFreeRAM|Aerilate|[from] ability: Trace|[of] p1a: Pinsir","|move|p1a: Pinsir|Quick Attack|p2a: DownloadFreeRAM","|-damage|p2a: DownloadFreeRAM|313/373","|","|turn|40","|","|move|p1a: Pinsir|Close Combat|p2a: DownloadFreeRAM","|-supereffective|p2a: DownloadFreeRAM","|-damage|p2a: DownloadFreeRAM|151/373","|-unboost|p1a: Pinsir|def|1","|-unboost|p1a: Pinsir|spd|1","|move|p2a: DownloadFreeRAM|Ice Beam|p1a: Pinsir","|-supereffective|p1a: Pinsir","|-damage|p1a: Pinsir|0 fnt","|faint|p1a: Pinsir","|","|win|Crystal Blade64"],"p1rating":{"entryid":"11726","serverid":"eos","formatid":"monotype","userid":"dragotic","username":"Dragotic","w":"5","l":5,"t":"0","gxe":53.3,"r":"1533.1636790784","rd":"103.63204316742","sigma":"0","rptime":"1440493200","rpr":1525.7385723405,"rprd":87.941503143238,"rpsigma":"0","acre":1082.2798622694,"lacre":1082.2798622694,"oldacre":"1099.9611801408"},"p2rating":{"entryid":"73557","serverid":"eos","formatid":"monotype","userid":"crystalblade64","username":"Crystal Blade64","w":17,"l":"7","t":"0","gxe":66.8,"r":"1624.8302249946","rd":"67.464526385736","sigma":"0","rptime":"1440493200","rpr":1633.928461496,"rprd":66.411169186365,"rpsigma":"0","acre":1222.3596117024,"lacre":1222.3596117024,"oldacre":"1204.674174554"},"endType":"normal"}