{"seed":[29199,41561,21126,39946],"turns":24,"p1":"LightOfAKnowing","p2":"Crystal Mafetan","p1team":[{"name":"Gurdurr","species":"Gurdurr","item":"eviolite","ability":"Guts","moves":["bulkup","drainpunch","stoneedge","knockoff"],"nature":"Adamant","evs":{"hp":248,"atk":252,"def":0,"spa":0,"spd":8,"spe":0},"ivs":{"hp":31,"atk":31,"def":31,"spa":31,"spd":31,"spe":31}},{"name":"Hawlucha","species":"Hawlucha","item":"sitrusberry","ability":"Unburden","moves":["substitute","poweruppunch","acrobatics","drainpunch"],"nature":"Adamant","evs":{"hp":4,"atk":252,"def":0,"spa":0,"spd":0,"spe":252},"ivs":{"hp":31,"atk":31,"def":31,"spa":31,"spd":31,"spe":31}},{"name":"Gallade","species":"Gallade","item":"galladite","ability":"Steadfast","moves":["substitute","swordsdance","brickbreak","psychocut"],"nature":"Adamant","evs":{"hp":248,"atk":252,"def":0,"spa":0,"spd":8,"spe":0},"ivs":{"hp":31,"atk":31,"def":31,"spa":31,"spd":31,"spe":31}},{"name":"Machamp","species":"Machamp","item":"choiceband","ability":"No Guard","moves":["knockoff","bulletpunch","stoneedge","dynamicpunch"],"nature":"Adamant","evs":{"hp":248,"atk":252,"def":0,"spa":0,"spd":8,"spe":0},"ivs":{"hp":31,"atk":31,"def":31,"spa":31,"spd":31,"spe":31}},{"name":"Keldeo","species":"Keldeo","item":"leftovers","ability":"Justified","moves":["calmmind","scald","secretsword","icywind"],"nature":"Timid","evs":{"hp":0,"atk":0,"def":0,"spa":252,"spd":4,"spe":252},"ivs":{"hp":31,"atk":31,"def":31,"spa":31,"spd":31,"spe":31}},{"name":"Hitmontop","species":"Hitmontop","item":"choiceband","ability":"Technician","moves":["rapidspin","machpunch","pursuit","bulletpunch"],"nature":"Adamant","evs":{"hp":248,"atk":252,"def":0,"spa":0,"spd":8,"spe":0},"ivs":{"hp":31,"atk":31,"def":31,"spa":31,"spd":31,"spe":31}}],"p2team":[{"name":"Magnezone","species":"Magnezone","item":"leftovers","ability":"Analytic","moves":["flashcannon","thunderbolt","lightscreen","reflect"],"nature":"Quiet","evs":{"hp":248,"atk":0,"def":0,"spa":252,"spd":8,"spe":0},"shiny":true,"ivs":{"hp":31,"atk":31,"def":31,"spa":31,"spd":31,"spe":31}},{"name":"Lanturn","species":"Lanturn","item":"leftovers","ability":"Volt Absorb","moves":["scald","healbell","icebeam","stockpile"],"nature":"Modest","evs":{"hp":248,"atk":0,"def":0,"spa":252,"spd":8,"spe":0},"gender":"F","ivs":{"hp":31,"atk":31,"def":31,"spa":31,"spd":31,"spe":31}},{"name":"Zapdos","species":"Zapdos","item":"leftovers","ability":"Pressure","moves":["roost","aircutter","heatwave","extrasensory"],"nature":"Timid","evs":{"hp":248,"atk":0,"def":0,"spa":252,"spd":8,"spe":0},"ivs":{"hp":31,"atk":31,"def":31,"spa":31,"spd":31,"spe":31}},{"name":"Electivire","species":"Electivire","item":"choiceband","ability":"Motor Drive","moves":["rockslide","earthquake","icepunch","crosschop"],"nature":"Adamant","evs":{"hp":0,"atk":252,"def":0,"spa":0,"spd":4,"spe":252},"gender":"M","shiny":true,"ivs":{"hp":31,"atk":31,"def":31,"spa":31,"spd":31,"spe":31}},{"name":"Galvantula","species":"Galvantula","item":"leftovers","ability":"Compound Eyes","moves":["bugbuzz","stickyweb","gigadrain","thunder"],"nature":"Timid","evs":{"hp":0,"atk":0,"def":0,"spa":252,"spd":4,"spe":252},"gender":"M","ivs":{"hp":31,"atk":31,"def":31,"spa":31,"spd":31,"spe":31}},{"name":"Ampharos","species":"Ampharos","item":"ampharosite","ability":"Static","moves":["dragonpulse","cottonguard","thunderbolt","confuseray"],"nature":"Modest","evs":{"hp":248,"atk":0,"def":0,"spa":252,"spd":8,"spe":0},"gender":"F","shiny":true,"ivs":{"hp":31,"atk":31,"def":31,"spa":31,"spd":31,"spe":31}}],"log":["|player|p1|LightOfAKnowing|lightofaknowing.png","|player|p2|Crystal Mafetan|92","|gametype|singles","|gen|6","|tier|Monotype","|rated","|rule|Baton Pass Clause: Limit one Baton Passer, can't pass Spe and other stats simultaneously","|rule|Swagger Clause: Swagger is banned","|rule|Same Type Clause: Pokémon in a team must share a type","|clearpoke","|poke|p1|Gurdurr, F","|poke|p1|Hawlucha, F","|poke|p1|Gallade, M","|poke|p1|Machamp, F","|poke|p1|Keldeo","|poke|p1|Hitmontop, M","|poke|p2|Magnezone, shiny","|poke|p2|Lanturn, F","|poke|p2|Zapdos","|poke|p2|Electivire, M, shiny","|poke|p2|Galvantula, M","|poke|p2|Ampharos, F, shiny","|rule|Sleep Clause Mod: Limit one foe put to sleep","|rule|Species Clause: Limit one of each Pokémon","|rule|OHKO Clause: OHKO moves are banned","|rule|Moody Clause: Moody is banned","|rule|Evasion Moves Clause: Evasion moves are banned","|rule|Endless Battle Clause: Forcing endless battles is banned","|rule|HP Percentage Mod: HP is shown in percentages","|teampreview","|","|start","|switch|p1a: Hawlucha|Hawlucha, F|298/298","|switch|p2a: Zapdos|Zapdos|383/383","|-ability|p2a: Zapdos|Pressure","|turn|1","|","|move|p1a: Hawlucha|Substitute|p1a: Hawlucha","|-start|p1a: Hawlucha|Substitute","|-damage|p1a: Hawlucha|224/298","|move|p2a: Zapdos|Air Cutter|p1a: Hawlucha","|-supereffective|p1a: Hawlucha","|-end|p1a: Hawlucha|Substitute","|","|turn|2","|","|move|p1a: Hawlucha|Substitute|p1a: Hawlucha","|-start|p1a: Hawlucha|Substitute","|-damage|p1a: Hawlucha|150/298","|move|p2a: Zapdos|Air Cutter|p1a: Hawlucha","|-supereffective|p1a: Hawlucha","|-end|p1a: Hawlucha|Substitute","|","|turn|3","|","|move|p1a: Hawlucha|Substitute|p1a: Hawlucha","|-start|p1a: Hawlucha|Substitute","|-damage|p1a: Hawlucha|76/298","|-enditem|p1a: Hawlucha|Sitrus Berry|[eat]","|-heal|p1a: Hawlucha|150/298|[from] item: Sitrus Berry","|move|p2a: Zapdos|Air Cutter|p1a: Hawlucha","|-miss|p2a: Zapdos|p1a: Hawlucha","|","|turn|4","|","|move|p1a: Hawlucha|Power-Up Punch|p2a: Zapdos","|-resisted|p2a: Zapdos","|-damage|p2a: Zapdos|348/383","|-boost|p1a: Hawlucha|atk|1","|move|p2a: Zapdos|Air Cutter|p1a: Hawlucha","|-supereffective|p1a: Hawlucha","|-end|p1a: Hawlucha|Substitute","|","|-heal|p2a: Zapdos|371/383|[from] item: Leftovers","|turn|5","|","|move|p1a: Hawlucha|Acrobatics|p2a: Zapdos","|-resisted|p2a: Zapdos","|-damage|p2a: Zapdos|221/383","|move|p2a: Zapdos|Air Cutter|p1a: Hawlucha","|-crit|p1a: Hawlucha","|-supereffective|p1a: Hawlucha","|-damage|p1a: Hawlucha|0 fnt","|faint|p1a: Hawlucha","|","|-heal|p2a: Zapdos|244/383|[from] item: Leftovers","|","|switch|p1a: Keldeo|Keldeo|323/323","|turn|6","|","|move|p1a: Keldeo|Icy Wind|p2a: Zapdos","|-supereffective|p2a: Zapdos","|-damage|p2a: Zapdos|106/383","|-unboost|p2a: Zapdos|spe|1","|move|p2a: Zapdos|Roost|p2a: Zapdos","|-heal|p2a: Zapdos|298/383","|","|-heal|p2a: Zapdos|321/383|[from] item: Leftovers","|turn|7","|","|move|p1a: Keldeo|Calm Mind|p1a: Keldeo","|-boost|p1a: Keldeo|spa|1","|-boost|p1a: Keldeo|spd|1","|move|p2a: Zapdos|Air Cutter|p1a: Keldeo","|-supereffective|p1a: Keldeo","|-damage|p1a: Keldeo|183/323","|","|-heal|p1a: Keldeo|203/323|[from] item: Leftovers","|-heal|p2a: Zapdos|344/383|[from] item: Leftovers","|turn|8","|","|move|p1a: Keldeo|Icy Wind|p2a: Zapdos","|-supereffective|p2a: Zapdos","|-damage|p2a: Zapdos|126/383","|-unboost|p2a: Zapdos|spe|1","|move|p2a: Zapdos|Air Cutter|p1a: Keldeo","|-supereffective|p1a: Keldeo","|-damage|p1a: Keldeo|59/323","|","|-heal|p1a: Keldeo|79/323|[from] item: Leftovers","|-heal|p2a: Zapdos|149/383|[from] item: Leftovers","|turn|9","|","|move|p1a: Keldeo|Secret Sword|p2a: Zapdos","|-resisted|p2a: Zapdos","|-damage|p2a: Zapdos|22/383","|move|p2a: Zapdos|Roost|p2a: Zapdos","|-heal|p2a: Zapdos|214/383","|","|-heal|p1a: Keldeo|99/323|[from] item: Leftovers","|-heal|p2a: Zapdos|237/383|[from] item: Leftovers","|turn|10","|","|move|p1a: Keldeo|Icy Wind|p2a: Zapdos","|-supereffective|p2a: Zapdos","|-damage|p2a: Zapdos|27/383","|-unboost|p2a: Zapdos|spe|1","|move|p2a: Zapdos|Air Cutter|p1a: Keldeo","|-supereffective|p1a: Keldeo","|-damage|p1a: Keldeo|0 fnt","|faint|p1a: Keldeo","|","|-heal|p2a: Zapdos|50/383|[from] item: Leftovers","|","|switch|p1a: Gallade|Gallade, M|339/339","|turn|11","|","|switch|p2a: Lanturn|Lanturn, F|453/453","|detailschange|p1a: Gallade|Gallade-Mega, M","|-mega|p1a: Gallade|Gallade|Galladite","|move|p1a: Gallade|Swords Dance|p1a: Gallade","|-boost|p1a: Gallade|atk|2","|","|turn|12","|","|move|p1a: Gallade|Psycho Cut|p2a: Lanturn","|-damage|p2a: Lanturn|0 fnt","|faint|p2a: Lanturn","|","|","|switch|p2a: Galvantula|Galvantula, M|281/281","|turn|13","|","|move|p2a: Galvantula|Bug Buzz|p1a: Gallade","|-damage|p1a: Gallade|213/339","|move|p1a: Gallade|Brick Break|p2a: Galvantula","|-resisted|p2a: Galvantula","|-damage|p2a: Galvantula|27/281","|","|-heal|p2a: Galvantula|44/281|[from] item: Leftovers","|turn|14","|","|move|p2a: Galvantula|Thunder|p1a: Gallade","|-damage|p1a: Gallade|71/339","|move|p1a: Gallade|Brick Break|p2a: Galvantula","|-resisted|p2a: Galvantula","|-damage|p2a: Galvantula|0 fnt","|faint|p2a: Galvantula","|","|","|switch|p2a: Zapdos|Zapdos|50/383","|-ability|p2a: Zapdos|Pressure","|turn|15","|","|move|p2a: Zapdos|Air Cutter|p1a: Gallade","|-miss|p2a: Zapdos|p1a: Gallade","|move|p1a: Gallade|Psycho Cut|p2a: Zapdos","|-damage|p2a: Zapdos|0 fnt","|faint|p2a: Zapdos","|","|","|switch|p2a: Electivire|Electivire, M, shiny|291/291","|turn|16","|","|move|p2a: Electivire|Ice Punch|p1a: Gallade","|-damage|p1a: Gallade|0 fnt","|faint|p1a: Gallade","|","|","|switch|p1a: Machamp|Machamp, F|383/383","|turn|17","|","|move|p2a: Electivire|Ice Punch|p1a: Machamp","|-damage|p1a: Machamp|201/383","|move|p1a: Machamp|Dynamic Punch|p2a: Electivire","|-damage|p2a: Electivire|0 fnt","|faint|p2a: Electivire","|","|","|switch|p2a: Magnezone|Magnezone, shiny|343/343","|turn|18","|","|move|p1a: Machamp|Dynamic Punch|p2a: Magnezone","|-supereffective|p2a: Magnezone","|-damage|p2a: Magnezone|0 fnt","|faint|p2a: Magnezone","|","|","|switch|p2a: Ampharos|Ampharos, F, shiny|383/383","|turn|19","|","|detailschange|p2a: Ampharos|Ampharos-Mega, F, shiny","|-mega|p2a: Ampharos|Ampharos|Ampharosite","|-ability|p2a: Ampharos|Mold Breaker","|move|p2a: Ampharos|Confuse Ray|p1a: Machamp","|-start|p1a: Machamp|confusion","|-activate|p1a: Machamp|confusion","|move|p1a: Machamp|Dynamic Punch|p2a: Ampharos","|-damage|p2a: Ampharos|110/383","|-start|p2a: Ampharos|confusion","|","|turn|20","|","|-activate|p1a: Machamp|confusion","|-damage|p1a: Machamp|113/383|[from] confusion","|-activate|p2a: Ampharos|confusion","|move|p2a: Ampharos|Cotton Guard|p2a: Ampharos","|-boost|p2a: Ampharos|def|3","|","|turn|21","|","|switch|p1a: Gurdurr|Gurdurr, F|373/373","|-activate|p2a: Ampharos|confusion","|-damage|p2a: Ampharos|98/383|[from] confusion","|","|turn|22","|","|-activate|p2a: Ampharos|confusion","|-damage|p2a: Ampharos|87/383|[from] confusion","|move|p1a: Gurdurr|Bulk Up|p1a: Gurdurr","|-boost|p1a: Gurdurr|atk|1","|-boost|p1a: Gurdurr|def|1","|","|turn|23","|","|-end|p2a: Ampharos|confusion","|move|p2a: Ampharos|Confuse Ray|p1a: Gurdurr","|-start|p1a: Gurdurr|confusion","|-activate|p1a: Gurdurr|confusion","|move|p1a: Gurdurr|Drain Punch|p2a: Ampharos","|-damage|p2a: Ampharos|12/383","|","|turn|24","|","|move|p2a: Ampharos|Thunderbolt|p1a: Gurdurr","|-damage|p1a: Gurdurr|121/373","|-end|p1a: Gurdurr|confusion","|move|p1a: Gurdurr|Drain Punch|p2a: Ampharos","|-damage|p2a: Ampharos|0 fnt","|-heal|p1a: Gurdurr|127/373|[from] drain|[of] p2a: Ampharos","|faint|p2a: Ampharos","|","|win|LightOfAKnowing"],"p1rating":{"entryid":"386","serverid":"eos","formatid":"monotype","userid":"lightofaknowing","username":"LightOfAKnowing","w":36,"l":"42","t":"0","gxe":48.4,"r":"1468.7177165907","rd":"42.537282339152","sigma":"0","rptime":"1440493200","rpr":1487.6529140049,"rprd":41.431311140089,"rpsigma":"0","acre":1230.5781546976,"lacre":1230.5781546976,"oldacre":"1214.231062447"},"p2rating":{"entryid":"171443","serverid":"eos","formatid":"monotype","userid":"crystalmafetan","username":"Crystal Mafetan","w":"8","l":12,"t":"0","gxe":43.3,"r":"1449.5813050498","rd":"78.384295072067","sigma":"0","rptime":"1440493200","rpr":1448.4505643938,"rprd":71.190927929774,"rpsigma":"0","acre":1073.5498357991,"lacre":1073.5498357991,"oldacre":"1088.7982298274"},"endType":"normal"}