{"seed":[6239,47574,51937,31249],"turns":17,"p1":"Diansa","p2":"inferno sasuke","p1team":[{"name":"Politoed","species":"Politoed","item":"leftovers","ability":"Drizzle","moves":["scald","encore","toxic","protect"],"nature":"Bold","evs":{"hp":252,"atk":0,"def":252,"spa":0,"spd":4,"spe":0},"ivs":{"hp":31,"atk":31,"def":31,"spa":31,"spd":31,"spe":31}},{"name":"Swampert","species":"Swampert","item":"swampertite","ability":"Torrent","moves":["waterfall","icepunch","earthquake","superpower"],"nature":"Adamant","evs":{"hp":212,"atk":44,"def":104,"spa":0,"spd":104,"spe":44},"ivs":{"hp":31,"atk":31,"def":31,"spa":31,"spd":31,"spe":31}},{"name":"Tentacruel","species":"Tentacruel","item":"blacksludge","ability":"Rain Dish","moves":["rapidspin","toxicspikes","scald","acidspray"],"nature":"Timid","evs":{"hp":0,"atk":0,"def":0,"spa":252,"spd":4,"spe":252},"ivs":{"hp":31,"atk":31,"def":31,"spa":31,"spd":31,"spe":31}},{"name":"Ludicolo","species":"Ludicolo","item":"lifeorb","ability":"Swift Swim","moves":["hydropump","icebeam","gigadrain","raindance"],"nature":"Modest","evs":{"hp":0,"atk":0,"def":0,"spa":252,"spd":4,"spe":252},"ivs":{"hp":31,"atk":31,"def":31,"spa":31,"spd":31,"spe":31}},{"name":"Crawdaunt","species":"Crawdaunt","item":"lifeorb","ability":"Adaptability","moves":["swordsdance","crabhammer","knockoff","aquajet"],"nature":"Adamant","evs":{"hp":248,"atk":252,"def":0,"spa":0,"spd":8,"spe":0},"ivs":{"hp":31,"atk":31,"def":31,"spa":31,"spd":31,"spe":31}},{"name":"Vaporeon","species":"Vaporeon","item":"leftovers","ability":"Hydration","moves":["protect","wish","scald","haze"],"nature":"","evs":{"hp":0,"atk":0,"def":0,"spa":0,"spd":0,"spe":0},"ivs":{"hp":31,"atk":31,"def":31,"spa":31,"spd":31,"spe":31}}],"p2team":[{"name":"Eye of ender","species":"sableye","item":"sablenite","ability":"Prankster","moves":["calmmind","toxic","darkpulse","recover"],"nature":"Bold","evs":{"hp":248,"atk":0,"def":252,"spa":8,"spd":0,"spe":0},"shiny":true,"ivs":{"hp":31,"atk":31,"def":31,"spa":31,"spd":31,"spe":31}},{"name":"i can smell your s","species":"chandelure","item":"lifeorb","ability":"Flash Fire","moves":["flamethrower","calmmind","shadowball","overheat"],"nature":"Timid","evs":{"hp":0,"atk":0,"def":0,"spa":252,"spd":4,"spe":252},"shiny":true,"ivs":{"hp":31,"atk":31,"def":31,"spa":31,"spd":31,"spe":31}},{"name":"Pedo","species":"gengar","item":"lifeorb","ability":"Levitate","moves":["sludgewave","darkpulse","destinybond","shadowball"],"nature":"Timid","evs":{"hp":0,"atk":0,"def":0,"spa":252,"spd":4,"spe":252},"shiny":true,"ivs":{"hp":31,"atk":31,"def":31,"spa":31,"spd":31,"spe":31}},{"name":"Meta sonic","species":"doublade","item":"eviolite","ability":"No Guard","moves":["swordsdance","shadowsneak","ironhead","sacredsword"],"nature":"Adamant","evs":{"hp":248,"atk":252,"def":0,"spa":0,"spd":8,"spe":0},"shiny":true,"ivs":{"hp":31,"atk":31,"def":31,"spa":31,"spd":31,"spe":31}},{"name":"i should be banned","species":"hoopa","item":"leftovers","ability":"Magician","moves":["hyperspacehole","calmmind","hyperspacefury","shadowball"],"nature":"Mild","evs":{"hp":252,"atk":4,"def":0,"spa":252,"spd":0,"spe":0},"ivs":{"hp":31,"atk":31,"def":31,"spa":31,"spd":31,"spe":31}},{"name":"IRON LADY","species":"golurk","item":"lifeorb","ability":"Iron Fist","moves":["icepunch","earthquake","firepunch","phantomforce"],"nature":"Adamant","evs":{"hp":248,"atk":252,"def":0,"spa":0,"spd":8,"spe":0},"shiny":true,"ivs":{"hp":31,"atk":31,"def":31,"spa":31,"spd":31,"spe":31}}],"log":["|player|p1|Diansa|265","|player|p2|inferno sasuke|infernosasuke.png","|gametype|singles","|gen|6","|tier|Monotype","|rated","|rule|Baton Pass Clause: Limit one Baton Passer, can't pass Spe and other stats simultaneously","|rule|Swagger Clause: Swagger is banned","|rule|Same Type Clause: Pokémon in a team must share a type","|clearpoke","|poke|p1|Politoed, M","|poke|p1|Swampert, F","|poke|p1|Tentacruel, F","|poke|p1|Ludicolo, F","|poke|p1|Crawdaunt, F","|poke|p1|Vaporeon, M","|poke|p2|Sableye, F, shiny","|poke|p2|Chandelure, F, shiny","|poke|p2|Gengar, M, shiny","|poke|p2|Doublade, M, shiny","|poke|p2|Hoopa","|poke|p2|Golurk, shiny","|rule|Sleep Clause Mod: Limit one foe put to sleep","|rule|Species Clause: Limit one of each Pokémon","|rule|OHKO Clause: OHKO moves are banned","|rule|Moody Clause: Moody is banned","|rule|Evasion Moves Clause: Evasion moves are banned","|rule|Endless Battle Clause: Forcing endless battles is banned","|rule|HP Percentage Mod: HP is shown in percentages","|teampreview","|","|start","|switch|p1a: Politoed|Politoed, M|384/384","|switch|p2a: Eye of ender|Sableye, F, shiny|303/303","|-weather|RainDance","|turn|1","|","|detailschange|p2a: Eye of ender|Sableye-Mega, F, shiny","|-mega|p2a: Eye of ender|Sableye|Sablenite","|move|p2a: Eye of ender|Calm Mind|p2a: Eye of ender","|-boost|p2a: Eye of ender|spa|1","|-boost|p2a: Eye of ender|spd|1","|move|p1a: Politoed|Scald|p2a: Eye of ender","|-damage|p2a: Eye of ender|231/303","|","|-weather|RainDance|[upkeep]","|turn|2","|","|switch|p1a: Tentacruel|Tentacruel, F|301/301","|move|p2a: Eye of ender|Calm Mind|p2a: Eye of ender","|-boost|p2a: Eye of ender|spa|1","|-boost|p2a: Eye of ender|spd|1","|","|-weather|RainDance|[upkeep]","|turn|3","|","|move|p1a: Tentacruel|Acid Spray|p2a: Eye of ender","|-resisted|p2a: Eye of ender","|-damage|p2a: Eye of ender|219/303","|-unboost|p2a: Eye of ender|spd|2","|move|p2a: Eye of ender|Calm Mind|p2a: Eye of ender","|-boost|p2a: Eye of ender|spa|1","|-boost|p2a: Eye of ender|spd|1","|","|-weather|RainDance|[upkeep]","|turn|4","|","|move|p1a: Tentacruel|Acid Spray|p2a: Eye of ender","|-resisted|p2a: Eye of ender","|-damage|p2a: Eye of ender|203/303","|-unboost|p2a: Eye of ender|spd|2","|move|p2a: Eye of ender|Dark Pulse|p1a: Tentacruel","|-damage|p1a: Tentacruel|118/301","|","|-weather|RainDance|[upkeep]","|-heal|p1a: Tentacruel|136/301|[from] ability: Rain Dish","|-heal|p1a: Tentacruel|154/301|[from] item: Black Sludge","|turn|5","|","|move|p1a: Tentacruel|Acid Spray|p2a: Eye of ender","|-resisted|p2a: Eye of ender","|-damage|p2a: Eye of ender|171/303","|-unboost|p2a: Eye of ender|spd|2","|move|p2a: Eye of ender|Recover|p2a: Eye of ender","|-heal|p2a: Eye of ender|303/303","|","|-weather|none","|-heal|p1a: Tentacruel|172/301|[from] item: Black Sludge","|turn|6","|","|move|p1a: Tentacruel|Scald|p2a: Eye of ender","|-damage|p2a: Eye of ender|72/303","|move|p2a: Eye of ender|Dark Pulse|p1a: Tentacruel","|-damage|p1a: Tentacruel|6/301","|","|-heal|p1a: Tentacruel|24/301|[from] item: Black Sludge","|turn|7","|","|switch|p2a: i should be banned|Hoopa|364/364","|move|p1a: Tentacruel|Scald|p2a: i should be banned","|-damage|p2a: i should be banned|283/364","|","|-heal|p1a: Tentacruel|42/301|[from] item: Black Sludge","|-heal|p2a: i should be banned|305/364|[from] item: Leftovers","|turn|8","|","|move|p1a: Tentacruel|Acid Spray|p2a: i should be banned","|-resisted|p2a: i should be banned","|-damage|p2a: i should be banned|286/364","|-unboost|p2a: i should be banned|spd|2","|move|p2a: i should be banned|Calm Mind|p2a: i should be banned","|-boost|p2a: i should be banned|spa|1","|-boost|p2a: i should be banned|spd|1","|","|-heal|p1a: Tentacruel|60/301|[from] item: Black Sludge","|-heal|p2a: i should be banned|308/364|[from] item: Leftovers","|turn|9","|","|move|p1a: Tentacruel|Acid Spray|p2a: i should be banned","|-resisted|p2a: i should be banned","|-damage|p2a: i should be banned|277/364","|-unboost|p2a: i should be banned|spd|2","|move|p2a: i should be banned|Hyperspace Hole|p1a: Tentacruel","|-supereffective|p1a: Tentacruel","|-damage|p1a: Tentacruel|0 fnt","|faint|p1a: Tentacruel","|","|-heal|p2a: i should be banned|299/364|[from] item: Leftovers","|","|switch|p1a: Politoed|Politoed, M|384/384","|-weather|RainDance","|turn|10","|","|move|p1a: Politoed|Scald|p2a: i should be banned","|-damage|p2a: i should be banned|43/364","|move|p2a: i should be banned|Hyperspace Hole|p1a: Politoed","|-crit|p1a: Politoed","|-damage|p1a: Politoed|0 fnt","|faint|p1a: Politoed","|","|-weather|RainDance|[upkeep]","|-heal|p2a: i should be banned|65/364|[from] item: Leftovers","|","|switch|p1a: Crawdaunt|Crawdaunt, F|329/329","|turn|11","|","|move|p1a: Crawdaunt|Aqua Jet|p2a: i should be banned","|-damage|p2a: i should be banned|0 fnt","|-damage|p1a: Crawdaunt|297/329|[from] item: Life Orb","|faint|p2a: i should be banned","|","|-weather|RainDance|[upkeep]","|","|switch|p2a: Meta sonic|Doublade, M, shiny|321/321","|turn|12","|","|move|p1a: Crawdaunt|Knock Off|p2a: Meta sonic","|-supereffective|p2a: Meta sonic","|-damage|p2a: Meta sonic|4/321","|-enditem|p2a: Meta sonic|Eviolite|[from] move: Knock Off|[of] p1a: Crawdaunt","|-damage|p1a: Crawdaunt|265/329|[from] item: Life Orb","|move|p2a: Meta sonic|Sacred Sword|p1a: Crawdaunt","|-supereffective|p1a: Crawdaunt","|-damage|p1a: Crawdaunt|9/329","|","|-weather|RainDance|[upkeep]","|turn|13","|","|move|p1a: Crawdaunt|Aqua Jet|p2a: Meta sonic","|-damage|p2a: Meta sonic|0 fnt","|-damage|p1a: Crawdaunt|0 fnt|[from] item: Life Orb","|faint|p2a: Meta sonic","|faint|p1a: Crawdaunt","|","|-weather|RainDance|[upkeep]","|","|switch|p2a: Pedo|Gengar, M, shiny|261/261","|switch|p1a: Ludicolo|Ludicolo, F|301/301","|turn|14","|","|move|p1a: Ludicolo|Hydro Pump|p2a: Pedo","|-damage|p2a: Pedo|0 fnt","|-damage|p1a: Ludicolo|271/301|[from] item: Life Orb","|faint|p2a: Pedo","|","|-weather|none","|","|switch|p2a: IRON LADY|Golurk, shiny|381/381","|turn|15","|","|move|p1a: Ludicolo|Rain Dance|p1a: Ludicolo","|-weather|RainDance","|move|p2a: IRON LADY|Earthquake|p1a: Ludicolo","|-resisted|p1a: Ludicolo","|-damage|p1a: Ludicolo|110/301","|-damage|p2a: IRON LADY|343/381|[from] item: Life Orb","|","|-weather|RainDance|[upkeep]","|turn|16","|","|move|p1a: Ludicolo|Giga Drain|p2a: IRON LADY","|-supereffective|p2a: IRON LADY","|-damage|p2a: IRON LADY|0 fnt","|-heal|p1a: Ludicolo|282/301|[from] drain|[of] p2a: IRON LADY","|-damage|p1a: Ludicolo|252/301|[from] item: Life Orb","|faint|p2a: IRON LADY","|","|-weather|RainDance|[upkeep]","|","|switch|p2a: i can smell your s|Chandelure, F, shiny|261/261","|turn|17","|","|move|p1a: Ludicolo|Hydro Pump|p2a: i can smell your s","|-supereffective|p2a: i can smell your s","|-damage|p2a: i can smell your s|0 fnt","|-damage|p1a: Ludicolo|222/301|[from] item: Life Orb","|faint|p2a: i can smell your s","|","|-weather|RainDance|[upkeep]","|","|win|Diansa"],"p1rating":{"entryid":"306723","serverid":"eos","formatid":"monotype","userid":"diansa","username":"Diansa","w":2,"l":"1","t":"0","gxe":54.9,"r":"1540.1606143388","rd":"123.22070420879","sigma":"0","rptime":"1440493200","rpr":1539.0452379733,"rprd":111.86793503003,"rpsigma":"0","acre":1067.3177290334,"lacre":1067.3177290334,"oldacre":"1034.559004245"},"p2rating":{"entryid":"45674","serverid":"eos","formatid":"monotype","userid":"infernosasuke","username":"Inferno Sasuke","w":"24","l":53,"t":"0","gxe":33.6,"r":"1400.7762494984","rd":"44.563674269356","sigma":"0","rptime":"1440493200","rpr":1370.6886394468,"rprd":41.785028219066,"rpsigma":"0","acre":1002.6182199599,"lacre":1002.6182199599,"oldacre":"1014.0037059321"},"endType":"forfeit"}