{"seed":[57890,11397,114,54684],"turns":34,"p1":"Apex✦Emil","p2":"GTX♅RyanRotom12","p1team":[{"name":"Scizor","species":"Scizor","item":"scizorite","ability":"Technician","moves":["swordsdance","bulletpunch","superpower","roost"],"nature":"Adamant","evs":{"hp":4,"atk":252,"def":0,"spa":0,"spd":252,"spe":0},"gender":"M","ivs":{"hp":31,"atk":31,"def":31,"spa":31,"spd":31,"spe":31}},{"name":"Bisharp","species":"Bisharp","item":"focussash","ability":"Inner Focus","moves":["metalburst","protect","swordsdance","suckerpunch"],"nature":"Adamant","evs":{"hp":16,"atk":252,"def":0,"spa":0,"spd":240,"spe":0},"gender":"M","shiny":true,"ivs":{"hp":31,"atk":31,"def":31,"spa":31,"spd":31,"spe":31}},{"name":"Heatran","species":"Heatran","item":"airballoon","ability":"Flash Fire","moves":["earthpower","lavaplume","toxic","rest"],"nature":"Modest","evs":{"hp":252,"atk":0,"def":4,"spa":252,"spd":0,"spe":0},"gender":"F","shiny":true,"ivs":{"hp":31,"atk":31,"def":31,"spa":31,"spd":31,"spe":31}},{"name":"Excadrill","species":"Excadrill","item":"airballoon","ability":"Sand Rush","moves":["ironhead","earthquake","rapidspin","rockslide"],"nature":"Jolly","evs":{"hp":0,"atk":252,"def":4,"spa":0,"spd":0,"spe":252},"gender":"M","shiny":true,"ivs":{"hp":31,"atk":31,"def":31,"spa":31,"spd":31,"spe":31}},{"name":"Skarmory","species":"Skarmory","item":"leftovers","ability":"Sturdy","moves":["stealthrock","whirlwind","roost","bravebird"],"nature":"Careful","evs":{"hp":252,"atk":4,"def":0,"spa":0,"spd":252,"spe":0},"gender":"F","ivs":{"hp":31,"atk":31,"def":31,"spa":31,"spd":31,"spe":31}},{"name":"Jirachi","species":"Jirachi","item":"choicescarf","ability":"Serene Grace","moves":["trick","ironhead","bodyslam","ancientpower"],"nature":"Jolly","evs":{"hp":4,"atk":252,"def":0,"spa":0,"spd":0,"spe":252},"shiny":true,"ivs":{"hp":31,"atk":31,"def":31,"spa":31,"spd":31,"spe":31}}],"p2team":[{"name":"Scolipede","species":"Scolipede","item":"choicescarf","ability":"Speed Boost","moves":["poisonjab","megahorn","earthquake","rockslide"],"nature":"Adamant","evs":{"hp":0,"atk":252,"def":0,"spa":0,"spd":4,"spe":252},"ivs":{"hp":31,"atk":31,"def":31,"spa":31,"spd":31,"spe":31}},{"name":"Toxicroak","species":"Toxicroak","item":"focussash","ability":"Poison Touch","moves":["drainpunch","poisonjab","protect","swordsdance"],"nature":"Adamant","evs":{"hp":248,"atk":252,"def":0,"spa":0,"spd":8,"spe":0},"ivs":{"hp":31,"atk":31,"def":31,"spa":31,"spd":31,"spe":31}},{"name":"Garbodor","species":"Garbodor","item":"expertbelt","ability":"Stench","moves":["psychic","thunderbolt","focusblast","protect"],"nature":"Modest","evs":{"hp":248,"atk":0,"def":0,"spa":252,"spd":8,"spe":0},"ivs":{"hp":31,"atk":31,"def":31,"spa":31,"spd":31,"spe":31}},{"name":"Crobat","species":"Crobat","item":"","ability":"Inner Focus","moves":["crosspoison","bravebird","zenheadbutt","acrobatics"],"nature":"Jolly","evs":{"hp":0,"atk":252,"def":0,"spa":0,"spd":4,"spe":252},"ivs":{"hp":31,"atk":31,"def":31,"spa":31,"spd":31,"spe":31}},{"name":"Drapion","species":"Drapion","item":"scopelens","ability":"Sniper","moves":["crosspoison","nightslash","icefang","protect"],"nature":"Adamant","evs":{"hp":248,"atk":252,"def":0,"spa":0,"spd":8,"spe":0},"ivs":{"hp":31,"atk":31,"def":31,"spa":31,"spd":31,"spe":31}},{"name":"Amoonguss","species":"Amoonguss","item":"blacksludge","ability":"Regenerator","moves":["foulplay","spore","gigadrain","protect"],"nature":"Calm","evs":{"hp":252,"atk":0,"def":0,"spa":4,"spd":252,"spe":0},"ivs":{"hp":31,"atk":31,"def":31,"spa":31,"spd":31,"spe":31}}],"log":["|player|p1|Apex✦Emil|267","|player|p2|GTX♅RyanRotom12|161","|gametype|singles","|gen|6","|tier|Monotype","|rated","|rule|Baton Pass Clause: Limit one Baton Passer, can't pass Spe and other stats simultaneously","|rule|Swagger Clause: Swagger is banned","|rule|Same Type Clause: Pokémon in a team must share a type","|clearpoke","|poke|p1|Scizor, M","|poke|p1|Bisharp, M, shiny","|poke|p1|Heatran, F, shiny","|poke|p1|Excadrill, M, shiny","|poke|p1|Skarmory, F","|poke|p1|Jirachi, shiny","|poke|p2|Scolipede, M","|poke|p2|Toxicroak, M","|poke|p2|Garbodor, M","|poke|p2|Crobat, M","|poke|p2|Drapion, M","|poke|p2|Amoonguss, M","|rule|Sleep Clause Mod: Limit one foe put to sleep","|rule|Species Clause: Limit one of each Pokémon","|rule|OHKO Clause: OHKO moves are banned","|rule|Moody Clause: Moody is banned","|rule|Evasion Moves Clause: Evasion moves are banned","|rule|Endless Battle Clause: Forcing endless battles is banned","|rule|HP Percentage Mod: HP is shown in percentages","|teampreview","|","|start","|switch|p1a: Bisharp|Bisharp, M, shiny|275/275","|switch|p2a: Garbodor|Garbodor, M|363/363","|turn|1","|","|move|p2a: Garbodor|Focus Blast|p1a: Bisharp","|-supereffective|p1a: Bisharp","|-enditem|p1a: Bisharp|Focus Sash","|-damage|p1a: Bisharp|1/275","|move|p1a: Bisharp|Swords Dance|p1a: Bisharp","|-boost|p1a: Bisharp|atk|2","|","|turn|2","|","|move|p1a: Bisharp|Sucker Punch|p2a: Garbodor","|-damage|p2a: Garbodor|14/363","|move|p2a: Garbodor|Thunderbolt|p1a: Bisharp","|-damage|p1a: Bisharp|0 fnt","|faint|p1a: Bisharp","|","|","|switch|p1a: Jirachi|Jirachi, shiny|342/342","|turn|3","|","|move|p2a: Garbodor|Protect|p2a: Garbodor","|-singleturn|p2a: Garbodor|Protect","|move|p1a: Jirachi|Body Slam|p2a: Garbodor","|-activate|p2a: Garbodor|Protect","|","|turn|4","|","|move|p1a: Jirachi|Body Slam|p2a: Garbodor","|-damage|p2a: Garbodor|0 fnt","|faint|p2a: Garbodor","|","|","|switch|p2a: Amoonguss|Amoonguss, M|432/432","|turn|5","|","|move|p1a: Jirachi|Body Slam|p2a: Amoonguss","|-damage|p2a: Amoonguss|314/432","|-status|p2a: Amoonguss|par","|cant|p2a: Amoonguss|par","|","|-heal|p2a: Amoonguss|341/432 par|[from] item: Black Sludge","|turn|6","|","|switch|p1a: Skarmory|Skarmory, F|334/334","|move|p2a: Amoonguss|Spore|p1a: Skarmory","|-status|p1a: Skarmory|slp","|","|-heal|p2a: Amoonguss|368/432 par|[from] item: Black Sludge","|turn|7","|","|cant|p1a: Skarmory|slp","|move|p2a: Amoonguss|Foul Play|p1a: Skarmory","|-damage|p1a: Skarmory|283/334 slp","|","|-heal|p1a: Skarmory|303/334 slp|[from] item: Leftovers","|-heal|p2a: Amoonguss|395/432 par|[from] item: Black Sludge","|turn|8","|","|cant|p1a: Skarmory|slp","|move|p2a: Amoonguss|Giga Drain|p1a: Skarmory","|-resisted|p1a: Skarmory","|-damage|p1a: Skarmory|286/334 slp","|-heal|p2a: Amoonguss|404/432 par|[from] drain|[of] p1a: Skarmory","|","|-heal|p1a: Skarmory|306/334 slp|[from] item: Leftovers","|-heal|p2a: Amoonguss|431/432 par|[from] item: Black Sludge","|turn|9","|","|cant|p1a: Skarmory|slp","|move|p2a: Amoonguss|Foul Play|p1a: Skarmory","|-damage|p1a: Skarmory|259/334 slp","|","|-heal|p1a: Skarmory|279/334 slp|[from] item: Leftovers","|-heal|p2a: Amoonguss|432/432 par|[from] item: Black Sludge","|turn|10","|","|-curestatus|p1a: Skarmory|slp","|move|p1a: Skarmory|Stealth Rock|p2a: Amoonguss","|-sidestart|p2: GTX♅RyanRotom12|move: Stealth Rock","|move|p2a: Amoonguss|Foul Play|p1a: Skarmory","|-damage|p1a: Skarmory|236/334","|","|-heal|p1a: Skarmory|256/334|[from] item: Leftovers","|turn|11","|","|move|p1a: Skarmory|Brave Bird|p2a: Amoonguss","|-supereffective|p2a: Amoonguss","|-damage|p2a: Amoonguss|114/432 par","|-damage|p1a: Skarmory|151/334|[from] recoil|[of] p2a: Amoonguss","|move|p2a: Amoonguss|Spore|p1a: Skarmory","|-status|p1a: Skarmory|slp","|","|-heal|p1a: Skarmory|171/334 slp|[from] item: Leftovers","|-heal|p2a: Amoonguss|141/432 par|[from] item: Black Sludge","|turn|12","|","|cant|p1a: Skarmory|slp","|move|p2a: Amoonguss|Foul Play|p1a: Skarmory","|-damage|p1a: Skarmory|125/334 slp","|","|-heal|p1a: Skarmory|145/334 slp|[from] item: Leftovers","|-heal|p2a: Amoonguss|168/432 par|[from] item: Black Sludge","|turn|13","|","|cant|p1a: Skarmory|slp","|cant|p2a: Amoonguss|par","|","|-heal|p1a: Skarmory|165/334 slp|[from] item: Leftovers","|-heal|p2a: Amoonguss|195/432 par|[from] item: Black Sludge","|turn|14","|","|-curestatus|p1a: Skarmory|slp","|move|p1a: Skarmory|Roost|p1a: Skarmory","|-heal|p1a: Skarmory|332/334","|cant|p2a: Amoonguss|par","|","|-heal|p1a: Skarmory|334/334|[from] item: Leftovers","|-heal|p2a: Amoonguss|222/432 par|[from] item: Black Sludge","|turn|15","|","|move|p1a: Skarmory|Brave Bird|p2a: Amoonguss","|-supereffective|p2a: Amoonguss","|-damage|p2a: Amoonguss|0 fnt","|-damage|p1a: Skarmory|261/334|[from] recoil|[of] p2a: Amoonguss","|faint|p2a: Amoonguss","|","|-heal|p1a: Skarmory|281/334|[from] item: Leftovers","|","|switch|p2a: Crobat|Crobat, M|311/311","|-damage|p2a: Crobat|234/311|[from] Stealth Rock","|turn|16","|","|move|p2a: Crobat|Acrobatics|p1a: Skarmory","|-resisted|p1a: Skarmory","|-damage|p1a: Skarmory|227/334","|move|p1a: Skarmory|Whirlwind|p2a: Crobat","|drag|p2a: Drapion|Drapion, M|343/343","|-damage|p2a: Drapion|301/343|[from] Stealth Rock","|","|-heal|p1a: Skarmory|247/334|[from] item: Leftovers","|turn|17","|","|move|p2a: Drapion|Night Slash|p1a: Skarmory","|-damage|p1a: Skarmory|168/334","|move|p1a: Skarmory|Whirlwind|p2a: Drapion","|drag|p2a: Scolipede|Scolipede, M|261/261","|-damage|p2a: Scolipede|196/261|[from] Stealth Rock","|","|-heal|p1a: Skarmory|188/334|[from] item: Leftovers","|turn|18","|","|move|p2a: Scolipede|Rock Slide|p1a: Skarmory","|-damage|p1a: Skarmory|122/334","|cant|p1a: Skarmory|flinch","|","|-heal|p1a: Skarmory|142/334|[from] item: Leftovers","|-boost|p2a: Scolipede|spe|1|[from] ability: Speed Boost","|turn|19","|","|move|p2a: Scolipede|Rock Slide|p1a: Skarmory","|-damage|p1a: Skarmory|82/334","|move|p1a: Skarmory|Roost|p1a: Skarmory","|-heal|p1a: Skarmory|249/334","|","|-heal|p1a: Skarmory|269/334|[from] item: Leftovers","|-boost|p2a: Scolipede|spe|1|[from] ability: Speed Boost","|turn|20","|","|move|p2a: Scolipede|Rock Slide|p1a: Skarmory","|-miss|p2a: Scolipede|p1a: Skarmory","|move|p1a: Skarmory|Brave Bird|p2a: Scolipede","|-crit|p2a: Scolipede","|-supereffective|p2a: Scolipede","|-damage|p2a: Scolipede|0 fnt","|-damage|p1a: Skarmory|204/334|[from] recoil|[of] p2a: Scolipede","|faint|p2a: Scolipede","|","|-heal|p1a: Skarmory|224/334|[from] item: Leftovers","|","|switch|p2a: Drapion|Drapion, M|301/343","|-damage|p2a: Drapion|259/343|[from] Stealth Rock","|turn|21","|","|move|p2a: Drapion|Night Slash|p1a: Skarmory","|-damage|p1a: Skarmory|146/334","|move|p1a: Skarmory|Whirlwind|p2a: Drapion","|drag|p2a: Crobat|Crobat, M|234/311","|-damage|p2a: Crobat|157/311|[from] Stealth Rock","|","|-heal|p1a: Skarmory|166/334|[from] item: Leftovers","|turn|22","|","|move|p2a: Crobat|Zen Headbutt|p1a: Skarmory","|-resisted|p1a: Skarmory","|-damage|p1a: Skarmory|136/334","|move|p1a: Skarmory|Roost|p1a: Skarmory","|-heal|p1a: Skarmory|303/334","|","|-heal|p1a: Skarmory|323/334|[from] item: Leftovers","|turn|23","|","|move|p2a: Crobat|Brave Bird|p1a: Skarmory","|-resisted|p1a: Skarmory","|-damage|p1a: Skarmory|257/334","|-damage|p2a: Crobat|135/311|[from] recoil|[of] p1a: Skarmory","|move|p1a: Skarmory|Whirlwind|p2a: Crobat","|drag|p2a: Toxicroak|Toxicroak, M|369/369","|-damage|p2a: Toxicroak|346/369|[from] Stealth Rock","|","|-heal|p1a: Skarmory|277/334|[from] item: Leftovers","|turn|24","|","|move|p2a: Toxicroak|Drain Punch|p1a: Skarmory","|-damage|p1a: Skarmory|180/334","|-heal|p2a: Toxicroak|369/369|[from] drain|[of] p1a: Skarmory","|move|p1a: Skarmory|Whirlwind|p2a: Toxicroak","|drag|p2a: Drapion|Drapion, M|259/343","|-damage|p2a: Drapion|217/343|[from] Stealth Rock","|","|-heal|p1a: Skarmory|200/334|[from] item: Leftovers","|turn|25","|","|move|p2a: Drapion|Night Slash|p1a: Skarmory","|-crit|p1a: Skarmory","|-damage|p1a: Skarmory|10/334","|move|p1a: Skarmory|Roost|p1a: Skarmory","|-heal|p1a: Skarmory|177/334","|","|-heal|p1a: Skarmory|197/334|[from] item: Leftovers","|turn|26","|","|move|p2a: Drapion|Night Slash|p1a: Skarmory","|-damage|p1a: Skarmory|121/334","|move|p1a: Skarmory|Roost|p1a: Skarmory","|-heal|p1a: Skarmory|288/334","|","|-heal|p1a: Skarmory|308/334|[from] item: Leftovers","|turn|27","|","|move|p2a: Drapion|Night Slash|p1a: Skarmory","|-damage|p1a: Skarmory|232/334","|move|p1a: Skarmory|Brave Bird|p2a: Drapion","|-damage|p2a: Drapion|103/343","|-damage|p1a: Skarmory|194/334|[from] recoil|[of] p2a: Drapion","|","|-heal|p1a: Skarmory|214/334|[from] item: Leftovers","|turn|28","|","|move|p2a: Drapion|Night Slash|p1a: Skarmory","|-crit|p1a: Skarmory","|-damage|p1a: Skarmory|34/334","|move|p1a: Skarmory|Roost|p1a: Skarmory","|-heal|p1a: Skarmory|201/334","|","|-heal|p1a: Skarmory|221/334|[from] item: Leftovers","|turn|29","|","|move|p2a: Drapion|Night Slash|p1a: Skarmory","|-crit|p1a: Skarmory","|-damage|p1a: Skarmory|44/334","|move|p1a: Skarmory|Roost|p1a: Skarmory","|-heal|p1a: Skarmory|211/334","|","|-heal|p1a: Skarmory|231/334|[from] item: Leftovers","|turn|30","|","|move|p2a: Drapion|Night Slash|p1a: Skarmory","|-damage|p1a: Skarmory|152/334","|move|p1a: Skarmory|Roost|p1a: Skarmory","|-heal|p1a: Skarmory|319/334","|","|-heal|p1a: Skarmory|334/334|[from] item: Leftovers","|turn|31","|","|move|p2a: Drapion|Night Slash|p1a: Skarmory","|-crit|p1a: Skarmory","|-damage|p1a: Skarmory|148/334","|move|p1a: Skarmory|Brave Bird|p2a: Drapion","|-damage|p2a: Drapion|0 fnt","|-damage|p1a: Skarmory|114/334|[from] recoil|[of] p2a: Drapion","|faint|p2a: Drapion","|","|-heal|p1a: Skarmory|134/334|[from] item: Leftovers","|","|switch|p2a: Toxicroak|Toxicroak, M|369/369","|-damage|p2a: Toxicroak|346/369|[from] Stealth Rock","|turn|32","|","|move|p2a: Toxicroak|Drain Punch|p1a: Skarmory","|-damage|p1a: Skarmory|37/334","|-heal|p2a: Toxicroak|369/369|[from] drain|[of] p1a: Skarmory","|move|p1a: Skarmory|Brave Bird|p2a: Toxicroak","|-supereffective|p2a: Toxicroak","|-damage|p2a: Toxicroak|37/369","|-damage|p1a: Skarmory|0 fnt|[from] recoil|[of] p2a: Toxicroak","|faint|p1a: Skarmory","|","|","|switch|p1a: Jirachi|Jirachi, shiny|342/342","|turn|33","|","|move|p1a: Jirachi|Body Slam|p2a: Toxicroak","|-damage|p2a: Toxicroak|0 fnt","|faint|p2a: Toxicroak","|","|","|switch|p2a: Crobat|Crobat, M|135/311","|-damage|p2a: Crobat|58/311|[from] Stealth Rock","|turn|34","|","|move|p1a: Jirachi|Body Slam|p2a: Crobat","|-damage|p2a: Crobat|0 fnt","|faint|p2a: Crobat","|","|win|Apex✦Emil"],"p1rating":{"entryid":"453672","serverid":"eos","formatid":"monotype","userid":"apexemil","username":"Apex✦Emil","w":3,"l":"0","t":"0","gxe":63.6,"r":"1500","rd":"130","sigma":"0","rptime":"1440493200","rpr":1610.3530651271,"rprd":111.37508885995,"rpsigma":"0","acre":1111.3105187002,"lacre":1111.3105187002,"oldacre":"1090.3065833797"},"p2rating":{"entryid":"66094","serverid":"eos","formatid":"monotype","userid":"gtxryanrotom12","username":"GTX♅RyanRotom12","w":"1","l":3,"t":"0","gxe":41.9,"r":"1540.1606143388","rd":"123.94231767275","sigma":"0","rptime":"1440493200","rpr":1435.4674988527,"rprd":106.72183538832,"rpsigma":"0","acre":1007.6418951058,"lacre":1007.6418951058,"oldacre":"1017.6883093975"},"endType":"normal"}