{"seed":[17091,26095,64300,31767],"turns":26,"p1":"Void Neo - ⒶⒻⓀ","p2":"Void~Pixie","p1team":[{"name":"Miller","species":"skarmory","item":"rockyhelmet","ability":"Sturdy","moves":["stealthrock","whirlwind","roost","bravebird"],"nature":"Impish","evs":{"hp":248,"atk":0,"def":252,"spa":0,"spd":0,"spe":8},"ivs":{"hp":31,"atk":31,"def":31,"spa":31,"spd":31,"spe":31}},{"name":"Andrea","species":"togekiss","item":"leftovers","ability":"Serene Grace","moves":["dazzlinggleam","airslash","defog","roost"],"nature":"Calm","evs":{"hp":252,"atk":0,"def":0,"spa":4,"spd":252,"spe":0},"ivs":{"hp":31,"atk":31,"def":31,"spa":31,"spd":31,"spe":31}},{"name":"Ohnta","species":"gyarados","item":"leftovers","ability":"Moxie","moves":["dragondance","substitute","icefang","earthquake"],"nature":"Jolly","evs":{"hp":0,"atk":252,"def":0,"spa":0,"spd":4,"spe":252},"ivs":{"hp":31,"atk":31,"def":31,"spa":31,"spd":31,"spe":31}},{"name":"Rafique","species":"landorustherian","item":"choicescarf","ability":"Intimidate","moves":["uturn","earthquake","stoneedge","knockoff"],"nature":"Jolly","evs":{"hp":0,"atk":252,"def":0,"spa":0,"spd":4,"spe":252},"ivs":{"hp":31,"atk":31,"def":31,"spa":31,"spd":31,"spe":31}},{"name":"Zapdos","species":"Zapdos","item":"leftovers","ability":"Pressure","moves":["discharge","heatwave","toxic","roost"],"nature":"Calm","evs":{"hp":252,"atk":0,"def":0,"spa":4,"spd":252,"spe":0},"ivs":{"hp":31,"atk":31,"def":31,"spa":31,"spd":31,"spe":31}},{"name":"Cyron","species":"dragonite","item":"choiceband","ability":"Multiscale","moves":["outrage","extremespeed","firepunch","brickbreak"],"nature":"Adamant","evs":{"hp":0,"atk":252,"def":0,"spa":0,"spd":8,"spe":248},"ivs":{"hp":31,"atk":31,"def":31,"spa":31,"spd":31,"spe":31}}],"p2team":[{"name":"Cobalion","species":"Cobalion","item":"focussash","ability":"Justified","moves":["thunderwave","taunt","ironhead","stealthrock"],"nature":"Jolly","evs":{"hp":252,"atk":4,"def":0,"spa":0,"spd":0,"spe":252},"ivs":{"hp":31,"atk":31,"def":31,"spa":31,"spd":31,"spe":31}},{"name":"Terrakion","species":"Terrakion","item":"choicescarf","ability":"Justified","moves":["closecombat","earthquake","ironhead","rockslide"],"nature":"Jolly","evs":{"hp":0,"atk":252,"def":0,"spa":0,"spd":4,"spe":252},"ivs":{"hp":31,"atk":31,"def":31,"spa":31,"spd":31,"spe":31}},{"name":"Keldeo","species":"Keldeo","item":"choicespecs","ability":"Justified","moves":["scald","icywind","secretsword","hydropump"],"nature":"Timid","evs":{"hp":0,"atk":0,"def":0,"spa":252,"spd":4,"spe":252},"ivs":{"hp":31,"atk":30,"def":30,"spa":31,"spd":31,"spe":31}},{"name":"Hawlucha","species":"Hawlucha","item":"powerherb","ability":"Unburden","moves":["skyattack","acrobatics","highjumpkick","swordsdance"],"nature":"Adamant","evs":{"hp":0,"atk":252,"def":0,"spa":0,"spd":4,"spe":252},"ivs":{"hp":31,"atk":31,"def":31,"spa":31,"spd":31,"spe":31}},{"name":"Pangoro","species":"Pangoro","item":"assaultvest","ability":"Scrappy","moves":["circlethrow","crunch","knockoff","ironhead"],"nature":"Adamant","evs":{"hp":248,"atk":252,"def":0,"spa":0,"spd":8,"spe":0},"ivs":{"hp":31,"atk":31,"def":31,"spa":31,"spd":31,"spe":31}},{"name":"Medicham","species":"Medicham","item":"medichamite","ability":"Pure Power","moves":["bulletpunch","fakeout","psychocut","highjumpkick"],"nature":"Jolly","evs":{"hp":0,"atk":252,"def":0,"spa":0,"spd":4,"spe":252},"ivs":{"hp":31,"atk":31,"def":31,"spa":31,"spd":31,"spe":31}}],"log":["|player|p1|Void Neo - ⒶⒻⓀ|169","|player|p2|Void~Pixie|138","|gametype|singles","|gen|6","|tier|Monotype","|rated","|rule|Baton Pass Clause: Limit one Baton Passer, can't pass Spe and other stats simultaneously","|rule|Swagger Clause: Swagger is banned","|rule|Same Type Clause: Pokémon in a team must share a type","|clearpoke","|poke|p1|Skarmory, F","|poke|p1|Togekiss, M","|poke|p1|Gyarados, F","|poke|p1|Landorus-Therian, M","|poke|p1|Zapdos","|poke|p1|Dragonite, M","|poke|p2|Cobalion","|poke|p2|Terrakion","|poke|p2|Keldeo","|poke|p2|Hawlucha, F","|poke|p2|Pangoro, F","|poke|p2|Medicham, F","|rule|Sleep Clause Mod: Limit one foe put to sleep","|rule|Species Clause: Limit one of each Pokémon","|rule|OHKO Clause: OHKO moves are banned","|rule|Moody Clause: Moody is banned","|rule|Evasion Moves Clause: Evasion moves are banned","|rule|Endless Battle Clause: Forcing endless battles is banned","|rule|HP Percentage Mod: HP is shown in percentages","|teampreview","|","|start","|switch|p1a: Rafique|Landorus-Therian, M|319/319","|switch|p2a: Cobalion|Cobalion|386/386","|-ability|p1a: Rafique|Intimidate","|-unboost|p2a: Cobalion|atk|1","|turn|1","|","|move|p1a: Rafique|Earthquake|p2a: Cobalion","|-supereffective|p2a: Cobalion","|-damage|p2a: Cobalion|54/386","|move|p2a: Cobalion|Stealth Rock|p1a: Rafique","|-sidestart|p1: Void Neo - ⒶⒻⓀ|move: Stealth Rock","|","|turn|2","|","|switch|p2a: Hawlucha|Hawlucha, F|297/297","|move|p1a: Rafique|Earthquake|p2a: Hawlucha","|-immune|p2a: Hawlucha|[msg]","|","|turn|3","|","|switch|p1a: Miller|Skarmory, F|333/333","|-damage|p1a: Miller|292/333|[from] Stealth Rock","|move|p2a: Hawlucha|Swords Dance|p2a: Hawlucha","|-boost|p2a: Hawlucha|atk|2","|","|turn|4","|","|move|p2a: Hawlucha|Sky Attack|p1a: Miller|[still]","|-prepare|p2a: Hawlucha|Sky Attack|p1a: Miller","|-enditem|p2a: Hawlucha|Power Herb","|-anim|p2a: Hawlucha|Sky Attack|p1a: Miller","|-resisted|p1a: Miller","|-damage|p1a: Miller|160/333","|cant|p1a: Miller|flinch","|","|turn|5","|","|move|p2a: Hawlucha|High Jump Kick|p1a: Miller","|-damage|p1a: Miller|0 fnt","|-damage|p2a: Hawlucha|248/297|[from] item: Rocky Helmet|[of] p1a: Miller","|faint|p1a: Miller","|","|","|switch|p1a: Zapdos|Zapdos|384/384","|-damage|p1a: Zapdos|288/384|[from] Stealth Rock","|-ability|p1a: Zapdos|Pressure","|turn|6","|","|move|p2a: Hawlucha|Acrobatics|p1a: Zapdos","|-resisted|p1a: Zapdos","|-damage|p1a: Zapdos|78/384","|move|p1a: Zapdos|Discharge|p2a: Hawlucha","|-supereffective|p2a: Hawlucha","|-damage|p2a: Hawlucha|0 fnt","|faint|p2a: Hawlucha","|","|-heal|p1a: Zapdos|102/384|[from] item: Leftovers","|","|switch|p2a: Terrakion|Terrakion|323/323","|turn|7","|","|move|p2a: Terrakion|Rock Slide|p1a: Zapdos","|-supereffective|p1a: Zapdos","|-damage|p1a: Zapdos|0 fnt","|faint|p1a: Zapdos","|","|","|switch|p1a: Rafique|Landorus-Therian, M|319/319","|-damage|p1a: Rafique|280/319|[from] Stealth Rock","|-ability|p1a: Rafique|Intimidate","|-unboost|p2a: Terrakion|atk|1","|turn|8","|","|switch|p2a: Cobalion|Cobalion|54/386","|move|p1a: Rafique|Earthquake|p2a: Cobalion","|-crit|p2a: Cobalion","|-supereffective|p2a: Cobalion","|-damage|p2a: Cobalion|0 fnt","|faint|p2a: Cobalion","|","|","|switch|p2a: Keldeo|Keldeo|323/323","|turn|9","|","|switch|p1a: Andrea|Togekiss, M|374/374","|-damage|p1a: Andrea|281/374|[from] Stealth Rock","|move|p2a: Keldeo|Icy Wind|p1a: Andrea","|-supereffective|p1a: Andrea","|-damage|p1a: Andrea|159/374","|-unboost|p1a: Andrea|spe|1","|","|-heal|p1a: Andrea|182/374|[from] item: Leftovers","|turn|10","|","|move|p2a: Keldeo|Icy Wind|p1a: Andrea","|-supereffective|p1a: Andrea","|-damage|p1a: Andrea|46/374","|-unboost|p1a: Andrea|spe|1","|move|p1a: Andrea|Roost|p1a: Andrea","|-heal|p1a: Andrea|233/374","|","|-heal|p1a: Andrea|256/374|[from] item: Leftovers","|turn|11","|","|move|p2a: Keldeo|Icy Wind|p1a: Andrea","|-supereffective|p1a: Andrea","|-damage|p1a: Andrea|122/374","|-unboost|p1a: Andrea|spe|1","|move|p1a: Andrea|Defog|p2a: Keldeo","|-unboost|p2a: Keldeo|evasion|1","|-sideend|p1: Void Neo - ⒶⒻⓀ|Stealth Rock|[from] move: Defog|[of] p1a: Andrea","|","|-heal|p1a: Andrea|145/374|[from] item: Leftovers","|turn|12","|","|switch|p2a: Terrakion|Terrakion|323/323","|move|p1a: Andrea|Roost|p1a: Andrea","|-heal|p1a: Andrea|332/374","|","|-heal|p1a: Andrea|355/374|[from] item: Leftovers","|turn|13","|","|switch|p1a: Ohnta|Gyarados, F|331/331","|move|p2a: Terrakion|Rock Slide|p1a: Ohnta","|-supereffective|p1a: Ohnta","|-damage|p1a: Ohnta|5/331","|","|-heal|p1a: Ohnta|25/331|[from] item: Leftovers","|turn|14","|","|move|p2a: Terrakion|Rock Slide|p1a: Ohnta","|-supereffective|p1a: Ohnta","|-damage|p1a: Ohnta|0 fnt","|faint|p1a: Ohnta","|","|","|switch|p1a: Rafique|Landorus-Therian, M|280/319","|-ability|p1a: Rafique|Intimidate","|-unboost|p2a: Terrakion|atk|1","|turn|15","|","|switch|p2a: Pangoro|Pangoro, F|393/393","|move|p1a: Rafique|Earthquake|p2a: Pangoro","|-damage|p2a: Pangoro|170/393","|","|turn|16","|","|move|p1a: Rafique|Earthquake|p2a: Pangoro","|-damage|p2a: Pangoro|0 fnt","|faint|p2a: Pangoro","|","|","|switch|p2a: Keldeo|Keldeo|323/323","|turn|17","|","|switch|p1a: Andrea|Togekiss, M|355/374","|move|p2a: Keldeo|Scald|p1a: Andrea","|-damage|p1a: Andrea|220/374","|-status|p1a: Andrea|brn","|","|-heal|p1a: Andrea|243/374 brn|[from] item: Leftovers","|-damage|p1a: Andrea|197/374 brn|[from] brn","|turn|18","|","|switch|p1a: Cyron|Dragonite, M|323/323","|move|p2a: Keldeo|Scald|p1a: Cyron","|-resisted|p1a: Cyron","|-damage|p1a: Cyron|272/323","|-status|p1a: Cyron|brn","|","|-damage|p1a: Cyron|232/323 brn|[from] brn","|turn|19","|","|switch|p2a: Medicham|Medicham, F|261/261","|move|p1a: Cyron|Outrage|p2a: Medicham","|-damage|p2a: Medicham|35/261","|","|-damage|p1a: Cyron|192/323 brn|[from] brn","|turn|20","|","|detailschange|p2a: Medicham|Medicham-Mega, F","|-mega|p2a: Medicham|Medicham|Medichamite","|move|p2a: Medicham|Fake Out|p1a: Cyron","|-damage|p1a: Cyron|116/323 brn","|cant|p1a: Cyron|flinch","|","|-start|p1a: Cyron|confusion|[fatigue]","|-damage|p1a: Cyron|76/323 brn|[from] brn","|turn|21","|","|move|p2a: Medicham|Psycho Cut|p1a: Cyron","|-damage|p1a: Cyron|0 fnt","|faint|p1a: Cyron","|","|","|switch|p1a: Rafique|Landorus-Therian, M|280/319","|-ability|p1a: Rafique|Intimidate","|-unboost|p2a: Medicham|atk|1","|turn|22","|","|move|p1a: Rafique|U-turn|p2a: Medicham","|-damage|p2a: Medicham|0 fnt","|faint|p2a: Medicham","|","|switch|p1a: Andrea|Togekiss, M|197/374 brn","|","|-heal|p1a: Andrea|220/374 brn|[from] item: Leftovers","|-damage|p1a: Andrea|174/374 brn|[from] brn","|","|switch|p2a: Terrakion|Terrakion|323/323","|turn|23","|","|switch|p1a: Rafique|Landorus-Therian, M|280/319","|-ability|p1a: Rafique|Intimidate","|-unboost|p2a: Terrakion|atk|1","|move|p2a: Terrakion|Rock Slide|p1a: Rafique","|-damage|p1a: Rafique|177/319","|","|turn|24","|","|move|p2a: Terrakion|Rock Slide|p1a: Rafique","|-damage|p1a: Rafique|81/319","|move|p1a: Rafique|Earthquake|p2a: Terrakion","|-supereffective|p2a: Terrakion","|-damage|p2a: Terrakion|0 fnt","|faint|p2a: Terrakion","|","|","|switch|p2a: Keldeo|Keldeo|323/323","|turn|25","|","|move|p1a: Rafique|Earthquake|p2a: Keldeo","|-damage|p2a: Keldeo|94/323","|move|p2a: Keldeo|Scald|p1a: Rafique","|-supereffective|p1a: Rafique","|-damage|p1a: Rafique|0 fnt","|faint|p1a: Rafique","|","|","|switch|p1a: Andrea|Togekiss, M|174/374 brn","|turn|26","|","|move|p2a: Keldeo|Scald|p1a: Andrea","|-damage|p1a: Andrea|33/374 brn","|move|p1a: Andrea|Dazzling Gleam|p2a: Keldeo","|-supereffective|p2a: Keldeo","|-damage|p2a: Keldeo|0 fnt","|faint|p2a: Keldeo","|","|win|Void Neo - ⒶⒻⓀ"],"p1rating":{"entryid":"413977","serverid":"eos","formatid":"monotype","userid":"voidneo","username":"Void Neo","w":5,"l":"1","t":"0","gxe":65,"r":"1598.6752036695","rd":"102.22712148756","sigma":"0","rptime":"1440493200","rpr":1621.4740051001,"rprd":98.308617954351,"rpsigma":"0","acre":1149.1409244558,"lacre":1149.1409244558,"oldacre":"1121.7904114523"},"p2rating":{"entryid":"271156","serverid":"eos","formatid":"monotype","userid":"voidpixie","username":"Void~Pixie","w":"22","l":16,"t":"0","gxe":55.4,"r":"1539.4374892669","rd":"59.304038981172","sigma":"0","rptime":"1440493200","rpr":1541.3269374617,"rprd":54.585685501736,"rpsigma":"0","acre":1127.2027411745,"lacre":1127.2027411745,"oldacre":"1154.5532541779"},"endType":"normal"}