{"seed":[46195,26687,11055,33504],"turns":33,"p1":"Bugy","p2":"Emg E4 Bit","p1team":[{"name":"Electivire","species":"Electivire","item":"choicescarf","ability":"Vital Spirit","moves":["icepunch","wildcharge","earthquake","firepunch"],"nature":"Adamant","evs":{"hp":0,"atk":252,"def":0,"spa":0,"spd":4,"spe":252},"ivs":{"hp":31,"atk":31,"def":31,"spa":31,"spd":31,"spe":31}},{"name":"Rotom-Wash","species":"Rotom-Wash","item":"chestoberry","ability":"Levitate","moves":["hydropump","rest","willowisp","voltswitch"],"nature":"Calm","evs":{"hp":248,"atk":0,"def":0,"spa":8,"spd":252,"spe":0},"ivs":{"hp":31,"atk":31,"def":31,"spa":31,"spd":31,"spe":31}},{"name":"Manectric","species":"Manectric","item":"manectite","ability":"Static","moves":["flamethrower","voltswitch","thunderbolt","hiddenpowerice"],"nature":"Timid","evs":{"hp":0,"atk":0,"def":0,"spa":252,"spd":4,"spe":252},"ivs":{"hp":31,"atk":30,"def":30,"spa":31,"spd":31,"spe":31}},{"name":"Zapdos","species":"Zapdos","item":"leftovers","ability":"Pressure","moves":["heatwave","thunderbolt","roost","defog"],"nature":"Modest","evs":{"hp":252,"atk":0,"def":0,"spa":252,"spd":4,"spe":0},"ivs":{"hp":31,"atk":31,"def":31,"spa":31,"spd":31,"spe":31}},{"name":"Luxray","species":"Luxray","item":"choiceband","ability":"Guts","moves":["wildcharge","crunch","superpower","facade"],"nature":"Adamant","evs":{"hp":248,"atk":252,"def":0,"spa":0,"spd":8,"spe":0},"ivs":{"hp":31,"atk":31,"def":31,"spa":31,"spd":31,"spe":31}},{"name":"Eelektross","species":"Eelektross","item":"leftovers","ability":"Levitate","moves":["coil","drainpunch","crunch","toxic"],"nature":"Adamant","evs":{"hp":252,"atk":252,"def":0,"spa":0,"spd":4,"spe":0},"ivs":{"hp":31,"atk":31,"def":31,"spa":31,"spd":31,"spe":31}}],"p2team":[{"name":"Tyranitar","species":"Tyranitar","item":"tyranitarite","ability":"Sand Stream","moves":["crunch","icepunch","earthquake","dragondance"],"nature":"Jolly","evs":{"hp":0,"atk":252,"def":0,"spa":0,"spd":4,"spe":252},"ivs":{"hp":31,"atk":31,"def":31,"spa":31,"spd":31,"spe":31}},{"name":"Unkillable","species":"rhyperior","item":"weaknesspolicy","ability":"Solid Rock","moves":["stoneedge","earthquake","firepunch","icepunch"],"nature":"Impish","evs":{"hp":252,"atk":4,"def":252,"spa":0,"spd":0,"spe":0},"ivs":{"hp":31,"atk":31,"def":31,"spa":31,"spd":31,"spe":31}},{"name":"Smash Hit","species":"omastar","item":"focussash","ability":"Weak Armor","moves":["surf","icebeam","hiddenpowergrass","shellsmash"],"nature":"Timid","evs":{"hp":0,"atk":0,"def":4,"spa":252,"spd":0,"spe":252},"ivs":{"hp":31,"atk":30,"def":31,"spa":30,"spd":31,"spe":31}},{"name":"Last Thing You See","species":"terrakion","item":"choiceband","ability":"Justified","moves":["stoneedge","closecombat","earthquake","quickattack"],"nature":"Jolly","evs":{"hp":0,"atk":252,"def":4,"spa":0,"spd":0,"spe":252},"ivs":{"hp":31,"atk":31,"def":31,"spa":31,"spd":31,"spe":31}},{"name":"Thirsty","species":"cradily","item":"leftovers","ability":"Storm Drain","moves":["gigadrain","toxic","recover","mirrorcoat"],"nature":"Calm","evs":{"hp":252,"atk":0,"def":32,"spa":0,"spd":224,"spe":0},"ivs":{"hp":31,"atk":31,"def":31,"spa":31,"spd":31,"spe":31}},{"name":"Nightmare","species":"shuckle","item":"mentalherb","ability":"Sturdy","moves":["stickyweb","stealthrock","encore","toxic"],"nature":"Relaxed","evs":{"hp":252,"atk":0,"def":156,"spa":0,"spd":100,"spe":0},"ivs":{"hp":31,"atk":31,"def":31,"spa":31,"spd":31,"spe":0}}],"log":["|player|p1|Bugy|66","|player|p2|Emg E4 Bit|154","|gametype|singles","|gen|6","|tier|Monotype","|rated","|rule|Baton Pass Clause: Limit one Baton Passer, can't pass Spe and other stats simultaneously","|rule|Swagger Clause: Swagger is banned","|rule|Same Type Clause: Pokémon in a team must share a type","|clearpoke","|poke|p1|Electivire, F","|poke|p1|Rotom-Wash","|poke|p1|Manectric, F","|poke|p1|Zapdos","|poke|p1|Luxray, F","|poke|p1|Eelektross, F","|poke|p2|Tyranitar, M","|poke|p2|Rhyperior, F","|poke|p2|Omastar, M","|poke|p2|Terrakion","|poke|p2|Cradily, F","|poke|p2|Shuckle, M","|rule|Sleep Clause Mod: Limit one foe put to sleep","|rule|Species Clause: Limit one of each Pokémon","|rule|OHKO Clause: OHKO moves are banned","|rule|Moody Clause: Moody is banned","|rule|Evasion Moves Clause: Evasion moves are banned","|rule|Endless Battle Clause: Forcing endless battles is banned","|rule|HP Percentage Mod: HP is shown in percentages","|teampreview","|","|start","|switch|p1a: Luxray|Luxray, F|363/363","|switch|p2a: Nightmare|Shuckle, M|244/244","|turn|1","|","|switch|p1a: Eelektross|Eelektross, F|374/374","|move|p2a: Nightmare|Sticky Web|p1a: Eelektross","|-sidestart|p1: Bugy|move: Sticky Web","|","|turn|2","|","|move|p1a: Eelektross|Toxic|p2a: Nightmare","|-status|p2a: Nightmare|tox","|move|p2a: Nightmare|Stealth Rock|p1a: Eelektross","|-sidestart|p1: Bugy|move: Stealth Rock","|","|-damage|p2a: Nightmare|229/244 tox|[from] psn","|turn|3","|","|switch|p1a: Zapdos|Zapdos|384/384","|-damage|p1a: Zapdos|288/384|[from] Stealth Rock","|-ability|p1a: Zapdos|Pressure","|move|p2a: Nightmare|Toxic|p1a: Zapdos","|-status|p1a: Zapdos|tox","|","|-heal|p1a: Zapdos|312/384 tox|[from] item: Leftovers","|-damage|p1a: Zapdos|288/384 tox|[from] psn","|-damage|p2a: Nightmare|199/244 tox|[from] psn","|turn|4","|","|move|p1a: Zapdos|Defog|p2a: Nightmare","|-unboost|p2a: Nightmare|evasion|1","|-sideend|p1: Bugy|Stealth Rock|[from] move: Defog|[of] p1a: Zapdos","|-sideend|p1: Bugy|Sticky Web|[from] move: Defog|[of] p1a: Zapdos","|move|p2a: Nightmare|Sticky Web|p1a: Zapdos","|-sidestart|p1: Bugy|move: Sticky Web","|","|-heal|p1a: Zapdos|312/384 tox|[from] item: Leftovers","|-damage|p1a: Zapdos|264/384 tox|[from] psn","|-damage|p2a: Nightmare|154/244 tox|[from] psn","|turn|5","|","|move|p1a: Zapdos|Defog|p2a: Nightmare","|-unboost|p2a: Nightmare|evasion|1","|-sideend|p1: Bugy|Sticky Web|[from] move: Defog|[of] p1a: Zapdos","|move|p2a: Nightmare|Stealth Rock|p1a: Zapdos","|-sidestart|p1: Bugy|move: Stealth Rock","|","|-heal|p1a: Zapdos|288/384 tox|[from] item: Leftovers","|-damage|p1a: Zapdos|216/384 tox|[from] psn","|-damage|p2a: Nightmare|94/244 tox|[from] psn","|turn|6","|","|switch|p2a: Last Thing You See|Terrakion|323/323","|move|p1a: Zapdos|Defog|p2a: Last Thing You See","|-unboost|p2a: Last Thing You See|evasion|1","|-sideend|p1: Bugy|Stealth Rock|[from] move: Defog|[of] p1a: Zapdos","|","|-heal|p1a: Zapdos|240/384 tox|[from] item: Leftovers","|-damage|p1a: Zapdos|144/384 tox|[from] psn","|turn|7","|","|switch|p1a: Eelektross|Eelektross, F|374/374","|move|p2a: Last Thing You See|Stone Edge|p1a: Eelektross","|-damage|p1a: Eelektross|80/374","|","|-heal|p1a: Eelektross|103/374|[from] item: Leftovers","|turn|8","|","|move|p2a: Last Thing You See|Stone Edge|p1a: Eelektross","|-damage|p1a: Eelektross|0 fnt","|faint|p1a: Eelektross","|","|","|switch|p1a: Electivire|Electivire, F|291/291","|turn|9","|","|switch|p2a: Unkillable|Rhyperior, F|434/434","|move|p1a: Electivire|Earthquake|p2a: Unkillable","|-supereffective|p2a: Unkillable","|-damage|p2a: Unkillable|322/434","|-enditem|p2a: Unkillable|Weakness Policy","|-boost|p2a: Unkillable|atk|2|[from] item: Weakness Policy","|-boost|p2a: Unkillable|spa|2|[from] item: Weakness Policy","|","|turn|10","|","|switch|p1a: Rotom-Wash|Rotom-Wash|303/303","|move|p2a: Unkillable|Stone Edge|p1a: Rotom-Wash","|-damage|p1a: Rotom-Wash|17/303","|","|turn|11","|","|switch|p2a: Thirsty|Cradily, F|376/376","|move|p1a: Rotom-Wash|Will-O-Wisp|p2a: Thirsty","|-status|p2a: Thirsty|brn","|","|-damage|p2a: Thirsty|329/376 brn|[from] brn","|turn|12","|","|move|p1a: Rotom-Wash|Rest|p1a: Rotom-Wash","|-status|p1a: Rotom-Wash|slp","|-heal|p1a: Rotom-Wash|303/303 slp|[silent]","|-status|p1a: Rotom-Wash|slp|[from] move: Rest","|-enditem|p1a: Rotom-Wash|Chesto Berry|[eat]","|-curestatus|p1a: Rotom-Wash|slp","|move|p2a: Thirsty|Giga Drain|p1a: Rotom-Wash","|-supereffective|p1a: Rotom-Wash","|-damage|p1a: Rotom-Wash|195/303","|-heal|p2a: Thirsty|376/376 brn|[from] drain|[of] p1a: Rotom-Wash","|","|-damage|p2a: Thirsty|329/376 brn|[from] brn","|turn|13","|","|move|p1a: Rotom-Wash|Volt Switch|p2a: Thirsty","|-resisted|p2a: Thirsty","|-damage|p2a: Thirsty|300/376 brn","|","|switch|p1a: Zapdos|Zapdos|144/384 tox","|-ability|p1a: Zapdos|Pressure","|move|p2a: Thirsty|Giga Drain|p1a: Zapdos","|-resisted|p1a: Zapdos","|-damage|p1a: Zapdos|103/384 tox","|-heal|p2a: Thirsty|321/376 brn|[from] drain|[of] p1a: Zapdos","|","|-heal|p1a: Zapdos|127/384 tox|[from] item: Leftovers","|-heal|p2a: Thirsty|344/376 brn|[from] item: Leftovers","|-damage|p1a: Zapdos|103/384 tox|[from] psn","|-damage|p2a: Thirsty|297/376 brn|[from] brn","|turn|14","|","|switch|p2a: Last Thing You See|Terrakion|323/323","|move|p1a: Zapdos|Heat Wave|p2a: Last Thing You See","|-resisted|p2a: Last Thing You See","|-damage|p2a: Last Thing You See|253/323","|","|-heal|p1a: Zapdos|127/384 tox|[from] item: Leftovers","|-damage|p1a: Zapdos|79/384 tox|[from] psn","|turn|15","|","|move|p2a: Last Thing You See|Close Combat|p1a: Zapdos","|-resisted|p1a: Zapdos","|-damage|p1a: Zapdos|0 fnt","|-unboost|p2a: Last Thing You See|def|1","|-unboost|p2a: Last Thing You See|spd|1","|faint|p1a: Zapdos","|","|","|switch|p1a: Manectric|Manectric, F|281/281","|turn|16","|","|switch|p2a: Thirsty|Cradily, F|297/376 brn","|detailschange|p1a: Manectric|Manectric-Mega, F","|-mega|p1a: Manectric|Manectric|Manectite","|-ability|p1a: Manectric|Intimidate","|-unboost|p2a: Thirsty|atk|1","|move|p1a: Manectric|Hidden Power|p2a: Thirsty","|-crit|p2a: Thirsty","|-supereffective|p2a: Thirsty","|-damage|p2a: Thirsty|131/376 brn","|","|-heal|p2a: Thirsty|154/376 brn|[from] item: Leftovers","|-damage|p2a: Thirsty|107/376 brn|[from] brn","|turn|17","|","|move|p1a: Manectric|Hidden Power|p2a: Thirsty","|-supereffective|p2a: Thirsty","|-damage|p2a: Thirsty|9/376 brn","|move|p2a: Thirsty|Recover|p2a: Thirsty","|-heal|p2a: Thirsty|197/376 brn","|","|-heal|p2a: Thirsty|220/376 brn|[from] item: Leftovers","|-damage|p2a: Thirsty|173/376 brn|[from] brn","|turn|18","|","|move|p1a: Manectric|Volt Switch|p2a: Thirsty","|-resisted|p2a: Thirsty","|-damage|p2a: Thirsty|130/376 brn","|","|switch|p1a: Luxray|Luxray, F|363/363","|move|p2a: Thirsty|Recover|p2a: Thirsty","|-heal|p2a: Thirsty|318/376 brn","|","|-heal|p2a: Thirsty|341/376 brn|[from] item: Leftovers","|-damage|p2a: Thirsty|294/376 brn|[from] brn","|turn|19","|","|switch|p2a: Unkillable|Rhyperior, F|322/434","|move|p1a: Luxray|Superpower|p2a: Unkillable","|-supereffective|p2a: Unkillable","|-damage|p2a: Unkillable|139/434","|-unboost|p1a: Luxray|atk|1","|-unboost|p1a: Luxray|def|1","|","|turn|20","|","|switch|p1a: Rotom-Wash|Rotom-Wash|195/303","|move|p2a: Unkillable|Stone Edge|p1a: Rotom-Wash","|-damage|p1a: Rotom-Wash|45/303","|","|turn|21","|","|switch|p2a: Last Thing You See|Terrakion|253/323","|move|p1a: Rotom-Wash|Rest|p1a: Rotom-Wash","|-status|p1a: Rotom-Wash|slp","|-heal|p1a: Rotom-Wash|303/303 slp|[silent]","|-status|p1a: Rotom-Wash|slp|[from] move: Rest","|","|turn|22","|","|move|p2a: Last Thing You See|Close Combat|p1a: Rotom-Wash","|-damage|p1a: Rotom-Wash|2/303 slp","|-unboost|p2a: Last Thing You See|def|1","|-unboost|p2a: Last Thing You See|spd|1","|cant|p1a: Rotom-Wash|slp","|","|turn|23","|","|move|p2a: Last Thing You See|Close Combat|p1a: Rotom-Wash","|-crit|p1a: Rotom-Wash","|-damage|p1a: Rotom-Wash|0 fnt","|-unboost|p2a: Last Thing You See|def|1","|-unboost|p2a: Last Thing You See|spd|1","|faint|p1a: Rotom-Wash","|","|","|switch|p1a: Manectric|Manectric-Mega, F|281/281","|-ability|p1a: Manectric|Intimidate","|-unboost|p2a: Last Thing You See|atk|1","|turn|24","|","|switch|p2a: Thirsty|Cradily, F|294/376 brn","|move|p1a: Manectric|Thunderbolt|p2a: Thirsty","|-resisted|p2a: Thirsty","|-damage|p2a: Thirsty|240/376 brn","|","|-heal|p2a: Thirsty|263/376 brn|[from] item: Leftovers","|-damage|p2a: Thirsty|216/376 brn|[from] brn","|turn|25","|","|move|p1a: Manectric|Hidden Power|p2a: Thirsty","|-supereffective|p2a: Thirsty","|-damage|p2a: Thirsty|108/376 brn","|move|p2a: Thirsty|Toxic|p1a: Manectric","|-status|p1a: Manectric|tox","|","|-heal|p2a: Thirsty|131/376 brn|[from] item: Leftovers","|-damage|p1a: Manectric|264/281 tox|[from] psn","|-damage|p2a: Thirsty|84/376 brn|[from] brn","|turn|26","|","|move|p1a: Manectric|Hidden Power|p2a: Thirsty","|-supereffective|p2a: Thirsty","|-damage|p2a: Thirsty|0 fnt","|faint|p2a: Thirsty","|","|-damage|p1a: Manectric|230/281 tox|[from] psn","|","|switch|p2a: Nightmare|Shuckle, M|94/244 tox","|turn|27","|","|move|p1a: Manectric|Thunderbolt|p2a: Nightmare","|-damage|p2a: Nightmare|19/244 tox","|move|p2a: Nightmare|Sticky Web|p1a: Manectric","|-sidestart|p1: Bugy|move: Sticky Web","|","|-damage|p1a: Manectric|179/281 tox|[from] psn","|-damage|p2a: Nightmare|4/244 tox|[from] psn","|turn|28","|","|move|p1a: Manectric|Thunderbolt|p2a: Nightmare","|-damage|p2a: Nightmare|0 fnt","|faint|p2a: Nightmare","|","|-damage|p1a: Manectric|111/281 tox|[from] psn","|","|switch|p2a: Smash Hit|Omastar, M|281/281","|turn|29","|","|move|p1a: Manectric|Volt Switch|p2a: Smash Hit","|-supereffective|p2a: Smash Hit","|-enditem|p2a: Smash Hit|Focus Sash","|-damage|p2a: Smash Hit|1/281","|","|switch|p1a: Electivire|Electivire, F|291/291","|-activate|p1a: Electivire|move: Sticky Web","|-unboost|p1a: Electivire|spe|1","|move|p2a: Smash Hit|Shell Smash|p2a: Smash Hit","|-unboost|p2a: Smash Hit|def|1","|-unboost|p2a: Smash Hit|spd|1","|-boost|p2a: Smash Hit|atk|2","|-boost|p2a: Smash Hit|spa|2","|-boost|p2a: Smash Hit|spe|2","|","|turn|30","|","|move|p2a: Smash Hit|Surf|p1a: Electivire","|-damage|p1a: Electivire|0 fnt","|faint|p1a: Electivire","|","|","|switch|p1a: Manectric|Manectric-Mega, F|111/281 tox","|-activate|p1a: Manectric|move: Sticky Web","|-unboost|p1a: Manectric|spe|1","|-ability|p1a: Manectric|Intimidate","|-unboost|p2a: Smash Hit|atk|1","|turn|31","|","|move|p2a: Smash Hit|Surf|p1a: Manectric","|-damage|p1a: Manectric|0 fnt","|faint|p1a: Manectric","|","|","|switch|p1a: Luxray|Luxray, F|363/363","|-activate|p1a: Luxray|move: Sticky Web","|-unboost|p1a: Luxray|spe|1","|turn|32","|","|move|p2a: Smash Hit|Surf|p1a: Luxray","|-damage|p1a: Luxray|20/363","|move|p1a: Luxray|Crunch|p2a: Smash Hit","|-damage|p2a: Smash Hit|0 fnt","|faint|p2a: Smash Hit","|","|","|switch|p2a: Last Thing You See|Terrakion|253/323","|turn|33","|","|move|p2a: Last Thing You See|Quick Attack|p1a: Luxray","|-damage|p1a: Luxray|0 fnt","|faint|p1a: Luxray","|","|win|Emg E4 Bit"],"p1rating":{"entryid":"380487","serverid":"eos","formatid":"monotype","userid":"bugy","username":"Bugy","w":"2","l":8,"t":"0","gxe":37.5,"r":"1413.3366077132","rd":"89.993220492731","sigma":"0","rptime":"1440493200","rpr":1401.2579184737,"rprd":87.787467008689,"rpsigma":"0","acre":1000,"lacre":1000,"oldacre":"1002.1237675078"},"p2rating":{"entryid":"86213","serverid":"eos","formatid":"monotype","userid":"emge4bit","username":"Emg E4 Bit","w":11,"l":"5","t":"0","gxe":58.4,"r":"1581.7555251388","rd":"80.811086221359","sigma":"0","rptime":"1440493200","rpr":1565.4902100093,"rprd":77.881873311699,"rpsigma":"0","acre":1166.0251366419,"lacre":1166.0251366419,"oldacre":"1151.1349391618"},"endType":"normal"}