{"seed":[18752,40894,19818,59316],"turns":31,"p1":"Seven⁂Swell","p2":"GTX♅Bugy","p1team":[{"name":"Mew","species":"Mew","item":"leftovers","ability":"Synchronize","moves":["roost","toxic","healbell","aurasphere"],"nature":"Calm","evs":{"hp":252,"atk":0,"def":0,"spa":4,"spd":252,"spe":0},"ivs":{"hp":31,"atk":0,"def":31,"spa":31,"spd":31,"spe":31}},{"name":"Slowbro","species":"Slowbro","item":"rockyhelmet","ability":"Regenerator","moves":["scald","yawn","flamethrower","slackoff"],"nature":"Bold","evs":{"hp":252,"atk":0,"def":252,"spa":4,"spd":0,"spe":0},"ivs":{"hp":31,"atk":0,"def":31,"spa":31,"spd":31,"spe":31}},{"name":"Deoxys-Speed","species":"Deoxys-Speed","item":"focussash","ability":"Pressure","moves":["stealthrock","thunderbolt","thunderwave","icebeam"],"nature":"Timid","evs":{"hp":252,"atk":0,"def":0,"spa":44,"spd":0,"spe":212},"ivs":{"hp":31,"atk":0,"def":31,"spa":31,"spd":31,"spe":31}},{"name":"Latias","species":"Latias","item":"leftovers","ability":"Levitate","moves":["dracometeor","psyshock","roost","defog"],"nature":"Timid","evs":{"hp":252,"atk":0,"def":0,"spa":4,"spd":0,"spe":252},"ivs":{"hp":31,"atk":0,"def":31,"spa":31,"spd":31,"spe":31}},{"name":"Hoopa-Unbound","species":"Hoopa-Unbound","item":"focussash","ability":"Magician","moves":["hyperspacefury","drainpunch","firepunch","gunkshot"],"nature":"Adamant","evs":{"hp":0,"atk":252,"def":0,"spa":0,"spd":4,"spe":252},"ivs":{"hp":31,"atk":31,"def":31,"spa":31,"spd":31,"spe":31}},{"name":"Gardevoir","species":"Gardevoir","item":"gardevoirite","ability":"Trace","moves":["hypervoice","psyshock","shadowball","taunt"],"nature":"Timid","evs":{"hp":0,"atk":0,"def":0,"spa":252,"spd":4,"spe":252},"ivs":{"hp":31,"atk":0,"def":31,"spa":31,"spd":31,"spe":31}}],"p2team":[{"name":"StarLight","species":"garchomp","item":"choicescarf","ability":"Rough Skin","moves":["outrage","earthquake","stoneedge","irontail"],"nature":"Jolly","evs":{"hp":0,"atk":252,"def":0,"spa":0,"spd":4,"spe":252},"shiny":true,"ivs":{"hp":31,"atk":31,"def":31,"spa":31,"spd":31,"spe":31}},{"name":"Dr.Freeze","species":"kyuremblack","item":"choicescarf","ability":"Teravolt","moves":["icebeam","dragonclaw","fusionbolt","ironhead"],"nature":"Naive","evs":{"hp":0,"atk":252,"def":0,"spa":4,"spd":0,"spe":252},"shiny":true,"ivs":{"hp":31,"atk":31,"def":31,"spa":31,"spd":31,"spe":31}},{"name":"Goober","species":"goodra","item":"assaultvest","ability":"Gooey","moves":["flamethrower","icebeam","thunderbolt","dragonpulse"],"nature":"Modest","evs":{"hp":248,"atk":0,"def":0,"spa":252,"spd":8,"spe":0},"shiny":true,"ivs":{"hp":31,"atk":31,"def":31,"spa":31,"spd":31,"spe":31}},{"name":"666","species":"hydreigon","item":"choicescarf","ability":"Levitate","moves":["dracometeor","darkpulse","fireblast","flashcannon"],"nature":"Timid","evs":{"hp":0,"atk":0,"def":0,"spa":252,"spd":4,"spe":252},"shiny":true,"ivs":{"hp":31,"atk":31,"def":31,"spa":31,"spd":31,"spe":31}},{"name":"Jet Streams","species":"latios","item":"choicescarf","ability":"Levitate","moves":["energyball","surf","dragonpulse","psychic"],"nature":"Timid","evs":{"hp":0,"atk":0,"def":0,"spa":252,"spd":4,"spe":252},"shiny":true,"ivs":{"hp":31,"atk":31,"def":31,"spa":31,"spd":31,"spe":31}},{"name":"Tyrone","species":"haxorus","item":"lumberry","ability":"Mold Breaker","moves":["dragonclaw","dragondance","earthquake","poisonjab"],"nature":"Adamant","evs":{"hp":0,"atk":252,"def":0,"spa":0,"spd":36,"spe":220},"shiny":true,"ivs":{"hp":31,"atk":31,"def":31,"spa":31,"spd":31,"spe":31}}],"log":["|player|p1|Seven⁂Swell|sevenswell.png","|player|p2|GTX♅Bugy|66","|gametype|singles","|gen|6","|tier|Monotype","|rated","|rule|Baton Pass Clause: Limit one Baton Passer, can't pass Spe and other stats simultaneously","|rule|Swagger Clause: Swagger is banned","|rule|Same Type Clause: Pokémon in a team must share a type","|clearpoke","|poke|p1|Mew","|poke|p1|Slowbro, F","|poke|p1|Deoxys-Speed","|poke|p1|Latias, F","|poke|p1|Hoopa-Unbound","|poke|p1|Gardevoir, F","|poke|p2|Garchomp, F, shiny","|poke|p2|Kyurem-Black, shiny","|poke|p2|Goodra, M, shiny","|poke|p2|Hydreigon, F, shiny","|poke|p2|Latios, M, shiny","|poke|p2|Haxorus, F, shiny","|rule|Sleep Clause Mod: Limit one foe put to sleep","|rule|Species Clause: Limit one of each Pokémon","|rule|OHKO Clause: OHKO moves are banned","|rule|Moody Clause: Moody is banned","|rule|Evasion Moves Clause: Evasion moves are banned","|rule|Endless Battle Clause: Forcing endless battles is banned","|rule|HP Percentage Mod: HP is shown in percentages","|teampreview","|","|start","|switch|p1a: Deoxys-Speed|Deoxys-Speed|304/304","|switch|p2a: 666|Hydreigon, F, shiny|325/325","|-ability|p1a: Deoxys-Speed|Pressure","|turn|1","|","|move|p1a: Deoxys-Speed|Ice Beam|p2a: 666","|-supereffective|p2a: 666","|-damage|p2a: 666|183/325","|move|p2a: 666|Dark Pulse|p1a: Deoxys-Speed","|-supereffective|p1a: Deoxys-Speed","|-enditem|p1a: Deoxys-Speed|Focus Sash","|-damage|p1a: Deoxys-Speed|1/304","|","|turn|2","|","|switch|p2a: Dr.Freeze|Kyurem-Black, shiny|391/391","|-ability|p2a: Dr.Freeze|Teravolt","|move|p1a: Deoxys-Speed|Thunder Wave|p2a: Dr.Freeze","|-status|p2a: Dr.Freeze|par","|","|turn|3","|","|move|p1a: Deoxys-Speed|Stealth Rock|p2a: Dr.Freeze","|-sidestart|p2: GTX♅Bugy|move: Stealth Rock","|move|p2a: Dr.Freeze|Iron Head|p1a: Deoxys-Speed","|-damage|p1a: Deoxys-Speed|0 fnt","|faint|p1a: Deoxys-Speed","|","|","|switch|p1a: Gardevoir|Gardevoir, F|277/277","|-ability|p1a: Gardevoir|Teravolt|[from] ability: Trace|[of] p2a: Dr.Freeze","|-ability|p1a: Gardevoir|Teravolt","|turn|4","|","|detailschange|p1a: Gardevoir|Gardevoir-Mega, F","|-mega|p1a: Gardevoir|Gardevoir|Gardevoirite","|move|p1a: Gardevoir|Hyper Voice|p2a: Dr.Freeze","|-supereffective|p2a: Dr.Freeze","|-damage|p2a: Dr.Freeze|0 fnt","|faint|p2a: Dr.Freeze","|","|","|switch|p2a: StarLight|Garchomp, F, shiny|357/357","|-damage|p2a: StarLight|335/357|[from] Stealth Rock","|turn|5","|","|switch|p1a: Latias|Latias, F|364/364","|move|p2a: StarLight|Iron Tail|p1a: Latias","|-damage|p1a: Latias|245/364","|","|-heal|p1a: Latias|267/364|[from] item: Leftovers","|turn|6","|","|switch|p2a: Goober|Goodra, M, shiny|383/383","|-damage|p2a: Goober|336/383|[from] Stealth Rock","|move|p1a: Latias|Draco Meteor|p2a: Goober","|-supereffective|p2a: Goober","|-damage|p2a: Goober|174/383","|-unboost|p1a: Latias|spa|2","|","|-heal|p1a: Latias|289/364|[from] item: Leftovers","|turn|7","|","|switch|p1a: Mew|Mew|404/404","|move|p2a: Goober|Ice Beam|p1a: Mew","|-damage|p1a: Mew|328/404","|-status|p1a: Mew|frz","|","|-heal|p1a: Mew|353/404 frz|[from] item: Leftovers","|turn|8","|","|switch|p2a: Tyrone|Haxorus, F, shiny|293/293","|-damage|p2a: Tyrone|257/293|[from] Stealth Rock","|-ability|p2a: Tyrone|Mold Breaker","|cant|p1a: Mew|frz","|","|-heal|p1a: Mew|378/404 frz|[from] item: Leftovers","|turn|9","|","|switch|p1a: Slowbro|Slowbro, F|394/394","|move|p2a: Tyrone|Dragon Dance|p2a: Tyrone","|-boost|p2a: Tyrone|atk|1","|-boost|p2a: Tyrone|spe|1","|","|turn|10","|","|move|p2a: Tyrone|Dragon Dance|p2a: Tyrone","|-boost|p2a: Tyrone|atk|1","|-boost|p2a: Tyrone|spe|1","|move|p1a: Slowbro|Yawn|p2a: Tyrone","|-start|p2a: Tyrone|move: Yawn|[of] p1a: Slowbro","|","|turn|11","|","|move|p2a: Tyrone|Dragon Claw|p1a: Slowbro","|-damage|p1a: Slowbro|165/394","|-damage|p2a: Tyrone|209/293|[from] item: Rocky Helmet|[of] p1a: Slowbro","|move|p1a: Slowbro|Scald|p2a: Tyrone","|-resisted|p2a: Tyrone","|-damage|p2a: Tyrone|149/293","|-status|p2a: Tyrone|brn","|-enditem|p2a: Tyrone|Lum Berry|[eat]","|-curestatus|p2a: Tyrone|brn","|","|-end|p2a: Tyrone|move: Yawn|[silent]","|-status|p2a: Tyrone|slp","|turn|12","|","|switch|p1a: Hoopa-Unbound|Hoopa-Unbound|301/301","|cant|p2a: Tyrone|slp","|","|turn|13","|","|-curestatus|p2a: Tyrone|slp","|move|p2a: Tyrone|Dragon Claw|p1a: Hoopa-Unbound","|-enditem|p1a: Hoopa-Unbound|Focus Sash","|-damage|p1a: Hoopa-Unbound|1/301","|move|p1a: Hoopa-Unbound|Hyperspace Fury|p2a: Tyrone","|-damage|p2a: Tyrone|0 fnt","|-unboost|p1a: Hoopa-Unbound|def|1","|faint|p2a: Tyrone","|","|","|switch|p2a: 666|Hydreigon, F, shiny|183/325","|-damage|p2a: 666|143/325|[from] Stealth Rock","|turn|14","|","|move|p2a: 666|Dark Pulse|p1a: Hoopa-Unbound","|-damage|p1a: Hoopa-Unbound|0 fnt","|faint|p1a: Hoopa-Unbound","|","|","|switch|p1a: Gardevoir|Gardevoir-Mega, F|277/277","|turn|15","|","|switch|p2a: Goober|Goodra, M, shiny|174/383","|-damage|p2a: Goober|127/383|[from] Stealth Rock","|move|p1a: Gardevoir|Hyper Voice|p2a: Goober","|-supereffective|p2a: Goober","|-damage|p2a: Goober|0 fnt","|faint|p2a: Goober","|","|","|switch|p2a: Jet Streams|Latios, M, shiny|301/301","|-damage|p2a: Jet Streams|264/301|[from] Stealth Rock","|turn|16","|","|move|p2a: Jet Streams|Psychic|p1a: Gardevoir","|-resisted|p1a: Gardevoir","|-damage|p1a: Gardevoir|212/277","|move|p1a: Gardevoir|Hyper Voice|p2a: Jet Streams","|-supereffective|p2a: Jet Streams","|-damage|p2a: Jet Streams|0 fnt","|faint|p2a: Jet Streams","|","|","|switch|p2a: StarLight|Garchomp, F, shiny|335/357","|-damage|p2a: StarLight|313/357|[from] Stealth Rock","|turn|17","|","|switch|p1a: Slowbro|Slowbro, F|296/394","|move|p2a: StarLight|Earthquake|p1a: Slowbro","|-damage|p1a: Slowbro|167/394","|","|turn|18","|","|move|p2a: StarLight|Earthquake|p1a: Slowbro","|-damage|p1a: Slowbro|44/394","|move|p1a: Slowbro|Slack Off|p1a: Slowbro","|-heal|p1a: Slowbro|241/394","|","|turn|19","|","|move|p2a: StarLight|Earthquake|p1a: Slowbro","|-damage|p1a: Slowbro|121/394","|move|p1a: Slowbro|Slack Off|p1a: Slowbro","|-heal|p1a: Slowbro|318/394","|","|turn|20","|","|move|p2a: StarLight|Earthquake|p1a: Slowbro","|-damage|p1a: Slowbro|186/394","|move|p1a: Slowbro|Scald|p2a: StarLight","|-damage|p2a: StarLight|205/357","|","|turn|21","|","|switch|p2a: 666|Hydreigon, F, shiny|143/325","|-damage|p2a: 666|103/325|[from] Stealth Rock","|move|p1a: Slowbro|Slack Off|p1a: Slowbro","|-heal|p1a: Slowbro|383/394","|","|turn|22","|","|switch|p1a: Mew|Mew|378/404 frz","|move|p2a: 666|Dark Pulse|p1a: Mew","|-crit|p1a: Mew","|-supereffective|p1a: Mew","|-damage|p1a: Mew|100/404 frz","|","|-heal|p1a: Mew|125/404 frz|[from] item: Leftovers","|turn|23","|","|move|p2a: 666|Dark Pulse|p1a: Mew","|-supereffective|p1a: Mew","|-damage|p1a: Mew|0 fnt","|faint|p1a: Mew","|","|","|switch|p1a: Latias|Latias, F|289/364","|turn|24","|","|move|p2a: 666|Dark Pulse|p1a: Latias","|-supereffective|p1a: Latias","|-damage|p1a: Latias|77/364","|cant|p1a: Latias|flinch","|","|-heal|p1a: Latias|99/364|[from] item: Leftovers","|turn|25","|","|move|p2a: 666|Dark Pulse|p1a: Latias","|-supereffective|p1a: Latias","|-damage|p1a: Latias|0 fnt","|faint|p1a: Latias","|","|","|switch|p1a: Gardevoir|Gardevoir-Mega, F|212/277","|turn|26","|","|move|p2a: 666|Dark Pulse|p1a: Gardevoir","|-damage|p1a: Gardevoir|95/277","|move|p1a: Gardevoir|Hyper Voice|p2a: 666","|-supereffective|p2a: 666","|-damage|p2a: 666|0 fnt","|faint|p2a: 666","|","|","|switch|p2a: StarLight|Garchomp, F, shiny|205/357","|-damage|p2a: StarLight|183/357|[from] Stealth Rock","|turn|27","|","|move|p2a: StarLight|Earthquake|p1a: Gardevoir","|-damage|p1a: Gardevoir|0 fnt","|faint|p1a: Gardevoir","|","|","|switch|p1a: Slowbro|Slowbro, F|394/394","|turn|28","|","|move|p2a: StarLight|Earthquake|p1a: Slowbro","|-damage|p1a: Slowbro|276/394","|move|p1a: Slowbro|Yawn|p2a: StarLight","|-start|p2a: StarLight|move: Yawn|[of] p1a: Slowbro","|","|turn|29","|","|move|p2a: StarLight|Earthquake|p1a: Slowbro","|-damage|p1a: Slowbro|164/394","|move|p1a: Slowbro|Slack Off|p1a: Slowbro","|-heal|p1a: Slowbro|361/394","|","|-end|p2a: StarLight|move: Yawn|[silent]","|-status|p2a: StarLight|slp","|turn|30","|","|cant|p2a: StarLight|slp","|move|p1a: Slowbro|Scald|p2a: StarLight","|-damage|p2a: StarLight|78/357 slp","|","|turn|31","|","|-curestatus|p2a: StarLight|slp","|move|p2a: StarLight|Earthquake|p1a: Slowbro","|-damage|p1a: Slowbro|240/394","|move|p1a: Slowbro|Scald|p2a: StarLight","|-damage|p2a: StarLight|0 fnt","|faint|p2a: StarLight","|","|win|Seven⁂Swell"],"p1rating":{"entryid":"86214","serverid":"eos","formatid":"monotype","userid":"sevenswell","username":"Seven Swell","w":45,"l":"17","t":"0","gxe":70.6,"r":"1687.2026987027","rd":"48.408484056467","sigma":"0","rptime":"1440493200","rpr":1666.106434904,"rprd":46.874533952437,"rpsigma":"0","acre":1260.9706766612,"lacre":1260.9706766612,"oldacre":"1245.0468910708"},"p2rating":{"entryid":"464882","serverid":"eos","formatid":"monotype","userid":"gtxbugy","username":"GTX♅Bugy","w":"4","l":2,"t":"0","gxe":58.5,"r":"1500","rd":"130","sigma":"0","rptime":"1440493200","rpr":1567.1757497591,"rprd":99.357252185396,"rpsigma":"0","acre":1096.9610971218,"lacre":1096.9610971218,"oldacre":"1112.8848827122"},"endType":"normal"}