{"seed":[34458,57876,23323,16708],"turns":20,"p1":"Lotus Aranacana","p2":"Adviser♕Boo","p1team":[{"name":"Balboa","species":"tyranitar","item":"assaultvest","ability":"Sand Stream","moves":["crunch","rockslide","earthquake","aerialace"],"nature":"Adamant","evs":{"hp":248,"atk":252,"def":0,"spa":0,"spd":8,"spe":0},"gender":"M","ivs":{"hp":31,"atk":31,"def":31,"spa":31,"spd":31,"spe":31}},{"name":"Gemini","species":"sableye","item":"sablenite","ability":"Prankster","moves":["willowisp","calmmind","dazzlinggleam","recover"],"nature":"Calm","evs":{"hp":248,"atk":0,"def":0,"spa":8,"spd":252,"spe":0},"gender":"F","ivs":{"hp":31,"atk":31,"def":31,"spa":31,"spd":31,"spe":31}},{"name":"Checkmate","species":"bisharp","item":"focussash","ability":"Defiant","moves":["aerialace","ironhead","suckerpunch","knockoff"],"nature":"Jolly","evs":{"hp":4,"atk":252,"def":0,"spa":0,"spd":0,"spe":252},"gender":"M","shiny":true,"ivs":{"hp":31,"atk":31,"def":31,"spa":31,"spd":31,"spe":31}},{"name":"Lord of the Rings","species":"hoopaunbound","item":"choicescarf","ability":"Magician","moves":["hyperspacefury","zenheadbutt","gunkshot","firepunch"],"nature":"Jolly","evs":{"hp":0,"atk":252,"def":0,"spa":0,"spd":4,"spe":252},"ivs":{"hp":31,"atk":31,"def":31,"spa":31,"spd":31,"spe":31}},{"name":"Buzzkill","species":"mandibuzz","item":"leftovers","ability":"Overcoat","moves":["roost","foulplay","toxic","defog"],"nature":"Impish","evs":{"hp":240,"atk":0,"def":28,"spa":0,"spd":188,"spe":52},"ivs":{"hp":31,"atk":31,"def":31,"spa":31,"spd":31,"spe":31}},{"name":"Spielberg's Pet","species":"sharpedo","item":"lifeorb","ability":"Speed Boost","moves":["protect","crunch","icefang","waterfall"],"nature":"Adamant","evs":{"hp":0,"atk":252,"def":0,"spa":0,"spd":4,"spe":252},"gender":"M","ivs":{"hp":31,"atk":31,"def":31,"spa":31,"spd":31,"spe":31}}],"p2team":[{"name":"Kyurem-Black","species":"Kyurem-Black","item":"choicescarf","ability":"Teravolt","moves":["outrage","fusionbolt","blizzard","earthpower"],"nature":"Naive","evs":{"hp":0,"atk":252,"def":0,"spa":4,"spd":0,"spe":252},"ivs":{"hp":31,"atk":31,"def":31,"spa":31,"spd":31,"spe":31}},{"name":"Avalugg","species":"Avalugg","item":"leftovers","ability":"Sturdy","moves":["earthquake","curse","rapidspin","gyroball"],"nature":"Relaxed","evs":{"hp":252,"atk":0,"def":252,"spa":0,"spd":4,"spe":0},"ivs":{"hp":31,"atk":31,"def":31,"spa":31,"spd":31,"spe":0}},{"name":"Cloyster","species":"Cloyster","item":"focussash","ability":"Skill Link","moves":["shellsmash","iciclespear","rockblast","iceshard"],"nature":"Adamant","evs":{"hp":0,"atk":252,"def":0,"spa":0,"spd":4,"spe":252},"ivs":{"hp":31,"atk":31,"def":31,"spa":31,"spd":31,"spe":31}},{"name":"Weavile","species":"Weavile","item":"lifeorb","ability":"Pressure","moves":["lowkick","iciclecrash","knockoff","iceshard"],"nature":"Jolly","evs":{"hp":0,"atk":252,"def":0,"spa":0,"spd":4,"spe":252},"ivs":{"hp":31,"atk":31,"def":31,"spa":31,"spd":31,"spe":31}},{"name":"Walrein","species":"Walrein","item":"leftovers","ability":"Thick Fat","moves":["stockpile","surf","blizzard","rest"],"nature":"Modest","evs":{"hp":252,"atk":0,"def":0,"spa":252,"spd":4,"spe":0},"ivs":{"hp":31,"atk":31,"def":31,"spa":31,"spd":31,"spe":31}},{"name":"Abomasnow","species":"Abomasnow","item":"abomasite","ability":"Snow Warning","moves":["blizzard","gigadrain","leechseed","waterpulse"],"nature":"Modest","evs":{"hp":248,"atk":0,"def":0,"spa":252,"spd":8,"spe":0},"ivs":{"hp":31,"atk":31,"def":31,"spa":31,"spd":31,"spe":31}}],"log":["|player|p1|Lotus Aranacana|lotusaranacana.png","|player|p2|Adviser♕Boo|adviserboo.gif","|gametype|singles","|gen|6","|tier|Monotype","|rated","|rule|Baton Pass Clause: Limit one Baton Passer, can't pass Spe and other stats simultaneously","|rule|Swagger Clause: Swagger is banned","|rule|Same Type Clause: Pokémon in a team must share a type","|clearpoke","|poke|p1|Tyranitar, M","|poke|p1|Sableye, F","|poke|p1|Bisharp, M, shiny","|poke|p1|Hoopa-Unbound","|poke|p1|Mandibuzz, F","|poke|p1|Sharpedo, M","|poke|p2|Kyurem-Black","|poke|p2|Avalugg, F","|poke|p2|Cloyster, F","|poke|p2|Weavile, M","|poke|p2|Walrein, F","|poke|p2|Abomasnow, F","|rule|Sleep Clause Mod: Limit one foe put to sleep","|rule|Species Clause: Limit one of each Pokémon","|rule|OHKO Clause: OHKO moves are banned","|rule|Moody Clause: Moody is banned","|rule|Evasion Moves Clause: Evasion moves are banned","|rule|Endless Battle Clause: Forcing endless battles is banned","|rule|HP Percentage Mod: HP is shown in percentages","|teampreview","|","|start","|switch|p1a: Balboa|Tyranitar, M|403/403","|switch|p2a: Abomasnow|Abomasnow, F|383/383","|-weather|Sandstorm","|-weather|Hail","|turn|1","|","|detailschange|p2a: Abomasnow|Abomasnow-Mega, F","|-mega|p2a: Abomasnow|Abomasnow|Abomasite","|move|p1a: Balboa|Rock Slide|p2a: Abomasnow","|-crit|p2a: Abomasnow","|-supereffective|p2a: Abomasnow","|-damage|p2a: Abomasnow|0 fnt","|faint|p2a: Abomasnow","|","|-weather|Hail|[upkeep]","|-damage|p1a: Balboa|378/403|[from] hail","|","|switch|p2a: Cloyster|Cloyster, F|241/241","|turn|2","|","|move|p2a: Cloyster|Shell Smash|p2a: Cloyster","|-unboost|p2a: Cloyster|def|1","|-unboost|p2a: Cloyster|spd|1","|-boost|p2a: Cloyster|atk|2","|-boost|p2a: Cloyster|spa|2","|-boost|p2a: Cloyster|spe|2","|move|p1a: Balboa|Rock Slide|p2a: Cloyster","|-supereffective|p2a: Cloyster","|-enditem|p2a: Cloyster|Focus Sash","|-damage|p2a: Cloyster|1/241","|","|-weather|Hail|[upkeep]","|-damage|p1a: Balboa|353/403|[from] hail","|turn|3","|","|move|p2a: Cloyster|Icicle Spear|p1a: Balboa","|-crit|p1a: Balboa","|-damage|p1a: Balboa|245/403","|-damage|p1a: Balboa|176/403","|-damage|p1a: Balboa|106/403","|-damage|p1a: Balboa|37/403","|-damage|p1a: Balboa|0 fnt","|-hitcount|p1a: Balboa|5","|faint|p1a: Balboa","|","|-weather|Hail|[upkeep]","|","|switch|p1a: Gemini|Sableye, F|303/303","|turn|4","|","|detailschange|p1a: Gemini|Sableye-Mega, F","|-mega|p1a: Gemini|Sableye|Sablenite","|move|p2a: Cloyster|Ice Shard|p1a: Gemini","|-damage|p1a: Gemini|200/303","|move|p1a: Gemini|Will-O-Wisp|p2a: Cloyster|[miss]","|-miss|p1a: Gemini|p2a: Cloyster","|","|-weather|Hail|[upkeep]","|-damage|p1a: Gemini|182/303|[from] hail","|turn|5","|","|move|p2a: Cloyster|Icicle Spear|p1a: Gemini","|-damage|p1a: Gemini|115/303","|-damage|p1a: Gemini|52/303","|-damage|p1a: Gemini|0 fnt","|-hitcount|p1a: Gemini|3","|faint|p1a: Gemini","|","|-weather|none","|","|switch|p1a: Checkmate|Bisharp, M, shiny|272/272","|turn|6","|","|move|p2a: Cloyster|Shell Smash|p2a: Cloyster","|-unboost|p2a: Cloyster|def|1","|-unboost|p2a: Cloyster|spd|1","|-boost|p2a: Cloyster|atk|2","|-boost|p2a: Cloyster|spa|2","|-boost|p2a: Cloyster|spe|2","|move|p1a: Checkmate|Aerial Ace|p2a: Cloyster","|-damage|p2a: Cloyster|0 fnt","|faint|p2a: Cloyster","|","|","|switch|p2a: Avalugg|Avalugg, F|394/394","|turn|7","|","|move|p1a: Checkmate|Knock Off|p2a: Avalugg","|-damage|p2a: Avalugg|321/394","|-enditem|p2a: Avalugg|Leftovers|[from] move: Knock Off|[of] p1a: Checkmate","|move|p2a: Avalugg|Earthquake|p1a: Checkmate","|-supereffective|p1a: Checkmate","|-damage|p1a: Checkmate|94/272","|","|turn|8","|","|move|p1a: Checkmate|Iron Head|p2a: Avalugg","|-supereffective|p2a: Avalugg","|-damage|p2a: Avalugg|199/394","|move|p2a: Avalugg|Curse|p2a: Avalugg","|-unboost|p2a: Avalugg|spe|1","|-boost|p2a: Avalugg|atk|1","|-boost|p2a: Avalugg|def|1","|","|turn|9","|","|move|p1a: Checkmate|Iron Head|p2a: Avalugg","|-supereffective|p2a: Avalugg","|-damage|p2a: Avalugg|119/394","|move|p2a: Avalugg|Earthquake|p1a: Checkmate","|-supereffective|p1a: Checkmate","|-damage|p1a: Checkmate|0 fnt","|faint|p1a: Checkmate","|","|","|switch|p1a: Buzzkill|Mandibuzz, F|421/421","|turn|10","|","|move|p1a: Buzzkill|Toxic|p2a: Avalugg|[miss]","|-miss|p1a: Buzzkill|p2a: Avalugg","|move|p2a: Avalugg|Gyro Ball|p1a: Buzzkill","|-damage|p1a: Buzzkill|262/421","|","|-heal|p1a: Buzzkill|288/421|[from] item: Leftovers","|turn|11","|","|move|p1a: Buzzkill|Toxic|p2a: Avalugg","|-status|p2a: Avalugg|tox","|move|p2a: Avalugg|Gyro Ball|p1a: Buzzkill","|-damage|p1a: Buzzkill|117/421","|","|-heal|p1a: Buzzkill|143/421|[from] item: Leftovers","|-damage|p2a: Avalugg|95/394 tox|[from] psn","|turn|12","|","|move|p1a: Buzzkill|Roost|p1a: Buzzkill","|-heal|p1a: Buzzkill|354/421","|move|p2a: Avalugg|Gyro Ball|p1a: Buzzkill","|-damage|p1a: Buzzkill|188/421","|","|-heal|p1a: Buzzkill|214/421|[from] item: Leftovers","|-damage|p2a: Avalugg|47/394 tox|[from] psn","|turn|13","|","|move|p1a: Buzzkill|Roost|p1a: Buzzkill","|-heal|p1a: Buzzkill|421/421","|move|p2a: Avalugg|Gyro Ball|p1a: Buzzkill","|-damage|p1a: Buzzkill|268/421","|","|-heal|p1a: Buzzkill|294/421|[from] item: Leftovers","|-damage|p2a: Avalugg|0 fnt|[from] psn","|faint|p2a: Avalugg","|","|switch|p2a: Weavile|Weavile, M|281/281","|-ability|p2a: Weavile|Pressure","|turn|14","|","|move|p2a: Weavile|Knock Off|p1a: Buzzkill","|-resisted|p1a: Buzzkill","|-damage|p1a: Buzzkill|200/421","|-enditem|p1a: Buzzkill|Leftovers|[from] move: Knock Off|[of] p2a: Weavile","|-damage|p2a: Weavile|253/281|[from] item: Life Orb","|move|p1a: Buzzkill|Foul Play|p2a: Weavile","|-resisted|p2a: Weavile","|-damage|p2a: Weavile|141/281","|","|turn|15","|","|move|p2a: Weavile|Icicle Crash|p1a: Buzzkill","|-supereffective|p1a: Buzzkill","|-damage|p1a: Buzzkill|0 fnt","|-damage|p2a: Weavile|113/281|[from] item: Life Orb","|faint|p1a: Buzzkill","|","|","|switch|p1a: Spielberg's Pet|Sharpedo, M|281/281","|turn|16","|","|switch|p2a: Kyurem-Black|Kyurem-Black|391/391","|-ability|p2a: Kyurem-Black|Teravolt","|move|p1a: Spielberg's Pet|Protect|p1a: Spielberg's Pet","|-fail|p1a: Spielberg's Pet","|","|-boost|p1a: Spielberg's Pet|spe|1|[from] ability: Speed Boost","|turn|17","|","|move|p1a: Spielberg's Pet|Protect|p1a: Spielberg's Pet","|-singleturn|p1a: Spielberg's Pet|Protect","|move|p2a: Kyurem-Black|Fusion Bolt|p1a: Spielberg's Pet","|-activate|p1a: Spielberg's Pet|Protect","|","|-boost|p1a: Spielberg's Pet|spe|1|[from] ability: Speed Boost","|turn|18","|","|move|p1a: Spielberg's Pet|Crunch|p2a: Kyurem-Black","|-damage|p2a: Kyurem-Black|188/391","|-damage|p1a: Spielberg's Pet|253/281|[from] item: Life Orb","|move|p2a: Kyurem-Black|Fusion Bolt|p1a: Spielberg's Pet","|-supereffective|p1a: Spielberg's Pet","|-damage|p1a: Spielberg's Pet|0 fnt","|faint|p1a: Spielberg's Pet","|","|","|switch|p1a: Lord of the Rings|Hoopa-Unbound|301/301","|turn|19","|","|move|p2a: Kyurem-Black|Fusion Bolt|p1a: Lord of the Rings","|-damage|p1a: Lord of the Rings|94/301","|move|p1a: Lord of the Rings|Hyperspace Fury|p2a: Kyurem-Black","|-damage|p2a: Kyurem-Black|0 fnt","|-unboost|p1a: Lord of the Rings|def|1","|faint|p2a: Kyurem-Black","|","|","|switch|p2a: Weavile|Weavile, M|113/281","|-ability|p2a: Weavile|Pressure","|turn|20","|","|move|p2a: Weavile|Ice Shard|p1a: Lord of the Rings","|-damage|p1a: Lord of the Rings|0 fnt","|-damage|p2a: Weavile|85/281|[from] item: Life Orb","|faint|p1a: Lord of the Rings","|","|win|Adviser♕Boo"],"endType":"normal","ladderError":true}