{"seed":[6739,6134,21901,35867],"turns":34,"p1":"Primal GT DuckSoup","p2":"LTIL-maz","p1team":[{"name":"Landorus-Therian","species":"Landorus-Therian","item":"leftovers","ability":"Intimidate","moves":["stealthrock","bulkup","earthquake","uturn"],"nature":"Impish","evs":{"hp":252,"atk":0,"def":196,"spa":0,"spd":4,"spe":56},"ivs":{"hp":31,"atk":31,"def":31,"spa":31,"spd":31,"spe":31}},{"name":"Pidgeot","species":"Pidgeot","item":"pidgeotite","ability":"Tangled Feet","moves":["uturn","roost","heatwave","hurricane"],"nature":"Timid","evs":{"hp":0,"atk":0,"def":0,"spa":252,"spd":4,"spe":252},"ivs":{"hp":31,"atk":31,"def":31,"spa":31,"spd":31,"spe":31}},{"name":"Moltres","species":"Moltres","item":"leftovers","ability":"Pressure","moves":["fireblast","hurricane","roost","hiddenpowergrass"],"nature":"Timid","evs":{"hp":4,"atk":0,"def":0,"spa":252,"spd":0,"spe":252},"ivs":{"hp":31,"atk":30,"def":31,"spa":30,"spd":31,"spe":31}},{"name":"Togekiss","species":"Togekiss","item":"leftovers","ability":"Serene Grace","moves":["airslash","nastyplot","batonpass","roost"],"nature":"Calm","evs":{"hp":252,"atk":0,"def":0,"spa":4,"spd":252,"spe":0},"ivs":{"hp":31,"atk":31,"def":31,"spa":31,"spd":31,"spe":31}},{"name":"Gyarados","species":"Gyarados","item":"leftovers","ability":"Intimidate","moves":["waterfall","thunderwave","dragondance","ironhead"],"nature":"Serious","evs":{"hp":252,"atk":0,"def":104,"spa":0,"spd":152,"spe":0},"ivs":{"hp":31,"atk":31,"def":31,"spa":31,"spd":31,"spe":31}},{"name":"Thundurus","species":"Thundurus","item":"leftovers","ability":"Prankster","moves":["voltswitch","superpower","grassknot","thunderwave"],"nature":"Hasty","evs":{"hp":0,"atk":4,"def":0,"spa":252,"spd":0,"spe":252},"ivs":{"hp":31,"atk":31,"def":31,"spa":31,"spd":31,"spe":31}}],"p2team":[{"name":"Geist","species":"gengar","item":"choicescarf","ability":"Levitate","moves":["shadowball","sludgebomb","thunderbolt","dazzlinggleam"],"nature":"Timid","evs":{"hp":0,"atk":0,"def":0,"spa":252,"spd":4,"spe":252},"gender":"M","ivs":{"hp":31,"atk":31,"def":31,"spa":31,"spd":31,"spe":31}},{"name":"Lumiere","species":"chandelure","item":"choicespecs","ability":"Flame Body","moves":["flamethrower","shadowball","psychic","energyball"],"nature":"Modest","evs":{"hp":0,"atk":0,"def":0,"spa":252,"spd":4,"spe":252},"gender":"M","shiny":true,"ivs":{"hp":31,"atk":31,"def":31,"spa":31,"spd":31,"spe":31}},{"name":"Yandere","species":"sableye","item":"sablenite","ability":"Prankster","moves":["calmmind","recover","willowisp","shadowball"],"nature":"Bold","evs":{"hp":248,"atk":0,"def":252,"spa":8,"spd":0,"spe":0},"gender":"F","ivs":{"hp":31,"atk":31,"def":31,"spa":31,"spd":31,"spe":31}},{"name":"Hollow","species":"trevenant","item":"sitrusberry","ability":"Harvest","moves":["honeclaws","hornleech","protect","shadowclaw"],"nature":"Adamant","evs":{"hp":248,"atk":252,"def":0,"spa":0,"spd":8,"spe":0},"gender":"M","shiny":true,"ivs":{"hp":31,"atk":31,"def":31,"spa":31,"spd":31,"spe":31}},{"name":"Gaia","species":"golurk","item":"assaultvest","ability":"Iron Fist","moves":["drainpunch","earthquake","icepunch","shadowpunch"],"nature":"Adamant","evs":{"hp":248,"atk":252,"def":0,"spa":0,"spd":8,"spe":0},"ivs":{"hp":31,"atk":31,"def":31,"spa":31,"spd":31,"spe":31}},{"name":"Masamune","species":"aegislash","item":"weaknesspolicy","ability":"Stance Change","moves":["kingsshield","shadowsneak","ironhead","sacredsword"],"nature":"Adamant","evs":{"hp":248,"atk":252,"def":0,"spa":0,"spd":8,"spe":0},"gender":"M","shiny":true,"ivs":{"hp":31,"atk":31,"def":31,"spa":31,"spd":31,"spe":31}}],"log":["|player|p1|Primal GT DuckSoup|121","|player|p2|LTIL-maz|144","|gametype|singles","|gen|6","|tier|Monotype","|rated","|rule|Baton Pass Clause: Limit one Baton Passer, can't pass Spe and other stats simultaneously","|rule|Swagger Clause: Swagger is banned","|rule|Same Type Clause: Pokémon in a team must share a type","|clearpoke","|poke|p1|Landorus-Therian, M","|poke|p1|Pidgeot, F","|poke|p1|Moltres","|poke|p1|Togekiss, F","|poke|p1|Gyarados, M","|poke|p1|Thundurus, M","|poke|p2|Gengar, M","|poke|p2|Chandelure, M, shiny","|poke|p2|Sableye, F","|poke|p2|Trevenant, M, shiny","|poke|p2|Golurk","|poke|p2|Aegislash, M, shiny","|rule|Sleep Clause Mod: Limit one foe put to sleep","|rule|Species Clause: Limit one of each Pokémon","|rule|OHKO Clause: OHKO moves are banned","|rule|Moody Clause: Moody is banned","|rule|Evasion Moves Clause: Evasion moves are banned","|rule|Endless Battle Clause: Forcing endless battles is banned","|rule|HP Percentage Mod: HP is shown in percentages","|teampreview","|","|start","|switch|p1a: Thundurus|Thundurus, M|299/299","|switch|p2a: Gaia|Golurk|381/381","|turn|1","|","|switch|p1a: Gyarados|Gyarados, M|394/394","|-ability|p1a: Gyarados|Intimidate","|-unboost|p2a: Gaia|atk|1","|move|p2a: Gaia|Ice Punch|p1a: Gyarados","|-damage|p1a: Gyarados|306/394","|","|-heal|p1a: Gyarados|330/394|[from] item: Leftovers","|turn|2","|","|switch|p2a: Masamune|Aegislash, M, shiny|323/323","|move|p1a: Gyarados|Waterfall|p2a: Masamune","|-damage|p2a: Masamune|238/323","|","|-heal|p1a: Gyarados|354/394|[from] item: Leftovers","|turn|3","|","|move|p1a: Gyarados|Thunder Wave|p2a: Masamune","|-status|p2a: Masamune|par","|-formechange|p2a: Masamune|Aegislash-Blade","|move|p2a: Masamune|Sacred Sword|p1a: Gyarados","|-resisted|p1a: Gyarados","|-damage|p1a: Gyarados|287/394","|","|-heal|p1a: Gyarados|311/394|[from] item: Leftovers","|turn|4","|","|-formechange|p2a: Masamune|Aegislash","|move|p2a: Masamune|King's Shield|p2a: Masamune","|-singleturn|p2a: Masamune|Protect","|move|p1a: Gyarados|Dragon Dance|p1a: Gyarados","|-boost|p1a: Gyarados|atk|1","|-boost|p1a: Gyarados|spe|1","|","|-heal|p1a: Gyarados|335/394|[from] item: Leftovers","|turn|5","|","|switch|p2a: Hollow|Trevenant, M, shiny|373/373","|move|p1a: Gyarados|Waterfall|p2a: Hollow","|-resisted|p2a: Hollow","|-damage|p2a: Hollow|269/373","|","|-heal|p1a: Gyarados|359/394|[from] item: Leftovers","|turn|6","|","|move|p1a: Gyarados|Thunder Wave|p2a: Hollow","|-status|p2a: Hollow|par","|move|p2a: Hollow|Hone Claws|p2a: Hollow","|-boost|p2a: Hollow|atk|1","|-boost|p2a: Hollow|accuracy|1","|","|-heal|p1a: Gyarados|383/394|[from] item: Leftovers","|turn|7","|","|move|p1a: Gyarados|Iron Head|p2a: Hollow","|-damage|p2a: Hollow|127/373 par","|-enditem|p2a: Hollow|Sitrus Berry|[eat]","|-heal|p2a: Hollow|220/373 par|[from] item: Sitrus Berry","|cant|p2a: Hollow|flinch","|","|-heal|p1a: Gyarados|394/394|[from] item: Leftovers","|-item|p2a: Hollow|Sitrus Berry|[from] ability: Harvest","|turn|8","|","|switch|p1a: Moltres|Moltres|322/322","|-ability|p1a: Moltres|Pressure","|cant|p2a: Hollow|par","|","|turn|9","|","|move|p1a: Moltres|Fire Blast|p2a: Hollow","|-supereffective|p2a: Hollow","|-damage|p2a: Hollow|0 fnt","|faint|p2a: Hollow","|","|","|switch|p2a: Lumiere|Chandelure, M, shiny|261/261","|turn|10","|","|move|p1a: Moltres|Hurricane|p2a: Lumiere","|-damage|p2a: Lumiere|48/261","|move|p2a: Lumiere|Shadow Ball|p1a: Moltres","|-damage|p1a: Moltres|43/322","|","|-heal|p1a: Moltres|63/322|[from] item: Leftovers","|turn|11","|","|move|p1a: Moltres|Hurricane|p2a: Lumiere|[miss]","|-miss|p1a: Moltres|p2a: Lumiere","|move|p2a: Lumiere|Shadow Ball|p1a: Moltres","|-damage|p1a: Moltres|0 fnt","|faint|p1a: Moltres","|","|","|switch|p1a: Landorus-Therian|Landorus-Therian, M|382/382","|-ability|p1a: Landorus-Therian|Intimidate","|-unboost|p2a: Lumiere|atk|1","|turn|12","|","|move|p2a: Lumiere|Shadow Ball|p1a: Landorus-Therian","|-damage|p1a: Landorus-Therian|102/382","|move|p1a: Landorus-Therian|Stealth Rock|p2a: Lumiere","|-sidestart|p2: LTIL-maz|move: Stealth Rock","|","|-heal|p1a: Landorus-Therian|125/382|[from] item: Leftovers","|turn|13","|","|switch|p1a: Togekiss|Togekiss, F|374/374","|move|p2a: Lumiere|Shadow Ball|p1a: Togekiss","|-damage|p1a: Togekiss|206/374","|","|-heal|p1a: Togekiss|229/374|[from] item: Leftovers","|turn|14","|","|move|p2a: Lumiere|Shadow Ball|p1a: Togekiss","|-damage|p1a: Togekiss|51/374","|move|p1a: Togekiss|Roost|p1a: Togekiss","|-heal|p1a: Togekiss|238/374","|","|-heal|p1a: Togekiss|261/374|[from] item: Leftovers","|turn|15","|","|move|p2a: Lumiere|Shadow Ball|p1a: Togekiss","|-damage|p1a: Togekiss|90/374","|move|p1a: Togekiss|Roost|p1a: Togekiss","|-heal|p1a: Togekiss|277/374","|","|-heal|p1a: Togekiss|300/374|[from] item: Leftovers","|turn|16","|","|move|p2a: Lumiere|Shadow Ball|p1a: Togekiss","|-damage|p1a: Togekiss|126/374","|move|p1a: Togekiss|Roost|p1a: Togekiss","|-heal|p1a: Togekiss|313/374","|","|-heal|p1a: Togekiss|336/374|[from] item: Leftovers","|turn|17","|","|move|p2a: Lumiere|Shadow Ball|p1a: Togekiss","|-damage|p1a: Togekiss|159/374","|move|p1a: Togekiss|Roost|p1a: Togekiss","|-heal|p1a: Togekiss|346/374","|","|-heal|p1a: Togekiss|369/374|[from] item: Leftovers","|turn|18","|","|move|p2a: Lumiere|Shadow Ball|p1a: Togekiss","|-damage|p1a: Togekiss|204/374","|move|p1a: Togekiss|Air Slash|p2a: Lumiere","|-damage|p2a: Lumiere|0 fnt","|faint|p2a: Lumiere","|","|-heal|p1a: Togekiss|227/374|[from] item: Leftovers","|","|switch|p2a: Gaia|Golurk|381/381","|-damage|p2a: Gaia|358/381|[from] Stealth Rock","|turn|19","|","|move|p1a: Togekiss|Air Slash|p2a: Gaia","|-damage|p2a: Gaia|282/381","|cant|p2a: Gaia|flinch","|","|-heal|p1a: Togekiss|250/374|[from] item: Leftovers","|turn|20","|","|switch|p1a: Gyarados|Gyarados, M|394/394","|-ability|p1a: Gyarados|Intimidate","|-unboost|p2a: Gaia|atk|1","|move|p2a: Gaia|Ice Punch|p1a: Gyarados","|-crit|p1a: Gyarados","|-damage|p1a: Gyarados|222/394","|","|-heal|p1a: Gyarados|246/394|[from] item: Leftovers","|turn|21","|","|switch|p2a: Masamune|Aegislash, M, shiny|238/323 par","|-damage|p2a: Masamune|218/323 par|[from] Stealth Rock","|move|p1a: Gyarados|Waterfall|p2a: Masamune","|-damage|p2a: Masamune|137/323 par","|","|-heal|p1a: Gyarados|270/394|[from] item: Leftovers","|turn|22","|","|cant|p2a: Masamune|par","|move|p1a: Gyarados|Dragon Dance|p1a: Gyarados","|-boost|p1a: Gyarados|atk|1","|-boost|p1a: Gyarados|spe|1","|","|-heal|p1a: Gyarados|294/394|[from] item: Leftovers","|turn|23","|","|cant|p2a: Masamune|par","|move|p1a: Gyarados|Waterfall|p2a: Masamune","|-damage|p2a: Masamune|23/323 par","|","|-heal|p1a: Gyarados|318/394|[from] item: Leftovers","|turn|24","|","|move|p2a: Masamune|King's Shield|p2a: Masamune","|-singleturn|p2a: Masamune|Protect","|move|p1a: Gyarados|Waterfall|p2a: Masamune","|-activate|p2a: Masamune|Protect","|-unboost|p1a: Gyarados|atk|2","|","|-heal|p1a: Gyarados|342/394|[from] item: Leftovers","|turn|25","|","|-formechange|p2a: Masamune|Aegislash-Blade","|move|p2a: Masamune|Shadow Sneak|p1a: Gyarados","|-damage|p1a: Gyarados|242/394","|move|p1a: Gyarados|Waterfall|p2a: Masamune","|-damage|p2a: Masamune|0 fnt","|faint|p2a: Masamune","|","|-heal|p1a: Gyarados|266/394|[from] item: Leftovers","|","|switch|p2a: Geist|Gengar, M|261/261","|-damage|p2a: Geist|229/261|[from] Stealth Rock","|turn|26","|","|move|p2a: Geist|Thunderbolt|p1a: Gyarados","|-crit|p1a: Gyarados","|-supereffective|p1a: Gyarados","|-damage|p1a: Gyarados|0 fnt","|faint|p1a: Gyarados","|","|","|switch|p1a: Thundurus|Thundurus, M|299/299","|turn|27","|","|move|p1a: Thundurus|Thunder Wave|p2a: Geist","|-status|p2a: Geist|par","|cant|p2a: Geist|par","|","|turn|28","|","|move|p1a: Thundurus|Volt Switch|p2a: Geist","|-damage|p2a: Geist|82/261 par","|","|switch|p1a: Landorus-Therian|Landorus-Therian, M|125/382","|-ability|p1a: Landorus-Therian|Intimidate","|-unboost|p2a: Geist|atk|1","|cant|p2a: Geist|par","|","|-heal|p1a: Landorus-Therian|148/382|[from] item: Leftovers","|turn|29","|","|switch|p2a: Gaia|Golurk|282/381","|-damage|p2a: Gaia|259/381|[from] Stealth Rock","|move|p1a: Landorus-Therian|U-turn|p2a: Gaia","|-resisted|p2a: Gaia","|-damage|p2a: Gaia|214/381","|","|switch|p1a: Thundurus|Thundurus, M|299/299","|","|turn|30","|","|move|p1a: Thundurus|Grass Knot|p2a: Gaia","|-supereffective|p2a: Gaia","|-damage|p2a: Gaia|0 fnt","|faint|p2a: Gaia","|","|","|switch|p2a: Yandere|Sableye, F|303/303","|-damage|p2a: Yandere|266/303|[from] Stealth Rock","|turn|31","|","|move|p2a: Yandere|Calm Mind|p2a: Yandere","|-boost|p2a: Yandere|spa|1","|-boost|p2a: Yandere|spd|1","|move|p1a: Thundurus|Volt Switch|p2a: Yandere","|-damage|p2a: Yandere|145/303","|","|switch|p1a: Pidgeot|Pidgeot, F|307/307","|","|turn|32","|","|detailschange|p1a: Pidgeot|Pidgeot-Mega, F","|-mega|p1a: Pidgeot|Pidgeot|Pidgeotite","|move|p2a: Yandere|Recover|p2a: Yandere","|-heal|p2a: Yandere|297/303","|move|p1a: Pidgeot|Hurricane|p2a: Yandere","|-damage|p2a: Yandere|114/303","|","|turn|33","|","|move|p2a: Yandere|Will-O-Wisp|p1a: Pidgeot","|-status|p1a: Pidgeot|brn","|move|p1a: Pidgeot|Hurricane|p2a: Yandere","|-damage|p2a: Yandere|0 fnt","|faint|p2a: Yandere","|","|-damage|p1a: Pidgeot|269/307 brn|[from] brn","|","|switch|p2a: Geist|Gengar, M|82/261 par","|-damage|p2a: Geist|50/261 par|[from] Stealth Rock","|turn|34","|","|move|p1a: Pidgeot|Hurricane|p2a: Geist","|-crit|p2a: Geist","|-damage|p2a: Geist|0 fnt","|faint|p2a: Geist","|","|win|Primal GT DuckSoup"],"p1rating":{"entryid":"432064","serverid":"eos","formatid":"monotype","userid":"primalgtducksoup","username":"Primal GT DuckSoup","w":4,"l":"0","t":"0","gxe":62.6,"r":"1500","rd":"130","sigma":"0","rptime":"1440493200","rpr":1601.4548682151,"rprd":106.42325315189,"rpsigma":"0","acre":1128.5765520518,"lacre":1128.5765520518,"oldacre":"1110.9597414979"},"p2rating":{"entryid":"165531","serverid":"eos","formatid":"monotype","userid":"ltilmaz","username":"LTIL-maz","w":"1","l":9,"t":"0","gxe":31.6,"r":"1364.1357164165","rd":"92.343914943848","sigma":"0","rptime":"1440493200","rpr":1350.05712851,"rprd":89.984923686258,"rpsigma":"0","acre":1000,"lacre":1000,"oldacre":"1005.2028069194"},"endType":"normal"}