{"seed":[31497,19577,43815,49177],"turns":23,"p1":"Bugy","p2":"Gym Ldr Mitsuka∆","p1team":[{"name":"Garchomp","species":"Garchomp","item":"choicescarf","ability":"Rough Skin","moves":["outrage","earthquake","stoneedge","irontail"],"nature":"Jolly","evs":{"hp":0,"atk":252,"def":0,"spa":0,"spd":4,"spe":252},"shiny":true,"ivs":{"hp":31,"atk":31,"def":31,"spa":31,"spd":31,"spe":31}},{"name":"Kyurem-Black","species":"Kyurem-Black","item":"choicescarf","ability":"Teravolt","moves":["icebeam","dragonclaw","fusionbolt","ironhead"],"nature":"Naive","evs":{"hp":0,"atk":252,"def":0,"spa":4,"spd":0,"spe":252},"shiny":true,"ivs":{"hp":31,"atk":31,"def":31,"spa":31,"spd":31,"spe":31}},{"name":"Goodra","species":"Goodra","item":"assaultvest","ability":"Gooey","moves":["flamethrower","icebeam","thunderbolt","dragonpulse"],"nature":"Modest","evs":{"hp":248,"atk":0,"def":0,"spa":252,"spd":8,"spe":0},"shiny":true,"ivs":{"hp":31,"atk":31,"def":31,"spa":31,"spd":31,"spe":31}},{"name":"Hydreigon","species":"Hydreigon","item":"choicescarf","ability":"Levitate","moves":["dracometeor","darkpulse","fireblast","flashcannon"],"nature":"Timid","evs":{"hp":0,"atk":0,"def":0,"spa":252,"spd":4,"spe":252},"shiny":true,"ivs":{"hp":31,"atk":31,"def":31,"spa":31,"spd":31,"spe":31}},{"name":"Latios","species":"Latios","item":"choicescarf","ability":"Levitate","moves":["energyball","surf","dragonpulse","psychic"],"nature":"Timid","evs":{"hp":0,"atk":0,"def":0,"spa":252,"spd":4,"spe":252},"shiny":true,"ivs":{"hp":31,"atk":31,"def":31,"spa":31,"spd":31,"spe":31}},{"name":"Tyrone","species":"haxorus","item":"lumberry","ability":"Mold Breaker","moves":["dragondance","dragonclaw","poisonjab","earthquake"],"nature":"Adamant","evs":{"hp":0,"atk":252,"def":0,"spa":0,"spd":36,"spe":220},"shiny":true,"ivs":{"hp":31,"atk":31,"def":31,"spa":31,"spd":31,"spe":31}}],"p2team":[{"name":"Bellossom","species":"Bellossom","item":"leftovers","ability":"Chlorophyll","moves":["infestation","leechseed","hiddenpowerfire","sleeppowder"],"nature":"Bold","evs":{"hp":252,"atk":0,"def":252,"spa":0,"spd":4,"spe":0},"ivs":{"hp":31,"atk":30,"def":31,"spa":30,"spd":31,"spe":30}},{"name":"Abomasnow","species":"Abomasnow","item":"abomasite","ability":"Soundproof","moves":["earthquake","blizzard","iceshard","gigadrain"],"nature":"Naughty","evs":{"hp":68,"atk":252,"def":0,"spa":8,"spd":0,"spe":180},"ivs":{"hp":31,"atk":30,"def":31,"spa":30,"spd":31,"spe":30}},{"name":"Roserade","species":"Roserade","item":"choicescarf","ability":"Technician","moves":["hiddenpowerrock","extrasensory","sludgebomb","gigadrain"],"nature":"Timid","evs":{"hp":0,"atk":0,"def":0,"spa":252,"spd":4,"spe":252},"ivs":{"hp":31,"atk":31,"def":30,"spa":31,"spd":30,"spe":30}},{"name":"Leavanny","species":"Leavanny","item":"focussash","ability":"Swarm","moves":["stickyweb","leafblade","knockoff","xscissor"],"nature":"Adamant","evs":{"hp":4,"atk":252,"def":0,"spa":0,"spd":0,"spe":252},"ivs":{"hp":31,"atk":31,"def":31,"spa":31,"spd":31,"spe":31}},{"name":"Ferrothorn","species":"Ferrothorn","item":"occaberry","ability":"Iron Barbs","moves":["stealthrock","thunderwave","knockoff","ironhead"],"nature":"Impish","evs":{"hp":252,"atk":0,"def":128,"spa":0,"spd":128,"spe":0},"ivs":{"hp":31,"atk":31,"def":31,"spa":31,"spd":31,"spe":31}},{"name":"Breloom","species":"Breloom","item":"focussash","ability":"Technician","moves":["spore","rocktomb","machpunch","bulletseed"],"nature":"Jolly","evs":{"hp":0,"atk":252,"def":0,"spa":0,"spd":4,"spe":252},"ivs":{"hp":31,"atk":31,"def":31,"spa":31,"spd":31,"spe":31}}],"log":["|player|p1|Bugy|66","|player|p2|Gym Ldr Mitsuka∆|2","|gametype|singles","|gen|6","|tier|Monotype","|rated","|rule|Baton Pass Clause: Limit one Baton Passer, can't pass Spe and other stats simultaneously","|rule|Swagger Clause: Swagger is banned","|rule|Same Type Clause: Pokémon in a team must share a type","|clearpoke","|poke|p1|Garchomp, F, shiny","|poke|p1|Kyurem-Black, shiny","|poke|p1|Goodra, F, shiny","|poke|p1|Hydreigon, F, shiny","|poke|p1|Latios, M, shiny","|poke|p1|Haxorus, F, shiny","|poke|p2|Bellossom, M","|poke|p2|Abomasnow, F","|poke|p2|Roserade, F","|poke|p2|Leavanny, M","|poke|p2|Ferrothorn, F","|poke|p2|Breloom, M","|rule|Sleep Clause Mod: Limit one foe put to sleep","|rule|Species Clause: Limit one of each Pokémon","|rule|OHKO Clause: OHKO moves are banned","|rule|Moody Clause: Moody is banned","|rule|Evasion Moves Clause: Evasion moves are banned","|rule|Endless Battle Clause: Forcing endless battles is banned","|rule|HP Percentage Mod: HP is shown in percentages","|teampreview","|","|start","|switch|p1a: Tyrone|Haxorus, F, shiny|293/293","|switch|p2a: Leavanny|Leavanny, M|292/292","|-ability|p1a: Tyrone|Mold Breaker","|turn|1","|","|move|p1a: Tyrone|Dragon Dance|p1a: Tyrone","|-boost|p1a: Tyrone|atk|1","|-boost|p1a: Tyrone|spe|1","|move|p2a: Leavanny|Sticky Web|p1a: Tyrone","|-sidestart|p1: Bugy|move: Sticky Web","|","|turn|2","|","|move|p1a: Tyrone|Poison Jab|p2a: Leavanny","|-supereffective|p2a: Leavanny","|-enditem|p2a: Leavanny|Focus Sash","|-damage|p2a: Leavanny|1/292","|move|p2a: Leavanny|X-Scissor|p1a: Tyrone","|-damage|p1a: Tyrone|85/293","|","|turn|3","|","|switch|p2a: Ferrothorn|Ferrothorn, F|352/352","|move|p1a: Tyrone|Poison Jab|p2a: Ferrothorn","|-immune|p2a: Ferrothorn|[msg]","|","|turn|4","|","|move|p1a: Tyrone|Earthquake|p2a: Ferrothorn","|-damage|p2a: Ferrothorn|201/352","|move|p2a: Ferrothorn|Stealth Rock|p1a: Tyrone","|-sidestart|p1: Bugy|move: Stealth Rock","|","|turn|5","|","|move|p1a: Tyrone|Earthquake|p2a: Ferrothorn","|-damage|p2a: Ferrothorn|54/352","|move|p2a: Ferrothorn|Iron Head|p1a: Tyrone","|-damage|p1a: Tyrone|0 fnt","|faint|p1a: Tyrone","|","|","|switch|p1a: Hydreigon|Hydreigon, F, shiny|325/325","|-damage|p1a: Hydreigon|285/325|[from] Stealth Rock","|turn|6","|","|move|p1a: Hydreigon|Dark Pulse|p2a: Ferrothorn","|-damage|p2a: Ferrothorn|0 fnt","|faint|p2a: Ferrothorn","|","|","|switch|p2a: Roserade|Roserade, F|261/261","|turn|7","|","|switch|p1a: Latios|Latios, M, shiny|301/301","|-damage|p1a: Latios|264/301|[from] Stealth Rock","|move|p2a: Roserade|Sludge Bomb|p1a: Latios","|-damage|p1a: Latios|116/301","|","|turn|8","|","|switch|p2a: Leavanny|Leavanny, M|1/292","|move|p1a: Latios|Psychic|p2a: Leavanny","|-damage|p2a: Leavanny|0 fnt","|faint|p2a: Leavanny","|","|","|switch|p2a: Abomasnow|Abomasnow, F|338/338","|turn|9","|","|detailschange|p2a: Abomasnow|Abomasnow-Mega, F","|-mega|p2a: Abomasnow|Abomasnow|Abomasite","|-weather|Hail","|move|p2a: Abomasnow|Ice Shard|p1a: Latios","|-supereffective|p1a: Latios","|-damage|p1a: Latios|0 fnt","|faint|p1a: Latios","|","|-weather|Hail|[upkeep]","|","|switch|p1a: Kyurem-Black|Kyurem-Black, shiny|391/391","|-damage|p1a: Kyurem-Black|294/391|[from] Stealth Rock","|-activate|p1a: Kyurem-Black|move: Sticky Web","|-unboost|p1a: Kyurem-Black|spe|1","|-ability|p1a: Kyurem-Black|Teravolt","|turn|10","|","|move|p1a: Kyurem-Black|Iron Head|p2a: Abomasnow","|-supereffective|p2a: Abomasnow","|-damage|p2a: Abomasnow|116/338","|move|p2a: Abomasnow|Blizzard|p1a: Kyurem-Black","|-damage|p1a: Kyurem-Black|93/391","|","|-weather|Hail|[upkeep]","|turn|11","|","|switch|p2a: Bellossom|Bellossom, M|354/354","|move|p1a: Kyurem-Black|Iron Head|p2a: Bellossom","|-damage|p2a: Bellossom|264/354","|","|-weather|Hail|[upkeep]","|-damage|p2a: Bellossom|242/354|[from] hail","|-heal|p2a: Bellossom|264/354|[from] item: Leftovers","|turn|12","|","|move|p1a: Kyurem-Black|Iron Head|p2a: Bellossom","|-damage|p2a: Bellossom|178/354","|cant|p2a: Bellossom|flinch","|","|-weather|Hail|[upkeep]","|-damage|p2a: Bellossom|156/354|[from] hail","|-heal|p2a: Bellossom|178/354|[from] item: Leftovers","|turn|13","|","|switch|p1a: Garchomp|Garchomp, F, shiny|357/357","|-damage|p1a: Garchomp|335/357|[from] Stealth Rock","|-activate|p1a: Garchomp|move: Sticky Web","|-unboost|p1a: Garchomp|spe|1","|move|p2a: Bellossom|Leech Seed|p1a: Garchomp","|-start|p1a: Garchomp|move: Leech Seed","|","|-weather|none","|-heal|p2a: Bellossom|200/354|[from] item: Leftovers","|-damage|p1a: Garchomp|291/357|[from] Leech Seed|[of] p2a: Bellossom","|-heal|p2a: Bellossom|244/354|[silent]","|turn|14","|","|move|p1a: Garchomp|Outrage|p2a: Bellossom","|-damage|p2a: Bellossom|96/354","|move|p2a: Bellossom|Sleep Powder|p1a: Garchomp","|-status|p1a: Garchomp|slp","|","|-heal|p2a: Bellossom|118/354|[from] item: Leftovers","|-damage|p1a: Garchomp|247/357 slp|[from] Leech Seed|[of] p2a: Bellossom","|-heal|p2a: Bellossom|162/354|[silent]","|turn|15","|","|switch|p1a: Goodra|Goodra, F, shiny|383/383","|-activate|p1a: Goodra|move: Sticky Web","|-unboost|p1a: Goodra|spe|1","|-damage|p1a: Goodra|336/383|[from] Stealth Rock","|move|p2a: Bellossom|Infestation|p1a: Goodra","|-damage|p1a: Goodra|328/383","|-unboost|p2a: Bellossom|spe|1","|-activate|p1a: Goodra|move: Infestation|[of] p2a: Bellossom","|","|-heal|p2a: Bellossom|184/354|[from] item: Leftovers","|-damage|p1a: Goodra|281/383|[from] move: Infestation|[partiallytrapped]","|turn|16","|","|move|p1a: Goodra|Ice Beam|p2a: Bellossom","|-supereffective|p2a: Bellossom","|-damage|p2a: Bellossom|0 fnt","|faint|p2a: Bellossom","|","|","|switch|p2a: Roserade|Roserade, F|261/261","|turn|17","|","|move|p2a: Roserade|Sludge Bomb|p1a: Goodra","|-damage|p1a: Goodra|203/383","|move|p1a: Goodra|Ice Beam|p2a: Roserade","|-supereffective|p2a: Roserade","|-damage|p2a: Roserade|61/261","|","|turn|18","|","|move|p2a: Roserade|Sludge Bomb|p1a: Goodra","|-damage|p1a: Goodra|127/383","|-status|p1a: Goodra|psn","|move|p1a: Goodra|Flamethrower|p2a: Roserade","|-supereffective|p2a: Roserade","|-damage|p2a: Roserade|0 fnt","|faint|p2a: Roserade","|","|-damage|p1a: Goodra|80/383 psn|[from] psn","|","|switch|p2a: Abomasnow|Abomasnow-Mega, F|116/338","|-weather|Hail","|turn|19","|","|move|p2a: Abomasnow|Ice Shard|p1a: Goodra","|-supereffective|p1a: Goodra","|-damage|p1a: Goodra|0 fnt","|faint|p1a: Goodra","|","|-weather|Hail|[upkeep]","|","|switch|p1a: Kyurem-Black|Kyurem-Black, shiny|93/391","|-damage|p1a: Kyurem-Black|0 fnt|[from] Stealth Rock","|-activate|p1a: Kyurem-Black|move: Sticky Web","|faint|p1a: Kyurem-Black","|","|switch|p1a: Hydreigon|Hydreigon, F, shiny|285/325","|-damage|p1a: Hydreigon|245/325|[from] Stealth Rock","|turn|20","|","|move|p2a: Abomasnow|Ice Shard|p1a: Hydreigon","|-supereffective|p1a: Hydreigon","|-damage|p1a: Hydreigon|57/325","|move|p1a: Hydreigon|Draco Meteor|p2a: Abomasnow","|-damage|p2a: Abomasnow|0 fnt","|-unboost|p1a: Hydreigon|spa|2","|faint|p2a: Abomasnow","|","|-weather|Hail|[upkeep]","|-damage|p1a: Hydreigon|37/325|[from] hail","|","|switch|p2a: Breloom|Breloom, M|261/261","|turn|21","|","|move|p2a: Breloom|Mach Punch|p1a: Hydreigon","|-supereffective|p1a: Hydreigon","|-damage|p1a: Hydreigon|0 fnt","|faint|p1a: Hydreigon","|","|-weather|Hail|[upkeep]","|-damage|p2a: Breloom|245/261|[from] hail","|","|switch|p1a: Garchomp|Garchomp, F, shiny|247/357 slp","|-activate|p1a: Garchomp|move: Sticky Web","|-unboost|p1a: Garchomp|spe|1","|-damage|p1a: Garchomp|225/357 slp|[from] Stealth Rock","|turn|22","|","|cant|p1a: Garchomp|slp","|move|p2a: Breloom|Bullet Seed|p1a: Garchomp","|-damage|p1a: Garchomp|152/357 slp","|-damage|p1a: Garchomp|85/357 slp","|-hitcount|p1a: Garchomp|2","|","|-weather|Hail|[upkeep]","|-damage|p1a: Garchomp|63/357 slp|[from] hail","|-damage|p2a: Breloom|229/261|[from] hail","|turn|23","|","|move|p2a: Breloom|Mach Punch|p1a: Garchomp","|-damage|p1a: Garchomp|0 fnt","|-damage|p2a: Breloom|197/261|[from] ability: Rough Skin|[of] p1a: Garchomp","|faint|p1a: Garchomp","|","|win|Gym Ldr Mitsuka∆"],"p1rating":{"entryid":"380487","serverid":"eos","formatid":"monotype","userid":"bugy","username":"Bugy","w":"2","l":9,"t":"0","gxe":35.6,"r":"1413.3366077132","rd":"89.993220492731","sigma":"0","rptime":"1440493200","rpr":1385.2893262114,"rprd":85.316776830427,"rpsigma":"0","acre":1000,"lacre":1000,"oldacre":"1000"},"p2rating":{"entryid":"379503","serverid":"eos","formatid":"monotype","userid":"gymldrmitsuka","username":"Gym Ldr Mitsuka∆","w":11,"l":"11","t":"0","gxe":48.8,"r":"1480.5479162543","rd":"69.536962153299","sigma":"0","rptime":"1440493200","rpr":1491.0919230993,"rprd":68.325240665407,"rpsigma":"0","acre":1209.8908453026,"lacre":1209.8908453026,"oldacre":"1197.7601218115"},"endType":"normal"}