{"seed":[41233,52970,31122,51203],"turns":38,"p1":"Twizz","p2":"Brnzor","p1team":[{"name":"0.F.U","species":"magnezone","item":"leftovers","ability":"Sturdy","moves":["flashcannon","thunderbolt","protect","hiddenpowerice"],"nature":"Modest","evs":{"hp":76,"atk":0,"def":180,"spa":252,"spd":0,"spe":0},"ivs":{"hp":31,"atk":30,"def":30,"spa":31,"spd":31,"spe":31}},{"name":"Nope","species":"zapdos","item":"leftovers","ability":"Pressure","moves":["discharge","heatwave","toxic","roost"],"nature":"Bold","evs":{"hp":4,"atk":0,"def":252,"spa":56,"spd":196,"spe":0},"ivs":{"hp":31,"atk":31,"def":31,"spa":31,"spd":31,"spe":31}},{"name":"Amphabulous","species":"ampharos","item":"ampharosite","ability":"Static","moves":["cottonguard","rest","sleeptalk","dragonpulse"],"nature":"Bold","evs":{"hp":0,"atk":0,"def":252,"spa":136,"spd":120,"spe":0},"ivs":{"hp":31,"atk":31,"def":31,"spa":31,"spd":31,"spe":31}},{"name":"Raikou","species":"Raikou","item":"leftovers","ability":"Pressure","moves":["calmmind","substitute","thunderbolt","extrasensory"],"nature":"Timid","evs":{"hp":0,"atk":0,"def":0,"spa":252,"spd":4,"spe":252},"ivs":{"hp":31,"atk":30,"def":30,"spa":31,"spd":31,"spe":31}},{"name":"Fuck you","species":"rotomwash","item":"choicescarf","ability":"Levitate","moves":["voltswitch","hydropump","willowisp","trick"],"nature":"Timid","evs":{"hp":0,"atk":0,"def":0,"spa":252,"spd":4,"spe":252},"ivs":{"hp":31,"atk":31,"def":31,"spa":31,"spd":31,"spe":31}},{"name":"Thundurus","species":"Thundurus","item":"lifeorb","ability":"Prankster","moves":["thunderwave","thunderbolt","uturn","psychic"],"nature":"Serious","evs":{"hp":4,"atk":96,"def":0,"spa":156,"spd":0,"spe":252},"ivs":{"hp":31,"atk":31,"def":31,"spa":31,"spd":31,"spe":31}}],"p2team":[{"name":"GENERICTINI","species":"victini","item":"choicescarf","ability":"Victory Star","moves":["vcreate","boltstrike","uturn","zenheadbutt"],"nature":"Jolly","evs":{"hp":0,"atk":252,"def":0,"spa":0,"spd":4,"spe":252},"ivs":{"hp":31,"atk":31,"def":31,"spa":31,"spd":31,"spe":31}},{"name":"Y U UNBAN!!!!!","species":"gallade","item":"galladite","ability":"Justified","moves":["drainpunch","bulkup","shadowsneak","knockoff"],"nature":"Jolly","evs":{"hp":0,"atk":176,"def":80,"spa":0,"spd":0,"spe":252},"ivs":{"hp":31,"atk":31,"def":31,"spa":31,"spd":31,"spe":31}},{"name":"STICK IT IN","species":"hoopaunbound","item":"choicescarf","ability":"Magician","moves":["drainpunch","gunkshot","hyperspacefury","firepunch"],"nature":"Jolly","evs":{"hp":0,"atk":252,"def":0,"spa":0,"spd":4,"spe":252},"ivs":{"hp":31,"atk":31,"def":31,"spa":31,"spd":31,"spe":31}},{"name":"Nyaaaaa~","species":"mew","item":"leftovers","ability":"Synchronize","moves":["roost","defog","rockslide","willowisp"],"nature":"Careful","evs":{"hp":248,"atk":8,"def":0,"spa":0,"spd":252,"spe":0},"ivs":{"hp":31,"atk":31,"def":31,"spa":31,"spd":31,"spe":31}},{"name":"Poopface","species":"slowbro","item":"leftovers","ability":"Regenerator","moves":["scald","grassknot","slackoff","thunderwave"],"nature":"Bold","evs":{"hp":252,"atk":0,"def":252,"spa":4,"spd":0,"spe":0},"ivs":{"hp":31,"atk":31,"def":31,"spa":31,"spd":31,"spe":31}},{"name":"Melody","species":"meloetta","item":"leftovers","ability":"Serene Grace","moves":["dazzlinggleam","calmmind","psyshock","substitute"],"nature":"Calm","evs":{"hp":248,"atk":0,"def":200,"spa":0,"spd":60,"spe":0},"ivs":{"hp":31,"atk":0,"def":31,"spa":31,"spd":31,"spe":31}}],"log":["|player|p1|Twizz|264","|player|p2|Brnzor|86","|gametype|singles","|gen|6","|tier|Monotype","|rated","|rule|Baton Pass Clause: Limit one Baton Passer, can't pass Spe and other stats simultaneously","|rule|Swagger Clause: Swagger is banned","|rule|Same Type Clause: Pokémon in a team must share a type","|clearpoke","|poke|p1|Magnezone","|poke|p1|Zapdos","|poke|p1|Ampharos, F","|poke|p1|Raikou","|poke|p1|Rotom-Wash","|poke|p1|Thundurus, M","|poke|p2|Victini","|poke|p2|Gallade, M","|poke|p2|Hoopa-Unbound","|poke|p2|Mew","|poke|p2|Slowbro, M","|poke|p2|Meloetta","|rule|Sleep Clause Mod: Limit one foe put to sleep","|rule|Species Clause: Limit one of each Pokémon","|rule|OHKO Clause: OHKO moves are banned","|rule|Moody Clause: Moody is banned","|rule|Evasion Moves Clause: Evasion moves are banned","|rule|Endless Battle Clause: Forcing endless battles is banned","|rule|HP Percentage Mod: HP is shown in percentages","|teampreview","|","|start","|switch|p1a: Thundurus|Thundurus, M|300/300","|switch|p2a: Nyaaaaa~|Mew|403/403","|turn|1","|","|move|p1a: Thundurus|Thunder Wave|p2a: Nyaaaaa~","|-status|p2a: Nyaaaaa~|par","|move|p2a: Nyaaaaa~|Will-O-Wisp|p1a: Thundurus","|-status|p1a: Thundurus|brn","|","|-damage|p1a: Thundurus|263/300 brn|[from] brn","|turn|2","|","|move|p1a: Thundurus|U-turn|p2a: Nyaaaaa~","|-supereffective|p2a: Nyaaaaa~","|-damage|p2a: Nyaaaaa~|317/403 par","|-damage|p1a: Thundurus|233/300 brn|[from] item: Life Orb","|","|switch|p1a: Fuck you|Rotom-Wash|241/241","|cant|p2a: Nyaaaaa~|par","|","|-heal|p2a: Nyaaaaa~|342/403 par|[from] item: Leftovers","|turn|3","|","|move|p1a: Fuck you|Trick|p2a: Nyaaaaa~","|-activate|p1a: Fuck you|move: Trick|[of] p2a: Nyaaaaa~","|-item|p2a: Nyaaaaa~|Choice Scarf|[from] move: Trick","|-item|p1a: Fuck you|Leftovers|[from] move: Trick","|move|p2a: Nyaaaaa~|Roost|p2a: Nyaaaaa~","|-heal|p2a: Nyaaaaa~|403/403 par","|","|turn|4","|","|switch|p2a: Melody|Meloetta|403/403","|move|p1a: Fuck you|Volt Switch|p2a: Melody","|-damage|p2a: Melody|331/403","|","|switch|p1a: Nope|Zapdos|322/322","|-ability|p1a: Nope|Pressure","|","|-heal|p2a: Melody|356/403|[from] item: Leftovers","|turn|5","|","|move|p1a: Nope|Toxic|p2a: Melody","|-status|p2a: Melody|tox","|move|p2a: Melody|Substitute|p2a: Melody","|-start|p2a: Melody|Substitute","|-damage|p2a: Melody|256/403 tox","|","|-heal|p2a: Melody|281/403 tox|[from] item: Leftovers","|-damage|p2a: Melody|256/403 tox|[from] psn","|turn|6","|","|move|p1a: Nope|Discharge|p2a: Melody","|-activate|p2a: Melody|Substitute|[damage]","|move|p2a: Melody|Calm Mind|p2a: Melody","|-boost|p2a: Melody|spa|1","|-boost|p2a: Melody|spd|1","|","|-heal|p2a: Melody|281/403 tox|[from] item: Leftovers","|-damage|p2a: Melody|231/403 tox|[from] psn","|turn|7","|","|switch|p1a: Raikou|Raikou|321/321","|-ability|p1a: Raikou|Pressure","|move|p2a: Melody|Psyshock|p1a: Raikou","|-damage|p1a: Raikou|105/321","|","|-heal|p1a: Raikou|125/321|[from] item: Leftovers","|-heal|p2a: Melody|256/403 tox|[from] item: Leftovers","|-damage|p2a: Melody|181/403 tox|[from] psn","|turn|8","|","|move|p1a: Raikou|Thunderbolt|p2a: Melody","|-end|p2a: Melody|Substitute","|move|p2a: Melody|Psyshock|p1a: Raikou","|-damage|p1a: Raikou|0 fnt","|faint|p1a: Raikou","|","|-heal|p2a: Melody|206/403 tox|[from] item: Leftovers","|-damage|p2a: Melody|106/403 tox|[from] psn","|","|switch|p1a: Nope|Zapdos|322/322","|-ability|p1a: Nope|Pressure","|turn|9","|","|move|p1a: Nope|Discharge|p2a: Melody","|-damage|p2a: Melody|54/403 tox","|move|p2a: Melody|Psyshock|p1a: Nope","|-damage|p1a: Nope|180/322","|","|-heal|p1a: Nope|200/322|[from] item: Leftovers","|-heal|p2a: Melody|79/403 tox|[from] item: Leftovers","|-damage|p2a: Melody|0 fnt|[from] psn","|faint|p2a: Melody","|","|switch|p2a: STICK IT IN|Hoopa-Unbound|301/301","|turn|10","|","|move|p2a: STICK IT IN|Hyperspace Fury|p1a: Nope","|-damage|p1a: Nope|38/322","|-unboost|p2a: STICK IT IN|def|1","|move|p1a: Nope|Discharge|p2a: STICK IT IN","|-damage|p2a: STICK IT IN|202/301","|-status|p2a: STICK IT IN|par","|","|-heal|p1a: Nope|58/322|[from] item: Leftovers","|turn|11","|","|move|p1a: Nope|Roost|p1a: Nope","|-heal|p1a: Nope|219/322","|cant|p2a: STICK IT IN|par","|","|-heal|p1a: Nope|239/322|[from] item: Leftovers","|turn|12","|","|switch|p2a: Nyaaaaa~|Mew|403/403 par","|move|p1a: Nope|Discharge|p2a: Nyaaaaa~","|-damage|p2a: Nyaaaaa~|319/403 par","|","|-heal|p1a: Nope|259/322|[from] item: Leftovers","|turn|13","|","|switch|p1a: Thundurus|Thundurus, M|233/300 brn","|switch|p2a: GENERICTINI|Victini|341/341","|","|-damage|p1a: Thundurus|196/300 brn|[from] brn","|turn|14","|","|switch|p1a: Fuck you|Rotom-Wash|241/241","|move|p2a: GENERICTINI|V-create|p1a: Fuck you","|-resisted|p1a: Fuck you","|-damage|p1a: Fuck you|119/241","|-unboost|p2a: GENERICTINI|spe|1","|-unboost|p2a: GENERICTINI|def|1","|-unboost|p2a: GENERICTINI|spd|1","|","|-heal|p1a: Fuck you|134/241|[from] item: Leftovers","|turn|15","|","|switch|p2a: Nyaaaaa~|Mew|319/403 par","|move|p1a: Fuck you|Volt Switch|p2a: Nyaaaaa~","|-crit|p2a: Nyaaaaa~","|-damage|p2a: Nyaaaaa~|192/403 par","|","|switch|p1a: Thundurus|Thundurus, M|196/300 brn","|","|-damage|p1a: Thundurus|159/300 brn|[from] brn","|turn|16","|","|move|p1a: Thundurus|U-turn|p2a: Nyaaaaa~","|-supereffective|p2a: Nyaaaaa~","|-damage|p2a: Nyaaaaa~|108/403 par","|-damage|p1a: Thundurus|129/300 brn|[from] item: Life Orb","|","|switch|p1a: Fuck you|Rotom-Wash|134/241","|cant|p2a: Nyaaaaa~|par","|","|-heal|p1a: Fuck you|149/241|[from] item: Leftovers","|turn|17","|","|move|p1a: Fuck you|Volt Switch|p2a: Nyaaaaa~","|-damage|p2a: Nyaaaaa~|33/403 par","|","|switch|p1a: Thundurus|Thundurus, M|129/300 brn","|move|p2a: Nyaaaaa~|Roost|p2a: Nyaaaaa~","|-heal|p2a: Nyaaaaa~|235/403 par","|","|-damage|p1a: Thundurus|92/300 brn|[from] brn","|turn|18","|","|move|p1a: Thundurus|Thunderbolt|p2a: Nyaaaaa~","|-damage|p2a: Nyaaaaa~|110/403 par","|-damage|p1a: Thundurus|62/300 brn|[from] item: Life Orb","|move|p2a: Nyaaaaa~|Roost|p2a: Nyaaaaa~","|-heal|p2a: Nyaaaaa~|312/403 par","|","|-damage|p1a: Thundurus|25/300 brn|[from] brn","|turn|19","|","|move|p1a: Thundurus|Thunderbolt|p2a: Nyaaaaa~","|-damage|p2a: Nyaaaaa~|164/403 par","|-damage|p1a: Thundurus|0 fnt|[from] item: Life Orb","|faint|p1a: Thundurus","|move|p2a: Nyaaaaa~|Roost|p2a: Nyaaaaa~","|-heal|p2a: Nyaaaaa~|366/403 par","|","|","|switch|p1a: 0.F.U|Magnezone|300/300","|turn|20","|","|move|p1a: 0.F.U|Thunderbolt|p2a: Nyaaaaa~","|-damage|p2a: Nyaaaaa~|236/403 par","|cant|p2a: Nyaaaaa~|par","|","|turn|21","|","|switch|p2a: STICK IT IN|Hoopa-Unbound|202/301 par","|move|p1a: 0.F.U|Thunderbolt|p2a: STICK IT IN","|-damage|p2a: STICK IT IN|63/301 par","|","|turn|22","|","|move|p1a: 0.F.U|Thunderbolt|p2a: STICK IT IN","|-damage|p2a: STICK IT IN|0 fnt","|faint|p2a: STICK IT IN","|","|","|switch|p2a: GENERICTINI|Victini|341/341","|turn|23","|","|move|p1a: 0.F.U|Protect|p1a: 0.F.U","|-singleturn|p1a: 0.F.U|Protect","|move|p2a: GENERICTINI|U-turn|p1a: 0.F.U","|-activate|p1a: 0.F.U|Protect","|","|turn|24","|","|move|p2a: GENERICTINI|U-turn|p1a: 0.F.U","|-resisted|p1a: 0.F.U","|-damage|p1a: 0.F.U|274/300","|","|switch|p2a: Nyaaaaa~|Mew|236/403 par","|move|p1a: 0.F.U|Thunderbolt|p2a: Nyaaaaa~","|-damage|p2a: Nyaaaaa~|112/403 par","|","|-heal|p1a: 0.F.U|292/300|[from] item: Leftovers","|turn|25","|","|switch|p2a: Poopface|Slowbro, M|394/394","|move|p1a: 0.F.U|Thunderbolt|p2a: Poopface","|-supereffective|p2a: Poopface","|-damage|p2a: Poopface|0 fnt","|faint|p2a: Poopface","|","|-heal|p1a: 0.F.U|300/300|[from] item: Leftovers","|","|switch|p2a: GENERICTINI|Victini|341/341","|turn|26","|","|move|p1a: 0.F.U|Protect|p1a: 0.F.U","|-singleturn|p1a: 0.F.U|Protect","|move|p2a: GENERICTINI|V-create|p1a: 0.F.U","|-activate|p1a: 0.F.U|Protect","|","|turn|27","|","|switch|p1a: Fuck you|Rotom-Wash|149/241","|move|p2a: GENERICTINI|V-create|p1a: Fuck you","|-resisted|p1a: Fuck you","|-damage|p1a: Fuck you|26/241","|-unboost|p2a: GENERICTINI|spe|1","|-unboost|p2a: GENERICTINI|def|1","|-unboost|p2a: GENERICTINI|spd|1","|","|-heal|p1a: Fuck you|41/241|[from] item: Leftovers","|turn|28","|","|move|p2a: GENERICTINI|V-create|p1a: Fuck you","|-resisted|p1a: Fuck you","|-damage|p1a: Fuck you|0 fnt","|-unboost|p2a: GENERICTINI|spe|1","|-unboost|p2a: GENERICTINI|def|1","|-unboost|p2a: GENERICTINI|spd|1","|faint|p1a: Fuck you","|","|","|switch|p1a: Amphabulous|Ampharos, F|321/321","|turn|29","|","|switch|p2a: Nyaaaaa~|Mew|112/403 par","|detailschange|p1a: Amphabulous|Ampharos-Mega, F","|-mega|p1a: Amphabulous|Ampharos|Ampharosite","|-ability|p1a: Amphabulous|Mold Breaker","|move|p1a: Amphabulous|Cotton Guard|p1a: Amphabulous","|-boost|p1a: Amphabulous|def|3","|","|turn|30","|","|move|p1a: Amphabulous|Dragon Pulse|p2a: Nyaaaaa~","|-damage|p2a: Nyaaaaa~|0 fnt","|faint|p2a: Nyaaaaa~","|","|","|switch|p2a: Y U UNBAN!!!!!|Gallade, M|277/277","|turn|31","|","|detailschange|p2a: Y U UNBAN!!!!!|Gallade-Mega, M","|-mega|p2a: Y U UNBAN!!!!!|Gallade|Galladite","|move|p2a: Y U UNBAN!!!!!|Bulk Up|p2a: Y U UNBAN!!!!!","|-boost|p2a: Y U UNBAN!!!!!|atk|1","|-boost|p2a: Y U UNBAN!!!!!|def|1","|move|p1a: Amphabulous|Dragon Pulse|p2a: Y U UNBAN!!!!!","|-crit|p2a: Y U UNBAN!!!!!","|-damage|p2a: Y U UNBAN!!!!!|67/277","|","|turn|32","|","|move|p2a: Y U UNBAN!!!!!|Drain Punch|p1a: Amphabulous","|-damage|p1a: Amphabulous|254/321","|-heal|p2a: Y U UNBAN!!!!!|101/277|[from] drain|[of] p1a: Amphabulous","|move|p1a: Amphabulous|Dragon Pulse|p2a: Y U UNBAN!!!!!","|-damage|p2a: Y U UNBAN!!!!!|0 fnt","|faint|p2a: Y U UNBAN!!!!!","|","|","|switch|p2a: GENERICTINI|Victini|341/341","|turn|33","|","|move|p2a: GENERICTINI|Zen Headbutt|p1a: Amphabulous","|-damage|p1a: Amphabulous|220/321","|move|p1a: Amphabulous|Dragon Pulse|p2a: GENERICTINI","|-damage|p2a: GENERICTINI|170/341","|","|turn|34","|","|move|p2a: GENERICTINI|Zen Headbutt|p1a: Amphabulous","|-damage|p1a: Amphabulous|189/321","|cant|p1a: Amphabulous|flinch","|","|turn|35","|","|move|p2a: GENERICTINI|Zen Headbutt|p1a: Amphabulous","|-damage|p1a: Amphabulous|152/321","|move|p1a: Amphabulous|Dragon Pulse|p2a: GENERICTINI","|-damage|p2a: GENERICTINI|16/341","|","|turn|36","|","|move|p2a: GENERICTINI|Zen Headbutt|p1a: Amphabulous","|-damage|p1a: Amphabulous|119/321","|move|p1a: Amphabulous|Rest|p1a: Amphabulous","|-status|p1a: Amphabulous|slp","|-heal|p1a: Amphabulous|321/321 slp|[silent]","|-status|p1a: Amphabulous|slp|[from] move: Rest","|","|turn|37","|","|move|p2a: GENERICTINI|Zen Headbutt|p1a: Amphabulous","|-damage|p1a: Amphabulous|288/321 slp","|cant|p1a: Amphabulous|slp","|cant|p1a: Amphabulous|flinch","|","|turn|38","|","|move|p2a: GENERICTINI|Zen Headbutt|p1a: Amphabulous","|-damage|p1a: Amphabulous|254/321 slp","|cant|p1a: Amphabulous|slp","|move|p1a: Amphabulous|Sleep Talk|p1a: Amphabulous","|move|p1a: Amphabulous|Dragon Pulse|p2a: GENERICTINI|[from]Sleep Talk","|-damage|p2a: GENERICTINI|0 fnt","|faint|p2a: GENERICTINI","|","|win|Twizz"],"p1rating":{"entryid":"66045","serverid":"eos","formatid":"monotype","userid":"twizz","username":"Twizz","w":17,"l":"11","t":"0","gxe":54.5,"r":"1556.7516194202","rd":"68.350300331058","sigma":"0","rptime":"1440493200","rpr":1534.6351702016,"rprd":63.37605565008,"rpsigma":"0","acre":1123.6173153799,"lacre":1123.6173153799,"oldacre":"1106.0176230252"},"p2rating":{"entryid":456022,"formatid":"monotype","userid":"brnzor","username":"Brnzor","r":1500,"rd":130,"sigma":0,"rpr":1464.6024624419,"rprd":122.27417578673,"rpsigma":0,"rptime":1440493200,"w":0,"l":1,"t":0,"gxe":45.6,"acre":1000,"lacre":1000,"oldacre":1000},"endType":"normal"}