{"seed":[26447,5204,7330,52493],"turns":31,"p1":"Inferno Sasuke","p2":"Emg UnownMaN","p1team":[{"name":"Tornadus-Therian","species":"Tornadus-Therian","item":"assaultvest","ability":"Regenerator","moves":["heatwave","hurricane","aerialace","darkpulse"],"nature":"Mild","evs":{"hp":248,"atk":8,"def":0,"spa":252,"spd":0,"spe":0},"shiny":true,"ivs":{"hp":31,"atk":31,"def":31,"spa":31,"spd":31,"spe":31}},{"name":"Togekiss","species":"Togekiss","item":"choicescarf","ability":"Super Luck","moves":["airslash","dazzlinggleam","hypervoice","flamethrower"],"nature":"Timid","evs":{"hp":0,"atk":0,"def":0,"spa":252,"spd":4,"spe":252},"shiny":true,"ivs":{"hp":31,"atk":31,"def":31,"spa":31,"spd":31,"spe":31}},{"name":"Charizard","species":"Charizard","item":"charizarditey","ability":"Blaze","moves":["solarbeam","flamethrower","airslash","roost"],"nature":"Modest","evs":{"hp":248,"atk":0,"def":0,"spa":252,"spd":8,"spe":0},"shiny":true,"ivs":{"hp":31,"atk":31,"def":31,"spa":31,"spd":31,"spe":31}},{"name":"Gliscor","species":"Gliscor","item":"toxicorb","ability":"Poison Heal","moves":["earthquake","roost","swordsdance","knockoff"],"nature":"Adamant","evs":{"hp":184,"atk":252,"def":0,"spa":0,"spd":0,"spe":72},"shiny":true,"ivs":{"hp":31,"atk":31,"def":31,"spa":31,"spd":31,"spe":31}},{"name":"Mandibuzz","species":"Mandibuzz","item":"rockyhelmet","ability":"Overcoat","moves":["roost","defog","foulplay","heatwave"],"nature":"Bold","evs":{"hp":248,"atk":0,"def":252,"spa":8,"spd":0,"spe":0},"shiny":true,"ivs":{"hp":31,"atk":31,"def":31,"spa":31,"spd":31,"spe":31}},{"name":"Noivern","species":"Noivern","item":"leftovers","ability":"Infiltrator","moves":["hurricane","boomburst","flamethrower","roost"],"nature":"Modest","evs":{"hp":248,"atk":0,"def":0,"spa":252,"spd":8,"spe":0},"shiny":true,"ivs":{"hp":31,"atk":31,"def":31,"spa":31,"spd":31,"spe":31}}],"p2team":[{"name":"Diggersby","species":"Diggersby","item":"focussash","ability":"Huge Power","moves":["return","earthquake","knockoff","firepunch"],"nature":"Adamant","evs":{"hp":0,"atk":252,"def":4,"spa":0,"spd":0,"spe":252},"gender":"M","ivs":{"hp":31,"atk":31,"def":31,"spa":31,"spd":31,"spe":31}},{"name":"Lopunny","species":"Lopunny","item":"lopunnite","ability":"Limber","moves":["fakeout","return","highjumpkick","icepunch"],"nature":"Jolly","evs":{"hp":0,"atk":252,"def":4,"spa":0,"spd":0,"spe":252},"gender":"F","ivs":{"hp":31,"atk":31,"def":31,"spa":31,"spd":31,"spe":31}},{"name":"Smeargle","species":"Smeargle","item":"focussash","ability":"Own Tempo","moves":["spore","stealthrock","stickyweb","endeavor"],"nature":"Jolly","evs":{"hp":0,"atk":252,"def":0,"spa":4,"spd":0,"spe":252},"gender":"M","ivs":{"hp":31,"atk":31,"def":31,"spa":31,"spd":31,"spe":31}},{"name":"Staraptor","species":"Staraptor","item":"choiceband","ability":"Reckless","moves":["bravebird","doubleedge","closecombat","quickattack"],"nature":"Adamant","evs":{"hp":0,"atk":252,"def":4,"spa":0,"spd":0,"spe":252},"gender":"M","shiny":true,"ivs":{"hp":31,"atk":31,"def":31,"spa":31,"spd":31,"spe":31}},{"name":"Chansey","species":"Chansey","item":"eviolite","ability":"Natural Cure","moves":["thunderwave","softboiled","seismictoss","aromatherapy"],"nature":"Bold","evs":{"hp":4,"atk":0,"def":252,"spa":0,"spd":252,"spe":0},"ivs":{"hp":31,"atk":31,"def":31,"spa":31,"spd":31,"spe":31}},{"name":"Slaking","species":"Slaking","item":"choicescarf","ability":"Truant","moves":["gigaimpact","nightslash","playrough","firepunch"],"nature":"Adamant","evs":{"hp":0,"atk":252,"def":4,"spa":0,"spd":0,"spe":252},"gender":"M","ivs":{"hp":31,"atk":31,"def":31,"spa":31,"spd":31,"spe":31}}],"log":["|player|p1|Inferno Sasuke|infernosasuke.png","|player|p2|Emg UnownMaN|1","|gametype|singles","|gen|6","|tier|Monotype","|rated","|rule|Baton Pass Clause: Limit one Baton Passer, can't pass Spe and other stats simultaneously","|rule|Swagger Clause: Swagger is banned","|rule|Same Type Clause: Pokémon in a team must share a type","|clearpoke","|poke|p1|Tornadus-Therian, M, shiny","|poke|p1|Togekiss, M, shiny","|poke|p1|Charizard, F, shiny","|poke|p1|Gliscor, M, shiny","|poke|p1|Mandibuzz, F, shiny","|poke|p1|Noivern, M, shiny","|poke|p2|Diggersby, M","|poke|p2|Lopunny, F","|poke|p2|Smeargle, M","|poke|p2|Staraptor, M, shiny","|poke|p2|Chansey, F","|poke|p2|Slaking, M","|rule|Sleep Clause Mod: Limit one foe put to sleep","|rule|Species Clause: Limit one of each Pokémon","|rule|OHKO Clause: OHKO moves are banned","|rule|Moody Clause: Moody is banned","|rule|Evasion Moves Clause: Evasion moves are banned","|rule|Endless Battle Clause: Forcing endless battles is banned","|rule|HP Percentage Mod: HP is shown in percentages","|teampreview","|","|start","|switch|p1a: Gliscor|Gliscor, M, shiny|337/337","|switch|p2a: Staraptor|Staraptor, M, shiny|311/311","|turn|1","|","|move|p2a: Staraptor|Brave Bird|p1a: Gliscor","|-damage|p1a: Gliscor|0 fnt","|-damage|p2a: Staraptor|200/311|[from] recoil|[of] p1a: Gliscor","|faint|p1a: Gliscor","|","|","|switch|p1a: Mandibuzz|Mandibuzz, F, shiny|423/423","|turn|2","|","|switch|p2a: Chansey|Chansey, F|642/642","|move|p1a: Mandibuzz|Heat Wave|p2a: Chansey","|-damage|p2a: Chansey|618/642","|","|turn|3","|","|switch|p1a: Noivern|Noivern, M, shiny|373/373","|move|p2a: Chansey|Thunder Wave|p1a: Noivern","|-status|p1a: Noivern|par","|","|turn|4","|","|move|p2a: Chansey|Seismic Toss|p1a: Noivern","|-damage|p1a: Noivern|273/373 par","|move|p1a: Noivern|Boomburst|p2a: Chansey","|-damage|p2a: Chansey|540/642","|","|-heal|p1a: Noivern|296/373 par|[from] item: Leftovers","|turn|5","|","|move|p2a: Chansey|Seismic Toss|p1a: Noivern","|-damage|p1a: Noivern|196/373 par","|cant|p1a: Noivern|par","|","|-heal|p1a: Noivern|219/373 par|[from] item: Leftovers","|turn|6","|","|move|p2a: Chansey|Seismic Toss|p1a: Noivern","|-damage|p1a: Noivern|119/373 par","|move|p1a: Noivern|Roost|p1a: Noivern","|-heal|p1a: Noivern|306/373 par","|","|-heal|p1a: Noivern|329/373 par|[from] item: Leftovers","|turn|7","|","|switch|p2a: Lopunny|Lopunny, F|271/271","|move|p1a: Noivern|Flamethrower|p2a: Lopunny","|-damage|p2a: Lopunny|166/271","|-status|p2a: Lopunny|brn","|","|-heal|p1a: Noivern|352/373 par|[from] item: Leftovers","|-damage|p2a: Lopunny|133/271 brn|[from] brn","|turn|8","|","|detailschange|p2a: Lopunny|Lopunny-Mega, F","|-mega|p2a: Lopunny|Lopunny|Lopunnite","|move|p2a: Lopunny|Ice Punch|p1a: Noivern","|-supereffective|p1a: Noivern","|-damage|p1a: Noivern|132/373 par","|move|p1a: Noivern|Hurricane|p2a: Lopunny","|-crit|p2a: Lopunny","|-supereffective|p2a: Lopunny","|-damage|p2a: Lopunny|0 fnt","|faint|p2a: Lopunny","|","|-heal|p1a: Noivern|155/373 par|[from] item: Leftovers","|","|switch|p2a: Smeargle|Smeargle, M|251/251","|turn|9","|","|move|p2a: Smeargle|Stealth Rock|p1a: Noivern","|-sidestart|p1: Inferno Sasuke|move: Stealth Rock","|cant|p1a: Noivern|par","|","|-heal|p1a: Noivern|178/373 par|[from] item: Leftovers","|turn|10","|","|switch|p2a: Slaking|Slaking, M|441/441","|move|p1a: Noivern|Roost|p1a: Noivern","|-heal|p1a: Noivern|365/373 par","|","|-heal|p1a: Noivern|373/373 par|[from] item: Leftovers","|turn|11","|","|move|p2a: Slaking|Play Rough|p1a: Noivern","|-supereffective|p1a: Noivern","|-damage|p1a: Noivern|59/373 par","|move|p1a: Noivern|Flamethrower|p2a: Slaking","|-damage|p2a: Slaking|307/441","|","|-heal|p1a: Noivern|82/373 par|[from] item: Leftovers","|turn|12","|","|cant|p2a: Slaking|ability: Truant|Play Rough","|move|p1a: Noivern|Roost|p1a: Noivern","|-heal|p1a: Noivern|269/373 par","|","|-heal|p1a: Noivern|292/373 par|[from] item: Leftovers","|turn|13","|","|move|p2a: Slaking|Play Rough|p1a: Noivern","|-supereffective|p1a: Noivern","|-damage|p1a: Noivern|0 fnt","|faint|p1a: Noivern","|","|","|switch|p1a: Charizard|Charizard, F, shiny|359/359","|-damage|p1a: Charizard|180/359|[from] Stealth Rock","|turn|14","|","|switch|p2a: Smeargle|Smeargle, M|251/251","|detailschange|p1a: Charizard|Charizard-Mega-Y, F, shiny","|-mega|p1a: Charizard|Charizard|Charizardite Y","|-weather|SunnyDay","|move|p1a: Charizard|Roost|p1a: Charizard","|-heal|p1a: Charizard|359/359","|","|-weather|SunnyDay|[upkeep]","|turn|15","|","|move|p2a: Smeargle|Spore|p1a: Charizard","|-status|p1a: Charizard|slp","|cant|p1a: Charizard|slp","|","|-weather|SunnyDay|[upkeep]","|turn|16","|","|switch|p2a: Diggersby|Diggersby, M|311/311","|switch|p1a: Tornadus-Therian|Tornadus-Therian, M, shiny|361/361","|-damage|p1a: Tornadus-Therian|271/361|[from] Stealth Rock","|","|-weather|SunnyDay|[upkeep]","|turn|17","|","|move|p1a: Tornadus-Therian|Hurricane|p2a: Diggersby|[miss]","|-miss|p1a: Tornadus-Therian|p2a: Diggersby","|move|p2a: Diggersby|Return|p1a: Tornadus-Therian","|-damage|p1a: Tornadus-Therian|0 fnt","|faint|p1a: Tornadus-Therian","|","|-weather|SunnyDay|[upkeep]","|","|switch|p1a: Togekiss|Togekiss, M, shiny|311/311","|-damage|p1a: Togekiss|234/311|[from] Stealth Rock","|turn|18","|","|move|p1a: Togekiss|Flamethrower|p2a: Diggersby","|-damage|p2a: Diggersby|122/311","|-status|p2a: Diggersby|brn","|move|p2a: Diggersby|Return|p1a: Togekiss","|-damage|p1a: Togekiss|118/311","|","|-weather|none","|-damage|p2a: Diggersby|84/311 brn|[from] brn","|turn|19","|","|move|p1a: Togekiss|Flamethrower|p2a: Diggersby","|-crit|p2a: Diggersby","|-damage|p2a: Diggersby|0 fnt","|faint|p2a: Diggersby","|","|","|switch|p2a: Chansey|Chansey, F|540/642","|turn|20","|","|move|p1a: Togekiss|Flamethrower|p2a: Chansey","|-damage|p2a: Chansey|485/642","|move|p2a: Chansey|Thunder Wave|p1a: Togekiss","|-status|p1a: Togekiss|par","|","|turn|21","|","|move|p2a: Chansey|Seismic Toss|p1a: Togekiss","|-damage|p1a: Togekiss|18/311 par","|move|p1a: Togekiss|Flamethrower|p2a: Chansey","|-damage|p2a: Chansey|437/642","|","|turn|22","|","|move|p2a: Chansey|Seismic Toss|p1a: Togekiss","|-damage|p1a: Togekiss|0 fnt","|faint|p1a: Togekiss","|","|","|switch|p1a: Mandibuzz|Mandibuzz, F, shiny|423/423","|-damage|p1a: Mandibuzz|318/423|[from] Stealth Rock","|turn|23","|","|move|p1a: Mandibuzz|Defog|p2a: Chansey","|-unboost|p2a: Chansey|evasion|1","|-sideend|p1: Inferno Sasuke|Stealth Rock|[from] move: Defog|[of] p1a: Mandibuzz","|move|p2a: Chansey|Thunder Wave|p1a: Mandibuzz","|-status|p1a: Mandibuzz|par","|","|turn|24","|","|move|p2a: Chansey|Seismic Toss|p1a: Mandibuzz","|-damage|p1a: Mandibuzz|218/423 par","|-damage|p2a: Chansey|330/642|[from] item: Rocky Helmet|[of] p1a: Mandibuzz","|move|p1a: Mandibuzz|Roost|p1a: Mandibuzz","|-heal|p1a: Mandibuzz|423/423 par","|","|turn|25","|","|move|p2a: Chansey|Soft-Boiled|p2a: Chansey","|-heal|p2a: Chansey|642/642","|move|p1a: Mandibuzz|Foul Play|p2a: Chansey","|-crit|p2a: Chansey","|-damage|p2a: Chansey|603/642","|","|turn|26","|","|switch|p2a: Smeargle|Smeargle, M|251/251","|move|p1a: Mandibuzz|Heat Wave|p2a: Smeargle","|-damage|p2a: Smeargle|164/251","|","|turn|27","|","|move|p2a: Smeargle|Stealth Rock|p1a: Mandibuzz","|-sidestart|p1: Inferno Sasuke|move: Stealth Rock","|move|p1a: Mandibuzz|Heat Wave|p2a: Smeargle","|-miss|p1a: Mandibuzz|p2a: Smeargle","|","|turn|28","|","|move|p2a: Smeargle|Sticky Web|p1a: Mandibuzz","|-sidestart|p1: Inferno Sasuke|move: Sticky Web","|move|p1a: Mandibuzz|Foul Play|p2a: Smeargle","|-damage|p2a: Smeargle|22/251","|","|turn|29","|","|move|p2a: Smeargle|Endeavor|p1a: Mandibuzz","|-damage|p1a: Mandibuzz|22/423 par","|-damage|p2a: Smeargle|0 fnt|[from] item: Rocky Helmet|[of] p1a: Mandibuzz","|faint|p2a: Smeargle","|cant|p1a: Mandibuzz|par","|","|","|switch|p2a: Staraptor|Staraptor, M, shiny|200/311","|turn|30","|","|move|p2a: Staraptor|Brave Bird|p1a: Mandibuzz","|-damage|p1a: Mandibuzz|0 fnt","|-damage|p2a: Staraptor|149/311|[from] item: Rocky Helmet|[of] p1a: Mandibuzz","|-damage|p2a: Staraptor|142/311|[from] recoil|[of] p1a: Mandibuzz","|faint|p1a: Mandibuzz","|","|","|switch|p1a: Charizard|Charizard-Mega-Y, F, shiny|359/359 slp","|-damage|p1a: Charizard|180/359 slp|[from] Stealth Rock","|-weather|SunnyDay","|turn|31","|","|move|p2a: Staraptor|Brave Bird|p1a: Charizard","|-damage|p1a: Charizard|0 fnt","|-damage|p2a: Staraptor|83/311|[from] recoil|[of] p1a: Charizard","|faint|p1a: Charizard","|","|win|Emg UnownMaN"],"p1rating":{"entryid":"45674","serverid":"eos","formatid":"monotype","userid":"infernosasuke","username":"Inferno Sasuke","w":"23","l":46,"t":"0","gxe":35.8,"r":"1400.7762494984","rd":"44.563674269356","sigma":"0","rptime":"1440493200","rpr":1389.3962418325,"rprd":43.925613516156,"rpsigma":"0","acre":1064.6353643853,"lacre":1064.6353643853,"oldacre":"1095.4773778193"},"p2rating":{"entryid":"180774","serverid":"eos","formatid":"monotype","userid":"emgunownman","username":"Emg UnownMaN","w":2,"l":"4","t":"0","gxe":39.9,"r":"1425.990035486","rd":"107.66098924492","sigma":"0","rptime":"1440493200","rpr":1420.1033243794,"rprd":99.223805099799,"rpsigma":"0","acre":1050.7236447803,"lacre":1050.7236447803,"oldacre":"1000"},"endType":"normal"}