{"seed":[55149,7074,41587,31303],"turns":23,"p1":"willwolf","p2":"Knight Miku","p1team":[{"name":"Gyarados","species":"Gyarados","item":"leftovers","ability":"Intimidate","moves":["dragondance","waterfall","earthquake","icefang"],"nature":"Adamant","evs":{"hp":184,"atk":204,"def":32,"spa":0,"spd":44,"spe":44},"ivs":{"hp":31,"atk":31,"def":31,"spa":31,"spd":31,"spe":31}},{"name":"Keldeo","species":"Keldeo","item":"choicespecs","ability":"Justified","moves":["hydropump","icywind","scald","secretsword"],"nature":"Timid","evs":{"hp":0,"atk":0,"def":0,"spa":252,"spd":4,"spe":252},"ivs":{"hp":31,"atk":31,"def":31,"spa":31,"spd":31,"spe":31}},{"name":"Swampert","species":"Swampert","item":"swampertite","ability":"Torrent","moves":["waterfall","earthquake","icepunch","poweruppunch"],"nature":"Adamant","evs":{"hp":252,"atk":188,"def":68,"spa":0,"spd":0,"spe":0},"ivs":{"hp":31,"atk":31,"def":31,"spa":31,"spd":31,"spe":31}},{"name":"Politoed","species":"Politoed","item":"choicescarf","ability":"Drizzle","moves":["scald","icebeam","hydropump","focusblast"],"nature":"Timid","evs":{"hp":0,"atk":0,"def":0,"spa":252,"spd":4,"spe":252},"ivs":{"hp":31,"atk":31,"def":31,"spa":31,"spd":31,"spe":31}},{"name":"Sharpedo","species":"Sharpedo","item":"lifeorb","ability":"Speed Boost","moves":["waterfall","icefang","crunch","protect"],"nature":"Adamant","evs":{"hp":0,"atk":252,"def":0,"spa":0,"spd":4,"spe":252},"ivs":{"hp":31,"atk":31,"def":31,"spa":31,"spd":31,"spe":31}},{"name":"Kingdra","species":"Kingdra","item":"choicespecs","ability":"Swift Swim","moves":["hydropump","dracometeor","icebeam","signalbeam"],"nature":"Modest","evs":{"hp":0,"atk":0,"def":0,"spa":252,"spd":4,"spe":252},"ivs":{"hp":31,"atk":31,"def":31,"spa":31,"spd":31,"spe":31}}],"p2team":[{"name":"Victini","species":"Victini","item":"choicescarf","ability":"Victory Star","moves":["vcreate","boltstrike","uturn","zenheadbutt"],"nature":"Jolly","evs":{"hp":0,"atk":252,"def":0,"spa":0,"spd":4,"spe":252},"ivs":{"hp":31,"atk":31,"def":31,"spa":31,"spd":31,"spe":31}},{"name":"Y U UNBAN!!!!!","species":"gallade","item":"galladite","ability":"Justified","moves":["closecombat","bulkup","shadowsneak","knockoff"],"nature":"Jolly","evs":{"hp":0,"atk":252,"def":0,"spa":0,"spd":4,"spe":252},"ivs":{"hp":31,"atk":31,"def":31,"spa":31,"spd":31,"spe":31}},{"name":"Hoopa-Unbound","species":"Hoopa-Unbound","item":"choicescarf","ability":"Magician","moves":["drainpunch","gunkshot","hyperspacefury","firepunch"],"nature":"Jolly","evs":{"hp":0,"atk":252,"def":0,"spa":0,"spd":4,"spe":252},"ivs":{"hp":31,"atk":31,"def":31,"spa":31,"spd":31,"spe":31}},{"name":"Mew","species":"Mew","item":"leftovers","ability":"Synchronize","moves":["roost","defog","rockslide","willowisp"],"nature":"Careful","evs":{"hp":248,"atk":8,"def":0,"spa":0,"spd":252,"spe":0},"ivs":{"hp":31,"atk":31,"def":31,"spa":31,"spd":31,"spe":31}},{"name":"Slowbro","species":"Slowbro","item":"leftovers","ability":"Regenerator","moves":["scald","grassknot","slackoff","thunderwave"],"nature":"Bold","evs":{"hp":252,"atk":0,"def":252,"spa":4,"spd":0,"spe":0},"ivs":{"hp":31,"atk":31,"def":31,"spa":31,"spd":31,"spe":31}},{"name":"Meloetta","species":"Meloetta","item":"leftovers","ability":"Serene Grace","moves":["dazzlinggleam","calmmind","psyshock","substitute"],"nature":"Calm","evs":{"hp":248,"atk":0,"def":200,"spa":0,"spd":60,"spe":0},"ivs":{"hp":31,"atk":0,"def":31,"spa":31,"spd":31,"spe":31}}],"log":["|player|p1|willwolf|54","|player|p2|Knight Miku|23","|gametype|singles","|gen|6","|tier|Monotype","|rated","|rule|Baton Pass Clause: Limit one Baton Passer, can't pass Spe and other stats simultaneously","|rule|Swagger Clause: Swagger is banned","|rule|Same Type Clause: Pokémon in a team must share a type","|clearpoke","|poke|p1|Gyarados, M","|poke|p1|Keldeo","|poke|p1|Swampert, M","|poke|p1|Politoed, M","|poke|p1|Sharpedo, M","|poke|p1|Kingdra, F","|poke|p2|Victini","|poke|p2|Gallade, M","|poke|p2|Hoopa-Unbound","|poke|p2|Mew","|poke|p2|Slowbro, M","|poke|p2|Meloetta","|rule|Sleep Clause Mod: Limit one foe put to sleep","|rule|Species Clause: Limit one of each Pokémon","|rule|OHKO Clause: OHKO moves are banned","|rule|Moody Clause: Moody is banned","|rule|Evasion Moves Clause: Evasion moves are banned","|rule|Endless Battle Clause: Forcing endless battles is banned","|rule|HP Percentage Mod: HP is shown in percentages","|teampreview","|","|start","|switch|p1a: Politoed|Politoed, M|321/321","|switch|p2a: Mew|Mew|403/403","|-weather|RainDance","|turn|1","|","|switch|p1a: Swampert|Swampert, M|404/404","|switch|p2a: Slowbro|Slowbro, M|394/394","|","|-weather|RainDance|[upkeep]","|turn|2","|","|detailschange|p1a: Swampert|Swampert-Mega, M","|-mega|p1a: Swampert|Swampert|Swampertite","|move|p1a: Swampert|Earthquake|p2a: Slowbro","|-damage|p2a: Slowbro|249/394","|move|p2a: Slowbro|Grass Knot|p1a: Swampert","|-supereffective|p1a: Swampert","|-damage|p1a: Swampert|100/404","|","|-weather|RainDance|[upkeep]","|-heal|p2a: Slowbro|273/394|[from] item: Leftovers","|turn|3","|","|move|p1a: Swampert|Earthquake|p2a: Slowbro","|-crit|p2a: Slowbro","|-damage|p2a: Slowbro|78/394","|move|p2a: Slowbro|Slack Off|p2a: Slowbro","|-heal|p2a: Slowbro|275/394","|","|-weather|RainDance|[upkeep]","|-heal|p2a: Slowbro|299/394|[from] item: Leftovers","|turn|4","|","|move|p1a: Swampert|Earthquake|p2a: Slowbro","|-damage|p2a: Slowbro|158/394","|move|p2a: Slowbro|Grass Knot|p1a: Swampert","|-supereffective|p1a: Swampert","|-damage|p1a: Swampert|0 fnt","|faint|p1a: Swampert","|","|-weather|RainDance|[upkeep]","|-heal|p2a: Slowbro|182/394|[from] item: Leftovers","|","|switch|p1a: Kingdra|Kingdra, F|291/291","|turn|5","|","|move|p1a: Kingdra|Signal Beam|p2a: Slowbro","|-supereffective|p2a: Slowbro","|-damage|p2a: Slowbro|0 fnt","|faint|p2a: Slowbro","|","|-weather|none","|","|switch|p2a: Meloetta|Meloetta|403/403","|turn|6","|","|move|p1a: Kingdra|Signal Beam|p2a: Meloetta","|-supereffective|p2a: Meloetta","|-damage|p2a: Meloetta|249/403","|move|p2a: Meloetta|Calm Mind|p2a: Meloetta","|-boost|p2a: Meloetta|spa|1","|-boost|p2a: Meloetta|spd|1","|","|-heal|p2a: Meloetta|274/403|[from] item: Leftovers","|turn|7","|","|move|p1a: Kingdra|Signal Beam|p2a: Meloetta","|-supereffective|p2a: Meloetta","|-damage|p2a: Meloetta|162/403","|move|p2a: Meloetta|Calm Mind|p2a: Meloetta","|-boost|p2a: Meloetta|spa|1","|-boost|p2a: Meloetta|spd|1","|","|-heal|p2a: Meloetta|187/403|[from] item: Leftovers","|turn|8","|","|switch|p1a: Sharpedo|Sharpedo, M|281/281","|move|p2a: Meloetta|Dazzling Gleam|p1a: Sharpedo","|-supereffective|p1a: Sharpedo","|-damage|p1a: Sharpedo|0 fnt","|faint|p1a: Sharpedo","|","|-heal|p2a: Meloetta|212/403|[from] item: Leftovers","|","|switch|p1a: Keldeo|Keldeo|323/323","|turn|9","|","|move|p1a: Keldeo|Secret Sword|p2a: Meloetta","|-damage|p2a: Meloetta|8/403","|move|p2a: Meloetta|Psyshock|p1a: Keldeo","|-supereffective|p1a: Keldeo","|-damage|p1a: Keldeo|0 fnt","|faint|p1a: Keldeo","|","|-heal|p2a: Meloetta|33/403|[from] item: Leftovers","|","|switch|p1a: Politoed|Politoed, M|321/321","|-weather|RainDance","|turn|10","|","|move|p1a: Politoed|Scald|p2a: Meloetta","|-crit|p2a: Meloetta","|-damage|p2a: Meloetta|0 fnt","|faint|p2a: Meloetta","|","|-weather|RainDance|[upkeep]","|","|switch|p2a: Victini|Victini|341/341","|turn|11","|","|move|p2a: Victini|U-turn|p1a: Politoed","|-damage|p1a: Politoed|232/321","|","|switch|p2a: Mew|Mew|403/403","|move|p1a: Politoed|Scald|p2a: Mew","|-damage|p2a: Mew|279/403","|","|-weather|RainDance|[upkeep]","|-heal|p2a: Mew|304/403|[from] item: Leftovers","|turn|12","|","|switch|p1a: Gyarados|Gyarados, M|377/377","|-ability|p1a: Gyarados|Intimidate","|-unboost|p2a: Mew|atk|1","|move|p2a: Mew|Will-O-Wisp|p1a: Gyarados","|-status|p1a: Gyarados|brn","|","|-weather|RainDance|[upkeep]","|-heal|p2a: Mew|329/403|[from] item: Leftovers","|-damage|p1a: Gyarados|330/377 brn|[from] brn","|turn|13","|","|switch|p1a: Kingdra|Kingdra, F|291/291","|move|p2a: Mew|Rock Slide|p1a: Kingdra","|-crit|p1a: Kingdra","|-damage|p1a: Kingdra|198/291","|","|-weather|RainDance|[upkeep]","|-heal|p2a: Mew|354/403|[from] item: Leftovers","|turn|14","|","|move|p1a: Kingdra|Hydro Pump|p2a: Mew","|-damage|p2a: Mew|71/403","|move|p2a: Mew|Will-O-Wisp|p1a: Kingdra","|-status|p1a: Kingdra|brn","|","|-weather|none","|-heal|p2a: Mew|96/403|[from] item: Leftovers","|-damage|p1a: Kingdra|162/291 brn|[from] brn","|turn|15","|","|move|p1a: Kingdra|Hydro Pump|p2a: Mew","|-damage|p2a: Mew|0 fnt","|faint|p2a: Mew","|","|-damage|p1a: Kingdra|126/291 brn|[from] brn","|","|switch|p2a: Y U UNBAN!!!!!|Gallade, M|277/277","|turn|16","|","|switch|p1a: Gyarados|Gyarados, M|330/377 brn","|-ability|p1a: Gyarados|Intimidate","|-unboost|p2a: Y U UNBAN!!!!!|atk|1","|detailschange|p2a: Y U UNBAN!!!!!|Gallade-Mega, M","|-mega|p2a: Y U UNBAN!!!!!|Gallade|Galladite","|move|p2a: Y U UNBAN!!!!!|Shadow Sneak|p1a: Gyarados","|-damage|p1a: Gyarados|283/377 brn","|","|-heal|p1a: Gyarados|306/377 brn|[from] item: Leftovers","|-damage|p1a: Gyarados|259/377 brn|[from] brn","|turn|17","|","|move|p2a: Y U UNBAN!!!!!|Bulk Up|p2a: Y U UNBAN!!!!!","|-boost|p2a: Y U UNBAN!!!!!|atk|1","|-boost|p2a: Y U UNBAN!!!!!|def|1","|move|p1a: Gyarados|Waterfall|p2a: Y U UNBAN!!!!!","|-damage|p2a: Y U UNBAN!!!!!|227/277","|","|-heal|p1a: Gyarados|282/377 brn|[from] item: Leftovers","|-damage|p1a: Gyarados|235/377 brn|[from] brn","|turn|18","|","|move|p2a: Y U UNBAN!!!!!|Bulk Up|p2a: Y U UNBAN!!!!!","|-boost|p2a: Y U UNBAN!!!!!|atk|1","|-boost|p2a: Y U UNBAN!!!!!|def|1","|move|p1a: Gyarados|Waterfall|p2a: Y U UNBAN!!!!!","|-crit|p2a: Y U UNBAN!!!!!","|-damage|p2a: Y U UNBAN!!!!!|116/277","|","|-heal|p1a: Gyarados|258/377 brn|[from] item: Leftovers","|-damage|p1a: Gyarados|211/377 brn|[from] brn","|turn|19","|","|move|p2a: Y U UNBAN!!!!!|Shadow Sneak|p1a: Gyarados","|-damage|p1a: Gyarados|116/377 brn","|move|p1a: Gyarados|Waterfall|p2a: Y U UNBAN!!!!!","|-damage|p2a: Y U UNBAN!!!!!|80/277","|","|-heal|p1a: Gyarados|139/377 brn|[from] item: Leftovers","|-damage|p1a: Gyarados|92/377 brn|[from] brn","|turn|20","|","|move|p2a: Y U UNBAN!!!!!|Bulk Up|p2a: Y U UNBAN!!!!!","|-boost|p2a: Y U UNBAN!!!!!|atk|1","|-boost|p2a: Y U UNBAN!!!!!|def|1","|move|p1a: Gyarados|Waterfall|p2a: Y U UNBAN!!!!!","|-crit|p2a: Y U UNBAN!!!!!","|-damage|p2a: Y U UNBAN!!!!!|0 fnt","|faint|p2a: Y U UNBAN!!!!!","|","|-heal|p1a: Gyarados|115/377 brn|[from] item: Leftovers","|-damage|p1a: Gyarados|68/377 brn|[from] brn","|","|switch|p2a: Victini|Victini|341/341","|turn|21","|","|move|p2a: Victini|Bolt Strike|p1a: Gyarados","|-supereffective|p1a: Gyarados","|-damage|p1a: Gyarados|0 fnt","|faint|p1a: Gyarados","|","|","|switch|p1a: Politoed|Politoed, M|232/321","|-weather|RainDance","|turn|22","|","|move|p2a: Victini|Bolt Strike|p1a: Politoed","|-supereffective|p1a: Politoed","|-damage|p1a: Politoed|0 fnt","|faint|p1a: Politoed","|","|-weather|RainDance|[upkeep]","|","|switch|p1a: Kingdra|Kingdra, F|126/291 brn","|turn|23","|","|move|p1a: Kingdra|Hydro Pump|p2a: Victini|[miss]","|-miss|p1a: Kingdra|p2a: Victini","|move|p2a: Victini|Bolt Strike|p1a: Kingdra","|-damage|p1a: Kingdra|0 fnt","|faint|p1a: Kingdra","|","|win|Knight Miku"],"p1rating":{"entryid":"414338","serverid":"eos","formatid":"monotype","userid":"willwolf","username":"willwolf","w":"7","l":11,"t":"0","gxe":42.7,"r":"1500","rd":"130","sigma":"0","rptime":"1440406800","rpr":1443.7385057718,"rprd":72.669969459692,"rpsigma":"0","acre":1073.5014309815,"lacre":1073.5014309815,"oldacre":"1097.9811327612"},"p2rating":{"entryid":"161090","serverid":"eos","formatid":"monotype","userid":"knightmiku","username":"Knight Miku","w":11,"l":"8","t":"0","gxe":58.2,"r":"1567.2757242801","rd":"74.910073386498","sigma":"0","rptime":"1440406800","rpr":1563.5638912017,"rprd":71.949795449339,"rpsigma":"0","acre":1125.8203818874,"lacre":1125.8203818874,"oldacre":"1101.0405165579"},"endType":"normal"}