{"seed":[15616,22986,7308,48661],"turns":26,"p1":"BagelBeagle","p2":"Vodoom","p1team":[{"name":"Venusaur","species":"Venusaur","item":"venusaurite","ability":"Overgrow","moves":["gigadrain","sleeppowder","sludgebomb","synthesis"],"nature":"Modest","evs":{"hp":248,"atk":0,"def":0,"spa":252,"spd":8,"spe":0},"ivs":{"hp":31,"atk":31,"def":31,"spa":31,"spd":31,"spe":31}},{"name":"Serperior","species":"Serperior","item":"lifeorb","ability":"Contrary","moves":["dragonpulse","leafstorm","hiddenpowerrock","hyperbeam"],"nature":"Timid","evs":{"hp":0,"atk":0,"def":0,"spa":252,"spd":4,"spe":252},"ivs":{"hp":31,"atk":31,"def":30,"spa":31,"spd":30,"spe":30}},{"name":"Breloom","species":"Breloom","item":"toxicorb","ability":"Poison Heal","moves":["substitute","spore","focuspunch","seedbomb"],"nature":"Impish","evs":{"hp":248,"atk":8,"def":252,"spa":0,"spd":0,"spe":0},"ivs":{"hp":31,"atk":31,"def":31,"spa":31,"spd":31,"spe":31}},{"name":"Whimsicott","species":"Whimsicott","item":"flameorb","ability":"Prankster","moves":["moonblast","cottonguard","switcheroo","cottonspore"],"nature":"Calm","evs":{"hp":248,"atk":0,"def":0,"spa":8,"spd":252,"spe":0},"ivs":{"hp":31,"atk":31,"def":31,"spa":31,"spd":31,"spe":31}},{"name":"Rotom-Mow","species":"Rotom-Mow","item":"choicescarf","ability":"Levitate","moves":["voltswitch","trick","discharge","leafstorm"],"nature":"Timid","evs":{"hp":0,"atk":0,"def":0,"spa":252,"spd":4,"spe":252},"ivs":{"hp":31,"atk":31,"def":31,"spa":31,"spd":31,"spe":31}},{"name":"Cacturne","species":"Cacturne","item":"lifeorb","ability":"Water Absorb","moves":["drainpunch","seedbomb","swordsdance","suckerpunch"],"nature":"Adamant","evs":{"hp":248,"atk":252,"def":0,"spa":0,"spd":8,"spe":0},"ivs":{"hp":31,"atk":31,"def":31,"spa":31,"spd":31,"spe":31}}],"p2team":[{"name":"バンギラス","species":"tyranitar","item":"assaultvest","ability":"Sand Stream","moves":["earthquake","darkpulse","ancientpower","flamethrower"],"nature":"Quiet","evs":{"hp":248,"atk":8,"def":0,"spa":252,"spd":0,"spe":0},"shiny":true,"ivs":{"hp":31,"atk":31,"def":31,"spa":31,"spd":31,"spe":31}},{"name":"テラキオン","species":"terrakion","item":"choicescarf","ability":"Justified","moves":["closecombat","earthquake","rockslide","quickattack"],"nature":"Jolly","evs":{"hp":0,"atk":252,"def":0,"spa":0,"spd":4,"spe":252},"shiny":true,"ivs":{"hp":31,"atk":31,"def":31,"spa":31,"spd":31,"spe":31}},{"name":"ボスゴドラ","species":"aggron","item":"aggronite","ability":"Sturdy","moves":["metalburst","firepunch","rest","earthquake"],"nature":"Impish","evs":{"hp":248,"atk":0,"def":252,"spa":0,"spd":8,"spe":0},"shiny":true,"ivs":{"hp":31,"atk":31,"def":31,"spa":31,"spd":31,"spe":31}},{"name":"リリーラ","species":"lileep","item":"eviolite","ability":"Storm Drain","moves":["recover","toxic","infestation","gigadrain"],"nature":"Calm","evs":{"hp":252,"atk":0,"def":0,"spa":4,"spd":252,"spe":0},"shiny":true,"ivs":{"hp":31,"atk":31,"def":31,"spa":31,"spd":31,"spe":31}},{"name":"ディアンシー","species":"diancie","item":"diancite","ability":"Clear Body","moves":["protect","earthpower","diamondstorm","moonblast"],"nature":"Hasty","evs":{"hp":0,"atk":4,"def":0,"spa":252,"spd":0,"spe":252},"shiny":true,"ivs":{"hp":31,"atk":31,"def":31,"spa":31,"spd":31,"spe":31}},{"name":"アマルルガ","species":"aurorus","item":"choicescarf","ability":"Refrigerate","moves":["freezedry","hypervoice","earthpower","ancientpower"],"nature":"Timid","evs":{"hp":0,"atk":0,"def":0,"spa":252,"spd":4,"spe":252},"shiny":true,"ivs":{"hp":31,"atk":31,"def":31,"spa":31,"spd":31,"spe":31}}],"log":["|player|p1|BagelBeagle|52","|player|p2|Vodoom|vodoom.png","|gametype|singles","|gen|6","|tier|Monotype","|rated","|rule|Baton Pass Clause: Limit one Baton Passer, can't pass Spe and other stats simultaneously","|rule|Swagger Clause: Swagger is banned","|rule|Same Type Clause: Pokémon in a team must share a type","|clearpoke","|poke|p1|Venusaur, F","|poke|p1|Serperior, M","|poke|p1|Breloom, F","|poke|p1|Whimsicott, M","|poke|p1|Rotom-Mow","|poke|p1|Cacturne, M","|poke|p2|Tyranitar, M, shiny","|poke|p2|Terrakion, shiny","|poke|p2|Aggron, F, shiny","|poke|p2|Lileep, M, shiny","|poke|p2|Diancie, shiny","|poke|p2|Aurorus, M, shiny","|rule|Sleep Clause Mod: Limit one foe put to sleep","|rule|Species Clause: Limit one of each Pokémon","|rule|OHKO Clause: OHKO moves are banned","|rule|Moody Clause: Moody is banned","|rule|Evasion Moves Clause: Evasion moves are banned","|rule|Endless Battle Clause: Forcing endless battles is banned","|rule|HP Percentage Mod: HP is shown in percentages","|teampreview","|","|start","|switch|p1a: Whimsicott|Whimsicott, M|323/323","|switch|p2a: リリーラ|Lileep, M, shiny|336/336","|turn|1","|","|move|p1a: Whimsicott|Switcheroo|p2a: リリーラ","|-activate|p1a: Whimsicott|move: Trick|[of] p2a: リリーラ","|-item|p2a: リリーラ|Flame Orb|[from] Trick","|-item|p1a: Whimsicott|Eviolite|[from] Trick","|move|p2a: リリーラ|Toxic|p1a: Whimsicott","|-status|p1a: Whimsicott|tox","|","|-damage|p1a: Whimsicott|303/323 tox|[from] psn","|-status|p2a: リリーラ|brn|[from] item: Flame Orb","|turn|2","|","|switch|p1a: Breloom|Breloom, F|323/323","|switch|p2a: ディアンシー|Diancie, shiny|241/241","|","|-status|p1a: Breloom|tox|[from] item: Toxic Orb","|turn|3","|","|switch|p1a: Venusaur|Venusaur, F|363/363","|detailschange|p2a: ディアンシー|Diancie-Mega, shiny","|-mega|p2a: ディアンシー|Diancie|Diancite","|move|p2a: ディアンシー|Protect|p2a: ディアンシー","|-fail|p2a: ディアンシー","|","|turn|4","|","|switch|p2a: リリーラ|Lileep, M, shiny|336/336 brn","|detailschange|p1a: Venusaur|Venusaur-Mega, F","|-mega|p1a: Venusaur|Venusaur|Venusaurite","|move|p1a: Venusaur|Giga Drain|p2a: リリーラ","|-crit|p2a: リリーラ","|-damage|p2a: リリーラ|177/336 brn","|","|-damage|p2a: リリーラ|135/336 brn|[from] brn","|turn|5","|","|move|p1a: Venusaur|Sludge Bomb|p2a: リリーラ","|-damage|p2a: リリーラ|0 fnt","|faint|p2a: リリーラ","|","|","|switch|p2a: バンギラス|Tyranitar, M, shiny|403/403","|-weather|Sandstorm","|turn|6","|","|move|p1a: Venusaur|Giga Drain|p2a: バンギラス","|-supereffective|p2a: バンギラス","|-damage|p2a: バンギラス|281/403","|move|p2a: バンギラス|Dark Pulse|p1a: Venusaur","|-damage|p1a: Venusaur|263/363","|","|-weather|Sandstorm|[upkeep]","|-damage|p1a: Venusaur|241/363|[from] sandstorm","|turn|7","|","|move|p1a: Venusaur|Sleep Powder|p2a: バンギラス","|-status|p2a: バンギラス|slp","|cant|p2a: バンギラス|slp","|","|-weather|Sandstorm|[upkeep]","|-damage|p1a: Venusaur|219/363|[from] sandstorm","|turn|8","|","|switch|p1a: Breloom|Breloom, F|323/323 tox","|switch|p2a: アマルルガ|Aurorus, M, shiny|387/387","|","|-weather|Sandstorm|[upkeep]","|-damage|p1a: Breloom|303/323 tox|[from] sandstorm","|-heal|p1a: Breloom|323/323 tox|[from] ability: Poison Heal","|turn|9","|","|switch|p2a: ディアンシー|Diancie-Mega, shiny|241/241","|move|p1a: Breloom|Substitute|p1a: Breloom","|-start|p1a: Breloom|Substitute","|-damage|p1a: Breloom|243/323 tox","|","|-weather|Sandstorm|[upkeep]","|-damage|p1a: Breloom|223/323 tox|[from] sandstorm","|-heal|p1a: Breloom|263/323 tox|[from] ability: Poison Heal","|turn|10","|","|switch|p2a: アマルルガ|Aurorus, M, shiny|387/387","|move|p1a: Breloom|Seed Bomb|p2a: アマルルガ","|-supereffective|p2a: アマルルガ","|-damage|p2a: アマルルガ|81/387","|","|-weather|none","|-heal|p1a: Breloom|303/323 tox|[from] ability: Poison Heal","|turn|11","|","|-singleturn|p1a: Breloom|move: Focus Punch","|move|p2a: アマルルガ|Hyper Voice|p1a: Breloom","|-supereffective|p1a: Breloom","|-damage|p1a: Breloom|0 fnt","|faint|p1a: Breloom","|","|","|switch|p1a: Serperior|Serperior, M|291/291","|turn|12","|","|move|p1a: Serperior|Hidden Power|p2a: アマルルガ","|-supereffective|p2a: アマルルガ","|-damage|p2a: アマルルガ|0 fnt","|-damage|p1a: Serperior|262/291|[from] item: Life Orb","|faint|p2a: アマルルガ","|","|","|switch|p2a: バンギラス|Tyranitar, M, shiny|281/403 slp","|-weather|Sandstorm","|turn|13","|","|move|p1a: Serperior|Leaf Storm|p2a: バンギラス","|-crit|p2a: バンギラス","|-supereffective|p2a: バンギラス","|-damage|p2a: バンギラス|0 fnt","|-boost|p1a: Serperior|spa|2","|-damage|p1a: Serperior|233/291|[from] item: Life Orb","|faint|p2a: バンギラス","|","|-weather|Sandstorm|[upkeep]","|-damage|p1a: Serperior|215/291|[from] sandstorm","|","|switch|p2a: ディアンシー|Diancie-Mega, shiny|241/241","|turn|14","|","|move|p2a: ディアンシー|Protect|p2a: ディアンシー","|-singleturn|p2a: ディアンシー|Protect","|move|p1a: Serperior|Leaf Storm|p2a: ディアンシー","|-activate|p2a: ディアンシー|Protect","|","|-weather|Sandstorm|[upkeep]","|-damage|p1a: Serperior|197/291|[from] sandstorm","|turn|15","|","|move|p1a: Serperior|Leaf Storm|p2a: ディアンシー","|-supereffective|p2a: ディアンシー","|-damage|p2a: ディアンシー|0 fnt","|-boost|p1a: Serperior|spa|2","|-damage|p1a: Serperior|168/291|[from] item: Life Orb","|faint|p2a: ディアンシー","|","|-weather|Sandstorm|[upkeep]","|-damage|p1a: Serperior|150/291|[from] sandstorm","|","|switch|p2a: テラキオン|Terrakion, shiny|323/323","|turn|16","|","|move|p2a: テラキオン|Close Combat|p1a: Serperior","|-crit|p1a: Serperior","|-damage|p1a: Serperior|0 fnt","|-unboost|p2a: テラキオン|def|1","|-unboost|p2a: テラキオン|spd|1","|faint|p1a: Serperior","|","|-weather|Sandstorm|[upkeep]","|","|switch|p1a: Whimsicott|Whimsicott, M|303/323 tox","|turn|17","|","|switch|p2a: ボスゴドラ|Aggron, F, shiny|343/343","|move|p1a: Whimsicott|Cotton Spore|p2a: ボスゴドラ","|-unboost|p2a: ボスゴドラ|spe|2","|","|-weather|none","|-damage|p1a: Whimsicott|283/323 tox|[from] psn","|turn|18","|","|switch|p1a: Cacturne|Cacturne, M|343/343","|move|p2a: ボスゴドラ|Fire Punch|p1a: Cacturne","|-supereffective|p1a: Cacturne","|-damage|p1a: Cacturne|137/343","|-status|p1a: Cacturne|brn","|","|-damage|p1a: Cacturne|95/343 brn|[from] brn","|turn|19","|","|move|p1a: Cacturne|Drain Punch|p2a: ボスゴドラ","|-supereffective|p2a: ボスゴドラ","|-damage|p2a: ボスゴドラ|221/343","|-heal|p1a: Cacturne|156/343 brn|[from] drain|[of] p2a: ボスゴドラ","|-damage|p1a: Cacturne|122/343 brn|[from] item: Life Orb","|move|p2a: ボスゴドラ|Fire Punch|p1a: Cacturne","|-supereffective|p1a: Cacturne","|-damage|p1a: Cacturne|0 fnt","|faint|p1a: Cacturne","|","|","|switch|p1a: Venusaur|Venusaur-Mega, F|219/363","|turn|20","|","|move|p1a: Venusaur|Giga Drain|p2a: ボスゴドラ","|-damage|p2a: ボスゴドラ|28/343","|-heal|p1a: Venusaur|316/363|[from] drain|[of] p2a: ボスゴドラ","|move|p2a: ボスゴドラ|Metal Burst|p1a: Venusaur","|-damage|p1a: Venusaur|27/363","|","|turn|21","|","|move|p1a: Venusaur|Giga Drain|p2a: ボスゴドラ","|-damage|p2a: ボスゴドラ|0 fnt","|-heal|p1a: Venusaur|41/363|[from] drain|[of] p2a: ボスゴドラ","|faint|p2a: ボスゴドラ","|","|","|switch|p2a: テラキオン|Terrakion, shiny|323/323","|turn|22","|","|move|p2a: テラキオン|Rock Slide|p1a: Venusaur","|-damage|p1a: Venusaur|0 fnt","|faint|p1a: Venusaur","|","|","|switch|p1a: Whimsicott|Whimsicott, M|283/323 tox","|turn|23","|","|move|p1a: Whimsicott|Cotton Spore|p2a: テラキオン","|-unboost|p2a: テラキオン|spe|2","|move|p2a: テラキオン|Rock Slide|p1a: Whimsicott","|-miss|p2a: テラキオン|p1a: Whimsicott","|","|-damage|p1a: Whimsicott|263/323 tox|[from] psn","|turn|24","|","|move|p1a: Whimsicott|Cotton Guard|p1a: Whimsicott","|-boost|p1a: Whimsicott|def|3","|move|p2a: テラキオン|Rock Slide|p1a: Whimsicott","|-damage|p1a: Whimsicott|203/323 tox","|","|-damage|p1a: Whimsicott|163/323 tox|[from] psn","|turn|25","|","|move|p1a: Whimsicott|Moonblast|p2a: テラキオン","|-supereffective|p2a: テラキオン","|-damage|p2a: テラキオン|123/323","|move|p2a: テラキオン|Rock Slide|p1a: Whimsicott","|-damage|p1a: Whimsicott|96/323 tox","|","|-damage|p1a: Whimsicott|36/323 tox|[from] psn","|turn|26","|","|move|p1a: Whimsicott|Moonblast|p2a: テラキオン","|-supereffective|p2a: テラキオン","|-damage|p2a: テラキオン|0 fnt","|faint|p2a: テラキオン","|","|win|BagelBeagle"],"p1rating":{"entryid":"162238","serverid":"eos","formatid":"monotype","userid":"bagelbeagle","username":"BagelBeagle","w":8,"l":"9","t":"0","gxe":49.2,"r":"1458.3326098704","rd":"78.246056360647","sigma":"0","rptime":"1440493200","rpr":1493.5966602191,"rprd":74.835011693108,"rpsigma":"0","acre":1123.0039728231,"lacre":1123.0039728231,"oldacre":"1096.4226853511"},"p2rating":{"entryid":"114353","serverid":"eos","formatid":"monotype","userid":"vodoom","username":"Vodoom","w":"8","l":7,"t":"0","gxe":51.9,"r":"1532.2451718424","rd":"96.281534311073","sigma":"0","rptime":"1440493200","rpr":1515.0106580662,"rprd":77.338538886981,"rpsigma":"0","acre":1084.621311811,"lacre":1084.621311811,"oldacre":"1110.6440501447"},"endType":"normal"}