{"seed":[65223,56880,51001,35212],"turns":24,"p1":"ApexProf🔰Final","p2":"fasrel","p1team":[{"name":"Drapion","species":"Drapion","item":"blacksludge","ability":"Battle Armor","moves":["earthquake","icefang","knockoff","swordsdance"],"nature":"Adamant","evs":{"hp":248,"atk":252,"def":0,"spa":0,"spd":8,"spe":0},"ivs":{"hp":31,"atk":31,"def":31,"spa":31,"spd":31,"spe":31}},{"name":"Skuntank","species":"Skuntank","item":"blacksludge","ability":"Aftermath","moves":["pursuit","taunt","suckerpunch","flamethrower"],"nature":"Naughty","evs":{"hp":128,"atk":252,"def":0,"spa":128,"spd":0,"spe":0},"ivs":{"hp":31,"atk":31,"def":31,"spa":31,"spd":31,"spe":31}},{"name":"Gengar","species":"Gengar","item":"lifeorb","ability":"Levitate","moves":["gigadrain","hiddenpowerfire","shadowball","sludgebomb"],"nature":"Timid","evs":{"hp":0,"atk":0,"def":0,"spa":252,"spd":4,"spe":252},"ivs":{"hp":31,"atk":30,"def":31,"spa":30,"spd":31,"spe":30}},{"name":"Crobat","species":"Crobat","item":"choiceband","ability":"Infiltrator","moves":["bravebird","defog","crosspoison","uturn"],"nature":"Jolly","evs":{"hp":0,"atk":252,"def":0,"spa":0,"spd":4,"spe":252},"ivs":{"hp":31,"atk":31,"def":31,"spa":31,"spd":31,"spe":31}},{"name":"Venusaur","species":"Venusaur","item":"venusaurite","ability":"Overgrow","moves":["hiddenpowerfire","synthesis","sludgebomb","gigadrain"],"nature":"Modest","evs":{"hp":248,"atk":0,"def":0,"spa":252,"spd":8,"spe":0},"ivs":{"hp":31,"atk":30,"def":31,"spa":30,"spd":31,"spe":30}},{"name":"Tentacruel","species":"Tentacruel","item":"blacksludge","ability":"Liquid Ooze","moves":["rapidspin","acidspray","scald","toxicspikes"],"nature":"Timid","evs":{"hp":0,"atk":0,"def":0,"spa":252,"spd":4,"spe":252},"ivs":{"hp":31,"atk":31,"def":31,"spa":31,"spd":31,"spe":31}}],"p2team":[{"name":"Ambipom","species":"Ambipom","item":"choiceband","ability":"Technician","moves":["fakeout","retaliate","aerialace","switcheroo"],"nature":"Jolly","evs":{"hp":0,"atk":252,"def":0,"spa":0,"spd":4,"spe":252},"ivs":{"hp":31,"atk":31,"def":31,"spa":31,"spd":31,"spe":31}},{"name":"Blissey","species":"Blissey","item":"leftovers","ability":"Serene Grace","moves":["healbell","softboiled","icebeam","stealthrock"],"nature":"Bold","evs":{"hp":252,"atk":0,"def":252,"spa":4,"spd":0,"spe":0},"ivs":{"hp":31,"atk":31,"def":31,"spa":31,"spd":31,"spe":31}},{"name":"Ditto","species":"Ditto","item":"choicescarf","ability":"Imposter","moves":["transform"],"nature":"","evs":{"hp":0,"atk":0,"def":0,"spa":0,"spd":0,"spe":0},"ivs":{"hp":31,"atk":31,"def":31,"spa":31,"spd":31,"spe":31}},{"name":"Diggersby","species":"Diggersby","item":"leftovers","ability":"Huge Power","moves":["agility","quickattack","return","earthquake"],"nature":"Adamant","evs":{"hp":252,"atk":252,"def":0,"spa":0,"spd":0,"spe":4},"ivs":{"hp":31,"atk":31,"def":31,"spa":31,"spd":31,"spe":31}},{"name":"Porygon2","species":"Porygon2","item":"eviolite","ability":"Trace","moves":["foulplay","thunderwave","painsplit","recover"],"nature":"Bold","evs":{"hp":248,"atk":0,"def":140,"spa":0,"spd":120,"spe":0},"ivs":{"hp":31,"atk":31,"def":31,"spa":31,"spd":31,"spe":31}},{"name":"Audino","species":"Audino","item":"leftovers","ability":"Regenerator","moves":["wish","amnesia","lastresort","knockoff"],"nature":"Careful","evs":{"hp":252,"atk":4,"def":208,"spa":0,"spd":44,"spe":0},"ivs":{"hp":31,"atk":31,"def":31,"spa":31,"spd":31,"spe":31}}],"log":["|player|p1|ApexProf🔰Final|238","|player|p2|fasrel|121","|gametype|singles","|gen|6","|tier|Monotype","|rated","|rule|Baton Pass Clause: Limit one Baton Passer, can't pass Spe and other stats simultaneously","|rule|Swagger Clause: Swagger is banned","|rule|Same Type Clause: Pokémon in a team must share a type","|clearpoke","|poke|p1|Drapion, M","|poke|p1|Skuntank, M","|poke|p1|Gengar, F","|poke|p1|Crobat, M","|poke|p1|Venusaur, F","|poke|p1|Tentacruel, M","|poke|p2|Ambipom, F","|poke|p2|Blissey, F","|poke|p2|Ditto","|poke|p2|Diggersby, M","|poke|p2|Porygon2","|poke|p2|Audino, M","|rule|Sleep Clause Mod: Limit one foe put to sleep","|rule|Species Clause: Limit one of each Pokémon","|rule|OHKO Clause: OHKO moves are banned","|rule|Moody Clause: Moody is banned","|rule|Evasion Moves Clause: Evasion moves are banned","|rule|Endless Battle Clause: Forcing endless battles is banned","|rule|HP Percentage Mod: HP is shown in percentages","|teampreview","|","|start","|switch|p1a: Gengar|Gengar, F|261/261","|switch|p2a: Blissey|Blissey, F|714/714","|turn|1","|","|move|p1a: Gengar|Sludge Bomb|p2a: Blissey","|-damage|p2a: Blissey|562/714","|-damage|p1a: Gengar|235/261|[from] item: Life Orb","|move|p2a: Blissey|Stealth Rock|p1a: Gengar","|-sidestart|p1: ApexProf🔰Final|move: Stealth Rock","|","|-heal|p2a: Blissey|606/714|[from] item: Leftovers","|turn|2","|","|switch|p1a: Tentacruel|Tentacruel, M|301/301","|-damage|p1a: Tentacruel|264/301|[from] Stealth Rock","|move|p2a: Blissey|Ice Beam|p1a: Tentacruel","|-resisted|p1a: Tentacruel","|-damage|p1a: Tentacruel|242/301","|","|-heal|p1a: Tentacruel|260/301|[from] item: Black Sludge","|-heal|p2a: Blissey|650/714|[from] item: Leftovers","|turn|3","|","|switch|p2a: Audino|Audino, M|410/410","|move|p1a: Tentacruel|Acid Spray|p2a: Audino","|-damage|p2a: Audino|359/410","|-unboost|p2a: Audino|spd|2","|","|-heal|p1a: Tentacruel|278/301|[from] item: Black Sludge","|-heal|p2a: Audino|384/410|[from] item: Leftovers","|turn|4","|","|move|p1a: Tentacruel|Scald|p2a: Audino","|-crit|p2a: Audino","|-damage|p2a: Audino|92/410","|-status|p2a: Audino|brn","|move|p2a: Audino|Amnesia|p2a: Audino","|-boost|p2a: Audino|spd|2","|","|-heal|p1a: Tentacruel|296/301|[from] item: Black Sludge","|-heal|p2a: Audino|117/410 brn|[from] item: Leftovers","|-damage|p2a: Audino|66/410 brn|[from] brn","|turn|5","|","|switch|p2a: Blissey|Blissey, F|650/714","|move|p1a: Tentacruel|Rapid Spin|p2a: Blissey","|-damage|p2a: Blissey|632/714","|-sideend|p1: ApexProf🔰Final|Stealth Rock|[from] move: Rapid Spin|[of] p1a: Tentacruel","|","|-heal|p1a: Tentacruel|301/301|[from] item: Black Sludge","|-heal|p2a: Blissey|676/714|[from] item: Leftovers","|turn|6","|","|move|p1a: Tentacruel|Toxic Spikes|p2a: Blissey","|-sidestart|p2: fasrel|move: Toxic Spikes","|move|p2a: Blissey|Heal Bell|p2a: Blissey","|-cureteam|p2a: Blissey|[from] move: HealBell","|","|-heal|p2a: Blissey|714/714|[from] item: Leftovers","|turn|7","|","|move|p1a: Tentacruel|Toxic Spikes|p2a: Blissey","|-sidestart|p2: fasrel|move: Toxic Spikes","|move|p2a: Blissey|Stealth Rock|p1a: Tentacruel","|-sidestart|p1: ApexProf🔰Final|move: Stealth Rock","|","|turn|8","|","|move|p1a: Tentacruel|Rapid Spin|p2a: Blissey","|-damage|p2a: Blissey|693/714","|-sideend|p1: ApexProf🔰Final|Stealth Rock|[from] move: Rapid Spin|[of] p1a: Tentacruel","|move|p2a: Blissey|Ice Beam|p1a: Tentacruel","|-resisted|p1a: Tentacruel","|-damage|p1a: Tentacruel|279/301","|","|-heal|p1a: Tentacruel|297/301|[from] item: Black Sludge","|-heal|p2a: Blissey|714/714|[from] item: Leftovers","|turn|9","|","|move|p1a: Tentacruel|Acid Spray|p2a: Blissey","|-damage|p2a: Blissey|672/714","|-unboost|p2a: Blissey|spd|2","|move|p2a: Blissey|Stealth Rock|p1a: Tentacruel","|-sidestart|p1: ApexProf🔰Final|move: Stealth Rock","|","|-heal|p1a: Tentacruel|301/301|[from] item: Black Sludge","|-heal|p2a: Blissey|714/714|[from] item: Leftovers","|turn|10","|","|move|p1a: Tentacruel|Scald|p2a: Blissey","|-damage|p2a: Blissey|560/714","|move|p2a: Blissey|Ice Beam|p1a: Tentacruel","|-resisted|p1a: Tentacruel","|-damage|p1a: Tentacruel|277/301","|","|-heal|p1a: Tentacruel|295/301|[from] item: Black Sludge","|-heal|p2a: Blissey|604/714|[from] item: Leftovers","|turn|11","|","|move|p1a: Tentacruel|Acid Spray|p2a: Blissey","|-damage|p2a: Blissey|528/714","|-unboost|p2a: Blissey|spd|2","|move|p2a: Blissey|Ice Beam|p1a: Tentacruel","|-crit|p1a: Tentacruel","|-resisted|p1a: Tentacruel","|-damage|p1a: Tentacruel|257/301","|-status|p1a: Tentacruel|frz","|","|-heal|p1a: Tentacruel|275/301 frz|[from] item: Black Sludge","|-heal|p2a: Blissey|572/714|[from] item: Leftovers","|turn|12","|","|switch|p2a: Diggersby|Diggersby, M|374/374","|-status|p2a: Diggersby|tox","|cant|p1a: Tentacruel|frz","|","|-heal|p1a: Tentacruel|293/301 frz|[from] item: Black Sludge","|-damage|p2a: Diggersby|351/374 tox|[from] psn","|turn|13","|","|switch|p1a: Gengar|Gengar, F|235/261","|-damage|p1a: Gengar|203/261|[from] Stealth Rock","|move|p2a: Diggersby|Earthquake|p1a: Gengar","|-immune|p1a: Gengar|[msg]","|","|-heal|p2a: Diggersby|374/374 tox|[from] item: Leftovers","|-damage|p2a: Diggersby|328/374 tox|[from] psn","|turn|14","|","|switch|p2a: Blissey|Blissey, F|572/714","|-status|p2a: Blissey|tox","|move|p1a: Gengar|Giga Drain|p2a: Blissey","|-damage|p2a: Blissey|478/714 tox","|-heal|p1a: Gengar|250/261|[from] drain|[of] p2a: Blissey","|-damage|p1a: Gengar|224/261|[from] item: Life Orb","|","|-heal|p2a: Blissey|522/714 tox|[from] item: Leftovers","|-damage|p2a: Blissey|478/714 tox|[from] psn","|turn|15","|","|move|p1a: Gengar|Sludge Bomb|p2a: Blissey","|-damage|p2a: Blissey|317/714 tox","|-damage|p1a: Gengar|198/261|[from] item: Life Orb","|move|p2a: Blissey|Soft-Boiled|p2a: Blissey","|-heal|p2a: Blissey|674/714 tox","|","|-heal|p2a: Blissey|714/714 tox|[from] item: Leftovers","|-damage|p2a: Blissey|626/714 tox|[from] psn","|turn|16","|","|move|p1a: Gengar|Sludge Bomb|p2a: Blissey","|-damage|p2a: Blissey|478/714 tox","|-damage|p1a: Gengar|172/261|[from] item: Life Orb","|move|p2a: Blissey|Heal Bell|p2a: Blissey","|-cureteam|p2a: Blissey|[from] move: HealBell","|","|-heal|p2a: Blissey|522/714|[from] item: Leftovers","|turn|17","|","|switch|p1a: Tentacruel|Tentacruel, M|293/301 frz","|-damage|p1a: Tentacruel|256/301 frz|[from] Stealth Rock","|move|p2a: Blissey|Ice Beam|p1a: Tentacruel","|-resisted|p1a: Tentacruel","|-damage|p1a: Tentacruel|233/301 frz","|","|-heal|p1a: Tentacruel|251/301 frz|[from] item: Black Sludge","|-heal|p2a: Blissey|566/714|[from] item: Leftovers","|turn|18","|","|switch|p2a: Audino|Audino, M|202/410","|-status|p2a: Audino|tox","|-curestatus|p1a: Tentacruel|frz|[from] move: Scald","|move|p1a: Tentacruel|Scald|p2a: Audino","|-damage|p2a: Audino|102/410 tox","|","|-heal|p1a: Tentacruel|269/301|[from] item: Black Sludge","|-heal|p2a: Audino|127/410 tox|[from] item: Leftovers","|-damage|p2a: Audino|102/410 tox|[from] psn","|turn|19","|","|move|p1a: Tentacruel|Scald|p2a: Audino","|-damage|p2a: Audino|0 fnt","|faint|p2a: Audino","|","|-heal|p1a: Tentacruel|287/301|[from] item: Black Sludge","|","|switch|p2a: Porygon2|Porygon2|373/373","|-status|p2a: Porygon2|tox","|-ability|p2a: Porygon2|Liquid Ooze|[from] ability: Trace|[of] p1a: Tentacruel","|turn|20","|","|move|p1a: Tentacruel|Rapid Spin|p2a: Porygon2","|-damage|p2a: Porygon2|367/373 tox","|-sideend|p1: ApexProf🔰Final|Stealth Rock|[from] move: Rapid Spin|[of] p1a: Tentacruel","|move|p2a: Porygon2|Thunder Wave|p1a: Tentacruel","|-status|p1a: Tentacruel|par","|","|-heal|p1a: Tentacruel|301/301 par|[from] item: Black Sludge","|-damage|p2a: Porygon2|344/373 tox|[from] psn","|turn|21","|","|move|p2a: Porygon2|Foul Play|p1a: Tentacruel","|-damage|p1a: Tentacruel|228/301 par","|move|p1a: Tentacruel|Acid Spray|p2a: Porygon2","|-damage|p2a: Porygon2|313/373 tox","|-unboost|p2a: Porygon2|spd|2","|","|-heal|p1a: Tentacruel|246/301 par|[from] item: Black Sludge","|-damage|p2a: Porygon2|267/373 tox|[from] psn","|turn|22","|","|move|p2a: Porygon2|Pain Split|p1a: Tentacruel","|-sethp|p1a: Tentacruel|256/301 par|p2a: Porygon2|256/373 tox|[from] move: Pain Split","|cant|p1a: Tentacruel|par","|","|-heal|p1a: Tentacruel|274/301 par|[from] item: Black Sludge","|-damage|p2a: Porygon2|187/373 tox|[from] psn","|turn|23","|","|move|p2a: Porygon2|Recover|p2a: Porygon2","|-heal|p2a: Porygon2|373/373 tox","|move|p1a: Tentacruel|Scald|p2a: Porygon2","|-damage|p2a: Porygon2|256/373 tox","|","|-heal|p1a: Tentacruel|292/301 par|[from] item: Black Sludge","|-damage|p2a: Porygon2|164/373 tox|[from] psn","|turn|24","|","|move|p2a: Porygon2|Pain Split|p1a: Tentacruel","|-sethp|p1a: Tentacruel|228/301 par|p2a: Porygon2|228/373 tox|[from] move: Pain Split","|move|p1a: Tentacruel|Scald|p2a: Porygon2","|-damage|p2a: Porygon2|99/373 tox","|","|-heal|p1a: Tentacruel|246/301 par|[from] item: Black Sludge","|-damage|p2a: Porygon2|0 fnt|[from] psn","|faint|p2a: Porygon2","|","|win|ApexProf🔰Final"],"p1rating":{"entryid":426733,"formatid":"monotype","userid":"apexproffinal","username":"ApexProf🔰Final","r":1500,"rd":130,"sigma":0,"rpr":1540.1606143388,"rprd":122.8583080769,"rpsigma":0,"rptime":1440406800,"w":1,"l":0,"t":0,"gxe":55,"acre":1040,"lacre":1040,"oldacre":1000},"p2rating":{"entryid":"426633","serverid":"eos","formatid":"monotype","userid":"fasrel","username":"fasrel","w":"0","l":2,"t":"0","gxe":42.9,"r":"1500","rd":"130","sigma":"0","rptime":"1440406800","rpr":1442.8951655586,"rprd":117.47078427244,"rpsigma":"0","acre":1000,"lacre":1000,"oldacre":"1000"},"endType":"forfeit"}