{"seed":[57463,16866,58168,45718],"turns":30,"p1":"Not Reapz","p2":"Apex✦Emil","p1team":[{"name":"Togekiss","species":"Togekiss","item":"assaultvest","ability":"Serene Grace","moves":["flamethrower","airslash","dazzlinggleam","aurasphere"],"nature":"Modest","evs":{"hp":4,"atk":0,"def":0,"spa":252,"spd":252,"spe":0},"ivs":{"hp":31,"atk":31,"def":31,"spa":31,"spd":31,"spe":31}},{"name":"Dragonite","species":"Dragonite","item":"weaknesspolicy","ability":"Multiscale","moves":["dragondance","dragonclaw","earthquake","extremespeed"],"nature":"Adamant","evs":{"hp":0,"atk":252,"def":0,"spa":0,"spd":4,"spe":252},"ivs":{"hp":31,"atk":31,"def":31,"spa":31,"spd":31,"spe":31}},{"name":"Fuck you","species":"skarmory","item":"rockyhelmet","ability":"Sturdy","moves":["defog","stealthrock","roost","whirlwind"],"nature":"Impish","evs":{"hp":248,"atk":0,"def":236,"spa":0,"spd":0,"spe":24},"ivs":{"hp":31,"atk":31,"def":31,"spa":31,"spd":31,"spe":31}},{"name":"Zapdos","species":"Zapdos","item":"leftovers","ability":"Pressure","moves":["roost","toxic","heatwave","discharge"],"nature":"Bold","evs":{"hp":0,"atk":0,"def":252,"spa":56,"spd":200,"spe":0},"ivs":{"hp":31,"atk":31,"def":31,"spa":31,"spd":31,"spe":31}},{"name":"Bops","species":"landorus","item":"lifeorb","ability":"Sheer Force","moves":["earthquake","knockoff","uturn","rockslide"],"nature":"Jolly","evs":{"hp":0,"atk":252,"def":0,"spa":0,"spd":4,"spe":252},"ivs":{"hp":31,"atk":31,"def":31,"spa":31,"spd":31,"spe":31}},{"name":"Jerry","species":"honchkrow","item":"lifeorb","ability":"Moxie","moves":["suckerpunch","heatwave","bravebird","nightslash"],"nature":"Hasty","evs":{"hp":0,"atk":252,"def":0,"spa":4,"spd":0,"spe":252},"ivs":{"hp":31,"atk":31,"def":31,"spa":31,"spd":31,"spe":31}}],"p2team":[{"name":"Scizor","species":"Scizor","item":"scizorite","ability":"Technician","moves":["swordsdance","bulletpunch","superpower","roost"],"nature":"Adamant","evs":{"hp":4,"atk":252,"def":0,"spa":0,"spd":252,"spe":0},"gender":"M","ivs":{"hp":31,"atk":31,"def":31,"spa":31,"spd":31,"spe":31}},{"name":"Bisharp","species":"Bisharp","item":"focussash","ability":"Inner Focus","moves":["metalburst","protect","swordsdance","suckerpunch"],"nature":"Adamant","evs":{"hp":16,"atk":252,"def":0,"spa":0,"spd":240,"spe":0},"gender":"M","shiny":true,"ivs":{"hp":31,"atk":31,"def":31,"spa":31,"spd":31,"spe":31}},{"name":"Heatran","species":"Heatran","item":"airballoon","ability":"Flash Fire","moves":["earthpower","lavaplume","toxic","rest"],"nature":"Modest","evs":{"hp":252,"atk":0,"def":4,"spa":252,"spd":0,"spe":0},"gender":"F","shiny":true,"ivs":{"hp":31,"atk":31,"def":31,"spa":31,"spd":31,"spe":31}},{"name":"Ferrothorn","species":"Ferrothorn","item":"rockyhelmet","ability":"Iron Barbs","moves":["thunderwave","stealthrock","leechseed","powerwhip"],"nature":"Careful","evs":{"hp":252,"atk":0,"def":128,"spa":0,"spd":128,"spe":0},"gender":"F","shiny":true,"ivs":{"hp":31,"atk":31,"def":31,"spa":31,"spd":31,"spe":31}},{"name":"Skarmory","species":"Skarmory","item":"leftovers","ability":"Sturdy","moves":["stealthrock","whirlwind","roost","bravebird"],"nature":"Careful","evs":{"hp":252,"atk":4,"def":0,"spa":0,"spd":252,"spe":0},"gender":"F","ivs":{"hp":31,"atk":31,"def":31,"spa":31,"spd":31,"spe":31}},{"name":"Jirachi","species":"Jirachi","item":"choicescarf","ability":"Serene Grace","moves":["trick","ironhead","bodyslam","ancientpower"],"nature":"Jolly","evs":{"hp":4,"atk":252,"def":0,"spa":0,"spd":0,"spe":252},"shiny":true,"ivs":{"hp":31,"atk":31,"def":31,"spa":31,"spd":31,"spe":31}}],"log":["|player|p1|Not Reapz|264","|player|p2|Apex✦Emil|267","|gametype|singles","|gen|6","|tier|Monotype","|rated","|rule|Baton Pass Clause: Limit one Baton Passer, can't pass Spe and other stats simultaneously","|rule|Swagger Clause: Swagger is banned","|rule|Same Type Clause: Pokémon in a team must share a type","|clearpoke","|poke|p1|Togekiss, F","|poke|p1|Dragonite, F","|poke|p1|Skarmory, M","|poke|p1|Zapdos","|poke|p1|Landorus, M","|poke|p1|Honchkrow, F","|poke|p2|Scizor, M","|poke|p2|Bisharp, M, shiny","|poke|p2|Heatran, F, shiny","|poke|p2|Ferrothorn, F, shiny","|poke|p2|Skarmory, F","|poke|p2|Jirachi, shiny","|rule|Sleep Clause Mod: Limit one foe put to sleep","|rule|Species Clause: Limit one of each Pokémon","|rule|OHKO Clause: OHKO moves are banned","|rule|Moody Clause: Moody is banned","|rule|Evasion Moves Clause: Evasion moves are banned","|rule|Endless Battle Clause: Forcing endless battles is banned","|rule|HP Percentage Mod: HP is shown in percentages","|teampreview","|","|start","|switch|p1a: Fuck you|Skarmory, M|333/333","|switch|p2a: Skarmory|Skarmory, F|334/334","|turn|1","|","|switch|p1a: Togekiss|Togekiss, F|312/312","|move|p2a: Skarmory|Stealth Rock|p1a: Togekiss","|-sidestart|p1: Not Reapz|move: Stealth Rock","|","|turn|2","|","|move|p1a: Togekiss|Aura Sphere|p2a: Skarmory","|-damage|p2a: Skarmory|242/334","|move|p2a: Skarmory|Whirlwind|p1a: Togekiss","|drag|p1a: Dragonite|Dragonite, F|323/323","|-damage|p1a: Dragonite|243/323|[from] Stealth Rock","|","|-heal|p2a: Skarmory|262/334|[from] item: Leftovers","|turn|3","|","|switch|p1a: Fuck you|Skarmory, M|333/333","|-damage|p1a: Fuck you|292/333|[from] Stealth Rock","|move|p2a: Skarmory|Whirlwind|p1a: Fuck you","|drag|p1a: Jerry|Honchkrow, F|341/341","|-damage|p1a: Jerry|256/341|[from] Stealth Rock","|","|-heal|p2a: Skarmory|282/334|[from] item: Leftovers","|turn|4","|","|move|p1a: Jerry|Heat Wave|p2a: Skarmory","|-supereffective|p2a: Skarmory","|-damage|p2a: Skarmory|110/334","|-status|p2a: Skarmory|brn","|-damage|p1a: Jerry|222/341|[from] item: Life Orb","|move|p2a: Skarmory|Whirlwind|p1a: Jerry","|drag|p1a: Fuck you|Skarmory, M|292/333","|-damage|p1a: Fuck you|251/333|[from] Stealth Rock","|","|-heal|p2a: Skarmory|130/334 brn|[from] item: Leftovers","|-damage|p2a: Skarmory|89/334 brn|[from] brn","|turn|5","|","|move|p1a: Fuck you|Stealth Rock|p2a: Skarmory","|-sidestart|p2: Apex✦Emil|move: Stealth Rock","|move|p2a: Skarmory|Whirlwind|p1a: Fuck you","|drag|p1a: Zapdos|Zapdos|321/321","|-damage|p1a: Zapdos|241/321|[from] Stealth Rock","|-ability|p1a: Zapdos|Pressure","|","|-heal|p1a: Zapdos|261/321|[from] item: Leftovers","|-heal|p2a: Skarmory|109/334 brn|[from] item: Leftovers","|-damage|p2a: Skarmory|68/334 brn|[from] brn","|turn|6","|","|move|p1a: Zapdos|Discharge|p2a: Skarmory","|-supereffective|p2a: Skarmory","|-damage|p2a: Skarmory|0 fnt","|faint|p2a: Skarmory","|","|-heal|p1a: Zapdos|281/321|[from] item: Leftovers","|","|switch|p2a: Jirachi|Jirachi, shiny|342/342","|-damage|p2a: Jirachi|321/342|[from] Stealth Rock","|turn|7","|","|move|p2a: Jirachi|Trick|p1a: Zapdos","|-activate|p2a: Jirachi|move: Trick|[of] p1a: Zapdos","|-item|p1a: Zapdos|Choice Scarf|[from] move: Trick","|-item|p2a: Jirachi|Leftovers|[from] move: Trick","|move|p1a: Zapdos|Discharge|p2a: Jirachi","|-crit|p2a: Jirachi","|-damage|p2a: Jirachi|156/342","|","|-heal|p2a: Jirachi|177/342|[from] item: Leftovers","|turn|8","|","|move|p1a: Zapdos|Discharge|p2a: Jirachi","|-damage|p2a: Jirachi|63/342","|move|p2a: Jirachi|Ancient Power|p1a: Zapdos","|-supereffective|p1a: Zapdos","|-damage|p1a: Zapdos|209/321","|-boost|p2a: Jirachi|atk|1","|-boost|p2a: Jirachi|def|1","|-boost|p2a: Jirachi|spa|1","|-boost|p2a: Jirachi|spd|1","|-boost|p2a: Jirachi|spe|1","|","|-heal|p2a: Jirachi|84/342|[from] item: Leftovers","|turn|9","|","|move|p2a: Jirachi|Ancient Power|p1a: Zapdos","|-supereffective|p1a: Zapdos","|-damage|p1a: Zapdos|93/321","|move|p1a: Zapdos|Discharge|p2a: Jirachi","|-damage|p2a: Jirachi|5/342","|-status|p2a: Jirachi|par","|","|-heal|p2a: Jirachi|26/342 par|[from] item: Leftovers","|turn|10","|","|move|p1a: Zapdos|Discharge|p2a: Jirachi","|-damage|p2a: Jirachi|0 fnt","|faint|p2a: Jirachi","|","|","|switch|p2a: Bisharp|Bisharp, M, shiny|275/275","|-damage|p2a: Bisharp|258/275|[from] Stealth Rock","|turn|11","|","|move|p1a: Zapdos|Discharge|p2a: Bisharp","|-damage|p2a: Bisharp|128/275","|move|p2a: Bisharp|Metal Burst|p1a: Zapdos","|-damage|p1a: Zapdos|0 fnt","|faint|p1a: Zapdos","|","|","|switch|p1a: Fuck you|Skarmory, M|251/333","|-damage|p1a: Fuck you|210/333|[from] Stealth Rock","|turn|12","|","|move|p1a: Fuck you|Roost|p1a: Fuck you","|-heal|p1a: Fuck you|333/333","|move|p2a: Bisharp|Swords Dance|p2a: Bisharp","|-boost|p2a: Bisharp|atk|2","|","|turn|13","|","|move|p2a: Bisharp|Sucker Punch|p1a: Fuck you","|-fail|p2a: Bisharp","|move|p1a: Fuck you|Whirlwind|p2a: Bisharp","|drag|p2a: Heatran|Heatran, F, shiny|386/386","|-damage|p2a: Heatran|338/386|[from] Stealth Rock","|-item|p2a: Heatran|Air Balloon","|","|turn|14","|","|move|p2a: Heatran|Lava Plume|p1a: Fuck you","|-supereffective|p1a: Fuck you","|-ability|p1a: Fuck you|Sturdy","|-damage|p1a: Fuck you|1/333","|move|p1a: Fuck you|Defog|p2a: Heatran","|-unboost|p2a: Heatran|evasion|1","|-sideend|p2: Apex✦Emil|Stealth Rock|[from] move: Defog|[of] p2a: Heatran","|-sideend|p1: Not Reapz|Stealth Rock|[from] move: Defog|[of] p1a: Fuck you","|","|turn|15","|","|move|p2a: Heatran|Lava Plume|p1a: Fuck you","|-supereffective|p1a: Fuck you","|-damage|p1a: Fuck you|0 fnt","|faint|p1a: Fuck you","|","|","|switch|p1a: Bops|Landorus, M|319/319","|turn|16","|","|move|p1a: Bops|U-turn|p2a: Heatran","|-resisted|p2a: Heatran","|-damage|p2a: Heatran|312/386","|-enditem|p2a: Heatran|Air Balloon","|-damage|p1a: Bops|288/319|[from] item: Life Orb","|","|switch|p1a: Dragonite|Dragonite, F|243/323","|move|p2a: Heatran|Toxic|p1a: Dragonite","|-status|p1a: Dragonite|tox","|","|-damage|p1a: Dragonite|223/323 tox|[from] psn","|turn|17","|","|move|p1a: Dragonite|Earthquake|p2a: Heatran","|-supereffective|p2a: Heatran","|-damage|p2a: Heatran|0 fnt","|faint|p2a: Heatran","|","|-damage|p1a: Dragonite|183/323 tox|[from] psn","|","|switch|p2a: Bisharp|Bisharp, M, shiny|128/275","|turn|18","|","|move|p2a: Bisharp|Protect|p2a: Bisharp","|-singleturn|p2a: Bisharp|Protect","|move|p1a: Dragonite|Earthquake|p2a: Bisharp","|-activate|p2a: Bisharp|Protect","|","|-damage|p1a: Dragonite|123/323 tox|[from] psn","|turn|19","|","|move|p2a: Bisharp|Sucker Punch|p1a: Dragonite","|-damage|p1a: Dragonite|0 fnt","|faint|p1a: Dragonite","|","|","|switch|p1a: Bops|Landorus, M|288/319","|turn|20","|","|move|p2a: Bisharp|Protect|p2a: Bisharp","|-singleturn|p2a: Bisharp|Protect","|move|p1a: Bops|Earthquake|p2a: Bisharp","|-activate|p2a: Bisharp|Protect","|","|turn|21","|","|switch|p1a: Togekiss|Togekiss, F|312/312","|move|p2a: Bisharp|Sucker Punch|p1a: Togekiss","|-fail|p2a: Bisharp","|","|turn|22","|","|move|p2a: Bisharp|Protect|p2a: Bisharp","|-singleturn|p2a: Bisharp|Protect","|move|p1a: Togekiss|Aura Sphere|p2a: Bisharp","|-activate|p2a: Bisharp|Protect","|","|turn|23","|","|switch|p1a: Bops|Landorus, M|288/319","|move|p2a: Bisharp|Swords Dance|p2a: Bisharp","|-boost|p2a: Bisharp|atk|2","|","|turn|24","|","|move|p2a: Bisharp|Sucker Punch|p1a: Bops","|-damage|p1a: Bops|0 fnt","|faint|p1a: Bops","|","|","|switch|p1a: Togekiss|Togekiss, F|312/312","|turn|25","|","|move|p2a: Bisharp|Protect|p2a: Bisharp","|-singleturn|p2a: Bisharp|Protect","|move|p1a: Togekiss|Aura Sphere|p2a: Bisharp","|-activate|p2a: Bisharp|Protect","|","|turn|26","|","|move|p2a: Bisharp|Sucker Punch|p1a: Togekiss","|-resisted|p1a: Togekiss","|-damage|p1a: Togekiss|148/312","|move|p1a: Togekiss|Aura Sphere|p2a: Bisharp","|-supereffective|p2a: Bisharp","|-damage|p2a: Bisharp|0 fnt","|faint|p2a: Bisharp","|","|","|switch|p2a: Ferrothorn|Ferrothorn, F, shiny|352/352","|turn|27","|","|move|p1a: Togekiss|Flamethrower|p2a: Ferrothorn","|-supereffective|p2a: Ferrothorn","|-damage|p2a: Ferrothorn|60/352","|-status|p2a: Ferrothorn|brn","|move|p2a: Ferrothorn|Stealth Rock|p1a: Togekiss","|-sidestart|p1: Not Reapz|move: Stealth Rock","|","|-damage|p2a: Ferrothorn|16/352 brn|[from] brn","|turn|28","|","|move|p1a: Togekiss|Aura Sphere|p2a: Ferrothorn","|-supereffective|p2a: Ferrothorn","|-damage|p2a: Ferrothorn|0 fnt","|faint|p2a: Ferrothorn","|","|","|switch|p2a: Scizor|Scizor, M|282/282","|turn|29","|","|detailschange|p2a: Scizor|Scizor-Mega, M","|-mega|p2a: Scizor|Scizor|Scizorite","|move|p2a: Scizor|Bullet Punch|p1a: Togekiss","|-supereffective|p1a: Togekiss","|-damage|p1a: Togekiss|0 fnt","|faint|p1a: Togekiss","|","|","|switch|p1a: Jerry|Honchkrow, F|222/341","|-damage|p1a: Jerry|137/341|[from] Stealth Rock","|turn|30","|","|move|p2a: Scizor|Bullet Punch|p1a: Jerry","|-crit|p1a: Jerry","|-damage|p1a: Jerry|0 fnt","|faint|p1a: Jerry","|","|win|Apex✦Emil"],"p1rating":{"entryid":"453318","serverid":"eos","formatid":"monotype","userid":"notreapz","username":"Not Reapz","w":"1","l":1,"t":"0","gxe":50,"r":"1500","rd":"130","sigma":"0","rptime":"1440493200","rpr":1500,"rprd":116.77753930647,"rpsigma":"0","acre":1024.8200125598,"lacre":1024.8200125598,"oldacre":"1043.3766791855"},"p2rating":{"entryid":453672,"formatid":"monotype","userid":"apexemil","username":"Apex✦Emil","r":1500,"rd":130,"sigma":0,"rpr":1540.1606143388,"rprd":122.8583080769,"rpsigma":0,"rptime":1440493200,"w":1,"l":0,"t":0,"gxe":55,"acre":1044.9681386475,"lacre":1044.9681386475,"oldacre":1000},"endType":"normal"}