{"seed":[1644,25757,44103,5108],"turns":26,"p1":"Twizz","p2":"GamaSenninJiraiya","p1team":[{"name":"Togekiss","species":"Togekiss","item":"assaultvest","ability":"Serene Grace","moves":["flamethrower","airslash","dazzlinggleam","aurasphere"],"nature":"Modest","evs":{"hp":4,"atk":0,"def":0,"spa":252,"spd":252,"spe":0},"ivs":{"hp":31,"atk":31,"def":31,"spa":31,"spd":31,"spe":31}},{"name":"Dragonite","species":"Dragonite","item":"weaknesspolicy","ability":"Multiscale","moves":["dragondance","dragonclaw","earthquake","extremespeed"],"nature":"Adamant","evs":{"hp":0,"atk":252,"def":0,"spa":0,"spd":4,"spe":252},"ivs":{"hp":31,"atk":31,"def":31,"spa":31,"spd":31,"spe":31}},{"name":"Fuck you","species":"skarmory","item":"rockyhelmet","ability":"Sturdy","moves":["defog","stealthrock","roost","whirlwind"],"nature":"Impish","evs":{"hp":248,"atk":0,"def":236,"spa":0,"spd":0,"spe":24},"ivs":{"hp":31,"atk":31,"def":31,"spa":31,"spd":31,"spe":31}},{"name":"Zapdos","species":"Zapdos","item":"leftovers","ability":"Pressure","moves":["roost","toxic","heatwave","discharge"],"nature":"Bold","evs":{"hp":0,"atk":0,"def":252,"spa":56,"spd":200,"spe":0},"ivs":{"hp":31,"atk":31,"def":31,"spa":31,"spd":31,"spe":31}},{"name":"Bops","species":"landorus","item":"lifeorb","ability":"Sheer Force","moves":["earthquake","knockoff","uturn","rockslide"],"nature":"Jolly","evs":{"hp":0,"atk":252,"def":0,"spa":0,"spd":4,"spe":252},"ivs":{"hp":31,"atk":31,"def":31,"spa":31,"spd":31,"spe":31}},{"name":"Jerry","species":"honchkrow","item":"lifeorb","ability":"Moxie","moves":["suckerpunch","heatwave","bravebird","nightslash"],"nature":"Hasty","evs":{"hp":0,"atk":252,"def":0,"spa":4,"spd":0,"spe":252},"ivs":{"hp":31,"atk":31,"def":31,"spa":31,"spd":31,"spe":31}}],"p2team":[{"name":"Keldeo","species":"Keldeo","item":"expertbelt","ability":"Justified","moves":["substitute","scald","secretsword","icywind"],"nature":"Timid","evs":{"hp":0,"atk":0,"def":0,"spa":252,"spd":4,"spe":252},"ivs":{"hp":31,"atk":31,"def":31,"spa":31,"spd":31,"spe":31}},{"name":"Breloom","species":"Breloom","item":"toxicorb","ability":"Poison Heal","moves":["spore","substitute","seedbomb","focuspunch"],"nature":"Impish","evs":{"hp":248,"atk":8,"def":252,"spa":0,"spd":0,"spe":0},"ivs":{"hp":31,"atk":31,"def":31,"spa":31,"spd":31,"spe":31}},{"name":"Terrakion","species":"Terrakion","item":"choicescarf","ability":"Justified","moves":["stoneedge","earthquake","closecombat","ironhead"],"nature":"Jolly","evs":{"hp":0,"atk":252,"def":0,"spa":0,"spd":4,"spe":252},"ivs":{"hp":31,"atk":31,"def":31,"spa":31,"spd":31,"spe":31}},{"name":"Cobalion","species":"Cobalion","item":"focussash","ability":"Justified","moves":["stealthrock","thunderwave","flashcannon","voltswitch"],"nature":"Timid","evs":{"hp":0,"atk":0,"def":0,"spa":252,"spd":4,"spe":252},"ivs":{"hp":31,"atk":31,"def":31,"spa":31,"spd":31,"spe":31}},{"name":"Lucario","species":"Lucario","item":"shucaberry","ability":"Steadfast","moves":["nastyplot","aurasphere","darkpulse","flashcannon"],"nature":"Timid","evs":{"hp":0,"atk":0,"def":0,"spa":252,"spd":4,"spe":252},"ivs":{"hp":31,"atk":31,"def":31,"spa":31,"spd":31,"spe":31}},{"name":"Hawlucha","species":"Hawlucha","item":"powerherb","ability":"Unburden","moves":["acrobatics","skyattack","roost","drainpunch"],"nature":"Adamant","evs":{"hp":0,"atk":252,"def":0,"spa":0,"spd":4,"spe":252},"ivs":{"hp":31,"atk":31,"def":31,"spa":31,"spd":31,"spe":31}}],"log":["|player|p1|Twizz|264","|player|p2|GamaSenninJiraiya|1","|gametype|singles","|gen|6","|tier|Monotype","|rated","|rule|Baton Pass Clause: Limit one Baton Passer, can't pass Spe and other stats simultaneously","|rule|Swagger Clause: Swagger is banned","|rule|Same Type Clause: Pokémon in a team must share a type","|clearpoke","|poke|p1|Togekiss, M","|poke|p1|Dragonite, M","|poke|p1|Skarmory, M","|poke|p1|Zapdos","|poke|p1|Landorus, M","|poke|p1|Honchkrow, F","|poke|p2|Keldeo","|poke|p2|Breloom, M","|poke|p2|Terrakion","|poke|p2|Cobalion","|poke|p2|Lucario, M","|poke|p2|Hawlucha, M","|rule|Sleep Clause Mod: Limit one foe put to sleep","|rule|Species Clause: Limit one of each Pokémon","|rule|OHKO Clause: OHKO moves are banned","|rule|Moody Clause: Moody is banned","|rule|Evasion Moves Clause: Evasion moves are banned","|rule|Endless Battle Clause: Forcing endless battles is banned","|rule|HP Percentage Mod: HP is shown in percentages","|teampreview","|","|start","|switch|p1a: Fuck you|Skarmory, M|333/333","|switch|p2a: Cobalion|Cobalion|323/323","|turn|1","|","|switch|p1a: Bops|Landorus, M|319/319","|move|p2a: Cobalion|Stealth Rock|p1a: Bops","|-sidestart|p1: Twizz|move: Stealth Rock","|","|turn|2","|","|switch|p2a: Hawlucha|Hawlucha, M|297/297","|move|p1a: Bops|Earthquake|p2a: Hawlucha","|-immune|p2a: Hawlucha|[msg]","|","|turn|3","|","|switch|p2a: Breloom|Breloom, M|323/323","|switch|p1a: Fuck you|Skarmory, M|333/333","|-damage|p1a: Fuck you|292/333|[from] Stealth Rock","|","|-status|p2a: Breloom|tox|[from] item: Toxic Orb","|turn|4","|","|move|p1a: Fuck you|Stealth Rock|p2a: Breloom","|-sidestart|p2: GamaSenninJiraiya|move: Stealth Rock","|move|p2a: Breloom|Spore|p1a: Fuck you","|-status|p1a: Fuck you|slp","|","|turn|5","|","|switch|p1a: Bops|Landorus, M|319/319","|-damage|p1a: Bops|280/319|[from] Stealth Rock","|move|p2a: Breloom|Substitute|p2a: Breloom","|-start|p2a: Breloom|Substitute","|-damage|p2a: Breloom|243/323 tox","|","|-heal|p2a: Breloom|283/323 tox|[from] ability: Poison Heal","|turn|6","|","|-singleturn|p2a: Breloom|move: Focus Punch","|move|p1a: Bops|Rock Slide|p2a: Breloom","|-resisted|p2a: Breloom","|-activate|p2a: Breloom|Substitute|[damage]","|move|p2a: Breloom|Focus Punch|p1a: Bops","|-resisted|p1a: Bops","|-damage|p1a: Bops|149/319","|","|-heal|p2a: Breloom|323/323 tox|[from] ability: Poison Heal","|turn|7","|","|move|p1a: Bops|U-turn|p2a: Breloom","|-crit|p2a: Breloom","|-end|p2a: Breloom|Substitute","|-damage|p1a: Bops|118/319|[from] item: Life Orb","|","|switch|p1a: Fuck you|Skarmory, M|292/333 slp","|-damage|p1a: Fuck you|251/333 slp|[from] Stealth Rock","|move|p2a: Breloom|Seed Bomb|p1a: Fuck you","|-resisted|p1a: Fuck you","|-damage|p1a: Fuck you|235/333 slp","|","|turn|8","|","|cant|p1a: Fuck you|slp","|move|p2a: Breloom|Substitute|p2a: Breloom","|-start|p2a: Breloom|Substitute","|-damage|p2a: Breloom|243/323 tox","|","|-heal|p2a: Breloom|283/323 tox|[from] ability: Poison Heal","|turn|9","|","|-singleturn|p2a: Breloom|move: Focus Punch","|move|p2a: Breloom|Focus Punch|p1a: Fuck you","|-damage|p1a: Fuck you|106/333 slp","|-damage|p2a: Breloom|230/323 tox|[from] item: Rocky Helmet|[of] p1a: Fuck you","|-curestatus|p1a: Fuck you|slp","|move|p1a: Fuck you|Whirlwind|p2a: Breloom","|drag|p2a: Hawlucha|Hawlucha, M|297/297","|-damage|p2a: Hawlucha|260/297|[from] Stealth Rock","|","|turn|10","|","|move|p2a: Hawlucha|Drain Punch|p1a: Fuck you","|-damage|p1a: Fuck you|34/333","|-heal|p2a: Hawlucha|296/297|[from] drain|[of] p1a: Fuck you","|-damage|p2a: Hawlucha|247/297|[from] item: Rocky Helmet|[of] p1a: Fuck you","|move|p1a: Fuck you|Defog|p2a: Hawlucha","|-unboost|p2a: Hawlucha|evasion|1","|-sideend|p2: GamaSenninJiraiya|Stealth Rock|[from] move: Defog|[of] p2a: Hawlucha","|-sideend|p1: Twizz|Stealth Rock|[from] move: Defog|[of] p1a: Fuck you","|","|turn|11","|","|move|p2a: Hawlucha|Drain Punch|p1a: Fuck you","|-damage|p1a: Fuck you|0 fnt","|-heal|p2a: Hawlucha|264/297|[from] drain|[of] p1a: Fuck you","|-damage|p2a: Hawlucha|215/297|[from] item: Rocky Helmet|[of] p1a: Fuck you","|faint|p1a: Fuck you","|","|","|switch|p1a: Dragonite|Dragonite, M|323/323","|turn|12","|","|move|p2a: Hawlucha|Roost|p2a: Hawlucha","|-heal|p2a: Hawlucha|297/297","|move|p1a: Dragonite|Dragon Dance|p1a: Dragonite","|-boost|p1a: Dragonite|atk|1","|-boost|p1a: Dragonite|spe|1","|","|turn|13","|","|move|p1a: Dragonite|Dragon Dance|p1a: Dragonite","|-boost|p1a: Dragonite|atk|1","|-boost|p1a: Dragonite|spe|1","|move|p2a: Hawlucha|Sky Attack|p1a: Dragonite|[still]","|-prepare|p2a: Hawlucha|Sky Attack|p1a: Dragonite","|-enditem|p2a: Hawlucha|Power Herb","|-anim|p2a: Hawlucha|Sky Attack|p1a: Dragonite","|-damage|p1a: Dragonite|215/323","|","|turn|14","|","|move|p2a: Hawlucha|Acrobatics|p1a: Dragonite","|-damage|p1a: Dragonite|50/323","|move|p1a: Dragonite|Dragon Dance|p1a: Dragonite","|-boost|p1a: Dragonite|atk|1","|-boost|p1a: Dragonite|spe|1","|","|turn|15","|","|move|p1a: Dragonite|Extreme Speed|p2a: Hawlucha","|-damage|p2a: Hawlucha|0 fnt","|faint|p2a: Hawlucha","|","|","|switch|p2a: Cobalion|Cobalion|323/323","|turn|16","|","|move|p1a: Dragonite|Earthquake|p2a: Cobalion","|-supereffective|p2a: Cobalion","|-enditem|p2a: Cobalion|Focus Sash","|-damage|p2a: Cobalion|1/323","|move|p2a: Cobalion|Flash Cannon|p1a: Dragonite","|-damage|p1a: Dragonite|0 fnt","|faint|p1a: Dragonite","|","|","|switch|p1a: Bops|Landorus, M|118/319","|turn|17","|","|move|p2a: Cobalion|Stealth Rock|p1a: Bops","|-sidestart|p1: Twizz|move: Stealth Rock","|move|p1a: Bops|U-turn|p2a: Cobalion","|-resisted|p2a: Cobalion","|-damage|p2a: Cobalion|0 fnt","|-damage|p1a: Bops|87/319|[from] item: Life Orb","|faint|p2a: Cobalion","|","|switch|p1a: Zapdos|Zapdos|321/321","|-damage|p1a: Zapdos|241/321|[from] Stealth Rock","|-ability|p1a: Zapdos|Pressure","|","|-heal|p1a: Zapdos|261/321|[from] item: Leftovers","|","|switch|p2a: Terrakion|Terrakion|323/323","|turn|18","|","|switch|p1a: Bops|Landorus, M|87/319","|-damage|p1a: Bops|48/319|[from] Stealth Rock","|move|p2a: Terrakion|Stone Edge|p1a: Bops","|-damage|p1a: Bops|0 fnt","|faint|p1a: Bops","|","|","|switch|p1a: Zapdos|Zapdos|261/321","|-damage|p1a: Zapdos|181/321|[from] Stealth Rock","|-ability|p1a: Zapdos|Pressure","|turn|19","|","|switch|p2a: Breloom|Breloom, M|230/323 tox","|move|p1a: Zapdos|Roost|p1a: Zapdos","|-heal|p1a: Zapdos|321/321","|","|-heal|p2a: Breloom|270/323 tox|[from] ability: Poison Heal","|turn|20","|","|move|p1a: Zapdos|Heat Wave|p2a: Breloom","|-supereffective|p2a: Breloom","|-damage|p2a: Breloom|0 fnt","|faint|p2a: Breloom","|","|","|switch|p2a: Terrakion|Terrakion|323/323","|turn|21","|","|move|p2a: Terrakion|Stone Edge|p1a: Zapdos","|-supereffective|p1a: Zapdos","|-damage|p1a: Zapdos|21/321","|move|p1a: Zapdos|Discharge|p2a: Terrakion","|-damage|p2a: Terrakion|185/323","|","|-heal|p1a: Zapdos|41/321|[from] item: Leftovers","|turn|22","|","|move|p2a: Terrakion|Stone Edge|p1a: Zapdos","|-supereffective|p1a: Zapdos","|-damage|p1a: Zapdos|0 fnt","|faint|p1a: Zapdos","|","|","|switch|p1a: Jerry|Honchkrow, F|341/341","|-damage|p1a: Jerry|256/341|[from] Stealth Rock","|turn|23","|","|move|p2a: Terrakion|Stone Edge|p1a: Jerry|[miss]","|-miss|p2a: Terrakion|p1a: Jerry","|move|p1a: Jerry|Brave Bird|p2a: Terrakion","|-damage|p2a: Terrakion|0 fnt","|-damage|p1a: Jerry|195/341|[from] recoil|[of] p2a: Terrakion","|-damage|p1a: Jerry|161/341|[from] item: Life Orb","|faint|p2a: Terrakion","|-boost|p1a: Jerry|atk|1|[from] ability: Moxie","|","|","|switch|p2a: Lucario|Lucario, M|281/281","|turn|24","|","|move|p2a: Lucario|Flash Cannon|p1a: Jerry","|-damage|p1a: Jerry|0 fnt","|faint|p1a: Jerry","|","|","|switch|p1a: Togekiss|Togekiss, M|312/312","|-damage|p1a: Togekiss|234/312|[from] Stealth Rock","|turn|25","|","|move|p2a: Lucario|Flash Cannon|p1a: Togekiss","|-supereffective|p1a: Togekiss","|-damage|p1a: Togekiss|106/312","|move|p1a: Togekiss|Aura Sphere|p2a: Lucario","|-supereffective|p2a: Lucario","|-damage|p2a: Lucario|19/281","|","|turn|26","|","|move|p2a: Lucario|Flash Cannon|p1a: Togekiss","|-crit|p1a: Togekiss","|-supereffective|p1a: Togekiss","|-damage|p1a: Togekiss|0 fnt","|faint|p1a: Togekiss","|","|win|GamaSenninJiraiya"],"p1rating":{"entryid":"66045","serverid":"eos","formatid":"monotype","userid":"twizz","username":"Twizz","w":"15","l":11,"t":"0","gxe":52.4,"r":"1556.7516194202","rd":"68.350300331058","sigma":"0","rptime":"1440493200","rpr":1518.0370996314,"rprd":65.077587246062,"rpsigma":"0","acre":1082.073412783,"lacre":1082.073412783,"oldacre":"1115.0628748767"},"p2rating":{"entryid":452755,"formatid":"monotype","userid":"gamasenninjiraiya","username":"GamaSenninJiraiya","r":1500,"rd":130,"sigma":0,"rpr":1548.7110342288,"rprd":122.27417578673,"rpsigma":0,"rptime":1440493200,"w":1,"l":0,"t":0,"gxe":56.1,"acre":1052.7831393499,"lacre":1052.7831393499,"oldacre":1000},"endType":"normal"}