{"seed":[61637,60353,7746,1726],"turns":32,"p1":"SWL Neßki","p2":"Jhu Jhu","p1team":[{"name":"Azumarill","species":"Azumarill","item":"sitrusberry","ability":"Huge Power","moves":["aquajet","playrough","knockoff","bellydrum"],"nature":"Adamant","evs":{"hp":244,"atk":252,"def":0,"spa":0,"spd":0,"spe":12},"ivs":{"hp":31,"atk":31,"def":31,"spa":31,"spd":31,"spe":31}},{"name":"Ludicolo","species":"Ludicolo","item":"assaultvest","ability":"Swift Swim","moves":["scald","icebeam","gigadrain","focusblast"],"nature":"Timid","evs":{"hp":0,"atk":0,"def":0,"spa":252,"spd":4,"spe":252},"ivs":{"hp":31,"atk":0,"def":31,"spa":31,"spd":31,"spe":31}},{"name":"Keldeo","species":"Keldeo","item":"focussash","ability":"Justified","moves":["taunt","scald","secretsword","endeavor"],"nature":"Timid","evs":{"hp":0,"atk":0,"def":0,"spa":252,"spd":4,"spe":252},"ivs":{"hp":31,"atk":0,"def":31,"spa":31,"spd":31,"spe":31}},{"name":"Seismitoad","species":"Seismitoad","item":"lifeorb","ability":"Swift Swim","moves":["stealthrock","earthquake","knockoff","scald"],"nature":"Lonely","evs":{"hp":0,"atk":252,"def":0,"spa":4,"spd":0,"spe":252},"ivs":{"hp":31,"atk":31,"def":31,"spa":31,"spd":31,"spe":31}},{"name":"Politoed","species":"Politoed","item":"choicescarf","ability":"Drizzle","moves":["hiddenpowerrock","icebeam","psychic","scald"],"nature":"Modest","evs":{"hp":0,"atk":0,"def":0,"spa":252,"spd":4,"spe":252},"ivs":{"hp":31,"atk":31,"def":30,"spa":31,"spd":30,"spe":30}},{"name":"Gyarados","species":"Gyarados","item":"gyaradosite","ability":"Intimidate","moves":["dragondance","earthquake","icefang","crunch"],"nature":"Adamant","evs":{"hp":0,"atk":252,"def":0,"spa":0,"spd":4,"spe":252},"ivs":{"hp":31,"atk":31,"def":31,"spa":31,"spd":31,"spe":31}}],"p2team":[{"name":"Hoopa-Unbound","species":"Hoopa-Unbound","item":"choicescarf","ability":"Magician","moves":["gunkshot","hyperspacefury","zenheadbutt","drainpunch"],"nature":"Jolly","evs":{"hp":0,"atk":252,"def":0,"spa":0,"spd":4,"spe":252},"ivs":{"hp":31,"atk":31,"def":31,"spa":31,"spd":31,"spe":31}},{"name":"Mandibuzz","species":"Mandibuzz","item":"leftovers","ability":"Overcoat","moves":["defog","foulplay","roost","toxic"],"nature":"Bold","evs":{"hp":252,"atk":0,"def":252,"spa":0,"spd":4,"spe":0},"ivs":{"hp":31,"atk":31,"def":31,"spa":31,"spd":31,"spe":31}},{"name":"Bisharp","species":"Bisharp","item":"lifeorb","ability":"Defiant","moves":["ironhead","poisonjab","suckerpunch","swordsdance"],"nature":"Jolly","evs":{"hp":0,"atk":252,"def":0,"spa":0,"spd":4,"spe":252},"ivs":{"hp":31,"atk":31,"def":31,"spa":31,"spd":31,"spe":31}},{"name":"Houndoom","species":"Houndoom","item":"houndoominite","ability":"Flash Fire","moves":["flamethrower","darkpulse","sludgebomb","destinybond"],"nature":"Timid","evs":{"hp":0,"atk":0,"def":0,"spa":252,"spd":4,"spe":252},"ivs":{"hp":31,"atk":31,"def":31,"spa":31,"spd":31,"spe":31}},{"name":"Hydreigon","species":"Hydreigon","item":"choicescarf","ability":"Levitate","moves":["darkpulse","earthpower","uturn","dracometeor"],"nature":"Timid","evs":{"hp":0,"atk":0,"def":0,"spa":252,"spd":4,"spe":252},"ivs":{"hp":31,"atk":31,"def":31,"spa":31,"spd":31,"spe":31}},{"name":"Sableye","species":"Sableye","item":"leftovers","ability":"Prankster","moves":["willowisp","recover","taunt","foulplay"],"nature":"Calm","evs":{"hp":252,"atk":0,"def":4,"spa":0,"spd":252,"spe":0},"ivs":{"hp":31,"atk":31,"def":31,"spa":31,"spd":31,"spe":31}}],"log":["|player|p1|SWL Neßki|swlneki.png","|player|p2|Jhu Jhu|269","|gametype|singles","|gen|6","|tier|Monotype","|rated","|rule|Baton Pass Clause: Limit one Baton Passer, can't pass Spe and other stats simultaneously","|rule|Swagger Clause: Swagger is banned","|rule|Same Type Clause: Pokémon in a team must share a type","|clearpoke","|poke|p1|Azumarill, M","|poke|p1|Ludicolo, F","|poke|p1|Keldeo","|poke|p1|Seismitoad, F","|poke|p1|Politoed, F","|poke|p1|Gyarados, F","|poke|p2|Hoopa-Unbound","|poke|p2|Mandibuzz, F","|poke|p2|Bisharp, F","|poke|p2|Houndoom, M","|poke|p2|Hydreigon, M","|poke|p2|Sableye, F","|rule|Sleep Clause Mod: Limit one foe put to sleep","|rule|Species Clause: Limit one of each Pokémon","|rule|OHKO Clause: OHKO moves are banned","|rule|Moody Clause: Moody is banned","|rule|Evasion Moves Clause: Evasion moves are banned","|rule|Endless Battle Clause: Forcing endless battles is banned","|rule|HP Percentage Mod: HP is shown in percentages","|teampreview","|","|start","|switch|p1a: Gyarados|Gyarados, F|331/331","|switch|p2a: Hydreigon|Hydreigon, M|325/325","|-ability|p1a: Gyarados|Intimidate","|-unboost|p2a: Hydreigon|atk|1","|turn|1","|","|switch|p1a: Azumarill|Azumarill, M|402/402","|move|p2a: Hydreigon|U-turn|p1a: Azumarill","|-resisted|p1a: Azumarill","|-damage|p1a: Azumarill|382/402","|","|switch|p2a: Sableye|Sableye, F|304/304","|","|turn|2","|","|move|p2a: Sableye|Will-O-Wisp|p1a: Azumarill","|-status|p1a: Azumarill|brn","|move|p1a: Azumarill|Play Rough|p2a: Sableye","|-supereffective|p2a: Sableye","|-damage|p2a: Sableye|75/304","|","|-heal|p2a: Sableye|94/304|[from] item: Leftovers","|-damage|p1a: Azumarill|332/402 brn|[from] brn","|turn|3","|","|move|p2a: Sableye|Recover|p2a: Sableye","|-heal|p2a: Sableye|246/304","|move|p1a: Azumarill|Play Rough|p2a: Sableye","|-supereffective|p2a: Sableye","|-damage|p2a: Sableye|9/304","|","|-heal|p2a: Sableye|28/304|[from] item: Leftovers","|-damage|p1a: Azumarill|282/402 brn|[from] brn","|turn|4","|","|move|p2a: Sableye|Recover|p2a: Sableye","|-heal|p2a: Sableye|180/304","|move|p1a: Azumarill|Play Rough|p2a: Sableye","|-supereffective|p2a: Sableye","|-damage|p2a: Sableye|0 fnt","|faint|p2a: Sableye","|","|-damage|p1a: Azumarill|232/402 brn|[from] brn","|","|switch|p2a: Hoopa-Unbound|Hoopa-Unbound|301/301","|turn|5","|","|switch|p1a: Seismitoad|Seismitoad, F|351/351","|move|p2a: Hoopa-Unbound|Gunk Shot|p1a: Seismitoad","|-crit|p1a: Seismitoad","|-resisted|p1a: Seismitoad","|-damage|p1a: Seismitoad|180/351","|","|turn|6","|","|switch|p2a: Mandibuzz|Mandibuzz, F|424/424","|move|p1a: Seismitoad|Stealth Rock|p2a: Mandibuzz","|-sidestart|p2: Jhu Jhu|move: Stealth Rock","|","|turn|7","|player|p1","|player|p1|SWL Neßki|swlneki.png","|","|switch|p1a: Politoed|Politoed, F|321/321","|-weather|RainDance","|move|p2a: Mandibuzz|Toxic|p1a: Politoed","|-status|p1a: Politoed|tox","|","|-weather|RainDance|[upkeep]","|-damage|p1a: Politoed|301/321 tox|[from] psn","|turn|8","|","|move|p1a: Politoed|Scald|p2a: Mandibuzz","|-damage|p2a: Mandibuzz|240/424","|-status|p2a: Mandibuzz|brn","|move|p2a: Mandibuzz|Defog|p1a: Politoed","|-unboost|p1a: Politoed|evasion|1","|-sideend|p2: Jhu Jhu|Stealth Rock|[from] move: Defog|[of] p2a: Mandibuzz","|","|-weather|RainDance|[upkeep]","|-heal|p2a: Mandibuzz|266/424 brn|[from] item: Leftovers","|-damage|p1a: Politoed|261/321 tox|[from] psn","|-damage|p2a: Mandibuzz|213/424 brn|[from] brn","|turn|9","|","|switch|p1a: Keldeo|Keldeo|323/323","|move|p2a: Mandibuzz|Roost|p2a: Mandibuzz","|-heal|p2a: Mandibuzz|424/424 brn","|","|-weather|RainDance|[upkeep]","|-damage|p2a: Mandibuzz|371/424 brn|[from] brn","|turn|10","|","|move|p1a: Keldeo|Taunt|p2a: Mandibuzz","|-start|p2a: Mandibuzz|move: Taunt","|cant|p2a: Mandibuzz|move: Taunt|Toxic","|","|-weather|RainDance|[upkeep]","|-heal|p2a: Mandibuzz|397/424 brn|[from] item: Leftovers","|-damage|p2a: Mandibuzz|344/424 brn|[from] brn","|turn|11","|","|switch|p1a: Gyarados|Gyarados, F|331/331","|-ability|p1a: Gyarados|Intimidate","|-unboost|p2a: Mandibuzz|atk|1","|move|p2a: Mandibuzz|Foul Play|p1a: Gyarados","|-damage|p1a: Gyarados|212/331","|","|-weather|none","|-heal|p2a: Mandibuzz|370/424 brn|[from] item: Leftovers","|-damage|p2a: Mandibuzz|317/424 brn|[from] brn","|turn|12","|","|switch|p2a: Hydreigon|Hydreigon, M|325/325","|detailschange|p1a: Gyarados|Gyarados-Mega, F","|-mega|p1a: Gyarados|Gyarados|Gyaradosite","|-ability|p1a: Gyarados|Mold Breaker","|move|p1a: Gyarados|Dragon Dance|p1a: Gyarados","|-boost|p1a: Gyarados|atk|1","|-boost|p1a: Gyarados|spe|1","|","|turn|13","|","|switch|p1a: Azumarill|Azumarill, M|232/402 brn","|move|p2a: Hydreigon|U-turn|p1a: Azumarill","|-resisted|p1a: Azumarill","|-damage|p1a: Azumarill|203/402 brn","|","|switch|p2a: Bisharp|Bisharp, F|271/271","|","|-damage|p1a: Azumarill|153/402 brn|[from] brn","|-enditem|p1a: Azumarill|Sitrus Berry|[eat]","|-heal|p1a: Azumarill|253/402 brn|[from] item: Sitrus Berry","|turn|14","|","|move|p2a: Bisharp|Iron Head|p1a: Azumarill","|-damage|p1a: Azumarill|45/402 brn","|-damage|p2a: Bisharp|244/271|[from] item: Life Orb","|cant|p1a: Azumarill|flinch","|","|-damage|p1a: Azumarill|0 fnt|[from] brn","|faint|p1a: Azumarill","|","|switch|p1a: Keldeo|Keldeo|323/323","|turn|15","|","|switch|p2a: Mandibuzz|Mandibuzz, F|317/424 brn","|move|p1a: Keldeo|Secret Sword|p2a: Mandibuzz","|-damage|p2a: Mandibuzz|218/424 brn","|","|-heal|p2a: Mandibuzz|244/424 brn|[from] item: Leftovers","|-damage|p2a: Mandibuzz|191/424 brn|[from] brn","|turn|16","|","|move|p1a: Keldeo|Scald|p2a: Mandibuzz","|-damage|p2a: Mandibuzz|46/424 brn","|move|p2a: Mandibuzz|Roost|p2a: Mandibuzz","|-heal|p2a: Mandibuzz|258/424 brn","|","|-heal|p2a: Mandibuzz|284/424 brn|[from] item: Leftovers","|-damage|p2a: Mandibuzz|231/424 brn|[from] brn","|turn|17","|","|switch|p1a: Politoed|Politoed, F|261/321 tox","|-weather|RainDance","|move|p2a: Mandibuzz|Roost|p2a: Mandibuzz","|-heal|p2a: Mandibuzz|424/424 brn","|","|-weather|RainDance|[upkeep]","|-damage|p1a: Politoed|241/321 tox|[from] psn","|-damage|p2a: Mandibuzz|371/424 brn|[from] brn","|turn|18","|","|move|p1a: Politoed|Scald|p2a: Mandibuzz","|-damage|p2a: Mandibuzz|169/424 brn","|move|p2a: Mandibuzz|Foul Play|p1a: Politoed","|-damage|p1a: Politoed|190/321 tox","|","|-weather|RainDance|[upkeep]","|-heal|p2a: Mandibuzz|195/424 brn|[from] item: Leftovers","|-damage|p1a: Politoed|150/321 tox|[from] psn","|-damage|p2a: Mandibuzz|142/424 brn|[from] brn","|turn|19","|","|switch|p2a: Hydreigon|Hydreigon, M|325/325","|move|p1a: Politoed|Scald|p2a: Hydreigon","|-resisted|p2a: Hydreigon","|-damage|p2a: Hydreigon|226/325","|","|-weather|RainDance|[upkeep]","|-damage|p1a: Politoed|90/321 tox|[from] psn","|turn|20","|","|switch|p1a: Ludicolo|Ludicolo, F|301/301","|move|p2a: Hydreigon|Dark Pulse|p1a: Ludicolo","|-damage|p1a: Ludicolo|204/301","|","|-weather|RainDance|[upkeep]","|turn|21","|","|switch|p2a: Mandibuzz|Mandibuzz, F|142/424 brn","|move|p1a: Ludicolo|Ice Beam|p2a: Mandibuzz","|-supereffective|p2a: Mandibuzz","|-damage|p2a: Mandibuzz|0 fnt","|faint|p2a: Mandibuzz","|","|-weather|none","|","|switch|p2a: Bisharp|Bisharp, F|244/271","|turn|22","|","|switch|p1a: Gyarados|Gyarados-Mega, F|212/331","|-ability|p1a: Gyarados|Mold Breaker","|move|p2a: Bisharp|Swords Dance|p2a: Bisharp","|-boost|p2a: Bisharp|atk|2","|","|turn|23","|","|move|p2a: Bisharp|Iron Head|p1a: Gyarados","|-resisted|p1a: Gyarados","|-damage|p1a: Gyarados|33/331","|-damage|p2a: Bisharp|217/271|[from] item: Life Orb","|cant|p1a: Gyarados|flinch","|","|turn|24","|","|move|p2a: Bisharp|Sucker Punch|p1a: Gyarados","|-resisted|p1a: Gyarados","|-damage|p1a: Gyarados|0 fnt","|-damage|p2a: Bisharp|190/271|[from] item: Life Orb","|faint|p1a: Gyarados","|","|","|switch|p1a: Keldeo|Keldeo|323/323","|turn|25","|","|move|p2a: Bisharp|Sucker Punch|p1a: Keldeo","|-resisted|p1a: Keldeo","|-damage|p1a: Keldeo|128/323","|-boost|p1a: Keldeo|atk|1|[from] ability: Justified","|-damage|p2a: Bisharp|163/271|[from] item: Life Orb","|move|p1a: Keldeo|Secret Sword|p2a: Bisharp","|-supereffective|p2a: Bisharp","|-damage|p2a: Bisharp|0 fnt","|faint|p2a: Bisharp","|","|","|switch|p2a: Hoopa-Unbound|Hoopa-Unbound|301/301","|turn|26","|","|switch|p1a: Politoed|Politoed, F|90/321 tox","|-weather|RainDance","|move|p2a: Hoopa-Unbound|Zen Headbutt|p1a: Politoed","|-damage|p1a: Politoed|0 fnt","|faint|p1a: Politoed","|","|-weather|RainDance|[upkeep]","|","|switch|p1a: Seismitoad|Seismitoad, F|180/351","|turn|27","|","|move|p1a: Seismitoad|Knock Off|p2a: Hoopa-Unbound","|-damage|p2a: Hoopa-Unbound|92/301","|-enditem|p2a: Hoopa-Unbound|Choice Scarf|[from] move: Knock Off|[of] p1a: Seismitoad","|-damage|p1a: Seismitoad|145/351|[from] item: Life Orb","|move|p2a: Hoopa-Unbound|Zen Headbutt|p1a: Seismitoad","|-damage|p1a: Seismitoad|0 fnt","|-item|p2a: Hoopa-Unbound|Life Orb|[from] ability: Magician|[of] p1a: Seismitoad","|-damage|p2a: Hoopa-Unbound|62/301|[from] item: Life Orb","|faint|p1a: Seismitoad","|","|-weather|RainDance|[upkeep]","|","|switch|p1a: Ludicolo|Ludicolo, F|204/301","|turn|28","|","|switch|p2a: Hydreigon|Hydreigon, M|226/325","|move|p1a: Ludicolo|Scald|p2a: Hydreigon","|-resisted|p2a: Hydreigon","|-damage|p2a: Hydreigon|137/325","|-status|p2a: Hydreigon|brn","|","|-weather|RainDance|[upkeep]","|-damage|p2a: Hydreigon|97/325 brn|[from] brn","|turn|29","|","|move|p1a: Ludicolo|Ice Beam|p2a: Hydreigon","|-supereffective|p2a: Hydreigon","|-damage|p2a: Hydreigon|0 fnt","|faint|p2a: Hydreigon","|","|-weather|RainDance|[upkeep]","|","|switch|p2a: Houndoom|Houndoom, M|291/291","|turn|30","|","|detailschange|p2a: Houndoom|Houndoom-Mega, M","|-mega|p2a: Houndoom|Houndoom|Houndoominite","|move|p1a: Ludicolo|Scald|p2a: Houndoom","|-supereffective|p2a: Houndoom","|-damage|p2a: Houndoom|0 fnt","|faint|p2a: Houndoom","|","|-weather|none","|","|switch|p2a: Hoopa-Unbound|Hoopa-Unbound|62/301","|turn|31","|","|move|p2a: Hoopa-Unbound|Hyperspace Fury|p1a: Ludicolo","|-damage|p1a: Ludicolo|0 fnt","|-unboost|p2a: Hoopa-Unbound|def|1","|-damage|p2a: Hoopa-Unbound|32/301|[from] item: Life Orb","|faint|p1a: Ludicolo","|","|","|switch|p1a: Keldeo|Keldeo|128/323","|turn|32","|","|move|p1a: Keldeo|Scald|p2a: Hoopa-Unbound","|-damage|p2a: Hoopa-Unbound|0 fnt","|faint|p2a: Hoopa-Unbound","|","|win|SWL Neßki"],"p1rating":{"entryid":"388","serverid":"eos","formatid":"monotype","userid":"swlneki","username":"SWL Neßki","w":27,"l":"12","t":"0","gxe":66.7,"r":"1624.1733267523","rd":"57.606637259933","sigma":"0","rptime":"1440493200","rpr":1632.1137725309,"rprd":56.911049231806,"rpsigma":"0","acre":1196.7968934023,"lacre":1196.7968934023,"oldacre":"1173.5752820306"},"p2rating":{"entryid":"417858","serverid":"eos","formatid":"monotype","userid":"jhujhu","username":"Jhu Jhu","w":"5","l":2,"t":"0","gxe":59.1,"r":"1585.9063060913","rd":"102.40481351611","sigma":"0","rptime":"1440493200","rpr":1572.2274180703,"rprd":96.225347611658,"rpsigma":"0","acre":1125.596835664,"lacre":1125.596835664,"oldacre":"1148.8184470357"},"endType":"normal"}