{"seed":[30013,27774,11886,14318],"turns":27,"p1":"Crystal Mafetan","p2":"V Icarus","p1team":[{"name":"Magnezone","species":"Magnezone","item":"leftovers","ability":"Analytic","moves":["flashcannon","thunderbolt","lightscreen","reflect"],"nature":"Quiet","evs":{"hp":248,"atk":0,"def":0,"spa":252,"spd":8,"spe":0},"shiny":true,"ivs":{"hp":31,"atk":31,"def":31,"spa":31,"spd":31,"spe":31}},{"name":"Lanturn","species":"Lanturn","item":"leftovers","ability":"Water Absorb","moves":["scald","healbell","icebeam","stockpile"],"nature":"Modest","evs":{"hp":248,"atk":0,"def":0,"spa":252,"spd":8,"spe":0},"gender":"F","ivs":{"hp":31,"atk":31,"def":31,"spa":31,"spd":31,"spe":31}},{"name":"Zapdos","species":"Zapdos","item":"leftovers","ability":"Pressure","moves":["roost","defog","heatwave","extrasensory"],"nature":"Timid","evs":{"hp":248,"atk":0,"def":0,"spa":252,"spd":8,"spe":0},"ivs":{"hp":31,"atk":31,"def":31,"spa":31,"spd":31,"spe":31}},{"name":"Electivire","species":"Electivire","item":"choiceband","ability":"Motor Drive","moves":["rockslide","earthquake","icepunch","crosschop"],"nature":"Adamant","evs":{"hp":0,"atk":252,"def":0,"spa":0,"spd":4,"spe":252},"gender":"M","shiny":true,"ivs":{"hp":31,"atk":31,"def":31,"spa":31,"spd":31,"spe":31}},{"name":"Galvantula","species":"Galvantula","item":"leftovers","ability":"Compound Eyes","moves":["bugbuzz","stickyweb","gigadrain","thunder"],"nature":"Timid","evs":{"hp":0,"atk":0,"def":0,"spa":252,"spd":4,"spe":252},"gender":"M","ivs":{"hp":31,"atk":31,"def":31,"spa":31,"spd":31,"spe":31}},{"name":"Ampharos","species":"Ampharos","item":"ampharosite","ability":"Static","moves":["dragonpulse","cottonguard","thunderbolt","confuseray"],"nature":"Modest","evs":{"hp":248,"atk":0,"def":0,"spa":252,"spd":8,"spe":0},"gender":"F","shiny":true,"ivs":{"hp":31,"atk":31,"def":31,"spa":31,"spd":31,"spe":31}}],"p2team":[{"name":"Ambipom","species":"Ambipom","item":"lifeorb","ability":"Technician","moves":["fakeout","lastresort"],"nature":"Jolly","evs":{"hp":0,"atk":252,"def":0,"spa":0,"spd":0,"spe":252},"ivs":{"hp":31,"atk":31,"def":31,"spa":31,"spd":31,"spe":31}},{"name":"Pidgeot","species":"Pidgeot","item":"pidgeotite","ability":"Big Pecks","moves":["roost","heatwave","hurricane","protect"],"nature":"Timid","evs":{"hp":0,"atk":0,"def":0,"spa":252,"spd":4,"spe":252},"ivs":{"hp":31,"atk":31,"def":31,"spa":31,"spd":31,"spe":31}},{"name":"Regigigas","species":"Regigigas","item":"leftovers","ability":"Slow Start","moves":["thunderwave","confuseray","substitute","knockoff"],"nature":"Careful","evs":{"hp":156,"atk":252,"def":100,"spa":0,"spd":0,"spe":0},"shiny":true,"ivs":{"hp":31,"atk":31,"def":31,"spa":31,"spd":31,"spe":31}},{"name":"Porygon2","species":"Porygon2","item":"eviolite","ability":"Trace","moves":["triattack","icebeam","discharge","recover"],"nature":"Bold","evs":{"hp":76,"atk":0,"def":176,"spa":16,"spd":240,"spe":0},"shiny":true,"ivs":{"hp":31,"atk":31,"def":31,"spa":31,"spd":31,"spe":31}},{"name":"Meloetta","species":"Meloetta","item":"choicespecs","ability":"Serene Grace","moves":["hypervoice","dazzlinggleam","psyshock","focusblast"],"nature":"Modest","evs":{"hp":88,"atk":0,"def":180,"spa":108,"spd":132,"spe":0},"ivs":{"hp":31,"atk":31,"def":31,"spa":31,"spd":31,"spe":31}},{"name":"Staraptor","species":"Staraptor","item":"choicescarf","ability":"Reckless","moves":["bravebird","doubleedge","closecombat","uturn"],"nature":"Jolly","evs":{"hp":4,"atk":252,"def":0,"spa":0,"spd":0,"spe":0},"shiny":true,"ivs":{"hp":31,"atk":31,"def":31,"spa":31,"spd":31,"spe":31}}],"log":["|player|p1|Crystal Mafetan|92","|player|p2|V Icarus|vicarus.png","|gametype|singles","|gen|6","|tier|Monotype","|rated","|rule|Baton Pass Clause: Limit one Baton Passer, can't pass Spe and other stats simultaneously","|rule|Swagger Clause: Swagger is banned","|rule|Same Type Clause: Pokémon in a team must share a type","|clearpoke","|poke|p1|Magnezone, shiny","|poke|p1|Lanturn, F","|poke|p1|Zapdos","|poke|p1|Electivire, M, shiny","|poke|p1|Galvantula, M","|poke|p1|Ampharos, F, shiny","|poke|p2|Ambipom, M","|poke|p2|Pidgeot, M","|poke|p2|Regigigas, shiny","|poke|p2|Porygon2, shiny","|poke|p2|Meloetta","|poke|p2|Staraptor, F, shiny","|rule|Sleep Clause Mod: Limit one foe put to sleep","|rule|Species Clause: Limit one of each Pokémon","|rule|OHKO Clause: OHKO moves are banned","|rule|Moody Clause: Moody is banned","|rule|Evasion Moves Clause: Evasion moves are banned","|rule|Endless Battle Clause: Forcing endless battles is banned","|rule|HP Percentage Mod: HP is shown in percentages","|teampreview","|","|start","|switch|p1a: Magnezone|Magnezone, shiny|343/343","|switch|p2a: Ambipom|Ambipom, M|291/291","|turn|1","|","|switch|p2a: Meloetta|Meloetta|363/363","|move|p1a: Magnezone|Reflect|p1a: Magnezone","|-sidestart|p1: Crystal Mafetan|Reflect","|","|turn|2","|","|move|p2a: Meloetta|Focus Blast|p1a: Magnezone","|-supereffective|p1a: Magnezone","|-damage|p1a: Magnezone|0 fnt","|faint|p1a: Magnezone","|","|","|switch|p1a: Galvantula|Galvantula, M|281/281","|turn|3","|","|switch|p2a: Ambipom|Ambipom, M|291/291","|move|p1a: Galvantula|Sticky Web|p2a: Ambipom","|-sidestart|p2: V Icarus|move: Sticky Web","|","|turn|4","|","|move|p2a: Ambipom|Fake Out|p1a: Galvantula","|-damage|p1a: Galvantula|197/281","|-damage|p2a: Ambipom|262/291|[from] item: Life Orb","|cant|p1a: Galvantula|flinch","|","|-heal|p1a: Galvantula|214/281|[from] item: Leftovers","|turn|5","|","|move|p2a: Ambipom|Last Resort|p1a: Galvantula","|-damage|p1a: Galvantula|7/281","|-damage|p2a: Ambipom|233/291|[from] item: Life Orb","|move|p1a: Galvantula|Giga Drain|p2a: Ambipom","|-damage|p2a: Ambipom|139/291","|-heal|p1a: Galvantula|54/281|[from] drain|[of] p2a: Ambipom","|","|-heal|p1a: Galvantula|71/281|[from] item: Leftovers","|-sideend|p1: Crystal Mafetan|Reflect","|turn|6","|","|move|p2a: Ambipom|Last Resort|p1a: Galvantula","|-damage|p1a: Galvantula|0 fnt","|-damage|p2a: Ambipom|110/291|[from] item: Life Orb","|faint|p1a: Galvantula","|","|","|switch|p1a: Ampharos|Ampharos, F, shiny|383/383","|turn|7","|","|detailschange|p1a: Ampharos|Ampharos-Mega, F, shiny","|-mega|p1a: Ampharos|Ampharos|Ampharosite","|-ability|p1a: Ampharos|Mold Breaker","|move|p2a: Ambipom|Last Resort|p1a: Ampharos","|-damage|p1a: Ampharos|102/383","|-damage|p2a: Ambipom|81/291|[from] item: Life Orb","|move|p1a: Ampharos|Cotton Guard|p1a: Ampharos","|-boost|p1a: Ampharos|def|3","|","|turn|8","|","|move|p2a: Ambipom|Last Resort|p1a: Ampharos","|-damage|p1a: Ampharos|0 fnt","|-damage|p2a: Ambipom|52/291|[from] item: Life Orb","|faint|p1a: Ampharos","|","|","|switch|p1a: Electivire|Electivire, M, shiny|291/291","|turn|9","|","|switch|p2a: Regigigas|Regigigas, shiny|400/400","|-activate|p2a: Regigigas|move: Sticky Web","|-unboost|p2a: Regigigas|spe|1","|-start|p2a: Regigigas|Slow Start","|move|p1a: Electivire|Cross Chop|p2a: Regigigas","|-supereffective|p2a: Regigigas","|-damage|p2a: Regigigas|66/400","|","|-heal|p2a: Regigigas|91/400|[from] item: Leftovers","|turn|10","|","|move|p1a: Electivire|Cross Chop|p2a: Regigigas|[miss]","|-miss|p1a: Electivire|p2a: Regigigas","|move|p2a: Regigigas|Confuse Ray|p1a: Electivire","|-start|p1a: Electivire|confusion","|","|-heal|p2a: Regigigas|116/400|[from] item: Leftovers","|turn|11","|","|-activate|p1a: Electivire|confusion","|-damage|p1a: Electivire|193/291|[from] confusion","|move|p2a: Regigigas|Knock Off|p1a: Electivire","|-damage|p1a: Electivire|91/291","|-enditem|p1a: Electivire|Choice Band|[from] move: Knock Off|[of] p2a: Regigigas","|","|-heal|p2a: Regigigas|141/400|[from] item: Leftovers","|turn|12","|","|-end|p1a: Electivire|confusion","|move|p1a: Electivire|Cross Chop|p2a: Regigigas","|-supereffective|p2a: Regigigas","|-damage|p2a: Regigigas|0 fnt","|faint|p2a: Regigigas","|-end|p2a: Regigigas|Slow Start|[silent]","|","|","|-end|p2: Regigigas|Slow Start|[silent]","|switch|p2a: Staraptor|Staraptor, F, shiny|312/312","|turn|13","|","|move|p2a: Staraptor|Double-Edge|p1a: Electivire","|-damage|p1a: Electivire|0 fnt","|-damage|p2a: Staraptor|282/312|[from] recoil|[of] p1a: Electivire","|faint|p1a: Electivire","|","|","|switch|p1a: Lanturn|Lanturn, F|453/453","|turn|14","|","|switch|p2a: Porygon2|Porygon2, shiny|330/330","|-activate|p2a: Porygon2|move: Sticky Web","|-unboost|p2a: Porygon2|spe|1","|-ability|p2a: Porygon2|Water Absorb|[from] ability: Trace|[of] p1a: Lanturn","|move|p1a: Lanturn|Ice Beam|p2a: Porygon2","|-damage|p2a: Porygon2|285/330","|","|turn|15","|","|move|p1a: Lanturn|Stockpile|p1a: Lanturn","|-start|p1a: Lanturn|stockpile1","|-boost|p1a: Lanturn|def|1","|-boost|p1a: Lanturn|spd|1","|move|p2a: Porygon2|Tri Attack|p1a: Lanturn","|-damage|p1a: Lanturn|363/453","|","|-heal|p1a: Lanturn|391/453|[from] item: Leftovers","|turn|16","|","|move|p1a: Lanturn|Stockpile|p1a: Lanturn","|-start|p1a: Lanturn|stockpile2","|-boost|p1a: Lanturn|def|1","|-boost|p1a: Lanturn|spd|1","|move|p2a: Porygon2|Tri Attack|p1a: Lanturn","|-damage|p1a: Lanturn|333/453","|","|-heal|p1a: Lanturn|361/453|[from] item: Leftovers","|turn|17","|","|move|p1a: Lanturn|Stockpile|p1a: Lanturn","|-start|p1a: Lanturn|stockpile3","|-boost|p1a: Lanturn|def|1","|-boost|p1a: Lanturn|spd|1","|move|p2a: Porygon2|Tri Attack|p1a: Lanturn","|-damage|p1a: Lanturn|307/453","|","|-heal|p1a: Lanturn|335/453|[from] item: Leftovers","|turn|18","|","|move|p1a: Lanturn|Scald|p2a: Porygon2","|-heal|p2a: Porygon2|330/330|[from] ability: Water Absorb|[of] p1a: Lanturn","|move|p2a: Porygon2|Tri Attack|p1a: Lanturn","|-damage|p1a: Lanturn|286/453","|-status|p1a: Lanturn|frz","|","|-heal|p1a: Lanturn|314/453 frz|[from] item: Leftovers","|turn|19","|","|switch|p2a: Ambipom|Ambipom, M|52/291","|-activate|p2a: Ambipom|move: Sticky Web","|-unboost|p2a: Ambipom|spe|1","|cant|p1a: Lanturn|frz","|","|-heal|p1a: Lanturn|342/453 frz|[from] item: Leftovers","|turn|20","|","|move|p2a: Ambipom|Fake Out|p1a: Lanturn","|-damage|p1a: Lanturn|268/453 frz","|-damage|p2a: Ambipom|23/291|[from] item: Life Orb","|-curestatus|p1a: Lanturn|frz","|cant|p1a: Lanturn|flinch","|","|-heal|p1a: Lanturn|296/453|[from] item: Leftovers","|turn|21","|","|move|p2a: Ambipom|Last Resort|p1a: Lanturn","|-damage|p1a: Lanturn|119/453","|-damage|p2a: Ambipom|0 fnt|[from] item: Life Orb","|faint|p2a: Ambipom","|move|p1a: Lanturn|Scald|p2: Ambipom|[notarget]","|-notarget","|","|-heal|p1a: Lanturn|147/453|[from] item: Leftovers","|","|switch|p2a: Staraptor|Staraptor, F, shiny|282/312","|turn|22","|","|move|p2a: Staraptor|Double-Edge|p1a: Lanturn","|-damage|p1a: Lanturn|0 fnt","|-damage|p2a: Staraptor|233/312|[from] recoil|[of] p1a: Lanturn","|faint|p1a: Lanturn","|","|","|switch|p1a: Zapdos|Zapdos|383/383","|-ability|p1a: Zapdos|Pressure","|turn|23","|","|move|p2a: Staraptor|Double-Edge|p1a: Zapdos","|-damage|p1a: Zapdos|122/383","|-damage|p2a: Staraptor|147/312|[from] recoil|[of] p1a: Zapdos","|move|p1a: Zapdos|Heat Wave|p2a: Staraptor","|-damage|p2a: Staraptor|0 fnt","|faint|p2a: Staraptor","|","|-heal|p1a: Zapdos|145/383|[from] item: Leftovers","|","|switch|p2a: Pidgeot|Pidgeot, M|307/307","|turn|24","|","|detailschange|p2a: Pidgeot|Pidgeot-Mega, M","|-mega|p2a: Pidgeot|Pidgeot|Pidgeotite","|move|p2a: Pidgeot|Protect|p2a: Pidgeot","|-singleturn|p2a: Pidgeot|Protect","|move|p1a: Zapdos|Roost|p1a: Zapdos","|-heal|p1a: Zapdos|337/383","|","|-heal|p1a: Zapdos|360/383|[from] item: Leftovers","|turn|25","|","|move|p2a: Pidgeot|Heat Wave|p1a: Zapdos","|-damage|p1a: Zapdos|236/383","|-status|p1a: Zapdos|brn","|move|p1a: Zapdos|Heat Wave|p2a: Pidgeot","|-damage|p2a: Pidgeot|172/307","|","|-heal|p1a: Zapdos|259/383 brn|[from] item: Leftovers","|-damage|p1a: Zapdos|212/383 brn|[from] brn","|turn|26","|","|move|p2a: Pidgeot|Heat Wave|p1a: Zapdos","|-damage|p1a: Zapdos|91/383 brn","|move|p1a: Zapdos|Heat Wave|p2a: Pidgeot","|-crit|p2a: Pidgeot","|-damage|p2a: Pidgeot|0 fnt","|faint|p2a: Pidgeot","|","|-heal|p1a: Zapdos|114/383 brn|[from] item: Leftovers","|-damage|p1a: Zapdos|67/383 brn|[from] brn","|","|switch|p2a: Meloetta|Meloetta|363/363","|-activate|p2a: Meloetta|move: Sticky Web","|-unboost|p2a: Meloetta|spe|1","|turn|27","|","|move|p1a: Zapdos|Roost|p1a: Zapdos","|-heal|p1a: Zapdos|259/383 brn","|move|p2a: Meloetta|Psyshock|p1a: Zapdos","|-damage|p1a: Zapdos|16/383 brn","|","|-heal|p1a: Zapdos|39/383 brn|[from] item: Leftovers","|-damage|p1a: Zapdos|0 fnt|[from] brn","|faint|p1a: Zapdos","|","|win|V Icarus"],"p1rating":{"entryid":"171443","serverid":"eos","formatid":"monotype","userid":"crystalmafetan","username":"Crystal Mafetan","w":"8","l":11,"t":"0","gxe":45.2,"r":"1449.5813050498","rd":"78.384295072067","sigma":"0","rptime":"1440493200","rpr":1462.65595736,"rprd":72.701036733279,"rpsigma":"0","acre":1088.7982298274,"lacre":1088.7982298274,"oldacre":"1118.7704945897"},"p2rating":{"entryid":"312374","serverid":"eos","formatid":"monotype","userid":"vicarus","username":"V Icarus","w":2,"l":"0","t":"0","gxe":57.9,"r":"1534.3204118723","rd":"122.59590519487","sigma":"0","rptime":"1440493200","rpr":1563.3279781395,"rprd":116.31455219011,"rpsigma":"0","acre":1087.9267675354,"lacre":1087.9267675354,"oldacre":"1048.7354070575"},"endType":"normal"}