{"seed":[3432,3684,13217,15108],"turns":21,"p1":"Dragotic™","p2":"GTX♅WillWolf","p1team":[{"name":"Pinsir","species":"Pinsir","item":"pinsirite","ability":"Moxie","moves":["closecombat","frustration","quickattack","earthquake"],"nature":"Jolly","evs":{"hp":0,"atk":252,"def":0,"spa":0,"spd":4,"spe":252},"happiness":0,"ivs":{"hp":31,"atk":31,"def":31,"spa":31,"spd":31,"spe":31}},{"name":"Scizor","species":"Scizor","item":"occaberry","ability":"Technician","moves":["bulletpunch","superpower","swordsdance","knockoff"],"nature":"Adamant","evs":{"hp":76,"atk":252,"def":0,"spa":0,"spd":8,"spe":172},"ivs":{"hp":31,"atk":31,"def":31,"spa":31,"spd":31,"spe":31}},{"name":"Shuckle","species":"Shuckle","item":"sitrusberry","ability":"Gluttony","moves":["substitute","protect","infestation","toxic"],"nature":"Jolly","evs":{"hp":248,"atk":8,"def":0,"spa":0,"spd":0,"spe":252},"ivs":{"hp":31,"atk":31,"def":31,"spa":31,"spd":31,"spe":31}},{"name":"Galvantula","species":"Galvantula","item":"focussash","ability":"Compound Eyes","moves":["thunder","energyball","stickyweb","bugbuzz"],"nature":"Timid","evs":{"hp":0,"atk":0,"def":0,"spa":252,"spd":4,"spe":252},"ivs":{"hp":31,"atk":31,"def":31,"spa":31,"spd":31,"spe":31}},{"name":"Heracross","species":"Heracross","item":"choicescarf","ability":"Moxie","moves":["stoneedge","earthquake","closecombat","megahorn"],"nature":"Jolly","evs":{"hp":0,"atk":252,"def":0,"spa":0,"spd":4,"spe":252},"ivs":{"hp":31,"atk":31,"def":31,"spa":31,"spd":31,"spe":31}},{"name":"Volcarona","species":"Volcarona","item":"focussash","ability":"Flame Body","moves":["quiverdance","fierydance","hiddenpowerground","gigadrain"],"nature":"Modest","evs":{"hp":0,"atk":0,"def":0,"spa":252,"spd":4,"spe":252},"ivs":{"hp":31,"atk":31,"def":31,"spa":30,"spd":30,"spe":31}}],"p2team":[{"name":"Landorus-Therian","species":"Landorus-Therian","item":"choicescarf","ability":"Intimidate","moves":["earthquake","knockoff","stoneedge","uturn"],"nature":"Jolly","evs":{"hp":0,"atk":252,"def":0,"spa":0,"spd":4,"spe":252},"ivs":{"hp":31,"atk":31,"def":31,"spa":31,"spd":31,"spe":31}},{"name":"Dragonite","species":"Dragonite","item":"leftovers","ability":"Multiscale","moves":["dragondance","earthquake","outrage","extremespeed"],"nature":"Adamant","evs":{"hp":124,"atk":252,"def":40,"spa":0,"spd":24,"spe":68},"ivs":{"hp":31,"atk":31,"def":31,"spa":31,"spd":31,"spe":31}},{"name":"Skarmory","species":"Skarmory","item":"leftovers","ability":"Sturdy","moves":["roost","stealthrock","bravebird","spikes"],"nature":"Impish","evs":{"hp":252,"atk":0,"def":232,"spa":0,"spd":0,"spe":24},"ivs":{"hp":31,"atk":31,"def":31,"spa":31,"spd":31,"spe":31}},{"name":"Thundurus","species":"Thundurus","item":"lifeorb","ability":"Prankster","moves":["nastyplot","thunderbolt","superpower","uturn"],"nature":"Hasty","evs":{"hp":0,"atk":4,"def":0,"spa":252,"spd":0,"spe":252},"ivs":{"hp":31,"atk":31,"def":31,"spa":31,"spd":31,"spe":31}},{"name":"Moltres","species":"Moltres","item":"lifeorb","ability":"Pressure","moves":["roost","fireblast","airslash","ancientpower"],"nature":"Timid","evs":{"hp":0,"atk":0,"def":4,"spa":252,"spd":0,"spe":252},"ivs":{"hp":31,"atk":31,"def":31,"spa":31,"spd":31,"spe":31}},{"name":"Aerodactyl","species":"Aerodactyl","item":"aerodactylite","ability":"Rock Head","moves":["earthquake","stoneedge","aerialace","firefang"],"nature":"Jolly","evs":{"hp":0,"atk":252,"def":0,"spa":0,"spd":4,"spe":252},"ivs":{"hp":31,"atk":31,"def":31,"spa":31,"spd":31,"spe":31}}],"log":["|player|p1|Dragotic™|dragotic.png","|player|p2|GTX♅WillWolf|54","|gametype|singles","|gen|6","|tier|Monotype","|rated","|rule|Baton Pass Clause: Limit one Baton Passer, can't pass Spe and other stats simultaneously","|rule|Swagger Clause: Swagger is banned","|rule|Same Type Clause: Pokémon in a team must share a type","|clearpoke","|poke|p1|Pinsir, F","|poke|p1|Scizor, F","|poke|p1|Shuckle, F","|poke|p1|Galvantula, F","|poke|p1|Heracross, F","|poke|p1|Volcarona, M","|poke|p2|Landorus-Therian, M","|poke|p2|Dragonite, M","|poke|p2|Skarmory, F","|poke|p2|Thundurus, M","|poke|p2|Moltres","|poke|p2|Aerodactyl, F","|rule|Sleep Clause Mod: Limit one foe put to sleep","|rule|Species Clause: Limit one of each Pokémon","|rule|OHKO Clause: OHKO moves are banned","|rule|Moody Clause: Moody is banned","|rule|Evasion Moves Clause: Evasion moves are banned","|rule|Endless Battle Clause: Forcing endless battles is banned","|rule|HP Percentage Mod: HP is shown in percentages","|teampreview","|","|start","|switch|p1a: Galvantula|Galvantula, F|281/281","|switch|p2a: Skarmory|Skarmory, F|334/334","|turn|1","|","|move|p1a: Galvantula|Thunder|p2a: Skarmory","|-supereffective|p2a: Skarmory","|-ability|p2a: Skarmory|Sturdy","|-damage|p2a: Skarmory|1/334","|move|p2a: Skarmory|Brave Bird|p1a: Galvantula","|-damage|p1a: Galvantula|107/281","|-damage|p2a: Skarmory|0 fnt|[from] recoil|[of] p1a: Galvantula","|faint|p2a: Skarmory","|","|","|switch|p2a: Aerodactyl|Aerodactyl, F|301/301","|turn|2","|","|switch|p1a: Shuckle|Shuckle, F|243/243","|detailschange|p2a: Aerodactyl|Aerodactyl-Mega, F","|-mega|p2a: Aerodactyl|Aerodactyl|Aerodactylite","|move|p2a: Aerodactyl|Aerial Ace|p1a: Shuckle","|-damage|p1a: Shuckle|174/243","|","|turn|3","|","|move|p2a: Aerodactyl|Stone Edge|p1a: Shuckle","|-supereffective|p1a: Shuckle","|-damage|p1a: Shuckle|10/243","|-enditem|p1a: Shuckle|Sitrus Berry|[eat]","|-heal|p1a: Shuckle|70/243|[from] item: Sitrus Berry","|move|p1a: Shuckle|Toxic|p2a: Aerodactyl","|-status|p2a: Aerodactyl|tox","|","|-damage|p2a: Aerodactyl|283/301 tox|[from] psn","|turn|4","|","|move|p1a: Shuckle|Protect|p1a: Shuckle","|-singleturn|p1a: Shuckle|Protect","|move|p2a: Aerodactyl|Fire Fang|p1a: Shuckle","|-activate|p1a: Shuckle|Protect","|","|-damage|p2a: Aerodactyl|247/301 tox|[from] psn","|turn|5","|","|move|p2a: Aerodactyl|Stone Edge|p1a: Shuckle","|-supereffective|p1a: Shuckle","|-damage|p1a: Shuckle|0 fnt","|faint|p1a: Shuckle","|","|-damage|p2a: Aerodactyl|193/301 tox|[from] psn","|","|switch|p1a: Volcarona|Volcarona, M|311/311","|turn|6","|","|move|p2a: Aerodactyl|Aerial Ace|p1a: Volcarona","|-supereffective|p1a: Volcarona","|-enditem|p1a: Volcarona|Focus Sash","|-damage|p1a: Volcarona|1/311","|move|p1a: Volcarona|Quiver Dance|p1a: Volcarona","|-boost|p1a: Volcarona|spa|1","|-boost|p1a: Volcarona|spd|1","|-boost|p1a: Volcarona|spe|1","|","|-damage|p2a: Aerodactyl|121/301 tox|[from] psn","|turn|7","|","|move|p1a: Volcarona|Giga Drain|p2a: Aerodactyl","|-damage|p2a: Aerodactyl|0 fnt","|-heal|p1a: Volcarona|62/311|[from] drain|[of] p2a: Aerodactyl","|faint|p2a: Aerodactyl","|","|","|switch|p2a: Moltres|Moltres|321/321","|-ability|p2a: Moltres|Pressure","|turn|8","|","|move|p1a: Volcarona|Fiery Dance|p2a: Moltres","|-resisted|p2a: Moltres","|-damage|p2a: Moltres|192/321","|-boost|p1a: Volcarona|spa|1","|move|p2a: Moltres|Ancient Power|p1a: Volcarona","|-supereffective|p1a: Volcarona","|-damage|p1a: Volcarona|0 fnt","|-damage|p2a: Moltres|160/321|[from] item: Life Orb","|faint|p1a: Volcarona","|","|","|switch|p1a: Heracross|Heracross, F|301/301","|turn|9","|","|switch|p2a: Landorus-Therian|Landorus-Therian, M|319/319","|-ability|p2a: Landorus-Therian|Intimidate","|-unboost|p1a: Heracross|atk|1","|move|p1a: Heracross|Stone Edge|p2a: Landorus-Therian|[miss]","|-miss|p1a: Heracross|p2a: Landorus-Therian","|","|turn|10","|","|switch|p1a: Galvantula|Galvantula, F|107/281","|move|p2a: Landorus-Therian|Knock Off|p1a: Galvantula","|-damage|p1a: Galvantula|0 fnt","|-enditem|p1a: Galvantula|Focus Sash|[from] move: Knock Off|[of] p2a: Landorus-Therian","|faint|p1a: Galvantula","|","|","|switch|p1a: Scizor|Scizor, F|300/300","|turn|11","|","|switch|p2a: Thundurus|Thundurus, M|299/299","|move|p1a: Scizor|Swords Dance|p1a: Scizor","|-boost|p1a: Scizor|atk|2","|","|turn|12","|","|move|p1a: Scizor|Bullet Punch|p2a: Thundurus","|-resisted|p2a: Thundurus","|-damage|p2a: Thundurus|127/299","|move|p2a: Thundurus|Thunderbolt|p1a: Scizor","|-damage|p1a: Scizor|49/300","|-damage|p2a: Thundurus|98/299|[from] item: Life Orb","|","|turn|13","|","|move|p1a: Scizor|Bullet Punch|p2a: Thundurus","|-resisted|p2a: Thundurus","|-damage|p2a: Thundurus|0 fnt","|faint|p2a: Thundurus","|","|","|switch|p2a: Dragonite|Dragonite, M|354/354","|turn|14","|","|move|p1a: Scizor|Bullet Punch|p2a: Dragonite","|-damage|p2a: Dragonite|240/354","|move|p2a: Dragonite|Dragon Dance|p2a: Dragonite","|-boost|p2a: Dragonite|atk|1","|-boost|p2a: Dragonite|spe|1","|","|-heal|p2a: Dragonite|262/354|[from] item: Leftovers","|turn|15","|","|move|p1a: Scizor|Bullet Punch|p2a: Dragonite","|-damage|p2a: Dragonite|18/354","|move|p2a: Dragonite|Dragon Dance|p2a: Dragonite","|-boost|p2a: Dragonite|atk|1","|-boost|p2a: Dragonite|spe|1","|","|-heal|p2a: Dragonite|40/354|[from] item: Leftovers","|turn|16","|","|move|p2a: Dragonite|Extreme Speed|p1a: Scizor","|-resisted|p1a: Scizor","|-damage|p1a: Scizor|0 fnt","|faint|p1a: Scizor","|","|-heal|p2a: Dragonite|62/354|[from] item: Leftovers","|","|switch|p1a: Heracross|Heracross, F|301/301","|turn|17","|","|move|p2a: Dragonite|Extreme Speed|p1a: Heracross","|-damage|p1a: Heracross|35/301","|move|p1a: Heracross|Stone Edge|p2a: Dragonite|[miss]","|-miss|p1a: Heracross|p2a: Dragonite","|","|-heal|p2a: Dragonite|84/354|[from] item: Leftovers","|turn|18","|","|move|p2a: Dragonite|Extreme Speed|p1a: Heracross","|-damage|p1a: Heracross|0 fnt","|faint|p1a: Heracross","|","|-heal|p2a: Dragonite|106/354|[from] item: Leftovers","|","|switch|p1a: Pinsir|Pinsir, F|271/271","|turn|19","|","|detailschange|p1a: Pinsir|Pinsir-Mega, F","|-mega|p1a: Pinsir|Pinsir|Pinsirite","|move|p1a: Pinsir|Quick Attack|p2a: Dragonite","|-damage|p2a: Dragonite|0 fnt","|faint|p2a: Dragonite","|","|","|switch|p2a: Landorus-Therian|Landorus-Therian, M|319/319","|-ability|p2a: Landorus-Therian|Intimidate","|-unboost|p1a: Pinsir|atk|1","|turn|20","|","|move|p2a: Landorus-Therian|Stone Edge|p1a: Pinsir|[miss]","|-miss|p2a: Landorus-Therian|p1a: Pinsir","|move|p1a: Pinsir|Frustration|p2a: Landorus-Therian","|-damage|p2a: Landorus-Therian|139/319","|","|turn|21","|","|move|p2a: Landorus-Therian|Stone Edge|p1a: Pinsir","|-supereffective|p1a: Pinsir","|-damage|p1a: Pinsir|0 fnt","|faint|p1a: Pinsir","|","|win|GTX♅WillWolf"],"p1rating":{"entryid":"11726","serverid":"eos","formatid":"monotype","userid":"dragotic","username":"Dragotic","w":"4","l":3,"t":"0","gxe":55.6,"r":"1533.1636790784","rd":"103.63204316742","sigma":"0","rptime":"1440493200","rpr":1543.6953546111,"rprd":96.801052785206,"rpsigma":"0","acre":1105.5271110023,"lacre":1105.5271110023,"oldacre":"1140.0947377289"},"p2rating":{"entryid":444424,"formatid":"monotype","userid":"gtxwillwolf","username":"GTX♅WillWolf","r":1500,"rd":130,"sigma":0,"rpr":1544.7749562425,"rprd":122.54862543359,"rpsigma":0,"rptime":1440493200,"w":1,"l":0,"t":0,"gxe":55.6,"acre":1055.3082027626,"lacre":1055.3082027626,"oldacre":1000},"endType":"normal"}