{"seed":[53942,34231,42519,29951],"turns":48,"p1":"Gym Ldr Mitsuka∆","p2":"Seven Swell","p1team":[{"name":"Bellossom","species":"Bellossom","item":"leftovers","ability":"Chlorophyll","moves":["infestation","leechseed","hiddenpowerfire","sleeppowder"],"nature":"Bold","evs":{"hp":252,"atk":0,"def":252,"spa":0,"spd":4,"spe":0},"ivs":{"hp":31,"atk":30,"def":31,"spa":30,"spd":31,"spe":30}},{"name":"Abomasnow","species":"Abomasnow","item":"abomasite","ability":"Soundproof","moves":["earthquake","blizzard","iceshard","gigadrain"],"nature":"Naughty","evs":{"hp":68,"atk":252,"def":0,"spa":8,"spd":0,"spe":180},"ivs":{"hp":31,"atk":30,"def":31,"spa":30,"spd":31,"spe":30}},{"name":"Roserade","species":"Roserade","item":"choicescarf","ability":"Technician","moves":["hiddenpowerrock","extrasensory","sludgebomb","gigadrain"],"nature":"Timid","evs":{"hp":0,"atk":0,"def":0,"spa":252,"spd":4,"spe":252},"ivs":{"hp":31,"atk":31,"def":30,"spa":31,"spd":30,"spe":30}},{"name":"Leavanny","species":"Leavanny","item":"focussash","ability":"Swarm","moves":["stickyweb","leafblade","knockoff","xscissor"],"nature":"Adamant","evs":{"hp":4,"atk":252,"def":0,"spa":0,"spd":0,"spe":252},"ivs":{"hp":31,"atk":31,"def":31,"spa":31,"spd":31,"spe":31}},{"name":"Ferrothorn","species":"Ferrothorn","item":"occaberry","ability":"Iron Barbs","moves":["stealthrock","thunderwave","knockoff","ironhead"],"nature":"Impish","evs":{"hp":252,"atk":0,"def":128,"spa":0,"spd":128,"spe":0},"ivs":{"hp":31,"atk":31,"def":31,"spa":31,"spd":31,"spe":31}},{"name":"Breloom","species":"Breloom","item":"focussash","ability":"Technician","moves":["spore","rocktomb","machpunch","bulletseed"],"nature":"Jolly","evs":{"hp":0,"atk":252,"def":0,"spa":0,"spd":4,"spe":252},"ivs":{"hp":31,"atk":31,"def":31,"spa":31,"spd":31,"spe":31}}],"p2team":[{"name":"Mew","species":"Mew","item":"leftovers","ability":"Synchronize","moves":["roost","toxic","healbell","aurasphere"],"nature":"Calm","evs":{"hp":252,"atk":0,"def":0,"spa":4,"spd":252,"spe":0},"ivs":{"hp":31,"atk":0,"def":31,"spa":31,"spd":31,"spe":31}},{"name":"Slowbro","species":"Slowbro","item":"rockyhelmet","ability":"Regenerator","moves":["scald","yawn","flamethrower","slackoff"],"nature":"Bold","evs":{"hp":252,"atk":0,"def":252,"spa":4,"spd":0,"spe":0},"ivs":{"hp":31,"atk":0,"def":31,"spa":31,"spd":31,"spe":31}},{"name":"Deoxys-Speed","species":"Deoxys-Speed","item":"focussash","ability":"Pressure","moves":["stealthrock","thunderbolt","thunderwave","icebeam"],"nature":"Timid","evs":{"hp":252,"atk":0,"def":0,"spa":44,"spd":0,"spe":212},"ivs":{"hp":31,"atk":0,"def":31,"spa":31,"spd":31,"spe":31}},{"name":"Latias","species":"Latias","item":"leftovers","ability":"Levitate","moves":["dracometeor","psyshock","roost","defog"],"nature":"Timid","evs":{"hp":252,"atk":0,"def":0,"spa":4,"spd":0,"spe":252},"ivs":{"hp":31,"atk":0,"def":31,"spa":31,"spd":31,"spe":31}},{"name":"Hoopa-Unbound","species":"Hoopa-Unbound","item":"focussash","ability":"Magician","moves":["hyperspacefury","drainpunch","firepunch","gunkshot"],"nature":"Adamant","evs":{"hp":0,"atk":252,"def":0,"spa":0,"spd":4,"spe":252},"ivs":{"hp":31,"atk":31,"def":31,"spa":31,"spd":31,"spe":31}},{"name":"Gardevoir","species":"Gardevoir","item":"gardevoirite","ability":"Trace","moves":["hypervoice","psyshock","shadowball","taunt"],"nature":"Timid","evs":{"hp":0,"atk":0,"def":0,"spa":252,"spd":4,"spe":252},"ivs":{"hp":31,"atk":0,"def":31,"spa":31,"spd":31,"spe":31}}],"log":["|player|p1|Gym Ldr Mitsuka∆|2","|player|p2|Seven Swell|sevenswell.png","|gametype|singles","|gen|6","|tier|Monotype","|rated","|rule|Baton Pass Clause: Limit one Baton Passer, can't pass Spe and other stats simultaneously","|rule|Swagger Clause: Swagger is banned","|rule|Same Type Clause: Pokémon in a team must share a type","|clearpoke","|poke|p1|Bellossom, M","|poke|p1|Abomasnow, F","|poke|p1|Roserade, F","|poke|p1|Leavanny, M","|poke|p1|Ferrothorn, F","|poke|p1|Breloom, F","|poke|p2|Mew","|poke|p2|Slowbro, F","|poke|p2|Deoxys-Speed","|poke|p2|Latias, F","|poke|p2|Hoopa-Unbound","|poke|p2|Gardevoir, F","|rule|Sleep Clause Mod: Limit one foe put to sleep","|rule|Species Clause: Limit one of each Pokémon","|rule|OHKO Clause: OHKO moves are banned","|rule|Moody Clause: Moody is banned","|rule|Evasion Moves Clause: Evasion moves are banned","|rule|Endless Battle Clause: Forcing endless battles is banned","|rule|HP Percentage Mod: HP is shown in percentages","|teampreview","|","|start","|switch|p1a: Leavanny|Leavanny, M|292/292","|switch|p2a: Slowbro|Slowbro, F|394/394","|turn|1","|","|move|p1a: Leavanny|Sticky Web|p2a: Slowbro","|-sidestart|p2: Seven Swell|move: Sticky Web","|move|p2a: Slowbro|Flamethrower|p1a: Leavanny","|-supereffective|p1a: Leavanny","|-enditem|p1a: Leavanny|Focus Sash","|-damage|p1a: Leavanny|1/292","|","|turn|2","|","|move|p1a: Leavanny|Leaf Blade|p2a: Slowbro","|-supereffective|p2a: Slowbro","|-damage|p2a: Slowbro|182/394","|-damage|p1a: Leavanny|0 fnt|[from] item: Rocky Helmet|[of] p2a: Slowbro","|faint|p1a: Leavanny","|move|p2a: Slowbro|Slack Off|p2a: Slowbro","|-heal|p2a: Slowbro|379/394","|","|","|switch|p1a: Roserade|Roserade, F|261/261","|turn|3","|","|switch|p2a: Latias|Latias, F|364/364","|move|p1a: Roserade|Giga Drain|p2a: Latias","|-resisted|p2a: Latias","|-damage|p2a: Latias|313/364","|","|-heal|p2a: Latias|335/364|[from] item: Leftovers","|turn|4","|","|switch|p1a: Bellossom|Bellossom, M|354/354","|move|p2a: Latias|Defog|p1a: Bellossom","|-unboost|p1a: Bellossom|evasion|1","|-sideend|p2: Seven Swell|Sticky Web|[from] move: Defog|[of] p2a: Latias","|","|-heal|p2a: Latias|357/364|[from] item: Leftovers","|turn|5","|","|move|p2a: Latias|Psyshock|p1a: Bellossom","|-crit|p1a: Bellossom","|-damage|p1a: Bellossom|234/354","|move|p1a: Bellossom|Infestation|p2a: Latias","|-supereffective|p2a: Latias","|-damage|p2a: Latias|333/364","|-activate|p2a: Latias|move: Infestation|[of] p1a: Bellossom","|","|-heal|p2a: Latias|355/364|[from] item: Leftovers","|-heal|p1a: Bellossom|256/354|[from] item: Leftovers","|-damage|p2a: Latias|310/364|[from] move: Infestation|[partiallytrapped]","|turn|6","|","|move|p2a: Latias|Psyshock|p1a: Bellossom","|-damage|p1a: Bellossom|184/354","|move|p1a: Bellossom|Sleep Powder|p2a: Latias","|-status|p2a: Latias|slp","|","|-heal|p2a: Latias|332/364 slp|[from] item: Leftovers","|-heal|p1a: Bellossom|206/354|[from] item: Leftovers","|-damage|p2a: Latias|287/364 slp|[from] move: Infestation|[partiallytrapped]","|turn|7","|","|cant|p2a: Latias|slp","|move|p1a: Bellossom|Leech Seed|p2a: Latias","|-start|p2a: Latias|move: Leech Seed","|","|-heal|p2a: Latias|309/364 slp|[from] item: Leftovers","|-heal|p1a: Bellossom|228/354|[from] item: Leftovers","|-damage|p2a: Latias|264/364 slp|[from] Leech Seed|[of] p1a: Bellossom","|-heal|p1a: Bellossom|273/354|[silent]","|-damage|p2a: Latias|219/364 slp|[from] move: Infestation|[partiallytrapped]","|turn|8","|","|cant|p2a: Latias|slp","|move|p1a: Bellossom|Hidden Power|p2a: Latias","|-resisted|p2a: Latias","|-damage|p2a: Latias|202/364 slp","|","|-heal|p2a: Latias|224/364 slp|[from] item: Leftovers","|-heal|p1a: Bellossom|295/354|[from] item: Leftovers","|-damage|p2a: Latias|179/364 slp|[from] Leech Seed|[of] p1a: Bellossom","|-heal|p1a: Bellossom|340/354|[silent]","|-damage|p2a: Latias|134/364 slp|[from] move: Infestation|[partiallytrapped]","|turn|9","|","|cant|p2a: Latias|slp","|move|p1a: Bellossom|Hidden Power|p2a: Latias","|-resisted|p2a: Latias","|-damage|p2a: Latias|118/364 slp","|","|-heal|p2a: Latias|140/364 slp|[from] item: Leftovers","|-heal|p1a: Bellossom|354/354|[from] item: Leftovers","|-damage|p2a: Latias|95/364 slp|[from] Leech Seed|[of] p1a: Bellossom","|-damage|p2a: Latias|50/364 slp|[from] move: Infestation|[partiallytrapped]","|turn|10","|","|-curestatus|p2a: Latias|slp","|move|p2a: Latias|Roost|p2a: Latias","|-heal|p2a: Latias|232/364","|move|p1a: Bellossom|Sleep Powder|p2a: Latias","|-status|p2a: Latias|slp","|","|-heal|p2a: Latias|254/364 slp|[from] item: Leftovers","|-damage|p2a: Latias|209/364 slp|[from] Leech Seed|[of] p1a: Bellossom","|-end|p2a: Latias|Infestation|[partiallytrapped]","|turn|11","|","|switch|p2a: Gardevoir|Gardevoir, F|277/277","|-ability|p2a: Gardevoir|Chlorophyll|[from] ability: Trace|[of] p1a: Bellossom","|move|p1a: Bellossom|Infestation|p2a: Gardevoir","|-damage|p2a: Gardevoir|264/277","|-activate|p2a: Gardevoir|move: Infestation|[of] p1a: Bellossom","|","|-damage|p2a: Gardevoir|230/277|[from] move: Infestation|[partiallytrapped]","|turn|12","|","|detailschange|p2a: Gardevoir|Gardevoir-Mega, F","|-mega|p2a: Gardevoir|Gardevoir|Gardevoirite","|move|p2a: Gardevoir|Hyper Voice|p1a: Bellossom","|-damage|p1a: Bellossom|89/354","|move|p1a: Bellossom|Leech Seed|p2a: Gardevoir","|-start|p2a: Gardevoir|move: Leech Seed","|","|-heal|p1a: Bellossom|111/354|[from] item: Leftovers","|-damage|p2a: Gardevoir|196/277|[from] Leech Seed|[of] p1a: Bellossom","|-heal|p1a: Bellossom|145/354|[silent]","|-damage|p2a: Gardevoir|162/277|[from] move: Infestation|[partiallytrapped]","|turn|13","|","|switch|p1a: Abomasnow|Abomasnow, F|338/338","|move|p2a: Gardevoir|Hyper Voice|p1a: Abomasnow","|-immune|p1a: Abomasnow|[msg]","|","|-damage|p2a: Gardevoir|128/277|[from] Leech Seed|[of] p1a: Abomasnow","|turn|14","|","|switch|p2a: Slowbro|Slowbro, F|394/394","|detailschange|p1a: Abomasnow|Abomasnow-Mega, F","|-mega|p1a: Abomasnow|Abomasnow|Abomasite","|-weather|Hail","|move|p1a: Abomasnow|Blizzard|p2a: Slowbro","|-resisted|p2a: Slowbro","|-damage|p2a: Slowbro|289/394","|-status|p2a: Slowbro|frz","|","|-weather|Hail|[upkeep]","|-damage|p2a: Slowbro|265/394 frz|[from] hail","|turn|15","|","|move|p1a: Abomasnow|Giga Drain|p2a: Slowbro","|-crit|p2a: Slowbro","|-supereffective|p2a: Slowbro","|-damage|p2a: Slowbro|0 fnt","|faint|p2a: Slowbro","|","|-weather|Hail|[upkeep]","|","|switch|p2a: Mew|Mew|404/404","|turn|16","|","|move|p2a: Mew|Toxic|p1a: Abomasnow","|-status|p1a: Abomasnow|tox","|move|p1a: Abomasnow|Blizzard|p2a: Mew","|-damage|p2a: Mew|280/404","|","|-weather|Hail|[upkeep]","|-damage|p2a: Mew|255/404|[from] hail","|-heal|p2a: Mew|280/404|[from] item: Leftovers","|-damage|p1a: Abomasnow|317/338 tox|[from] psn","|turn|17","|","|move|p1a: Abomasnow|Ice Shard|p2a: Mew","|-damage|p2a: Mew|207/404","|move|p2a: Mew|Aura Sphere|p1a: Abomasnow","|-supereffective|p1a: Abomasnow","|-damage|p1a: Abomasnow|185/338 tox","|","|-weather|Hail|[upkeep]","|-damage|p2a: Mew|182/404|[from] hail","|-heal|p2a: Mew|207/404|[from] item: Leftovers","|-damage|p1a: Abomasnow|143/338 tox|[from] psn","|turn|18","|","|move|p2a: Mew|Roost|p2a: Mew","|-heal|p2a: Mew|404/404","|move|p1a: Abomasnow|Earthquake|p2a: Mew","|-damage|p2a: Mew|273/404","|","|-weather|none","|-heal|p2a: Mew|298/404|[from] item: Leftovers","|-damage|p1a: Abomasnow|80/338 tox|[from] psn","|turn|19","|","|switch|p1a: Ferrothorn|Ferrothorn, F|352/352","|move|p2a: Mew|Roost|p2a: Mew","|-heal|p2a: Mew|404/404","|","|turn|20","|","|move|p2a: Mew|Aura Sphere|p1a: Ferrothorn","|-supereffective|p1a: Ferrothorn","|-damage|p1a: Ferrothorn|256/352","|move|p1a: Ferrothorn|Knock Off|p2a: Mew","|-supereffective|p2a: Mew","|-damage|p2a: Mew|250/404","|-enditem|p2a: Mew|Leftovers|[from] move: Knock Off|[of] p1a: Ferrothorn","|","|turn|21","|","|switch|p2a: Hoopa-Unbound|Hoopa-Unbound|301/301","|move|p1a: Ferrothorn|Stealth Rock|p2a: Hoopa-Unbound","|-sidestart|p2: Seven Swell|move: Stealth Rock","|","|turn|22","|","|move|p2a: Hoopa-Unbound|Fire Punch|p1a: Ferrothorn","|-supereffective|p1a: Ferrothorn","|-enditem|p1a: Ferrothorn|Occa Berry|[eat]","|-damage|p1a: Ferrothorn|112/352","|-damage|p2a: Hoopa-Unbound|264/301|[from] ability: Iron Barbs|[of] p1a: Ferrothorn","|move|p1a: Ferrothorn|Thunder Wave|p2a: Hoopa-Unbound","|-status|p2a: Hoopa-Unbound|par","|","|turn|23","|","|move|p1a: Ferrothorn|Knock Off|p2a: Hoopa-Unbound","|-damage|p2a: Hoopa-Unbound|149/301 par","|-enditem|p2a: Hoopa-Unbound|Focus Sash|[from] move: Knock Off|[of] p1a: Ferrothorn","|cant|p2a: Hoopa-Unbound|par","|","|turn|24","|","|move|p1a: Ferrothorn|Iron Head|p2a: Hoopa-Unbound","|-damage|p2a: Hoopa-Unbound|23/301 par","|cant|p2a: Hoopa-Unbound|par","|","|turn|25","|","|move|p1a: Ferrothorn|Iron Head|p2a: Hoopa-Unbound","|-damage|p2a: Hoopa-Unbound|0 fnt","|faint|p2a: Hoopa-Unbound","|","|","|switch|p2a: Mew|Mew|250/404","|-damage|p2a: Mew|200/404|[from] Stealth Rock","|turn|26","|","|move|p2a: Mew|Aura Sphere|p1a: Ferrothorn","|-supereffective|p1a: Ferrothorn","|-damage|p1a: Ferrothorn|6/352","|move|p1a: Ferrothorn|Iron Head|p2a: Mew","|-damage|p2a: Mew|110/404","|","|turn|27","|","|move|p2a: Mew|Roost|p2a: Mew","|-heal|p2a: Mew|312/404","|move|p1a: Ferrothorn|Thunder Wave|p2a: Mew","|-status|p2a: Mew|par","|-status|p1a: Ferrothorn|par","|","|turn|28","|","|move|p2a: Mew|Heal Bell|p2a: Mew","|-cureteam|p2a: Mew|[from] move: HealBell","|move|p1a: Ferrothorn|Knock Off|p2a: Mew","|-supereffective|p2a: Mew","|-damage|p2a: Mew|210/404","|","|turn|29","|","|move|p2a: Mew|Roost|p2a: Mew","|-heal|p2a: Mew|404/404","|move|p1a: Ferrothorn|Knock Off|p2a: Mew","|-supereffective|p2a: Mew","|-damage|p2a: Mew|298/404","|","|turn|30","|","|move|p2a: Mew|Aura Sphere|p1a: Ferrothorn","|-supereffective|p1a: Ferrothorn","|-damage|p1a: Ferrothorn|0 fnt","|faint|p1a: Ferrothorn","|","|","|switch|p1a: Bellossom|Bellossom, M|145/354","|turn|31","|","|move|p2a: Mew|Toxic|p1a: Bellossom|[miss]","|-miss|p2a: Mew|p1a: Bellossom","|move|p1a: Bellossom|Leech Seed|p2a: Mew","|-start|p2a: Mew|move: Leech Seed","|","|-heal|p1a: Bellossom|167/354|[from] item: Leftovers","|-damage|p2a: Mew|248/404|[from] Leech Seed|[of] p1a: Bellossom","|-heal|p1a: Bellossom|217/354|[silent]","|turn|32","|","|switch|p1a: Roserade|Roserade, F|261/261","|move|p2a: Mew|Toxic|p1a: Roserade|[miss]","|-miss|p2a: Mew|p1a: Roserade","|","|-damage|p2a: Mew|198/404|[from] Leech Seed|[of] p1a: Roserade","|turn|33","|","|move|p1a: Roserade|Sludge Bomb|p2a: Mew","|-damage|p2a: Mew|90/404","|move|p2a: Mew|Roost|p2a: Mew","|-heal|p2a: Mew|292/404","|","|-damage|p2a: Mew|242/404|[from] Leech Seed|[of] p1a: Roserade","|turn|34","|","|switch|p2a: Latias|Latias, F|209/364","|-damage|p2a: Latias|164/364|[from] Stealth Rock","|move|p1a: Roserade|Sludge Bomb|p2a: Latias","|-damage|p2a: Latias|37/364","|","|-heal|p2a: Latias|59/364|[from] item: Leftovers","|turn|35","|","|move|p1a: Roserade|Sludge Bomb|p2a: Latias","|-damage|p2a: Latias|0 fnt","|faint|p2a: Latias","|","|","|switch|p2a: Deoxys-Speed|Deoxys-Speed|304/304","|-damage|p2a: Deoxys-Speed|266/304|[from] Stealth Rock","|-ability|p2a: Deoxys-Speed|Pressure","|turn|36","|","|move|p2a: Deoxys-Speed|Ice Beam|p1a: Roserade","|-supereffective|p1a: Roserade","|-damage|p1a: Roserade|121/261","|move|p1a: Roserade|Sludge Bomb|p2a: Deoxys-Speed","|-damage|p2a: Deoxys-Speed|98/304","|-status|p2a: Deoxys-Speed|psn","|","|-damage|p2a: Deoxys-Speed|60/304 psn|[from] psn","|turn|37","|","|switch|p1a: Abomasnow|Abomasnow-Mega, F|80/338 tox","|-weather|Hail","|move|p2a: Deoxys-Speed|Ice Beam|p1a: Abomasnow","|-damage|p1a: Abomasnow|0 fnt","|faint|p1a: Abomasnow","|","|-weather|Hail|[upkeep]","|-damage|p2a: Deoxys-Speed|41/304 psn|[from] hail","|-damage|p2a: Deoxys-Speed|3/304 psn|[from] psn","|","|switch|p1a: Breloom|Breloom, F|261/261","|turn|38","|","|move|p1a: Breloom|Mach Punch|p2a: Deoxys-Speed","|-resisted|p2a: Deoxys-Speed","|-damage|p2a: Deoxys-Speed|0 fnt","|faint|p2a: Deoxys-Speed","|","|-weather|Hail|[upkeep]","|-damage|p1a: Breloom|245/261|[from] hail","|","|switch|p2a: Gardevoir|Gardevoir-Mega, F|128/277","|-damage|p2a: Gardevoir|94/277|[from] Stealth Rock","|turn|39","|","|switch|p1a: Bellossom|Bellossom, M|217/354","|move|p2a: Gardevoir|Psyshock|p1a: Bellossom","|-damage|p1a: Bellossom|88/354","|","|-weather|Hail|[upkeep]","|-damage|p2a: Gardevoir|77/277|[from] hail","|-damage|p1a: Bellossom|66/354|[from] hail","|-heal|p1a: Bellossom|88/354|[from] item: Leftovers","|turn|40","|","|move|p2a: Gardevoir|Psyshock|p1a: Bellossom","|-damage|p1a: Bellossom|0 fnt","|faint|p1a: Bellossom","|","|-weather|Hail|[upkeep]","|-damage|p2a: Gardevoir|60/277|[from] hail","|","|switch|p1a: Roserade|Roserade, F|121/261","|turn|41","|","|move|p1a: Roserade|Sludge Bomb|p2a: Gardevoir","|-supereffective|p2a: Gardevoir","|-damage|p2a: Gardevoir|0 fnt","|faint|p2a: Gardevoir","|","|-weather|none","|","|switch|p2a: Mew|Mew|242/404","|-damage|p2a: Mew|192/404|[from] Stealth Rock","|turn|42","|","|move|p1a: Roserade|Sludge Bomb|p2a: Mew","|-damage|p2a: Mew|81/404","|move|p2a: Mew|Roost|p2a: Mew","|-heal|p2a: Mew|283/404","|","|turn|43","|","|move|p1a: Roserade|Sludge Bomb|p2a: Mew","|-damage|p2a: Mew|175/404","|-status|p2a: Mew|psn","|move|p2a: Mew|Aura Sphere|p1a: Roserade","|-resisted|p1a: Roserade","|-damage|p1a: Roserade|89/261","|","|-damage|p2a: Mew|125/404 psn|[from] psn","|turn|44","|","|move|p1a: Roserade|Sludge Bomb|p2a: Mew","|-damage|p2a: Mew|14/404 psn","|move|p2a: Mew|Roost|p2a: Mew","|-heal|p2a: Mew|216/404 psn","|","|-damage|p2a: Mew|166/404 psn|[from] psn","|turn|45","|","|move|p1a: Roserade|Sludge Bomb|p2a: Mew","|-damage|p2a: Mew|45/404 psn","|move|p2a: Mew|Roost|p2a: Mew","|-heal|p2a: Mew|247/404 psn","|","|-damage|p2a: Mew|197/404 psn|[from] psn","|turn|46","|","|switch|p1a: Breloom|Breloom, F|245/261","|move|p2a: Mew|Roost|p2a: Mew","|-heal|p2a: Mew|399/404 psn","|","|-damage|p2a: Mew|349/404 psn|[from] psn","|turn|47","|","|move|p1a: Breloom|Bullet Seed|p2a: Mew","|-damage|p2a: Mew|282/404 psn","|-damage|p2a: Mew|218/404 psn","|-hitcount|p2a: Mew|2","|move|p2a: Mew|Toxic|p1a: Breloom","|-status|p1a: Breloom|tox","|","|-damage|p1a: Breloom|229/261 tox|[from] psn","|-damage|p2a: Mew|168/404 psn|[from] psn","|turn|48","|","|move|p1a: Breloom|Bullet Seed|p2a: Mew","|-damage|p2a: Mew|99/404 psn","|-crit|p2a: Mew","|-damage|p2a: Mew|0 fnt","|-hitcount|p2a: Mew|2","|faint|p2a: Mew","|","|win|Gym Ldr Mitsuka∆"],"p1rating":{"entryid":"379503","serverid":"eos","formatid":"monotype","userid":"gymldrmitsuka","username":"Gym Ldr Mitsuka∆","w":14,"l":"11","t":"0","gxe":54.5,"r":"1480.5479162543","rd":"69.536962153299","sigma":"0","rptime":"1440493200","rpr":1534.6314801276,"rprd":65.242624954363,"rpsigma":"0","acre":1271.0506873519,"lacre":1271.0506873519,"oldacre":"1242.1854990095"},"p2rating":{"entryid":"86214","serverid":"eos","formatid":"monotype","userid":"sevenswell","username":"Seven Swell","w":"43","l":16,"t":"0","gxe":70.8,"r":"1687.2026987027","rd":"48.408484056467","sigma":"0","rptime":"1440493200","rpr":1668.239260787,"rprd":47.738484758504,"rpsigma":"0","acre":1267.4707161047,"lacre":1267.4707161047,"oldacre":"1296.3359044471"},"endType":"normal"}