{"seed":[54282,11467,33034,46919],"turns":28,"p1":"Reborn Power","p2":"Primal GT DuckSoup","p1team":[{"name":"Smoke Weed","species":"conkeldurr","item":"assaultvest","ability":"Guts","moves":["knockoff","machpunch","poisonjab","drainpunch"],"nature":"Adamant","evs":{"hp":248,"atk":252,"def":0,"spa":0,"spd":8,"spe":0},"gender":"M","ivs":{"hp":31,"atk":31,"def":31,"spa":31,"spd":31,"spe":31}},{"name":"Snoop Doggy","species":"medicham","item":"medichamite","ability":"Pure Power","moves":["highjumpkick","fakeout","bulletpunch","firepunch"],"nature":"Jolly","evs":{"hp":0,"atk":252,"def":0,"spa":0,"spd":4,"spe":252},"gender":"M","ivs":{"hp":31,"atk":31,"def":31,"spa":31,"spd":31,"spe":31}},{"name":"Blaze it","species":"infernape","item":"lifeorb","ability":"Iron Fist","moves":["machpunch","swordsdance","closecombat","earthquake"],"nature":"Jolly","evs":{"hp":0,"atk":252,"def":0,"spa":0,"spd":4,"spe":252},"ivs":{"hp":31,"atk":31,"def":31,"spa":31,"spd":31,"spe":31}},{"name":"Rambo","species":"hawlucha","item":"sitrusberry","ability":"Unburden","moves":["acrobatics","swordsdance","highjumpkick","stoneedge"],"nature":"Adamant","evs":{"hp":4,"atk":252,"def":0,"spa":0,"spd":0,"spe":252},"gender":"M","ivs":{"hp":31,"atk":31,"def":31,"spa":31,"spd":31,"spe":31}},{"name":"WEEEEED","species":"chesnaught","item":"rockyhelmet","ability":"Bulletproof","moves":["spikyshield","toxic","leechseed","superfang"],"nature":"Bold","evs":{"hp":248,"atk":0,"def":252,"spa":0,"spd":8,"spe":0},"gender":"M","shiny":true,"ivs":{"hp":31,"atk":31,"def":31,"spa":31,"spd":31,"spe":31}},{"name":"Special One","species":"scrafty","item":"assaultvest","ability":"Moxie","moves":["knockoff","icepunch","highjumpkick","fakeout"],"nature":"Adamant","evs":{"hp":240,"atk":252,"def":8,"spa":0,"spd":8,"spe":0},"gender":"M","ivs":{"hp":31,"atk":31,"def":31,"spa":31,"spd":31,"spe":31}}],"p2team":[{"name":"Landorus-Therian","species":"Landorus-Therian","item":"leftovers","ability":"Intimidate","moves":["stealthrock","bulkup","earthquake","uturn"],"nature":"Impish","evs":{"hp":252,"atk":0,"def":196,"spa":0,"spd":4,"spe":56},"ivs":{"hp":31,"atk":31,"def":31,"spa":31,"spd":31,"spe":31}},{"name":"Pidgeot","species":"Pidgeot","item":"pidgeotite","ability":"Tangled Feet","moves":["uturn","roost","heatwave","hurricane"],"nature":"Timid","evs":{"hp":0,"atk":0,"def":0,"spa":252,"spd":4,"spe":252},"ivs":{"hp":31,"atk":31,"def":31,"spa":31,"spd":31,"spe":31}},{"name":"Charizard","species":"Charizard","item":"leftovers","ability":"Blaze","moves":["bellydrum","flamecharge","brickbreak","earthquake"],"nature":"Jolly","evs":{"hp":252,"atk":0,"def":0,"spa":0,"spd":4,"spe":252},"ivs":{"hp":31,"atk":31,"def":31,"spa":31,"spd":31,"spe":31}},{"name":"Togekiss","species":"Togekiss","item":"leftovers","ability":"Serene Grace","moves":["airslash","nastyplot","batonpass","roost"],"nature":"Calm","evs":{"hp":252,"atk":0,"def":0,"spa":4,"spd":252,"spe":0},"ivs":{"hp":31,"atk":31,"def":31,"spa":31,"spd":31,"spe":31}},{"name":"Gyarados","species":"Gyarados","item":"leftovers","ability":"Intimidate","moves":["waterfall","thunderwave","dragondance","ironhead"],"nature":"Serious","evs":{"hp":252,"atk":0,"def":104,"spa":0,"spd":152,"spe":0},"ivs":{"hp":31,"atk":31,"def":31,"spa":31,"spd":31,"spe":31}},{"name":"Thundurus","species":"Thundurus","item":"leftovers","ability":"Prankster","moves":["voltswitch","superpower","grassknot","thunderwave"],"nature":"Hasty","evs":{"hp":0,"atk":4,"def":0,"spa":252,"spd":0,"spe":252},"ivs":{"hp":31,"atk":31,"def":31,"spa":31,"spd":31,"spe":31}}],"log":["|player|p1|Reborn Power|200","|player|p2|Primal GT DuckSoup|121","|gametype|singles","|gen|6","|tier|Monotype","|rated","|rule|Baton Pass Clause: Limit one Baton Passer, can't pass Spe and other stats simultaneously","|rule|Swagger Clause: Swagger is banned","|rule|Same Type Clause: Pokémon in a team must share a type","|clearpoke","|poke|p1|Conkeldurr, M","|poke|p1|Medicham, M","|poke|p1|Infernape, M","|poke|p1|Hawlucha, M","|poke|p1|Chesnaught, M, shiny","|poke|p1|Scrafty, M","|poke|p2|Landorus-Therian, M","|poke|p2|Pidgeot, M","|poke|p2|Charizard, F","|poke|p2|Togekiss, M","|poke|p2|Gyarados, M","|poke|p2|Thundurus, M","|rule|Sleep Clause Mod: Limit one foe put to sleep","|rule|Species Clause: Limit one of each Pokémon","|rule|OHKO Clause: OHKO moves are banned","|rule|Moody Clause: Moody is banned","|rule|Evasion Moves Clause: Evasion moves are banned","|rule|Endless Battle Clause: Forcing endless battles is banned","|rule|HP Percentage Mod: HP is shown in percentages","|teampreview","|","|start","|switch|p1a: Snoop Doggy|Medicham, M|261/261","|switch|p2a: Charizard|Charizard, F|360/360","|turn|1","|","|detailschange|p1a: Snoop Doggy|Medicham-Mega, M","|-mega|p1a: Snoop Doggy|Medicham|Medichamite","|move|p1a: Snoop Doggy|Fake Out|p2a: Charizard","|-damage|p2a: Charizard|267/360","|cant|p2a: Charizard|flinch","|","|-heal|p2a: Charizard|289/360|[from] item: Leftovers","|turn|2","|","|move|p1a: Snoop Doggy|High Jump Kick|p2a: Charizard","|-resisted|p2a: Charizard","|-damage|p2a: Charizard|54/360","|move|p2a: Charizard|Flame Charge|p1a: Snoop Doggy","|-damage|p1a: Snoop Doggy|171/261","|-boost|p2a: Charizard|spe|1","|","|-heal|p2a: Charizard|76/360|[from] item: Leftovers","|turn|3","|","|move|p1a: Snoop Doggy|Bullet Punch|p2a: Charizard","|-resisted|p2a: Charizard","|-damage|p2a: Charizard|31/360","|move|p2a: Charizard|Earthquake|p1a: Snoop Doggy","|-damage|p1a: Snoop Doggy|96/261","|","|-heal|p2a: Charizard|53/360|[from] item: Leftovers","|turn|4","|","|move|p2a: Charizard|Earthquake|p1a: Snoop Doggy","|-damage|p1a: Snoop Doggy|19/261","|move|p1a: Snoop Doggy|High Jump Kick|p2a: Charizard","|-resisted|p2a: Charizard","|-damage|p2a: Charizard|0 fnt","|faint|p2a: Charizard","|","|","|switch|p2a: Landorus-Therian|Landorus-Therian, M|382/382","|-ability|p2a: Landorus-Therian|Intimidate","|-unboost|p1a: Snoop Doggy|atk|1","|turn|5","|","|move|p1a: Snoop Doggy|Fire Punch|p2a: Landorus-Therian","|-damage|p2a: Landorus-Therian|301/382","|move|p2a: Landorus-Therian|Stealth Rock|p1a: Snoop Doggy","|-sidestart|p1: Reborn Power|move: Stealth Rock","|","|-heal|p2a: Landorus-Therian|324/382|[from] item: Leftovers","|turn|6","|","|move|p1a: Snoop Doggy|Fire Punch|p2a: Landorus-Therian","|-damage|p2a: Landorus-Therian|242/382","|move|p2a: Landorus-Therian|Bulk Up|p2a: Landorus-Therian","|-boost|p2a: Landorus-Therian|atk|1","|-boost|p2a: Landorus-Therian|def|1","|","|-heal|p2a: Landorus-Therian|265/382|[from] item: Leftovers","|turn|7","|","|move|p1a: Snoop Doggy|High Jump Kick|p2a: Landorus-Therian","|-resisted|p2a: Landorus-Therian","|-damage|p2a: Landorus-Therian|200/382","|move|p2a: Landorus-Therian|Earthquake|p1a: Snoop Doggy","|-damage|p1a: Snoop Doggy|0 fnt","|faint|p1a: Snoop Doggy","|","|-heal|p2a: Landorus-Therian|223/382|[from] item: Leftovers","|","|switch|p1a: WEEEEED|Chesnaught, M, shiny|379/379","|-damage|p1a: WEEEEED|356/379|[from] Stealth Rock","|turn|8","|","|move|p2a: Landorus-Therian|U-turn|p1a: WEEEEED","|-damage|p1a: WEEEEED|279/379","|-damage|p2a: Landorus-Therian|160/382|[from] item: Rocky Helmet|[of] p1a: WEEEEED","|","|switch|p2a: Togekiss|Togekiss, M|374/374","|move|p1a: WEEEEED|Leech Seed|p2a: Togekiss","|-start|p2a: Togekiss|move: Leech Seed","|","|-damage|p2a: Togekiss|328/374|[from] Leech Seed|[of] p1a: WEEEEED","|-heal|p1a: WEEEEED|325/379|[silent]","|turn|9","|","|move|p2a: Togekiss|Nasty Plot|p2a: Togekiss","|-boost|p2a: Togekiss|spa|2","|move|p1a: WEEEEED|Toxic|p2a: Togekiss","|-status|p2a: Togekiss|tox","|","|-heal|p2a: Togekiss|351/374 tox|[from] item: Leftovers","|-damage|p2a: Togekiss|305/374 tox|[from] Leech Seed|[of] p1a: WEEEEED","|-heal|p1a: WEEEEED|371/379|[silent]","|-damage|p2a: Togekiss|282/374 tox|[from] psn","|turn|10","|","|move|p2a: Togekiss|Baton Pass|p2a: Togekiss","|","|switch|p2a: Pidgeot|Pidgeot, M|307/307","|move|p1a: WEEEEED|Super Fang|p2a: Pidgeot","|-damage|p2a: Pidgeot|154/307","|","|-damage|p2a: Pidgeot|116/307|[from] Leech Seed|[of] p1a: WEEEEED","|-heal|p1a: WEEEEED|379/379|[silent]","|turn|11","|","|detailschange|p2a: Pidgeot|Pidgeot-Mega, M","|-mega|p2a: Pidgeot|Pidgeot|Pidgeotite","|move|p1a: WEEEEED|Spiky Shield|p1a: WEEEEED","|-singleturn|p1a: WEEEEED|move: Protect","|move|p2a: Pidgeot|Hurricane|p1a: WEEEEED","|-activate|p1a: WEEEEED|Protect","|","|-damage|p2a: Pidgeot|78/307|[from] Leech Seed|[of] p1a: WEEEEED","|turn|12","|","|move|p2a: Pidgeot|Hurricane|p1a: WEEEEED","|-supereffective|p1a: WEEEEED","|-damage|p1a: WEEEEED|0 fnt","|faint|p1a: WEEEEED","|","|","|switch|p1a: Special One|Scrafty, M|331/331","|-damage|p1a: Special One|311/331|[from] Stealth Rock","|turn|13","|","|move|p1a: Special One|Fake Out|p2a: Pidgeot","|-damage|p2a: Pidgeot|26/307","|cant|p2a: Pidgeot|flinch","|","|-damage|p2a: Pidgeot|0 fnt|[from] Leech Seed|[of] p1a: Special One","|-heal|p1a: Special One|331/331|[silent]","|faint|p2a: Pidgeot","|","|switch|p2a: Landorus-Therian|Landorus-Therian, M|160/382","|-ability|p2a: Landorus-Therian|Intimidate","|-unboost|p1a: Special One|atk|1","|turn|14","|","|move|p2a: Landorus-Therian|U-turn|p1a: Special One","|-damage|p1a: Special One|261/331","|","|switch|p2a: Gyarados|Gyarados, M|394/394","|-ability|p2a: Gyarados|Intimidate","|-unboost|p1a: Special One|atk|1","|move|p1a: Special One|Ice Punch|p2a: Gyarados","|-damage|p2a: Gyarados|350/394","|","|-heal|p2a: Gyarados|374/394|[from] item: Leftovers","|turn|15","|","|switch|p1a: Smoke Weed|Conkeldurr, M|413/413","|-damage|p1a: Smoke Weed|388/413|[from] Stealth Rock","|move|p2a: Gyarados|Dragon Dance|p2a: Gyarados","|-boost|p2a: Gyarados|atk|1","|-boost|p2a: Gyarados|spe|1","|","|-heal|p2a: Gyarados|394/394|[from] item: Leftovers","|turn|16","|","|move|p2a: Gyarados|Thunder Wave|p1a: Smoke Weed","|-status|p1a: Smoke Weed|par","|move|p1a: Smoke Weed|Knock Off|p2a: Gyarados","|-damage|p2a: Gyarados|173/394","|-enditem|p2a: Gyarados|Leftovers|[from] move: Knock Off|[of] p1a: Smoke Weed","|","|turn|17","|","|move|p2a: Gyarados|Iron Head|p1a: Smoke Weed","|-damage|p1a: Smoke Weed|272/413 par","|cant|p1a: Smoke Weed|flinch","|","|turn|18","|","|move|p2a: Gyarados|Iron Head|p1a: Smoke Weed","|-damage|p1a: Smoke Weed|163/413 par","|cant|p1a: Smoke Weed|flinch","|","|turn|19","|","|move|p2a: Gyarados|Iron Head|p1a: Smoke Weed","|-damage|p1a: Smoke Weed|34/413 par","|move|p1a: Smoke Weed|Drain Punch|p2a: Gyarados","|-resisted|p2a: Gyarados","|-damage|p2a: Gyarados|53/394","|-heal|p1a: Smoke Weed|94/413 par|[from] drain|[of] p2a: Gyarados","|","|turn|20","|","|move|p1a: Smoke Weed|Mach Punch|p2a: Gyarados","|-resisted|p2a: Gyarados","|-damage|p2a: Gyarados|0 fnt","|faint|p2a: Gyarados","|","|","|switch|p2a: Landorus-Therian|Landorus-Therian, M|160/382","|-ability|p2a: Landorus-Therian|Intimidate","|-unboost|p1a: Smoke Weed|atk|1","|turn|21","|","|cant|p1a: Smoke Weed|par","|move|p2a: Landorus-Therian|Earthquake|p1a: Smoke Weed","|-damage|p1a: Smoke Weed|0 fnt","|faint|p1a: Smoke Weed","|","|-heal|p2a: Landorus-Therian|183/382|[from] item: Leftovers","|","|switch|p1a: Special One|Scrafty, M|261/331","|-damage|p1a: Special One|241/331|[from] Stealth Rock","|turn|22","|","|move|p1a: Special One|Fake Out|p2a: Landorus-Therian","|-damage|p2a: Landorus-Therian|152/382","|cant|p2a: Landorus-Therian|flinch","|","|-heal|p2a: Landorus-Therian|175/382|[from] item: Leftovers","|turn|23","|","|move|p2a: Landorus-Therian|U-turn|p1a: Special One","|-damage|p1a: Special One|179/331","|","|switch|p2a: Thundurus|Thundurus, M|299/299","|move|p1a: Special One|Knock Off|p2a: Thundurus","|-crit|p2a: Thundurus","|-damage|p2a: Thundurus|0 fnt","|-enditem|p2a: Thundurus|Leftovers|[from] move: Knock Off|[of] p1a: Special One","|faint|p2a: Thundurus","|-boost|p1a: Special One|atk|1|[from] ability: Moxie","|","|","|switch|p2a: Landorus-Therian|Landorus-Therian, M|175/382","|-ability|p2a: Landorus-Therian|Intimidate","|-unboost|p1a: Special One|atk|1","|turn|24","|","|move|p2a: Landorus-Therian|Bulk Up|p2a: Landorus-Therian","|-boost|p2a: Landorus-Therian|atk|1","|-boost|p2a: Landorus-Therian|def|1","|move|p1a: Special One|Knock Off|p2a: Landorus-Therian","|-damage|p2a: Landorus-Therian|91/382","|-enditem|p2a: Landorus-Therian|Leftovers|[from] move: Knock Off|[of] p1a: Special One","|","|turn|25","|","|move|p2a: Landorus-Therian|Earthquake|p1a: Special One","|-damage|p1a: Special One|0 fnt","|faint|p1a: Special One","|","|","|switch|p1a: Rambo|Hawlucha, M|298/298","|-damage|p1a: Rambo|261/298|[from] Stealth Rock","|turn|26","|","|move|p1a: Rambo|High Jump Kick|p2a: Landorus-Therian","|-resisted|p2a: Landorus-Therian","|-damage|p2a: Landorus-Therian|33/382","|move|p2a: Landorus-Therian|U-turn|p1a: Rambo","|-resisted|p1a: Rambo","|-damage|p1a: Rambo|225/298","|","|switch|p2a: Togekiss|Togekiss, M|282/374 tox","|","|-heal|p2a: Togekiss|305/374 tox|[from] item: Leftovers","|-damage|p2a: Togekiss|282/374 tox|[from] psn","|turn|27","|","|move|p1a: Rambo|High Jump Kick|p2a: Togekiss","|-resisted|p2a: Togekiss","|-damage|p2a: Togekiss|229/374 tox","|move|p2a: Togekiss|Air Slash|p1a: Rambo","|-supereffective|p1a: Rambo","|-damage|p1a: Rambo|0 fnt","|faint|p1a: Rambo","|","|-heal|p2a: Togekiss|252/374 tox|[from] item: Leftovers","|-damage|p2a: Togekiss|206/374 tox|[from] psn","|","|switch|p1a: Blaze it|Infernape, M|293/293","|-damage|p1a: Blaze it|257/293|[from] Stealth Rock","|turn|28","|","|move|p1a: Blaze it|Close Combat|p2a: Togekiss","|-resisted|p2a: Togekiss","|-damage|p2a: Togekiss|148/374 tox","|-unboost|p1a: Blaze it|def|1","|-unboost|p1a: Blaze it|spd|1","|-damage|p1a: Blaze it|228/293|[from] item: Life Orb","|move|p2a: Togekiss|Air Slash|p1a: Blaze it","|-supereffective|p1a: Blaze it","|-damage|p1a: Blaze it|0 fnt","|faint|p1a: Blaze it","|","|win|Primal GT DuckSoup"],"p1rating":{"entryid":"353956","serverid":"eos","formatid":"monotype","userid":"rebornpower","username":"Reborn Power","w":"17","l":17,"t":"0","gxe":51.1,"r":"1517.7235020293","rd":"58.108017141992","sigma":"0","rptime":"1440493200","rpr":1508.5354357618,"rprd":57.427231253404,"rpsigma":"0","acre":1079.7407127783,"lacre":1079.7407127783,"oldacre":"1112.5686638336"},"p2rating":{"entryid":432064,"formatid":"monotype","userid":"primalgtducksoup","username":"Primal GT DuckSoup","r":1500,"rd":130,"sigma":0,"rpr":1544.256052073,"rprd":122.02091860329,"rpsigma":0,"rptime":1440493200,"w":1,"l":0,"t":0,"gxe":55.5,"acre":1052.5247216885,"lacre":1052.5247216885,"oldacre":1000},"endType":"normal"}