{"seed":[46784,35284,14408,29110],"turns":25,"p1":"SL~Kingdra","p2":"Vodoom","p1team":[{"name":"Smegle","species":"smeargle","item":"focussash","ability":"Own Tempo","moves":["spore","stickyweb","stealthrock","transform"],"nature":"Timid","evs":{"hp":252,"atk":0,"def":4,"spa":0,"spd":0,"spe":252},"ivs":{"hp":31,"atk":31,"def":31,"spa":31,"spd":31,"spe":31}},{"name":"Slaking","species":"Slaking","item":"choicescarf","ability":"Truant","moves":["retaliate","firepunch","earthquake","brickbreak"],"nature":"Adamant","evs":{"hp":200,"atk":252,"def":0,"spa":0,"spd":0,"spe":56},"ivs":{"hp":31,"atk":31,"def":31,"spa":31,"spd":31,"spe":31}},{"name":"Mel-B","species":"meloetta","item":"leftovers","ability":"Serene Grace","moves":["psychic","shadowball","hypervoice","calmmind"],"nature":"Calm","evs":{"hp":252,"atk":0,"def":0,"spa":4,"spd":252,"spe":0},"ivs":{"hp":31,"atk":31,"def":30,"spa":30,"spd":30,"spe":31}},{"name":"Demolition","species":"diggersby","item":"lifeorb","ability":"Huge Power","moves":["earthquake","quickattack","return","firepunch"],"nature":"Adamant","evs":{"hp":4,"atk":252,"def":0,"spa":0,"spd":0,"spe":252},"ivs":{"hp":31,"atk":31,"def":31,"spa":31,"spd":31,"spe":31}},{"name":"Cute Blob","species":"ditto","item":"choicescarf","ability":"Imposter","moves":["transform"],"nature":"Timid","evs":{"hp":252,"atk":0,"def":4,"spa":0,"spd":0,"spe":252},"ivs":{"hp":31,"atk":31,"def":31,"spa":31,"spd":31,"spe":31}},{"name":"Corey","species":"porygonz","item":"choicespecs","ability":"Adaptability","moves":["triattack","icebeam","hiddenpowerfire","discharge"],"nature":"Timid","evs":{"hp":4,"atk":0,"def":0,"spa":252,"spd":0,"spe":252},"ivs":{"hp":31,"atk":30,"def":31,"spa":30,"spd":31,"spe":30}}],"p2team":[{"name":"バンギラス","species":"tyranitar","item":"assaultvest","ability":"Sand Stream","moves":["earthquake","darkpulse","ancientpower","flamethrower"],"nature":"Quiet","evs":{"hp":248,"atk":8,"def":0,"spa":252,"spd":0,"spe":0},"shiny":true,"ivs":{"hp":31,"atk":31,"def":31,"spa":31,"spd":31,"spe":31}},{"name":"テラキオン","species":"terrakion","item":"choicescarf","ability":"Justified","moves":["closecombat","earthquake","rockslide","quickattack"],"nature":"Jolly","evs":{"hp":0,"atk":252,"def":0,"spa":0,"spd":4,"spe":252},"shiny":true,"ivs":{"hp":31,"atk":31,"def":31,"spa":31,"spd":31,"spe":31}},{"name":"ボスゴドラ","species":"aggron","item":"aggronite","ability":"Sturdy","moves":["metalburst","firepunch","rest","earthquake"],"nature":"Impish","evs":{"hp":248,"atk":0,"def":252,"spa":0,"spd":8,"spe":0},"shiny":true,"ivs":{"hp":31,"atk":31,"def":31,"spa":31,"spd":31,"spe":31}},{"name":"リリーラ","species":"lileep","item":"eviolite","ability":"Storm Drain","moves":["recover","toxic","infestation","gigadrain"],"nature":"Calm","evs":{"hp":252,"atk":0,"def":0,"spa":4,"spd":252,"spe":0},"shiny":true,"ivs":{"hp":31,"atk":31,"def":31,"spa":31,"spd":31,"spe":31}},{"name":"ディアンシー","species":"diancie","item":"diancite","ability":"Clear Body","moves":["protect","earthpower","diamondstorm","moonblast"],"nature":"Hasty","evs":{"hp":0,"atk":4,"def":0,"spa":252,"spd":0,"spe":252},"shiny":true,"ivs":{"hp":31,"atk":31,"def":31,"spa":31,"spd":31,"spe":31}},{"name":"アマルルガ","species":"aurorus","item":"choicescarf","ability":"Refrigerate","moves":["freezedry","hypervoice","earthpower","ancientpower"],"nature":"Timid","evs":{"hp":0,"atk":0,"def":0,"spa":252,"spd":4,"spe":252},"shiny":true,"ivs":{"hp":31,"atk":31,"def":31,"spa":31,"spd":31,"spe":31}}],"log":["|player|p1|SL~Kingdra|122","|player|p2|Vodoom|vodoom.png","|gametype|singles","|gen|6","|tier|Monotype","|rated","|rule|Baton Pass Clause: Limit one Baton Passer, can't pass Spe and other stats simultaneously","|rule|Swagger Clause: Swagger is banned","|rule|Same Type Clause: Pokémon in a team must share a type","|clearpoke","|poke|p1|Smeargle, F","|poke|p1|Slaking, F","|poke|p1|Meloetta","|poke|p1|Diggersby, M","|poke|p1|Ditto","|poke|p1|Porygon-Z","|poke|p2|Tyranitar, F, shiny","|poke|p2|Terrakion, shiny","|poke|p2|Aggron, F, shiny","|poke|p2|Lileep, F, shiny","|poke|p2|Diancie, shiny","|poke|p2|Aurorus, M, shiny","|rule|Sleep Clause Mod: Limit one foe put to sleep","|rule|Species Clause: Limit one of each Pokémon","|rule|OHKO Clause: OHKO moves are banned","|rule|Moody Clause: Moody is banned","|rule|Evasion Moves Clause: Evasion moves are banned","|rule|Endless Battle Clause: Forcing endless battles is banned","|rule|HP Percentage Mod: HP is shown in percentages","|teampreview","|","|start","|switch|p1a: Smegle|Smeargle, F|314/314","|switch|p2a: ディアンシー|Diancie, shiny|241/241","|turn|1","|","|switch|p1a: Demolition|Diggersby, M|312/312","|detailschange|p2a: ディアンシー|Diancie-Mega, shiny","|-mega|p2a: ディアンシー|Diancie|Diancite","|move|p2a: ディアンシー|Moonblast|p1a: Demolition","|-damage|p1a: Demolition|69/312","|","|turn|2","|","|move|p1a: Demolition|Quick Attack|p2a: ディアンシー","|-resisted|p2a: ディアンシー","|-damage|p2a: ディアンシー|175/241","|-damage|p1a: Demolition|38/312|[from] item: Life Orb","|move|p2a: ディアンシー|Moonblast|p1a: Demolition","|-damage|p1a: Demolition|0 fnt","|faint|p1a: Demolition","|","|","|switch|p1a: Mel-B|Meloetta|404/404","|turn|3","|","|move|p2a: ディアンシー|Diamond Storm|p1a: Mel-B","|-damage|p1a: Mel-B|175/404","|move|p1a: Mel-B|Calm Mind|p1a: Mel-B","|-boost|p1a: Mel-B|spa|1","|-boost|p1a: Mel-B|spd|1","|","|-heal|p1a: Mel-B|200/404|[from] item: Leftovers","|turn|4","|","|move|p2a: ディアンシー|Diamond Storm|p1a: Mel-B","|-damage|p1a: Mel-B|0 fnt","|-boost|p2a: ディアンシー|def|1","|faint|p1a: Mel-B","|","|","|switch|p1a: Cute Blob|Ditto|300/300","|-transform|p1a: Cute Blob|p2a: ディアンシー","|turn|5","|","|move|p1a: Cute Blob|Moonblast|p2a: ディアンシー","|-damage|p2a: ディアンシー|4/241","|move|p2a: ディアンシー|Earth Power|p1a: Cute Blob","|-supereffective|p1a: Cute Blob","|-damage|p1a: Cute Blob|60/300","|","|turn|6","|","|switch|p2a: リリーラ|Lileep, F, shiny|336/336","|move|p1a: Cute Blob|Moonblast|p2a: リリーラ","|-damage|p2a: リリーラ|234/336","|","|turn|7","|","|switch|p1a: Smegle|Smeargle, F|314/314","|move|p2a: リリーラ|Giga Drain|p1a: Smegle","|-damage|p1a: Smegle|196/314","|-heal|p2a: リリーラ|293/336|[from] drain|[of] p1a: Smegle","|","|turn|8","|","|switch|p2a: ディアンシー|Diancie-Mega, shiny|4/241","|move|p1a: Smegle|Transform|p2a: ディアンシー","|-transform|p1a: Smegle|p2a: ディアンシー","|","|turn|9","|","|move|p1a: Smegle|Earth Power|p2a: ディアンシー","|-supereffective|p2a: ディアンシー","|-damage|p2a: ディアンシー|0 fnt","|faint|p2a: ディアンシー","|","|","|switch|p2a: リリーラ|Lileep, F, shiny|293/336","|turn|10","|","|move|p1a: Smegle|Protect|p1a: Smegle","|-singleturn|p1a: Smegle|Protect","|move|p2a: リリーラ|Giga Drain|p1a: Smegle","|-activate|p1a: Smegle|Protect","|","|turn|11","|","|move|p1a: Smegle|Earth Power|p2a: リリーラ","|-damage|p2a: リリーラ|232/336","|move|p2a: リリーラ|Giga Drain|p1a: Smegle","|-supereffective|p1a: Smegle","|-damage|p1a: Smegle|94/314","|-heal|p2a: リリーラ|283/336|[from] drain|[of] p1a: Smegle","|","|turn|12","|","|move|p1a: Smegle|Diamond Storm|p2a: リリーラ","|-damage|p2a: リリーラ|126/336","|move|p2a: リリーラ|Giga Drain|p1a: Smegle","|-supereffective|p1a: Smegle","|-damage|p1a: Smegle|0 fnt","|-heal|p2a: リリーラ|173/336|[from] drain|[of] p1a: Smegle","|faint|p1a: Smegle","|","|","|switch|p1a: Slaking|Slaking, F|491/491","|turn|13","|","|move|p1a: Slaking|Earthquake|p2a: リリーラ","|-damage|p2a: リリーラ|45/336","|move|p2a: リリーラ|Recover|p2a: リリーラ","|-heal|p2a: リリーラ|213/336","|","|turn|14","|","|cant|p1a: Slaking|ability: Truant|Earthquake","|move|p2a: リリーラ|Toxic|p1a: Slaking","|-status|p1a: Slaking|tox","|","|-damage|p1a: Slaking|461/491 tox|[from] psn","|turn|15","|","|move|p1a: Slaking|Earthquake|p2a: リリーラ","|-damage|p2a: リリーラ|76/336","|move|p2a: リリーラ|Infestation|p1a: Slaking","|-damage|p1a: Slaking|444/491 tox","|-activate|p1a: Slaking|move: Infestation|[of] p2a: リリーラ","|","|-damage|p1a: Slaking|384/491 tox|[from] psn","|-damage|p1a: Slaking|323/491 tox|[from] move: Infestation|[partiallytrapped]","|turn|16","|","|cant|p1a: Slaking|ability: Truant|Earthquake","|move|p2a: リリーラ|Recover|p2a: リリーラ","|-heal|p2a: リリーラ|244/336","|","|-damage|p1a: Slaking|233/491 tox|[from] psn","|-damage|p1a: Slaking|172/491 tox|[from] move: Infestation|[partiallytrapped]","|turn|17","|","|move|p1a: Slaking|Earthquake|p2a: リリーラ","|-damage|p2a: リリーラ|123/336","|move|p2a: リリーラ|Recover|p2a: リリーラ","|-heal|p2a: リリーラ|291/336","|","|-damage|p1a: Slaking|52/491 tox|[from] psn","|-damage|p1a: Slaking|0 fnt|[from] move: Infestation|[partiallytrapped]","|faint|p1a: Slaking","|","|switch|p1a: Corey|Porygon-Z|312/312","|turn|18","|","|switch|p2a: バンギラス|Tyranitar, F, shiny|403/403","|-weather|Sandstorm","|move|p1a: Corey|Ice Beam|p2a: バンギラス","|-damage|p2a: バンギラス|330/403","|","|-weather|Sandstorm|[upkeep]","|-damage|p1a: Corey|293/312|[from] sandstorm","|turn|19","|","|switch|p1a: Cute Blob|Ditto|60/300","|-transform|p1a: Cute Blob|p2a: バンギラス","|move|p2a: バンギラス|Earthquake|p1a: Cute Blob","|-supereffective|p1a: Cute Blob","|-damage|p1a: Cute Blob|0 fnt","|faint|p1a: Cute Blob","|","|-weather|Sandstorm|[upkeep]","|","|switch|p1a: Corey|Porygon-Z|293/312","|turn|20","|","|move|p1a: Corey|Tri Attack|p2a: バンギラス","|-resisted|p2a: バンギラス","|-damage|p2a: バンギラス|264/403","|move|p2a: バンギラス|Ancient Power|p1a: Corey","|-damage|p1a: Corey|173/312","|","|-weather|Sandstorm|[upkeep]","|-damage|p1a: Corey|154/312|[from] sandstorm","|turn|21","|","|switch|p2a: リリーラ|Lileep, F, shiny|291/336","|move|p1a: Corey|Tri Attack|p2a: リリーラ","|-resisted|p2a: リリーラ","|-damage|p2a: リリーラ|243/336","|","|-weather|Sandstorm|[upkeep]","|-damage|p1a: Corey|135/312|[from] sandstorm","|turn|22","|","|move|p1a: Corey|Tri Attack|p2a: リリーラ","|-resisted|p2a: リリーラ","|-damage|p2a: リリーラ|188/336","|-status|p2a: リリーラ|par","|move|p2a: リリーラ|Infestation|p1a: Corey","|-damage|p1a: Corey|121/312","|-activate|p1a: Corey|move: Infestation|[of] p2a: リリーラ","|","|-weather|none","|-damage|p1a: Corey|82/312|[from] move: Infestation|[partiallytrapped]","|turn|23","|","|move|p1a: Corey|Tri Attack|p2a: リリーラ","|-resisted|p2a: リリーラ","|-damage|p2a: リリーラ|113/336 par","|move|p2a: リリーラ|Recover|p2a: リリーラ","|-heal|p2a: リリーラ|281/336 par","|","|-damage|p1a: Corey|43/312|[from] move: Infestation|[partiallytrapped]","|turn|24","|","|move|p1a: Corey|Tri Attack|p2a: リリーラ","|-resisted|p2a: リリーラ","|-damage|p2a: リリーラ|203/336 par","|move|p2a: リリーラ|Recover|p2a: リリーラ","|-heal|p2a: リリーラ|336/336 par","|","|-damage|p1a: Corey|4/312|[from] move: Infestation|[partiallytrapped]","|turn|25","|","|move|p1a: Corey|Tri Attack|p2a: リリーラ","|-resisted|p2a: リリーラ","|-damage|p2a: リリーラ|265/336 par","|move|p2a: リリーラ|Recover|p2a: リリーラ","|-heal|p2a: リリーラ|336/336 par","|","|-damage|p1a: Corey|0 fnt|[from] move: Infestation|[partiallytrapped]","|faint|p1a: Corey","|","|win|Vodoom"],"p1rating":{"entryid":"101024","serverid":"eos","formatid":"monotype","userid":"slkingdra","username":"SL~Kingdra","w":"23","l":18,"t":"0","gxe":54.5,"r":"1538.8862805113","rd":"54.612624575499","sigma":"0","rptime":"1440493200","rpr":1534.5385377091,"rprd":53.578871217407,"rpsigma":"0","acre":1071.3472559471,"lacre":1071.3472559471,"oldacre":"1096.1125354448"},"p2rating":{"entryid":"114353","serverid":"eos","formatid":"monotype","userid":"vodoom","username":"Vodoom","w":6,"l":"4","t":"0","gxe":55.3,"r":"1532.2451718424","rd":"96.281534311073","sigma":"0","rptime":"1440493200","rpr":1541.3411058626,"rprd":87.927533967117,"rpsigma":"0","acre":1117.8571597204,"lacre":1117.8571597204,"oldacre":"1091.1547157811"},"endType":"normal"}