{"seed":[32557,52764,17,63209],"turns":20,"p1":"LightOfAKnowing","p2":"OleBoyRoy","p1team":[{"name":"Gurdurr","species":"Gurdurr","item":"eviolite","ability":"Guts","moves":["bulkup","drainpunch","stoneedge","knockoff"],"nature":"Adamant","evs":{"hp":248,"atk":252,"def":0,"spa":0,"spd":8,"spe":0},"ivs":{"hp":31,"atk":31,"def":31,"spa":31,"spd":31,"spe":31}},{"name":"Hawlucha","species":"Hawlucha","item":"sitrusberry","ability":"Unburden","moves":["substitute","poweruppunch","acrobatics","drainpunch"],"nature":"Adamant","evs":{"hp":4,"atk":252,"def":0,"spa":0,"spd":0,"spe":252},"ivs":{"hp":31,"atk":31,"def":31,"spa":31,"spd":31,"spe":31}},{"name":"Gallade","species":"Gallade","item":"galladite","ability":"Steadfast","moves":["substitute","swordsdance","brickbreak","psychocut"],"nature":"Adamant","evs":{"hp":248,"atk":252,"def":0,"spa":0,"spd":8,"spe":0},"ivs":{"hp":31,"atk":31,"def":31,"spa":31,"spd":31,"spe":31}},{"name":"Machamp","species":"Machamp","item":"choiceband","ability":"No Guard","moves":["knockoff","bulletpunch","stoneedge","dynamicpunch"],"nature":"Adamant","evs":{"hp":248,"atk":252,"def":0,"spa":0,"spd":8,"spe":0},"ivs":{"hp":31,"atk":31,"def":31,"spa":31,"spd":31,"spe":31}},{"name":"Keldeo","species":"Keldeo","item":"leftovers","ability":"Justified","moves":["calmmind","scald","secretsword","icywind"],"nature":"Timid","evs":{"hp":0,"atk":0,"def":0,"spa":252,"spd":4,"spe":252},"ivs":{"hp":31,"atk":31,"def":31,"spa":31,"spd":31,"spe":31}},{"name":"Hitmontop","species":"Hitmontop","item":"choiceband","ability":"Technician","moves":["rapidspin","machpunch","pursuit","bulletpunch"],"nature":"Adamant","evs":{"hp":248,"atk":252,"def":0,"spa":0,"spd":8,"spe":0},"ivs":{"hp":31,"atk":31,"def":31,"spa":31,"spd":31,"spe":31}}],"p2team":[{"name":"Cradily","species":"Cradily","item":"leftovers","ability":"Storm Drain","moves":["toxic","recover","stealthrock","gigadrain"],"nature":"Modest","evs":{"hp":252,"atk":0,"def":0,"spa":4,"spd":252,"spe":0},"ivs":{"hp":31,"atk":31,"def":31,"spa":31,"spd":31,"spe":31}},{"name":"Aggron","species":"Aggron","item":"aggronite","ability":"Rock Head","moves":["stealthrock","roar","heavyslam","earthquake"],"nature":"Adamant","evs":{"hp":240,"atk":252,"def":0,"spa":0,"spd":16,"spe":0},"ivs":{"hp":31,"atk":31,"def":31,"spa":31,"spd":31,"spe":31}},{"name":"Omastar","species":"Omastar","item":"focussash","ability":"Shell Armor","moves":["icebeam","scald","shellsmash","earthpower"],"nature":"Modest","evs":{"hp":4,"atk":0,"def":0,"spa":252,"spd":0,"spe":252},"ivs":{"hp":31,"atk":31,"def":31,"spa":31,"spd":31,"spe":31}},{"name":"Shuckle","species":"Shuckle","item":"leftovers","ability":"Contrary","moves":["shellsmash","rest","protect","infestation"],"nature":"Bold","evs":{"hp":0,"atk":0,"def":252,"spa":4,"spd":252,"spe":0},"ivs":{"hp":31,"atk":31,"def":31,"spa":31,"spd":31,"spe":31}},{"name":"Tyrantrum","species":"Tyrantrum","item":"choicescarf","ability":"Rock Head","moves":["headsmash","outrage","ironhead","superpower"],"nature":"Impish","evs":{"hp":0,"atk":252,"def":4,"spa":0,"spd":0,"spe":252},"ivs":{"hp":31,"atk":31,"def":31,"spa":31,"spd":31,"spe":31}},{"name":"Tyranitar","species":"Tyranitar","item":"choicescarf","ability":"Sand Stream","moves":["stoneedge","pursuit","superpower","crunch"],"nature":"Jolly","evs":{"hp":4,"atk":252,"def":0,"spa":0,"spd":0,"spe":252},"ivs":{"hp":31,"atk":31,"def":31,"spa":31,"spd":31,"spe":31}}],"log":["|player|p1|LightOfAKnowing|lightofaknowing.png","|player|p2|OleBoyRoy|10","|gametype|singles","|gen|6","|tier|Monotype","|rated","|rule|Baton Pass Clause: Limit one Baton Passer, can't pass Spe and other stats simultaneously","|rule|Swagger Clause: Swagger is banned","|rule|Same Type Clause: Pokémon in a team must share a type","|clearpoke","|poke|p1|Gurdurr, M","|poke|p1|Hawlucha, F","|poke|p1|Gallade, M","|poke|p1|Machamp, F","|poke|p1|Keldeo","|poke|p1|Hitmontop, M","|poke|p2|Cradily, F","|poke|p2|Aggron, F","|poke|p2|Omastar, M","|poke|p2|Shuckle, M","|poke|p2|Tyrantrum, M","|poke|p2|Tyranitar, F","|rule|Sleep Clause Mod: Limit one foe put to sleep","|rule|Species Clause: Limit one of each Pokémon","|rule|OHKO Clause: OHKO moves are banned","|rule|Moody Clause: Moody is banned","|rule|Evasion Moves Clause: Evasion moves are banned","|rule|Endless Battle Clause: Forcing endless battles is banned","|rule|HP Percentage Mod: HP is shown in percentages","|teampreview","|","|start","|switch|p1a: Gallade|Gallade, M|339/339","|switch|p2a: Aggron|Aggron, F|341/341","|turn|1","|","|detailschange|p1a: Gallade|Gallade-Mega, M","|-mega|p1a: Gallade|Gallade|Galladite","|detailschange|p2a: Aggron|Aggron-Mega, F","|-mega|p2a: Aggron|Aggron|Aggronite","|move|p1a: Gallade|Substitute|p1a: Gallade","|-start|p1a: Gallade|Substitute","|-damage|p1a: Gallade|255/339","|move|p2a: Aggron|Stealth Rock|p1a: Gallade","|-sidestart|p1: LightOfAKnowing|move: Stealth Rock","|","|turn|2","|","|move|p1a: Gallade|Swords Dance|p1a: Gallade","|-boost|p1a: Gallade|atk|2","|move|p2a: Aggron|Roar|p1a: Gallade","|drag|p1a: Machamp|Machamp, F|383/383","|-damage|p1a: Machamp|360/383|[from] Stealth Rock","|","|turn|3","|","|move|p1a: Machamp|Dynamic Punch|p2a: Aggron","|-supereffective|p2a: Aggron","|-damage|p2a: Aggron|116/341","|-start|p2a: Aggron|confusion","|-activate|p2a: Aggron|confusion","|move|p2a: Aggron|Roar|p1a: Machamp","|drag|p1a: Hitmontop|Hitmontop, M|303/303","|-damage|p1a: Hitmontop|285/303|[from] Stealth Rock","|","|turn|4","|","|move|p1a: Hitmontop|Rapid Spin|p2a: Aggron","|-resisted|p2a: Aggron","|-damage|p2a: Aggron|105/341","|-sideend|p1: LightOfAKnowing|Stealth Rock|[from] move: Rapid Spin|[of] p1a: Hitmontop","|-activate|p2a: Aggron|confusion","|move|p2a: Aggron|Heavy Slam|p1a: Hitmontop","|-damage|p1a: Hitmontop|26/303","|","|turn|5","|","|switch|p1a: Gallade|Gallade-Mega, M|255/339","|-activate|p2a: Aggron|confusion","|move|p2a: Aggron|Heavy Slam|p1a: Gallade","|-damage|p1a: Gallade|0 fnt","|faint|p1a: Gallade","|","|","|switch|p1a: Hitmontop|Hitmontop, M|26/303","|turn|6","|","|move|p1a: Hitmontop|Mach Punch|p2a: Aggron","|-supereffective|p2a: Aggron","|-damage|p2a: Aggron|5/341","|-activate|p2a: Aggron|confusion","|move|p2a: Aggron|Heavy Slam|p1a: Hitmontop","|-damage|p1a: Hitmontop|0 fnt","|faint|p1a: Hitmontop","|","|","|switch|p1a: Hawlucha|Hawlucha, F|298/298","|turn|7","|","|move|p1a: Hawlucha|Power-Up Punch|p2a: Aggron","|-supereffective|p2a: Aggron","|-damage|p2a: Aggron|0 fnt","|-boost|p1a: Hawlucha|atk|1","|faint|p2a: Aggron","|","|","|switch|p2a: Omastar|Omastar, M|282/282","|turn|8","|","|move|p1a: Hawlucha|Substitute|p1a: Hawlucha","|-start|p1a: Hawlucha|Substitute","|-damage|p1a: Hawlucha|224/298","|move|p2a: Omastar|Shell Smash|p2a: Omastar","|-unboost|p2a: Omastar|def|1","|-unboost|p2a: Omastar|spd|1","|-boost|p2a: Omastar|atk|2","|-boost|p2a: Omastar|spa|2","|-boost|p2a: Omastar|spe|2","|","|turn|9","|","|move|p2a: Omastar|Ice Beam|p1a: Hawlucha","|-supereffective|p1a: Hawlucha","|-end|p1a: Hawlucha|Substitute","|move|p1a: Hawlucha|Drain Punch|p2a: Omastar","|-supereffective|p2a: Omastar","|-enditem|p2a: Omastar|Focus Sash","|-damage|p2a: Omastar|1/282","|-heal|p1a: Hawlucha|298/298|[from] drain|[of] p2a: Omastar","|","|turn|10","|","|move|p2a: Omastar|Ice Beam|p1a: Hawlucha","|-supereffective|p1a: Hawlucha","|-damage|p1a: Hawlucha|0 fnt","|faint|p1a: Hawlucha","|","|","|switch|p1a: Machamp|Machamp, F|360/383","|turn|11","|","|move|p1a: Machamp|Bullet Punch|p2a: Omastar","|-damage|p2a: Omastar|0 fnt","|faint|p2a: Omastar","|","|","|switch|p2a: Tyranitar|Tyranitar, F|342/342","|-weather|Sandstorm","|turn|12","|","|switch|p1a: Gurdurr|Gurdurr, M|373/373","|move|p2a: Tyranitar|Superpower|p1a: Gurdurr","|-damage|p1a: Gurdurr|263/373","|-unboost|p2a: Tyranitar|atk|1","|-unboost|p2a: Tyranitar|def|1","|","|-weather|Sandstorm|[upkeep]","|-damage|p1a: Gurdurr|240/373|[from] sandstorm","|turn|13","|","|switch|p2a: Cradily|Cradily, F|376/376","|move|p1a: Gurdurr|Drain Punch|p2a: Cradily","|-supereffective|p2a: Cradily","|-damage|p2a: Cradily|128/376","|-heal|p1a: Gurdurr|364/373|[from] drain|[of] p2a: Cradily","|","|-weather|Sandstorm|[upkeep]","|-damage|p1a: Gurdurr|341/373|[from] sandstorm","|-heal|p2a: Cradily|151/376|[from] item: Leftovers","|turn|14","|","|move|p2a: Cradily|Recover|p2a: Cradily","|-heal|p2a: Cradily|339/376","|move|p1a: Gurdurr|Bulk Up|p1a: Gurdurr","|-boost|p1a: Gurdurr|atk|1","|-boost|p1a: Gurdurr|def|1","|","|-weather|Sandstorm|[upkeep]","|-damage|p1a: Gurdurr|318/373|[from] sandstorm","|-heal|p2a: Cradily|362/376|[from] item: Leftovers","|turn|15","|","|move|p2a: Cradily|Toxic|p1a: Gurdurr","|-status|p1a: Gurdurr|tox","|move|p1a: Gurdurr|Drain Punch|p2a: Cradily","|-supereffective|p2a: Cradily","|-damage|p2a: Cradily|0 fnt","|-heal|p1a: Gurdurr|373/373 tox|[from] drain|[of] p2a: Cradily","|faint|p2a: Cradily","|","|-weather|Sandstorm|[upkeep]","|-damage|p1a: Gurdurr|350/373 tox|[from] sandstorm","|-damage|p1a: Gurdurr|327/373 tox|[from] psn","|","|switch|p2a: Tyrantrum|Tyrantrum, M|305/305","|turn|16","|","|move|p2a: Tyrantrum|Outrage|p1a: Gurdurr","|-damage|p1a: Gurdurr|224/373 tox","|move|p1a: Gurdurr|Drain Punch|p2a: Tyrantrum","|-supereffective|p2a: Tyrantrum","|-damage|p2a: Tyrantrum|0 fnt","|-heal|p1a: Gurdurr|373/373 tox|[from] drain|[of] p2a: Tyrantrum","|faint|p2a: Tyrantrum","|","|-weather|none","|-damage|p1a: Gurdurr|327/373 tox|[from] psn","|","|switch|p2a: Shuckle|Shuckle, M|181/181","|turn|17","|","|move|p1a: Gurdurr|Drain Punch|p2a: Shuckle","|-damage|p2a: Shuckle|66/181","|-heal|p1a: Gurdurr|373/373 tox|[from] drain|[of] p2a: Shuckle","|move|p2a: Shuckle|Shell Smash|p2a: Shuckle","|-boost|p2a: Shuckle|def|1","|-boost|p2a: Shuckle|spd|1","|-unboost|p2a: Shuckle|atk|2","|-unboost|p2a: Shuckle|spa|2","|-unboost|p2a: Shuckle|spe|2","|","|-heal|p2a: Shuckle|77/181|[from] item: Leftovers","|-damage|p1a: Gurdurr|304/373 tox|[from] psn","|turn|18","|","|move|p2a: Shuckle|Protect|p2a: Shuckle","|-singleturn|p2a: Shuckle|Protect","|move|p1a: Gurdurr|Drain Punch|p2a: Shuckle","|-activate|p2a: Shuckle|Protect","|","|-heal|p2a: Shuckle|88/181|[from] item: Leftovers","|-damage|p1a: Gurdurr|212/373 tox|[from] psn","|turn|19","|","|move|p1a: Gurdurr|Drain Punch|p2a: Shuckle","|-crit|p2a: Shuckle","|-damage|p2a: Shuckle|0 fnt","|-heal|p1a: Gurdurr|256/373 tox|[from] drain|[of] p2a: Shuckle","|faint|p2a: Shuckle","|","|-damage|p1a: Gurdurr|141/373 tox|[from] psn","|","|switch|p2a: Tyranitar|Tyranitar, F|342/342","|-weather|Sandstorm","|turn|20","|","|move|p2a: Tyranitar|Stone Edge|p1a: Gurdurr","|-resisted|p1a: Gurdurr","|-damage|p1a: Gurdurr|97/373 tox","|move|p1a: Gurdurr|Drain Punch|p2a: Tyranitar","|-supereffective|p2a: Tyranitar","|-damage|p2a: Tyranitar|0 fnt","|-heal|p1a: Gurdurr|268/373 tox|[from] drain|[of] p2a: Tyranitar","|faint|p2a: Tyranitar","|","|win|LightOfAKnowing"],"p1rating":{"entryid":"386","serverid":"eos","formatid":"monotype","userid":"lightofaknowing","username":"LightOfAKnowing","w":33,"l":"42","t":"0","gxe":46.4,"r":"1468.7177165907","rd":"42.537282339152","sigma":"0","rptime":"1440493200","rpr":1472.8166562743,"rprd":42.25904841014,"rpsigma":"0","acre":1168.0720765139,"lacre":1168.0720765139,"oldacre":"1153.0513268174"},"p2rating":{"entryid":"404141","serverid":"eos","formatid":"monotype","userid":"oleboyroy","username":"OleBoyRoy","w":"1","l":5,"t":"0","gxe":35.9,"r":"1409.1200709477","rd":"102.05891889149","sigma":"0","rptime":"1440493200","rpr":1386.2920153344,"rprd":98.099950580147,"rpsigma":"0","acre":1000,"lacre":1000,"oldacre":"1006.2037716106"},"endType":"normal"}