{"seed":[4836,40766,36290,45288],"turns":20,"p1":"Twizz","p2":"Rain Hoot","p1team":[{"name":"Togekiss","species":"Togekiss","item":"assaultvest","ability":"Serene Grace","moves":["flamethrower","airslash","dazzlinggleam","aurasphere"],"nature":"Modest","evs":{"hp":4,"atk":0,"def":0,"spa":252,"spd":252,"spe":0},"ivs":{"hp":31,"atk":31,"def":31,"spa":31,"spd":31,"spe":31}},{"name":"Dragonite","species":"Dragonite","item":"weaknesspolicy","ability":"Multiscale","moves":["dragondance","dragonclaw","earthquake","extremespeed"],"nature":"Adamant","evs":{"hp":0,"atk":252,"def":0,"spa":0,"spd":4,"spe":252},"ivs":{"hp":31,"atk":31,"def":31,"spa":31,"spd":31,"spe":31}},{"name":"Fuck you","species":"skarmory","item":"rockyhelmet","ability":"Sturdy","moves":["defog","stealthrock","roost","whirlwind"],"nature":"Impish","evs":{"hp":248,"atk":0,"def":236,"spa":0,"spd":0,"spe":24},"ivs":{"hp":31,"atk":31,"def":31,"spa":31,"spd":31,"spe":31}},{"name":"Zapdos","species":"Zapdos","item":"leftovers","ability":"Pressure","moves":["roost","toxic","heatwave","discharge"],"nature":"Bold","evs":{"hp":0,"atk":0,"def":252,"spa":56,"spd":200,"spe":0},"ivs":{"hp":31,"atk":31,"def":31,"spa":31,"spd":31,"spe":31}},{"name":"Bops","species":"landorus","item":"lifeorb","ability":"Sheer Force","moves":["earthquake","knockoff","uturn","rockslide"],"nature":"Jolly","evs":{"hp":0,"atk":252,"def":0,"spa":0,"spd":4,"spe":252},"ivs":{"hp":31,"atk":31,"def":31,"spa":31,"spd":31,"spe":31}},{"name":"Jerry","species":"honchkrow","item":"lifeorb","ability":"Moxie","moves":["suckerpunch","heatwave","bravebird","nightslash"],"nature":"Hasty","evs":{"hp":0,"atk":252,"def":0,"spa":4,"spd":0,"spe":252},"ivs":{"hp":31,"atk":31,"def":31,"spa":31,"spd":31,"spe":31}}],"p2team":[{"name":"Moltres","species":"Moltres","item":"assaultvest","ability":"Pressure","moves":["flamethrower","hurricane","ancientpower","twister"],"nature":"Modest","evs":{"hp":248,"atk":0,"def":0,"spa":252,"spd":8,"spe":0},"ivs":{"hp":31,"atk":31,"def":31,"spa":31,"spd":31,"spe":31}},{"name":"Entei","species":"Entei","item":"choiceband","ability":"Pressure","moves":["extremespeed","stoneedge","sacredfire","ironhead"],"nature":"Adamant","evs":{"hp":252,"atk":252,"def":0,"spa":0,"spd":4,"spe":0},"shiny":true,"ivs":{"hp":31,"atk":31,"def":31,"spa":31,"spd":31,"spe":31}},{"name":"Torkoal","species":"Torkoal","item":"sitrusberry","ability":"White Smoke","moves":["rapidspin","lavaplume","earthquake","clearsmog"],"nature":"Lax","evs":{"hp":248,"atk":8,"def":252,"spa":0,"spd":0,"spe":0},"ivs":{"hp":31,"atk":31,"def":31,"spa":31,"spd":31,"spe":31}},{"name":"Arcanine","species":"Arcanine","item":"rockyhelmet","ability":"Intimidate","moves":["closecombat","crunch","extremespeed","willowisp"],"nature":"Adamant","evs":{"hp":248,"atk":252,"def":0,"spa":0,"spd":8,"spe":0},"ivs":{"hp":31,"atk":31,"def":31,"spa":31,"spd":31,"spe":31}},{"name":"Volcarona","species":"Volcarona","item":"focussash","ability":"Flame Body","moves":["fierydance","quiverdance","bugbuzz","gigadrain"],"nature":"Modest","evs":{"hp":0,"atk":0,"def":0,"spa":252,"spd":4,"spe":252},"ivs":{"hp":31,"atk":31,"def":31,"spa":31,"spd":31,"spe":31}},{"name":"Charizard","species":"Charizard","item":"charizarditey","ability":"Blaze","moves":["solarbeam","ancientpower","airslash","roost"],"nature":"Timid","evs":{"hp":0,"atk":0,"def":0,"spa":252,"spd":4,"spe":252},"ivs":{"hp":31,"atk":31,"def":31,"spa":31,"spd":31,"spe":31}}],"log":["|player|p1|Twizz|264","|player|p2|Rain Hoot|1","|gametype|singles","|gen|6","|tier|Monotype","|rated","|rule|Baton Pass Clause: Limit one Baton Passer, can't pass Spe and other stats simultaneously","|rule|Swagger Clause: Swagger is banned","|rule|Same Type Clause: Pokémon in a team must share a type","|clearpoke","|poke|p1|Togekiss, F","|poke|p1|Dragonite, M","|poke|p1|Skarmory, F","|poke|p1|Zapdos","|poke|p1|Landorus, M","|poke|p1|Honchkrow, M","|poke|p2|Moltres","|poke|p2|Entei, shiny","|poke|p2|Torkoal, F","|poke|p2|Arcanine, F","|poke|p2|Volcarona, M","|poke|p2|Charizard, M","|rule|Sleep Clause Mod: Limit one foe put to sleep","|rule|Species Clause: Limit one of each Pokémon","|rule|OHKO Clause: OHKO moves are banned","|rule|Moody Clause: Moody is banned","|rule|Evasion Moves Clause: Evasion moves are banned","|rule|Endless Battle Clause: Forcing endless battles is banned","|rule|HP Percentage Mod: HP is shown in percentages","|teampreview","|","|start","|switch|p1a: Fuck you|Skarmory, F|333/333","|switch|p2a: Moltres|Moltres|383/383","|-ability|p2a: Moltres|Pressure","|turn|1","|","|move|p2a: Moltres|Flamethrower|p1a: Fuck you","|-supereffective|p1a: Fuck you","|-ability|p1a: Fuck you|Sturdy","|-damage|p1a: Fuck you|1/333","|move|p1a: Fuck you|Stealth Rock|p2a: Moltres","|-sidestart|p2: Rain Hoot|move: Stealth Rock","|","|turn|2","|","|switch|p2a: Torkoal|Torkoal, F|343/343","|-damage|p2a: Torkoal|258/343|[from] Stealth Rock","|move|p1a: Fuck you|Whirlwind|p2a: Torkoal","|drag|p2a: Entei|Entei, shiny|434/434","|-damage|p2a: Entei|326/434|[from] Stealth Rock","|-ability|p2a: Entei|Pressure","|","|turn|3","|","|move|p2a: Entei|Sacred Fire|p1a: Fuck you","|-supereffective|p1a: Fuck you","|-damage|p1a: Fuck you|0 fnt","|faint|p1a: Fuck you","|","|","|switch|p1a: Bops|Landorus, M|319/319","|turn|4","|","|move|p1a: Bops|Earthquake|p2a: Entei","|-supereffective|p2a: Entei","|-damage|p2a: Entei|0 fnt","|-damage|p1a: Bops|288/319|[from] item: Life Orb","|faint|p2a: Entei","|","|","|switch|p2a: Torkoal|Torkoal, F|258/343","|-damage|p2a: Torkoal|173/343|[from] Stealth Rock","|turn|5","|","|move|p1a: Bops|U-turn|p2a: Torkoal","|-resisted|p2a: Torkoal","|-damage|p2a: Torkoal|144/343","|-damage|p1a: Bops|257/319|[from] item: Life Orb","|-enditem|p2a: Torkoal|Sitrus Berry|[eat]","|-heal|p2a: Torkoal|229/343|[from] item: Sitrus Berry","|","|switch|p1a: Dragonite|Dragonite, M|323/323","|move|p2a: Torkoal|Rapid Spin|p1a: Dragonite","|-damage|p1a: Dragonite|315/323","|-sideend|p2: Rain Hoot|Stealth Rock|[from] move: Rapid Spin|[of] p2a: Torkoal","|","|turn|6","|","|move|p1a: Dragonite|Dragon Dance|p1a: Dragonite","|-boost|p1a: Dragonite|atk|1","|-boost|p1a: Dragonite|spe|1","|move|p2a: Torkoal|Lava Plume|p1a: Dragonite","|-resisted|p1a: Dragonite","|-damage|p1a: Dragonite|276/323","|","|turn|7","|","|move|p1a: Dragonite|Dragon Dance|p1a: Dragonite","|-boost|p1a: Dragonite|atk|1","|-boost|p1a: Dragonite|spe|1","|move|p2a: Torkoal|Clear Smog|p1a: Dragonite","|-damage|p1a: Dragonite|240/323","|-clearboost|p1a: Dragonite","|","|turn|8","|","|move|p1a: Dragonite|Dragon Dance|p1a: Dragonite","|-boost|p1a: Dragonite|atk|1","|-boost|p1a: Dragonite|spe|1","|move|p2a: Torkoal|Lava Plume|p1a: Dragonite","|-resisted|p1a: Dragonite","|-damage|p1a: Dragonite|199/323","|-status|p1a: Dragonite|brn","|","|-damage|p1a: Dragonite|159/323 brn|[from] brn","|turn|9","|","|switch|p1a: Zapdos|Zapdos|321/321","|-ability|p1a: Zapdos|Pressure","|move|p2a: Torkoal|Clear Smog|p1a: Zapdos","|-damage|p1a: Zapdos|291/321","|-clearboost|p1a: Zapdos","|","|-heal|p1a: Zapdos|311/321|[from] item: Leftovers","|turn|10","|","|switch|p2a: Charizard|Charizard, M|297/297","|move|p1a: Zapdos|Toxic|p2a: Charizard","|-status|p2a: Charizard|tox","|","|-heal|p1a: Zapdos|321/321|[from] item: Leftovers","|-damage|p2a: Charizard|279/297 tox|[from] psn","|turn|11","|","|detailschange|p2a: Charizard|Charizard-Mega-Y, M","|-mega|p2a: Charizard|Charizard|Charizardite Y","|-weather|SunnyDay","|move|p2a: Charizard|Ancient Power|p1a: Zapdos","|-supereffective|p1a: Zapdos","|-damage|p1a: Zapdos|177/321","|move|p1a: Zapdos|Discharge|p2a: Charizard","|-supereffective|p2a: Charizard","|-damage|p2a: Charizard|81/297 tox","|","|-weather|SunnyDay|[upkeep]","|-heal|p1a: Zapdos|197/321|[from] item: Leftovers","|-damage|p2a: Charizard|45/297 tox|[from] psn","|turn|12","|","|move|p2a: Charizard|Ancient Power|p1a: Zapdos","|-supereffective|p1a: Zapdos","|-damage|p1a: Zapdos|57/321","|move|p1a: Zapdos|Roost|p1a: Zapdos","|-heal|p1a: Zapdos|218/321","|","|-weather|SunnyDay|[upkeep]","|-heal|p1a: Zapdos|238/321|[from] item: Leftovers","|-damage|p2a: Charizard|0 fnt|[from] psn","|faint|p2a: Charizard","|","|switch|p2a: Volcarona|Volcarona, M|311/311","|turn|13","|","|move|p2a: Volcarona|Quiver Dance|p2a: Volcarona","|-boost|p2a: Volcarona|spa|1","|-boost|p2a: Volcarona|spd|1","|-boost|p2a: Volcarona|spe|1","|move|p1a: Zapdos|Toxic|p2a: Volcarona","|-status|p2a: Volcarona|tox","|","|-weather|SunnyDay|[upkeep]","|-heal|p1a: Zapdos|258/321|[from] item: Leftovers","|-damage|p2a: Volcarona|292/311 tox|[from] psn","|turn|14","|","|move|p2a: Volcarona|Fiery Dance|p1a: Zapdos","|-crit|p1a: Zapdos","|-damage|p1a: Zapdos|0 fnt","|-boost|p2a: Volcarona|spa|1","|faint|p1a: Zapdos","|","|-weather|SunnyDay|[upkeep]","|-damage|p2a: Volcarona|254/311 tox|[from] psn","|","|switch|p1a: Jerry|Honchkrow, M|341/341","|turn|15","|","|move|p2a: Volcarona|Bug Buzz|p1a: Jerry","|-damage|p1a: Jerry|0 fnt","|faint|p1a: Jerry","|","|-weather|none","|-damage|p2a: Volcarona|197/311 tox|[from] psn","|","|switch|p1a: Togekiss|Togekiss, F|312/312","|turn|16","|","|switch|p1a: Dragonite|Dragonite, M|159/323 brn","|move|p2a: Volcarona|Fiery Dance|p1a: Dragonite","|-resisted|p1a: Dragonite","|-damage|p1a: Dragonite|0 fnt","|-boost|p2a: Volcarona|spa|1","|faint|p1a: Dragonite","|","|-damage|p2a: Volcarona|121/311 tox|[from] psn","|","|switch|p1a: Bops|Landorus, M|257/319","|turn|17","|","|move|p2a: Volcarona|Giga Drain|p1a: Bops","|-damage|p1a: Bops|0 fnt","|-heal|p2a: Volcarona|250/311 tox|[from] drain|[of] p1a: Bops","|faint|p1a: Bops","|","|-damage|p2a: Volcarona|155/311 tox|[from] psn","|","|switch|p1a: Togekiss|Togekiss, F|312/312","|turn|18","|","|move|p2a: Volcarona|Fiery Dance|p1a: Togekiss","|-damage|p1a: Togekiss|119/312","|-boost|p2a: Volcarona|spa|1","|move|p1a: Togekiss|Air Slash|p2a: Volcarona","|-supereffective|p2a: Volcarona","|-damage|p2a: Volcarona|0 fnt","|faint|p2a: Volcarona","|","|","|switch|p2a: Moltres|Moltres|383/383","|-ability|p2a: Moltres|Pressure","|turn|19","|","|move|p2a: Moltres|Ancient Power|p1a: Togekiss","|-supereffective|p1a: Togekiss","|-damage|p1a: Togekiss|45/312","|move|p1a: Togekiss|Air Slash|p2a: Moltres","|-damage|p2a: Moltres|286/383","|","|turn|20","|","|move|p2a: Moltres|Ancient Power|p1a: Togekiss","|-supereffective|p1a: Togekiss","|-damage|p1a: Togekiss|0 fnt","|faint|p1a: Togekiss","|","|win|Rain Hoot"],"p1rating":{"entryid":"66045","serverid":"eos","formatid":"monotype","userid":"twizz","username":"Twizz","w":"15","l":10,"t":"0","gxe":53.9,"r":"1556.7516194202","rd":"68.350300331058","sigma":"0","rptime":"1440493200","rpr":1530.216254329,"rprd":66.052709529509,"rpsigma":"0","acre":1115.0628748767,"lacre":1115.0628748767,"oldacre":"1141.9592785231"},"p2rating":{"entryid":"129353","serverid":"eos","formatid":"monotype","userid":"rainhoot","username":"Rain Hoot","w":19,"l":"20","t":"0","gxe":49.4,"r":"1479.1506787607","rd":"60.985579386037","sigma":"0","rptime":"1440493200","rpr":1495.0908142374,"rprd":55.107498441034,"rpsigma":"0","acre":1142.449831983,"lacre":1142.449831983,"oldacre":"1115.5534283366"},"endType":"normal"}