{"seed":[59560,51659,969,26221],"turns":24,"p1":"Guard Darkrai","p2":"SWL HB","p1team":[{"name":"Beheeyem","species":"Beheeyem","item":"choicescarf","ability":"Synchronize","moves":["cosmicpower","nastyplot","darkpulse","trick"],"nature":"Timid","evs":{"hp":0,"atk":0,"def":0,"spa":252,"spd":4,"spe":252},"ivs":{"hp":31,"atk":31,"def":31,"spa":31,"spd":31,"spe":31}},{"name":"Meloetta","species":"Meloetta","item":"assaultvest","ability":"Serene Grace","moves":["chargebeam","shadowball","psyshock","energyball"],"nature":"Modest","evs":{"hp":248,"atk":0,"def":0,"spa":252,"spd":8,"spe":0},"ivs":{"hp":31,"atk":31,"def":31,"spa":31,"spd":31,"spe":31}},{"name":"Musharna","species":"Musharna","item":"leftovers","ability":"Synchronize","moves":["healbell","toxic","healingwish","moonlight"],"nature":"Calm","evs":{"hp":252,"atk":0,"def":4,"spa":0,"spd":252,"spe":0},"ivs":{"hp":31,"atk":31,"def":31,"spa":31,"spd":31,"spe":31}},{"name":"Mew","species":"Mew","item":"leftovers","ability":"Synchronize","moves":["frostbreath","vacuumwave","nastyplot","psychic"],"nature":"Timid","evs":{"hp":0,"atk":0,"def":0,"spa":252,"spd":4,"spe":252},"ivs":{"hp":31,"atk":31,"def":31,"spa":31,"spd":31,"spe":31}},{"name":"Medicham","species":"Medicham","item":"medichamite","ability":"Pure Power","moves":["fakeout","highjumpkick","psychocut","icepunch"],"nature":"Jolly","evs":{"hp":0,"atk":252,"def":0,"spa":0,"spd":4,"spe":252},"ivs":{"hp":31,"atk":31,"def":31,"spa":31,"spd":31,"spe":31}},{"name":"Metagross","species":"Metagross","item":"weaknesspolicy","ability":"Clear Body","moves":["agility","bulletpunch","earthquake","zenheadbutt"],"nature":"Adamant","evs":{"hp":0,"atk":252,"def":0,"spa":0,"spd":4,"spe":252},"ivs":{"hp":31,"atk":31,"def":31,"spa":31,"spd":31,"spe":31}}],"p2team":[{"name":"Venusaur","species":"Venusaur","item":"venusaurite","ability":"Chlorophyll","moves":["synthesis","gigadrain","amnesia","sludgebomb"],"nature":"Bold","evs":{"hp":248,"atk":0,"def":212,"spa":8,"spd":40,"spe":0},"ivs":{"hp":31,"atk":30,"def":31,"spa":30,"spd":31,"spe":30}},{"name":"Gengar","species":"Gengar","item":"blacksludge","ability":"Levitate","moves":["shadowball","icywind","focusblast","trick"],"nature":"Timid","evs":{"hp":0,"atk":0,"def":0,"spa":252,"spd":4,"spe":252},"ivs":{"hp":31,"atk":31,"def":31,"spa":31,"spd":31,"spe":31}},{"name":"Tentacruel","species":"Tentacruel","item":"blacksludge","ability":"Clear Body","moves":["scald","barrier","rest","acidspray"],"nature":"Calm","evs":{"hp":248,"atk":0,"def":12,"spa":0,"spd":248,"spe":0},"ivs":{"hp":31,"atk":30,"def":31,"spa":30,"spd":31,"spe":30}},{"name":"Nidoqueen","species":"Nidoqueen","item":"blacksludge","ability":"Sheer Force","moves":["stealthrock","earthpower","flamethrower","icebeam"],"nature":"Bold","evs":{"hp":248,"atk":0,"def":240,"spa":20,"spd":0,"spe":0},"ivs":{"hp":31,"atk":31,"def":31,"spa":31,"spd":31,"spe":31}},{"name":"Drapion","species":"Drapion","item":"blacksludge","ability":"Battle Armor","moves":["swordsdance","crunch","rest","poisonjab"],"nature":"Adamant","evs":{"hp":220,"atk":48,"def":0,"spa":0,"spd":216,"spe":24},"ivs":{"hp":31,"atk":31,"def":31,"spa":31,"spd":31,"spe":31}},{"name":"Scolipede","species":"Scolipede","item":"focussash","ability":"Speed Boost","moves":["swordsdance","megahorn","earthquake","rockslide"],"nature":"Jolly","evs":{"hp":0,"atk":252,"def":0,"spa":0,"spd":4,"spe":252},"ivs":{"hp":31,"atk":31,"def":31,"spa":31,"spd":31,"spe":31}}],"log":["|player|p1|Guard Darkrai|guarddarkrai.png","|player|p2|SWL HB|swlhb.gif","|gametype|singles","|gen|6","|tier|Monotype","|rated","|rule|Baton Pass Clause: Limit one Baton Passer, can't pass Spe and other stats simultaneously","|rule|Swagger Clause: Swagger is banned","|rule|Same Type Clause: Pokémon in a team must share a type","|clearpoke","|poke|p1|Beheeyem, M","|poke|p1|Meloetta","|poke|p1|Musharna, F","|poke|p1|Mew","|poke|p1|Medicham, M","|poke|p1|Metagross","|poke|p2|Venusaur, M","|poke|p2|Gengar, M","|poke|p2|Tentacruel, F","|poke|p2|Nidoqueen, F","|poke|p2|Drapion, F","|poke|p2|Scolipede, F","|rule|Sleep Clause Mod: Limit one foe put to sleep","|rule|Species Clause: Limit one of each Pokémon","|rule|OHKO Clause: OHKO moves are banned","|rule|Moody Clause: Moody is banned","|rule|Evasion Moves Clause: Evasion moves are banned","|rule|Endless Battle Clause: Forcing endless battles is banned","|rule|HP Percentage Mod: HP is shown in percentages","|teampreview","|","|start","|switch|p1a: Beheeyem|Beheeyem, M|291/291","|switch|p2a: Drapion|Drapion, F|336/336","|turn|1","|","|move|p1a: Beheeyem|Trick|p2a: Drapion","|-activate|p1a: Beheeyem|move: Trick|[of] p2a: Drapion","|-item|p2a: Drapion|Choice Scarf|[from] move: Trick","|-item|p1a: Beheeyem|Black Sludge|[from] move: Trick","|move|p2a: Drapion|Swords Dance|p2a: Drapion","|-boost|p2a: Drapion|atk|2","|","|-damage|p1a: Beheeyem|255/291|[from] item: Black Sludge","|turn|2","|","|switch|p2a: Nidoqueen|Nidoqueen, F|383/383","|switch|p1a: Metagross|Metagross|301/301","|","|turn|3","|","|move|p1a: Metagross|Agility|p1a: Metagross","|-boost|p1a: Metagross|spe|2","|move|p2a: Nidoqueen|Stealth Rock|p1a: Metagross","|-sidestart|p1: Guard Darkrai|move: Stealth Rock","|","|turn|4","|","|move|p1a: Metagross|Zen Headbutt|p2a: Nidoqueen","|-supereffective|p2a: Nidoqueen","|-damage|p2a: Nidoqueen|125/383","|move|p2a: Nidoqueen|Ice Beam|p1a: Metagross","|-resisted|p1a: Metagross","|-damage|p1a: Metagross|260/301","|","|-heal|p2a: Nidoqueen|148/383|[from] item: Black Sludge","|turn|5","|","|move|p1a: Metagross|Earthquake|p2a: Nidoqueen","|-supereffective|p2a: Nidoqueen","|-damage|p2a: Nidoqueen|0 fnt","|faint|p2a: Nidoqueen","|","|","|switch|p2a: Drapion|Drapion, F|336/336","|turn|6","|","|move|p1a: Metagross|Earthquake|p2a: Drapion","|-supereffective|p2a: Drapion","|-damage|p2a: Drapion|110/336","|move|p2a: Drapion|Crunch|p1a: Metagross","|-supereffective|p1a: Metagross","|-damage|p1a: Metagross|96/301","|-enditem|p1a: Metagross|Weakness Policy","|-boost|p1a: Metagross|atk|2|[from] item: Weakness Policy","|-boost|p1a: Metagross|spa|2|[from] item: Weakness Policy","|","|turn|7","|","|switch|p2a: Tentacruel|Tentacruel, F|363/363","|move|p1a: Metagross|Bullet Punch|p2a: Tentacruel","|-resisted|p2a: Tentacruel","|-damage|p2a: Tentacruel|250/363","|","|-heal|p2a: Tentacruel|272/363|[from] item: Black Sludge","|turn|8","|","|move|p1a: Metagross|Earthquake|p2a: Tentacruel","|-supereffective|p2a: Tentacruel","|-damage|p2a: Tentacruel|0 fnt","|faint|p2a: Tentacruel","|","|","|switch|p2a: Scolipede|Scolipede, F|261/261","|turn|9","|","|move|p1a: Metagross|Earthquake|p2a: Scolipede","|-enditem|p2a: Scolipede|Focus Sash","|-damage|p2a: Scolipede|1/261","|move|p2a: Scolipede|Earthquake|p1a: Metagross","|-supereffective|p1a: Metagross","|-damage|p1a: Metagross|0 fnt","|faint|p1a: Metagross","|","|-boost|p2a: Scolipede|spe|1|[from] ability: Speed Boost","|","|switch|p1a: Mew|Mew|341/341","|-damage|p1a: Mew|299/341|[from] Stealth Rock","|turn|10","|","|move|p1a: Mew|Vacuum Wave|p2a: Scolipede","|-resisted|p2a: Scolipede","|-damage|p2a: Scolipede|0 fnt","|faint|p2a: Scolipede","|","|-heal|p1a: Mew|320/341|[from] item: Leftovers","|","|switch|p2a: Drapion|Drapion, F|110/336","|turn|11","|","|move|p1a: Mew|Vacuum Wave|p2a: Drapion","|-damage|p2a: Drapion|74/336","|move|p2a: Drapion|Rest|p2a: Drapion","|-status|p2a: Drapion|slp","|-heal|p2a: Drapion|336/336 slp|[silent]","|-status|p2a: Drapion|slp|[from] move: Rest","|","|-heal|p1a: Mew|341/341|[from] item: Leftovers","|turn|12","|","|switch|p2a: Gengar|Gengar, M|261/261","|move|p1a: Mew|Psychic|p2a: Gengar","|-supereffective|p2a: Gengar","|-damage|p2a: Gengar|0 fnt","|faint|p2a: Gengar","|","|","|switch|p2a: Drapion|Drapion, F|336/336 slp","|turn|13","|","|cant|p2a: Drapion|slp","|move|p1a: Mew|Nasty Plot|p1a: Mew","|-boost|p1a: Mew|spa|2","|","|turn|14","|","|cant|p2a: Drapion|slp","|move|p1a: Mew|Frost Breath|p2a: Drapion","|-damage|p2a: Drapion|211/336 slp","|","|turn|15","|","|-curestatus|p2a: Drapion|slp","|move|p2a: Drapion|Crunch|p1a: Mew","|-supereffective|p1a: Mew","|-damage|p1a: Mew|153/341","|move|p1a: Mew|Nasty Plot|p1a: Mew","|-boost|p1a: Mew|spa|2","|","|-heal|p1a: Mew|174/341|[from] item: Leftovers","|turn|16","|","|move|p1a: Mew|Vacuum Wave|p2a: Drapion","|-damage|p2a: Drapion|86/336","|move|p2a: Drapion|Crunch|p1a: Mew","|-supereffective|p1a: Mew","|-damage|p1a: Mew|0 fnt","|faint|p1a: Mew","|","|","|switch|p1a: Medicham|Medicham, M|261/261","|-damage|p1a: Medicham|245/261|[from] Stealth Rock","|turn|17","|","|switch|p2a: Venusaur|Venusaur, M|363/363","|detailschange|p1a: Medicham|Medicham-Mega, M","|-mega|p1a: Medicham|Medicham|Medichamite","|move|p1a: Medicham|Fake Out|p2a: Venusaur","|-damage|p2a: Venusaur|301/363","|","|turn|18","|","|detailschange|p2a: Venusaur|Venusaur-Mega, M","|-mega|p2a: Venusaur|Venusaur|Venusaurite","|move|p1a: Medicham|Psycho Cut|p2a: Venusaur","|-supereffective|p2a: Venusaur","|-damage|p2a: Venusaur|19/363","|move|p2a: Venusaur|Sludge Bomb|p1a: Medicham","|-damage|p1a: Medicham|92/261","|","|turn|19","|","|move|p1a: Medicham|Ice Punch|p2a: Venusaur","|-supereffective|p2a: Venusaur","|-damage|p2a: Venusaur|0 fnt","|faint|p2a: Venusaur","|","|","|switch|p2a: Drapion|Drapion, F|86/336","|turn|20","|","|switch|p1a: Meloetta|Meloetta|403/403","|-damage|p1a: Meloetta|353/403|[from] Stealth Rock","|move|p2a: Drapion|Crunch|p1a: Meloetta","|-supereffective|p1a: Meloetta","|-damage|p1a: Meloetta|89/403","|-unboost|p1a: Meloetta|def|1","|","|turn|21","|","|move|p2a: Drapion|Crunch|p1a: Meloetta","|-supereffective|p1a: Meloetta","|-damage|p1a: Meloetta|0 fnt","|faint|p1a: Meloetta","|","|","|switch|p1a: Medicham|Medicham-Mega, M|92/261","|-damage|p1a: Medicham|76/261|[from] Stealth Rock","|turn|22","|","|move|p1a: Medicham|Fake Out|p2a: Drapion","|-damage|p2a: Drapion|14/336","|cant|p2a: Drapion|flinch","|","|turn|23","|","|switch|p1a: Beheeyem|Beheeyem, M|255/291","|-damage|p1a: Beheeyem|219/291|[from] Stealth Rock","|move|p2a: Drapion|Crunch|p1a: Beheeyem","|-supereffective|p1a: Beheeyem","|-damage|p1a: Beheeyem|0 fnt","|faint|p1a: Beheeyem","|","|","|switch|p1a: Medicham|Medicham-Mega, M|76/261","|-damage|p1a: Medicham|60/261|[from] Stealth Rock","|turn|24","|","|move|p1a: Medicham|Fake Out|p2a: Drapion","|-damage|p2a: Drapion|0 fnt","|faint|p2a: Drapion","|","|win|Guard Darkrai"],"p1rating":{"entryid":"154049","serverid":"eos","formatid":"monotype","userid":"guarddarkrai","username":"Guard Darkrai","w":5,"l":"4","t":"0","gxe":51.9,"r":"1423.5316974162","rd":"117.18298642754","sigma":"0","rptime":"1440493200","rpr":1514.6809820347,"rprd":90.032932691885,"rpsigma":"0","acre":1137.5621224389,"lacre":1137.5621224389,"oldacre":"1116.6143854381"},"p2rating":{"entryid":"2316","serverid":"eos","formatid":"monotype","userid":"swlhb","username":"SWL HB","w":"3","l":11,"t":"0","gxe":33.6,"r":"1368.6311145833","rd":"87.46185786728","sigma":"0","rptime":"1440493200","rpr":1368.6429078222,"rprd":81.46892682156,"rpsigma":"0","acre":1043.9024473013,"lacre":1043.9024473013,"oldacre":"1059.7972437092"},"endType":"normal"}