{"seed":[24559,54104,38679,56228],"turns":41,"p1":"TTIL-amb64","p2":"Apex Salamence","p1team":[{"name":"Gliscor","species":"Gliscor","item":"toxicorb","ability":"Poison Heal","moves":["knockoff","toxic","stealthrock","protect"],"nature":"Impish","evs":{"hp":248,"atk":0,"def":132,"spa":0,"spd":56,"spe":72},"ivs":{"hp":31,"atk":31,"def":31,"spa":31,"spd":31,"spe":31}},{"name":"Krookodile","species":"Krookodile","item":"choicescarf","ability":"Moxie","moves":["dragonclaw","earthquake","crunch","brickbreak"],"nature":"Adamant","evs":{"hp":0,"atk":252,"def":0,"spa":0,"spd":4,"spe":252},"ivs":{"hp":31,"atk":31,"def":31,"spa":31,"spd":31,"spe":31}},{"name":"Mamoswine","species":"Mamoswine","item":"leftovers","ability":"Thick Fat","moves":["iceshard","iciclecrash","superpower","knockoff"],"nature":"Impish","evs":{"hp":252,"atk":252,"def":0,"spa":0,"spd":4,"spe":0},"ivs":{"hp":31,"atk":31,"def":31,"spa":31,"spd":31,"spe":31}},{"name":"Hippowdon","species":"Hippowdon","item":"leftovers","ability":"Sand Stream","moves":["earthquake","bodyslam","slackoff","whirlwind"],"nature":"Impish","evs":{"hp":248,"atk":8,"def":4,"spa":0,"spd":248,"spe":0},"ivs":{"hp":31,"atk":31,"def":31,"spa":31,"spd":31,"spe":31}},{"name":"Excadrill","species":"Excadrill","item":"choicescarf","ability":"Mold Breaker","moves":["ironhead","earthquake","xscissor","aerialace"],"nature":"Adamant","evs":{"hp":0,"atk":252,"def":0,"spa":0,"spd":4,"spe":252},"ivs":{"hp":31,"atk":31,"def":31,"spa":31,"spd":31,"spe":31}},{"name":"Nidoking","species":"Nidoking","item":"choicescarf","ability":"Sheer Force","moves":["fireblast","sludgewave","toxicspikes","shadowball"],"nature":"Modest","evs":{"hp":0,"atk":0,"def":0,"spa":252,"spd":4,"spe":252},"ivs":{"hp":31,"atk":31,"def":31,"spa":31,"spd":31,"spe":31}}],"p2team":[{"name":"Thundurus","species":"Thundurus","item":"lifeorb","ability":"Prankster","moves":["taunt","thunderwave","thunderbolt","flashcannon"],"nature":"Timid","evs":{"hp":0,"atk":0,"def":0,"spa":252,"spd":4,"spe":252},"ivs":{"hp":31,"atk":31,"def":31,"spa":31,"spd":31,"spe":31}},{"name":"Landorus","species":"Landorus","item":"lifeorb","ability":"Sheer Force","moves":["earthpower","psychic","sludgewave","stealthrock"],"nature":"Timid","evs":{"hp":0,"atk":0,"def":0,"spa":252,"spd":4,"spe":252},"ivs":{"hp":31,"atk":31,"def":31,"spa":31,"spd":31,"spe":31}},{"name":"Dragonite","species":"Dragonite","item":"weaknesspolicy","ability":"Multiscale","moves":["dragondance","dragonclaw","extremespeed","thunderpunch"],"nature":"Adamant","evs":{"hp":0,"atk":252,"def":0,"spa":0,"spd":4,"spe":252},"ivs":{"hp":31,"atk":31,"def":31,"spa":31,"spd":31,"spe":31}},{"name":"Pidgeot","species":"Pidgeot","item":"pidgeotite","ability":"Big Pecks","moves":["hurricane","heatwave","protect","hiddenpowerground"],"nature":"Timid","evs":{"hp":0,"atk":0,"def":0,"spa":252,"spd":4,"spe":252},"ivs":{"hp":31,"atk":31,"def":31,"spa":30,"spd":30,"spe":31}},{"name":"Staraptor","species":"Staraptor","item":"choicescarf","ability":"Reckless","moves":["bravebird","closecombat","doubleedge","uturn"],"nature":"Jolly","evs":{"hp":0,"atk":252,"def":0,"spa":0,"spd":4,"spe":252},"ivs":{"hp":31,"atk":31,"def":31,"spa":31,"spd":31,"spe":31}},{"name":"Mandibuzz","species":"Mandibuzz","item":"leftovers","ability":"Overcoat","moves":["defog","foulplay","toxic","roost"],"nature":"Bold","evs":{"hp":252,"atk":0,"def":252,"spa":0,"spd":4,"spe":0},"ivs":{"hp":31,"atk":31,"def":31,"spa":31,"spd":31,"spe":31}}],"log":["|player|p1|TTIL-amb64|153","|player|p2|Apex Salamence|1","|gametype|singles","|gen|6","|tier|Monotype","|rated","|rule|Baton Pass Clause: Limit one Baton Passer, can't pass Spe and other stats simultaneously","|rule|Swagger Clause: Swagger is banned","|rule|Same Type Clause: Pokémon in a team must share a type","|clearpoke","|poke|p1|Gliscor, F","|poke|p1|Krookodile, F","|poke|p1|Mamoswine, F","|poke|p1|Hippowdon, F","|poke|p1|Excadrill, F","|poke|p1|Nidoking, M","|poke|p2|Thundurus, M","|poke|p2|Landorus, M","|poke|p2|Dragonite, F","|poke|p2|Pidgeot, F","|poke|p2|Staraptor, M","|poke|p2|Mandibuzz, F","|rule|Sleep Clause Mod: Limit one foe put to sleep","|rule|Species Clause: Limit one of each Pokémon","|rule|OHKO Clause: OHKO moves are banned","|rule|Moody Clause: Moody is banned","|rule|Evasion Moves Clause: Evasion moves are banned","|rule|Endless Battle Clause: Forcing endless battles is banned","|rule|HP Percentage Mod: HP is shown in percentages","|teampreview","|","|start","|switch|p1a: Gliscor|Gliscor, F|353/353","|switch|p2a: Thundurus|Thundurus, M|299/299","|turn|1","|","|move|p1a: Gliscor|Protect|p1a: Gliscor","|-singleturn|p1a: Gliscor|Protect","|move|p2a: Thundurus|Taunt|p1a: Gliscor","|-activate|p1a: Gliscor|Protect","|","|-status|p1a: Gliscor|tox|[from] item: Toxic Orb","|turn|2","|","|move|p2a: Thundurus|Flash Cannon|p1a: Gliscor","|-damage|p1a: Gliscor|198/353 tox","|-damage|p2a: Thundurus|270/299|[from] item: Life Orb","|move|p1a: Gliscor|Knock Off|p2a: Thundurus","|-damage|p2a: Thundurus|166/299","|-enditem|p2a: Thundurus|Life Orb|[from] move: Knock Off|[of] p1a: Gliscor","|","|-heal|p1a: Gliscor|242/353 tox|[from] ability: Poison Heal","|turn|3","|","|move|p2a: Thundurus|Flash Cannon|p1a: Gliscor","|-damage|p1a: Gliscor|139/353 tox","|move|p1a: Gliscor|Stealth Rock|p2a: Thundurus","|-sidestart|p2: Apex Salamence|move: Stealth Rock","|","|-heal|p1a: Gliscor|183/353 tox|[from] ability: Poison Heal","|turn|4","|","|move|p1a: Gliscor|Protect|p1a: Gliscor","|-singleturn|p1a: Gliscor|Protect","|move|p2a: Thundurus|Flash Cannon|p1a: Gliscor","|-activate|p1a: Gliscor|Protect","|","|-heal|p1a: Gliscor|227/353 tox|[from] ability: Poison Heal","|turn|5","|","|move|p2a: Thundurus|Taunt|p1a: Gliscor","|-start|p1a: Gliscor|move: Taunt","|cant|p1a: Gliscor|move: Taunt|Toxic","|","|-heal|p1a: Gliscor|271/353 tox|[from] ability: Poison Heal","|turn|6","|","|move|p2a: Thundurus|Flash Cannon|p1a: Gliscor","|-damage|p1a: Gliscor|163/353 tox","|move|p1a: Gliscor|Knock Off|p2a: Thundurus","|-damage|p2a: Thundurus|105/299","|","|-heal|p1a: Gliscor|207/353 tox|[from] ability: Poison Heal","|turn|7","|","|move|p2a: Thundurus|Flash Cannon|p1a: Gliscor","|-damage|p1a: Gliscor|92/353 tox","|move|p1a: Gliscor|Knock Off|p2a: Thundurus","|-damage|p2a: Thundurus|36/299","|","|-heal|p1a: Gliscor|136/353 tox|[from] ability: Poison Heal","|-end|p1a: Gliscor|move: Taunt","|turn|8","|","|move|p2a: Thundurus|Taunt|p1a: Gliscor","|-start|p1a: Gliscor|move: Taunt","|move|p1a: Gliscor|Knock Off|p2a: Thundurus","|-damage|p2a: Thundurus|0 fnt","|faint|p2a: Thundurus","|","|-heal|p1a: Gliscor|180/353 tox|[from] ability: Poison Heal","|","|switch|p2a: Mandibuzz|Mandibuzz, F|424/424","|-damage|p2a: Mandibuzz|318/424|[from] Stealth Rock","|turn|9","|","|move|p1a: Gliscor|Knock Off|p2a: Mandibuzz","|-resisted|p2a: Mandibuzz","|-damage|p2a: Mandibuzz|294/424","|-enditem|p2a: Mandibuzz|Leftovers|[from] move: Knock Off|[of] p1a: Gliscor","|move|p2a: Mandibuzz|Foul Play|p1a: Gliscor","|-crit|p1a: Gliscor","|-damage|p1a: Gliscor|68/353 tox","|","|-heal|p1a: Gliscor|112/353 tox|[from] ability: Poison Heal","|turn|10","|","|move|p1a: Gliscor|Knock Off|p2a: Mandibuzz","|-resisted|p2a: Mandibuzz","|-damage|p2a: Mandibuzz|276/424","|move|p2a: Mandibuzz|Defog|p1a: Gliscor","|-unboost|p1a: Gliscor|evasion|1","|-sideend|p2: Apex Salamence|Stealth Rock|[from] move: Defog|[of] p2a: Mandibuzz","|","|-heal|p1a: Gliscor|156/353 tox|[from] ability: Poison Heal","|-end|p1a: Gliscor|move: Taunt","|turn|11","|","|move|p1a: Gliscor|Stealth Rock|p2a: Mandibuzz","|-sidestart|p2: Apex Salamence|move: Stealth Rock","|move|p2a: Mandibuzz|Foul Play|p1a: Gliscor","|-damage|p1a: Gliscor|81/353 tox","|","|-heal|p1a: Gliscor|125/353 tox|[from] ability: Poison Heal","|turn|12","|","|switch|p1a: Hippowdon|Hippowdon, F|419/419","|-weather|Sandstorm","|move|p2a: Mandibuzz|Foul Play|p1a: Hippowdon","|-damage|p1a: Hippowdon|313/419","|","|-weather|Sandstorm|[upkeep]","|-heal|p1a: Hippowdon|339/419|[from] item: Leftovers","|turn|13","|","|move|p2a: Mandibuzz|Defog|p1a: Hippowdon","|-unboost|p1a: Hippowdon|evasion|1","|-sideend|p2: Apex Salamence|Stealth Rock|[from] move: Defog|[of] p2a: Mandibuzz","|move|p1a: Hippowdon|Whirlwind|p2a: Mandibuzz","|drag|p2a: Dragonite|Dragonite, F|323/323","|","|-weather|Sandstorm|[upkeep]","|-damage|p2a: Dragonite|303/323|[from] sandstorm","|-heal|p1a: Hippowdon|365/419|[from] item: Leftovers","|turn|14","|","|move|p2a: Dragonite|Dragon Dance|p2a: Dragonite","|-boost|p2a: Dragonite|atk|1","|-boost|p2a: Dragonite|spe|1","|move|p1a: Hippowdon|Body Slam|p2a: Dragonite","|-damage|p2a: Dragonite|223/323","|","|-weather|Sandstorm|[upkeep]","|-damage|p2a: Dragonite|203/323|[from] sandstorm","|-heal|p1a: Hippowdon|391/419|[from] item: Leftovers","|turn|15","|","|move|p2a: Dragonite|Dragon Claw|p1a: Hippowdon","|-crit|p1a: Hippowdon","|-damage|p1a: Hippowdon|124/419","|move|p1a: Hippowdon|Body Slam|p2a: Dragonite","|-damage|p2a: Dragonite|123/323","|","|-weather|Sandstorm|[upkeep]","|-damage|p2a: Dragonite|103/323|[from] sandstorm","|-heal|p1a: Hippowdon|150/419|[from] item: Leftovers","|turn|16","|","|move|p2a: Dragonite|Dragon Claw|p1a: Hippowdon","|-damage|p1a: Hippowdon|0 fnt","|faint|p1a: Hippowdon","|","|-weather|none","|","|switch|p1a: Gliscor|Gliscor, F|125/353 tox","|turn|17","|","|move|p1a: Gliscor|Protect|p1a: Gliscor","|-singleturn|p1a: Gliscor|Protect","|move|p2a: Dragonite|Dragon Dance|p2a: Dragonite","|-boost|p2a: Dragonite|atk|1","|-boost|p2a: Dragonite|spe|1","|","|-heal|p1a: Gliscor|169/353 tox|[from] ability: Poison Heal","|turn|18","|","|switch|p1a: Nidoking|Nidoking, M|303/303","|move|p2a: Dragonite|Dragon Claw|p1a: Nidoking","|-damage|p1a: Nidoking|0 fnt","|faint|p1a: Nidoking","|","|","|switch|p1a: Mamoswine|Mamoswine, F|424/424","|turn|19","|","|move|p2a: Dragonite|Extreme Speed|p1a: Mamoswine","|-damage|p1a: Mamoswine|209/424","|move|p1a: Mamoswine|Ice Shard|p2a: Dragonite","|-supereffective|p2a: Dragonite","|-damage|p2a: Dragonite|0 fnt","|faint|p2a: Dragonite","|","|-heal|p1a: Mamoswine|235/424|[from] item: Leftovers","|","|switch|p2a: Pidgeot|Pidgeot, F|307/307","|turn|20","|","|detailschange|p2a: Pidgeot|Pidgeot-Mega, F","|-mega|p2a: Pidgeot|Pidgeot|Pidgeotite","|move|p2a: Pidgeot|Protect|p2a: Pidgeot","|-singleturn|p2a: Pidgeot|Protect","|move|p1a: Mamoswine|Ice Shard|p2a: Pidgeot","|-activate|p2a: Pidgeot|Protect","|","|-heal|p1a: Mamoswine|261/424|[from] item: Leftovers","|turn|21","|","|move|p1a: Mamoswine|Ice Shard|p2a: Pidgeot","|-supereffective|p2a: Pidgeot","|-damage|p2a: Pidgeot|137/307","|move|p2a: Pidgeot|Hurricane|p1a: Mamoswine","|-damage|p1a: Mamoswine|0 fnt","|faint|p1a: Mamoswine","|","|","|switch|p1a: Krookodile|Krookodile, F|331/331","|turn|22","|","|move|p1a: Krookodile|Crunch|p2a: Pidgeot","|-damage|p2a: Pidgeot|0 fnt","|faint|p2a: Pidgeot","|-boost|p1a: Krookodile|atk|1|[from] ability: Moxie","|","|","|switch|p2a: Staraptor|Staraptor, M|311/311","|turn|23","|","|move|p2a: Staraptor|Close Combat|p1a: Krookodile","|-supereffective|p1a: Krookodile","|-damage|p1a: Krookodile|0 fnt","|-unboost|p2a: Staraptor|def|1","|-unboost|p2a: Staraptor|spd|1","|faint|p1a: Krookodile","|","|","|switch|p1a: Gliscor|Gliscor, F|169/353 tox","|turn|24","|","|move|p1a: Gliscor|Protect|p1a: Gliscor","|-singleturn|p1a: Gliscor|Protect","|move|p2a: Staraptor|Close Combat|p1a: Gliscor","|-activate|p1a: Gliscor|Protect","|","|-heal|p1a: Gliscor|213/353 tox|[from] ability: Poison Heal","|turn|25","|","|move|p2a: Staraptor|Close Combat|p1a: Gliscor","|-resisted|p1a: Gliscor","|-damage|p1a: Gliscor|171/353 tox","|-unboost|p2a: Staraptor|def|1","|-unboost|p2a: Staraptor|spd|1","|move|p1a: Gliscor|Knock Off|p2a: Staraptor","|-damage|p2a: Staraptor|115/311","|-enditem|p2a: Staraptor|Choice Scarf|[from] move: Knock Off|[of] p1a: Gliscor","|","|-heal|p1a: Gliscor|215/353 tox|[from] ability: Poison Heal","|turn|26","|","|move|p2a: Staraptor|Brave Bird|p1a: Gliscor","|-damage|p1a: Gliscor|50/353 tox","|-damage|p2a: Staraptor|61/311|[from] recoil|[of] p1a: Gliscor","|move|p1a: Gliscor|Knock Off|p2a: Staraptor","|-damage|p2a: Staraptor|0 fnt","|faint|p2a: Staraptor","|","|-heal|p1a: Gliscor|94/353 tox|[from] ability: Poison Heal","|","|switch|p2a: Mandibuzz|Mandibuzz, F|276/424","|turn|27","|","|move|p1a: Gliscor|Protect|p1a: Gliscor","|-singleturn|p1a: Gliscor|Protect","|move|p2a: Mandibuzz|Foul Play|p1a: Gliscor","|-activate|p1a: Gliscor|Protect","|","|-heal|p1a: Gliscor|138/353 tox|[from] ability: Poison Heal","|turn|28","|","|move|p1a: Gliscor|Stealth Rock|p2a: Mandibuzz","|-sidestart|p2: Apex Salamence|move: Stealth Rock","|move|p2a: Mandibuzz|Foul Play|p1a: Gliscor","|-damage|p1a: Gliscor|66/353 tox","|","|-heal|p1a: Gliscor|110/353 tox|[from] ability: Poison Heal","|turn|29","|","|move|p1a: Gliscor|Knock Off|p2a: Mandibuzz","|-crit|p2a: Mandibuzz","|-resisted|p2a: Mandibuzz","|-damage|p2a: Mandibuzz|251/424","|move|p2a: Mandibuzz|Defog|p1a: Gliscor","|-unboost|p1a: Gliscor|evasion|1","|-sideend|p2: Apex Salamence|Stealth Rock|[from] move: Defog|[of] p2a: Mandibuzz","|","|-heal|p1a: Gliscor|154/353 tox|[from] ability: Poison Heal","|turn|30","|","|move|p1a: Gliscor|Protect|p1a: Gliscor","|-singleturn|p1a: Gliscor|Protect","|move|p2a: Mandibuzz|Roost|p2a: Mandibuzz","|-heal|p2a: Mandibuzz|424/424","|","|-heal|p1a: Gliscor|198/353 tox|[from] ability: Poison Heal","|turn|31","|","|move|p1a: Gliscor|Toxic|p2a: Mandibuzz","|-status|p2a: Mandibuzz|tox","|move|p2a: Mandibuzz|Foul Play|p1a: Gliscor","|-damage|p1a: Gliscor|122/353 tox","|","|-heal|p1a: Gliscor|166/353 tox|[from] ability: Poison Heal","|-damage|p2a: Mandibuzz|398/424 tox|[from] psn","|turn|32","|","|switch|p2a: Landorus|Landorus, M|319/319","|move|p1a: Gliscor|Protect|p1a: Gliscor","|-fail|p1a: Gliscor","|","|-heal|p1a: Gliscor|210/353 tox|[from] ability: Poison Heal","|turn|33","|","|move|p2a: Landorus|Stealth Rock|p1a: Gliscor","|-sidestart|p1: TTIL-amb64|move: Stealth Rock","|move|p1a: Gliscor|Knock Off|p2a: Landorus","|-damage|p2a: Landorus|243/319","|-enditem|p2a: Landorus|Life Orb|[from] move: Knock Off|[of] p1a: Gliscor","|","|-heal|p1a: Gliscor|254/353 tox|[from] ability: Poison Heal","|turn|34","|","|move|p2a: Landorus|Psychic|p1a: Gliscor","|-damage|p1a: Gliscor|98/353 tox","|move|p1a: Gliscor|Stealth Rock|p2a: Landorus","|-sidestart|p2: Apex Salamence|move: Stealth Rock","|","|-heal|p1a: Gliscor|142/353 tox|[from] ability: Poison Heal","|turn|35","|","|move|p1a: Gliscor|Protect|p1a: Gliscor","|-singleturn|p1a: Gliscor|Protect","|move|p2a: Landorus|Psychic|p1a: Gliscor","|-activate|p1a: Gliscor|Protect","|","|-heal|p1a: Gliscor|186/353 tox|[from] ability: Poison Heal","|turn|36","|","|move|p2a: Landorus|Sludge Wave|p1a: Gliscor","|-resisted|p1a: Gliscor","|-damage|p1a: Gliscor|110/353 tox","|move|p1a: Gliscor|Toxic|p2a: Landorus","|-status|p2a: Landorus|tox","|","|-damage|p2a: Landorus|224/319 tox|[from] psn","|-heal|p1a: Gliscor|154/353 tox|[from] ability: Poison Heal","|turn|37","|","|move|p2a: Landorus|Psychic|p1a: Gliscor","|-damage|p1a: Gliscor|1/353 tox","|move|p1a: Gliscor|Knock Off|p2a: Landorus","|-damage|p2a: Landorus|165/319 tox","|","|-damage|p2a: Landorus|127/319 tox|[from] psn","|-heal|p1a: Gliscor|45/353 tox|[from] ability: Poison Heal","|turn|38","|","|move|p1a: Gliscor|Protect|p1a: Gliscor","|-singleturn|p1a: Gliscor|Protect","|move|p2a: Landorus|Psychic|p1a: Gliscor","|-activate|p1a: Gliscor|Protect","|","|-damage|p2a: Landorus|70/319 tox|[from] psn","|-heal|p1a: Gliscor|89/353 tox|[from] ability: Poison Heal","|turn|39","|","|move|p2a: Landorus|Psychic|p1a: Gliscor","|-damage|p1a: Gliscor|0 fnt","|faint|p1a: Gliscor","|","|-damage|p2a: Landorus|0 fnt|[from] psn","|faint|p2a: Landorus","|","|switch|p1a: Excadrill|Excadrill, F|361/361","|switch|p2a: Mandibuzz|Mandibuzz, F|398/424 tox","|-damage|p1a: Excadrill|350/361|[from] Stealth Rock","|-ability|p1a: Excadrill|Mold Breaker","|-damage|p2a: Mandibuzz|292/424 tox|[from] Stealth Rock","|turn|40","|","|move|p1a: Excadrill|Iron Head|p2a: Mandibuzz","|-crit|p2a: Mandibuzz","|-damage|p2a: Mandibuzz|111/424 tox","|cant|p2a: Mandibuzz|flinch","|","|-damage|p2a: Mandibuzz|85/424 tox|[from] psn","|turn|41","|","|move|p1a: Excadrill|Iron Head|p2a: Mandibuzz","|-damage|p2a: Mandibuzz|0 fnt","|faint|p2a: Mandibuzz","|","|win|TTIL-amb64"],"p1rating":{"entryid":"274777","serverid":"eos","formatid":"monotype","userid":"ttilamb64","username":"TTIL-amb64","w":10,"l":"10","t":"0","gxe":50.4,"r":"1456.7204411967","rd":"95.568926460846","sigma":"0","rptime":"1440406800","rpr":1503.0928962025,"rprd":70.606052940626,"rpsigma":"0","acre":1133.0420929607,"lacre":1133.0420929607,"oldacre":"1108.5782903086"},"p2rating":{"entryid":"1755","serverid":"eos","formatid":"monotype","userid":"apexsalamence","username":"Apex Salamence","w":"33","l":28,"t":"0","gxe":55.3,"r":"1560.0871931753","rd":"45.916178708115","sigma":"0","rptime":"1440406800","rpr":1540.5306610781,"rprd":44.941096109871,"rpsigma":"0","acre":1076.661583127,"lacre":1076.661583127,"oldacre":"1101.1253857791"},"endType":"normal"}