{"seed":[6734,56216,25581,54535],"turns":24,"p1":"jg1234","p2":"Emg E4 Zap","p1team":[{"name":"Latios","species":"Latios","item":"latiosite","ability":"Levitate","moves":["psychic","thunder","raindance","dragonpulse"],"nature":"Timid","evs":{"hp":0,"atk":0,"def":0,"spa":252,"spd":4,"spe":252},"ivs":{"hp":31,"atk":31,"def":31,"spa":31,"spd":31,"spe":31}},{"name":"Dragonite","species":"Dragonite","item":"leftovers","ability":"Inner Focus","moves":["earthquake","icebeam","flamethrower","aerialace"],"nature":"Serious","evs":{"hp":0,"atk":0,"def":0,"spa":252,"spd":4,"spe":252},"gender":"M","ivs":{"hp":31,"atk":31,"def":31,"spa":31,"spd":31,"spe":31}},{"name":"Goodra","species":"Goodra","item":"leftovers","ability":"Hydration","moves":["raindance","thunder","earthquake","icebeam"],"nature":"Serious","evs":{"hp":252,"atk":0,"def":0,"spa":252,"spd":4,"spe":0},"gender":"M","ivs":{"hp":31,"atk":31,"def":31,"spa":31,"spd":31,"spe":31}},{"name":"Haxorus","species":"Haxorus","item":"leftovers","ability":"Rivalry","moves":["poisonjab","shadowclaw","swordsdance","dragonclaw"],"nature":"Serious","evs":{"hp":0,"atk":252,"def":0,"spa":0,"spd":36,"spe":220},"gender":"M","ivs":{"hp":31,"atk":31,"def":31,"spa":31,"spd":31,"spe":31}},{"name":"Tyrantrum","species":"Tyrantrum","item":"leftovers","ability":"Rock Head","moves":["darkpulse","headsmash","substitute","stealthrock"],"nature":"Serious","evs":{"hp":252,"atk":8,"def":248,"spa":0,"spd":0,"spe":0},"gender":"M","ivs":{"hp":31,"atk":31,"def":31,"spa":31,"spd":31,"spe":31}},{"name":"Hydreigon","species":"Hydreigon","item":"lifeorb","ability":"Levitate","moves":["flamethrower","crunch","protect","roost"],"nature":"Serious","evs":{"hp":248,"atk":8,"def":0,"spa":0,"spd":252,"spe":0},"gender":"M","ivs":{"hp":31,"atk":31,"def":31,"spa":31,"spd":31,"spe":31}}],"p2team":[{"name":"Ditto","species":"Ditto","item":"choicescarf","ability":"Imposter","moves":["transform"],"nature":"Timid","evs":{"hp":252,"atk":0,"def":0,"spa":0,"spd":4,"spe":252},"ivs":{"hp":31,"atk":31,"def":31,"spa":31,"spd":31,"spe":31}},{"name":"Chansey","species":"Chansey","item":"eviolite","ability":"Natural Cure","moves":["toxic","seismictoss","healbell","softboiled"],"nature":"Bold","evs":{"hp":248,"atk":0,"def":252,"spa":0,"spd":8,"spe":0},"ivs":{"hp":31,"atk":31,"def":31,"spa":31,"spd":31,"spe":31}},{"name":"Lopunny","species":"Lopunny","item":"lopunnite","ability":"Limber","moves":["fakeout","firepunch","return","highjumpkick"],"nature":"Jolly","evs":{"hp":0,"atk":252,"def":0,"spa":0,"spd":4,"spe":252},"ivs":{"hp":31,"atk":31,"def":31,"spa":31,"spd":31,"spe":31}},{"name":"Staraptor","species":"Staraptor","item":"leftovers","ability":"Intimidate","moves":["bravebird","closecombat","roost","defog"],"nature":"Impish","evs":{"hp":252,"atk":4,"def":252,"spa":0,"spd":0,"spe":0},"ivs":{"hp":31,"atk":31,"def":31,"spa":31,"spd":31,"spe":31}},{"name":"Porygon2","species":"Porygon2","item":"eviolite","ability":"Trace","moves":["discharge","icebeam","recover","psychup"],"nature":"Bold","evs":{"hp":252,"atk":0,"def":252,"spa":4,"spd":0,"spe":0},"ivs":{"hp":31,"atk":31,"def":31,"spa":31,"spd":31,"spe":31}},{"name":"Diggersby","species":"Diggersby","item":"focussash","ability":"Huge Power","moves":["swordsdance","earthquake","quickattack","knockoff"],"nature":"Adamant","evs":{"hp":0,"atk":252,"def":0,"spa":0,"spd":8,"spe":242},"ivs":{"hp":31,"atk":31,"def":31,"spa":31,"spd":31,"spe":31}}],"log":["|player|p1|jg1234|2","|player|p2|Emg E4 Zap|waszap.png","|gametype|singles","|gen|6","|tier|Monotype","|rated","|rule|Baton Pass Clause: Limit one Baton Passer, can't pass Spe and other stats simultaneously","|rule|Swagger Clause: Swagger is banned","|rule|Same Type Clause: Pokémon in a team must share a type","|clearpoke","|poke|p1|Latios, M","|poke|p1|Dragonite, M","|poke|p1|Goodra, M","|poke|p1|Haxorus, M","|poke|p1|Tyrantrum, M","|poke|p1|Hydreigon, M","|poke|p2|Ditto","|poke|p2|Chansey, F","|poke|p2|Lopunny, F","|poke|p2|Staraptor, M","|poke|p2|Porygon2","|poke|p2|Diggersby, F","|rule|Sleep Clause Mod: Limit one foe put to sleep","|rule|Species Clause: Limit one of each Pokémon","|rule|OHKO Clause: OHKO moves are banned","|rule|Moody Clause: Moody is banned","|rule|Evasion Moves Clause: Evasion moves are banned","|rule|Endless Battle Clause: Forcing endless battles is banned","|rule|HP Percentage Mod: HP is shown in percentages","|teampreview","|","|start","|switch|p1a: Goodra|Goodra, M|384/384","|switch|p2a: Lopunny|Lopunny, F|271/271","|turn|1","|","|detailschange|p2a: Lopunny|Lopunny-Mega, F","|-mega|p2a: Lopunny|Lopunny|Lopunnite","|move|p2a: Lopunny|High Jump Kick|p1a: Goodra","|-damage|p1a: Goodra|89/384","|move|p1a: Goodra|Ice Beam|p2a: Lopunny","|-damage|p2a: Lopunny|181/271","|","|-heal|p1a: Goodra|113/384|[from] item: Leftovers","|turn|2","|","|move|p2a: Lopunny|Return|p1a: Goodra","|-damage|p1a: Goodra|0 fnt","|faint|p1a: Goodra","|","|","|switch|p1a: Hydreigon|Hydreigon, M|387/387","|turn|3","|","|switch|p2a: Chansey|Chansey, F|703/703","|move|p1a: Hydreigon|Flamethrower|p2a: Chansey","|-damage|p2a: Chansey|629/703","|-damage|p1a: Hydreigon|349/387|[from] item: Life Orb","|","|turn|4","|","|move|p1a: Hydreigon|Crunch|p2a: Chansey","|-damage|p2a: Chansey|457/703","|-damage|p1a: Hydreigon|311/387|[from] item: Life Orb","|move|p2a: Chansey|Toxic|p1a: Hydreigon","|-status|p1a: Hydreigon|tox","|","|-damage|p1a: Hydreigon|287/387 tox|[from] psn","|turn|5","|","|move|p1a: Hydreigon|Crunch|p2a: Chansey","|-damage|p2a: Chansey|278/703","|-damage|p1a: Hydreigon|249/387 tox|[from] item: Life Orb","|move|p2a: Chansey|Soft-Boiled|p2a: Chansey","|-heal|p2a: Chansey|630/703","|","|-damage|p1a: Hydreigon|201/387 tox|[from] psn","|turn|6","|","|move|p1a: Hydreigon|Crunch|p2a: Chansey","|-damage|p2a: Chansey|453/703","|-unboost|p2a: Chansey|def|1","|-damage|p1a: Hydreigon|163/387 tox|[from] item: Life Orb","|move|p2a: Chansey|Seismic Toss|p1a: Hydreigon","|-damage|p1a: Hydreigon|63/387 tox","|","|-damage|p1a: Hydreigon|0 fnt|[from] psn","|faint|p1a: Hydreigon","|","|switch|p1a: Tyrantrum|Tyrantrum, M|368/368","|turn|7","|","|switch|p2a: Staraptor|Staraptor, M|374/374","|-ability|p2a: Staraptor|Intimidate","|-unboost|p1a: Tyrantrum|atk|1","|move|p1a: Tyrantrum|Stealth Rock|p2a: Staraptor","|-sidestart|p2: Emg E4 Zap|move: Stealth Rock","|","|turn|8","|","|move|p2a: Staraptor|Defog|p1a: Tyrantrum","|-unboost|p1a: Tyrantrum|evasion|1","|-sideend|p2: Emg E4 Zap|Stealth Rock|[from] move: Defog|[of] p2a: Staraptor","|move|p1a: Tyrantrum|Head Smash|p2a: Staraptor","|-supereffective|p2a: Staraptor","|-damage|p2a: Staraptor|116/374","|","|-heal|p2a: Staraptor|139/374|[from] item: Leftovers","|turn|9","|","|move|p2a: Staraptor|Roost|p2a: Staraptor","|-heal|p2a: Staraptor|326/374","|move|p1a: Tyrantrum|Head Smash|p2a: Staraptor","|-damage|p2a: Staraptor|211/374","|","|-heal|p2a: Staraptor|234/374|[from] item: Leftovers","|turn|10","|","|move|p2a: Staraptor|Roost|p2a: Staraptor","|-heal|p2a: Staraptor|374/374","|move|p1a: Tyrantrum|Dark Pulse|p2a: Staraptor","|-damage|p2a: Staraptor|308/374","|","|-heal|p2a: Staraptor|331/374|[from] item: Leftovers","|turn|11","|","|move|p2a: Staraptor|Brave Bird|p1a: Tyrantrum","|-resisted|p1a: Tyrantrum","|-damage|p1a: Tyrantrum|308/368","|-damage|p2a: Staraptor|311/374|[from] recoil|[of] p1a: Tyrantrum","|move|p1a: Tyrantrum|Head Smash|p2a: Staraptor|[miss]","|-miss|p1a: Tyrantrum|p2a: Staraptor","|","|-heal|p2a: Staraptor|334/374|[from] item: Leftovers","|-heal|p1a: Tyrantrum|331/368|[from] item: Leftovers","|turn|12","|","|switch|p1a: Latios|Latios, M|301/301","|move|p2a: Staraptor|Close Combat|p1a: Latios","|-resisted|p1a: Latios","|-damage|p1a: Latios|235/301","|-unboost|p2a: Staraptor|def|1","|-unboost|p2a: Staraptor|spd|1","|","|-heal|p2a: Staraptor|357/374|[from] item: Leftovers","|turn|13","|","|switch|p2a: Chansey|Chansey, F|453/703","|detailschange|p1a: Latios|Latios-Mega, M","|-mega|p1a: Latios|Latios|Latiosite","|move|p1a: Latios|Psychic|p2a: Chansey","|-damage|p2a: Chansey|335/703","|","|turn|14","|","|move|p1a: Latios|Thunder|p2a: Chansey|[miss]","|-miss|p1a: Latios|p2a: Chansey","|move|p2a: Chansey|Soft-Boiled|p2a: Chansey","|-heal|p2a: Chansey|687/703","|","|turn|15","|","|move|p1a: Latios|Thunder|p2a: Chansey|[miss]","|-miss|p1a: Latios|p2a: Chansey","|move|p2a: Chansey|Toxic|p1a: Latios","|-status|p1a: Latios|tox","|","|-damage|p1a: Latios|217/301 tox|[from] psn","|turn|16","|","|move|p1a: Latios|Rain Dance|p1a: Latios","|-weather|RainDance","|move|p2a: Chansey|Seismic Toss|p1a: Latios","|-damage|p1a: Latios|117/301 tox","|","|-weather|RainDance|[upkeep]","|-damage|p1a: Latios|81/301 tox|[from] psn","|turn|17","|","|move|p1a: Latios|Thunder|p2a: Chansey","|-damage|p2a: Chansey|584/703","|-status|p2a: Chansey|par","|move|p2a: Chansey|Seismic Toss|p1a: Latios","|-damage|p1a: Latios|0 fnt","|faint|p1a: Latios","|","|-weather|RainDance|[upkeep]","|","|switch|p1a: Haxorus|Haxorus, M|293/293","|turn|18","|","|switch|p2a: Staraptor|Staraptor, M|357/374","|-ability|p2a: Staraptor|Intimidate","|-unboost|p1a: Haxorus|atk|1","|move|p1a: Haxorus|Dragon Claw|p2a: Staraptor","|-crit|p2a: Staraptor","|-damage|p2a: Staraptor|107/374","|","|-weather|RainDance|[upkeep]","|-heal|p2a: Staraptor|130/374|[from] item: Leftovers","|turn|19","|","|move|p1a: Haxorus|Dragon Claw|p2a: Staraptor","|-damage|p2a: Staraptor|19/374","|move|p2a: Staraptor|Roost|p2a: Staraptor","|-heal|p2a: Staraptor|206/374","|","|-weather|RainDance|[upkeep]","|-heal|p2a: Staraptor|229/374|[from] item: Leftovers","|turn|20","|","|move|p1a: Haxorus|Poison Jab|p2a: Staraptor","|-damage|p2a: Staraptor|147/374","|-status|p2a: Staraptor|psn","|move|p2a: Staraptor|Roost|p2a: Staraptor","|-heal|p2a: Staraptor|334/374 psn","|","|-weather|none","|-heal|p2a: Staraptor|357/374 psn|[from] item: Leftovers","|-damage|p2a: Staraptor|311/374 psn|[from] psn","|turn|21","|","|switch|p2a: Chansey|Chansey, F|584/703","|move|p1a: Haxorus|Swords Dance|p1a: Haxorus","|-boost|p1a: Haxorus|atk|2","|","|turn|22","|","|move|p1a: Haxorus|Swords Dance|p1a: Haxorus","|-boost|p1a: Haxorus|atk|2","|move|p2a: Chansey|Toxic|p1a: Haxorus","|-status|p1a: Haxorus|tox","|","|-damage|p1a: Haxorus|275/293 tox|[from] psn","|turn|23","|","|move|p1a: Haxorus|Poison Jab|p2a: Chansey","|-damage|p2a: Chansey|307/703","|move|p2a: Chansey|Heal Bell|p2a: Chansey","|-cureteam|p2a: Chansey|[from] move: HealBell","|","|-heal|p1a: Haxorus|293/293 tox|[from] item: Leftovers","|-damage|p1a: Haxorus|257/293 tox|[from] psn","|turn|24","|player|p2","|","|win|jg1234"],"p1rating":{"entryid":466527,"formatid":"monotype","userid":"jg1234","username":"jg1234","r":1500,"rd":130,"sigma":0,"rpr":1541.4150349107,"rprd":122.48832615251,"rpsigma":0,"rptime":1440493200,"w":1,"l":0,"t":0,"gxe":55.2,"acre":1050.6534620939,"lacre":1050.6534620939,"oldacre":1000},"p2rating":{"entryid":"426329","serverid":"eos","formatid":"monotype","userid":"emge4zap","username":"Emg E4 Zap","w":"3","l":4,"t":"0","gxe":50.4,"r":"1503.3823654652","rd":"103.27040331022","sigma":"0","rptime":"1440493200","rpr":1502.9386505054,"rprd":96.259000261777,"rpsigma":"0","acre":1064.1462621319,"lacre":1064.1462621319,"oldacre":"1094.820904191"},"endType":"forfeit"}