{"seed":[56969,22188,51512,56930],"turns":19,"p1":"Primal GT DuckSoup","p2":"SuperSkarmor","p1team":[{"name":"Landorus-Therian","species":"Landorus-Therian","item":"leftovers","ability":"Intimidate","moves":["stealthrock","bulkup","earthquake","uturn"],"nature":"Impish","evs":{"hp":252,"atk":0,"def":196,"spa":0,"spd":4,"spe":56},"ivs":{"hp":31,"atk":31,"def":31,"spa":31,"spd":31,"spe":31}},{"name":"Pidgeot","species":"Pidgeot","item":"pidgeotite","ability":"Tangled Feet","moves":["uturn","roost","heatwave","hurricane"],"nature":"Timid","evs":{"hp":0,"atk":0,"def":0,"spa":252,"spd":4,"spe":252},"ivs":{"hp":31,"atk":31,"def":31,"spa":31,"spd":31,"spe":31}},{"name":"Salamence","species":"Salamence","item":"choicescarf","ability":"Moxie","moves":["outrage","earthquake","crunch","return"],"nature":"Adamant","evs":{"hp":0,"atk":252,"def":0,"spa":0,"spd":4,"spe":252},"ivs":{"hp":31,"atk":31,"def":31,"spa":31,"spd":31,"spe":31}},{"name":"Togekiss","species":"Togekiss","item":"leftovers","ability":"Serene Grace","moves":["airslash","nastyplot","batonpass","roost"],"nature":"Calm","evs":{"hp":252,"atk":0,"def":0,"spa":4,"spd":252,"spe":0},"ivs":{"hp":31,"atk":31,"def":31,"spa":31,"spd":31,"spe":31}},{"name":"Gyarados","species":"Gyarados","item":"leftovers","ability":"Intimidate","moves":["waterfall","thunderwave","dragondance","ironhead"],"nature":"Serious","evs":{"hp":252,"atk":0,"def":104,"spa":0,"spd":152,"spe":0},"ivs":{"hp":31,"atk":31,"def":31,"spa":31,"spd":31,"spe":31}},{"name":"Thundurus","species":"Thundurus","item":"leftovers","ability":"Prankster","moves":["voltswitch","superpower","grassknot","thunderwave"],"nature":"Hasty","evs":{"hp":0,"atk":4,"def":0,"spa":252,"spd":0,"spe":252},"ivs":{"hp":31,"atk":31,"def":31,"spa":31,"spd":31,"spe":31}}],"p2team":[{"name":"WhoNeedsHo","species":"cobalion","item":"leftovers","ability":"Justified","moves":["ironhead","thunderwave","taunt","stealthrock"],"nature":"Jolly","evs":{"hp":148,"atk":108,"def":0,"spa":0,"spd":0,"spe":252},"ivs":{"hp":31,"atk":31,"def":31,"spa":31,"spd":31,"spe":31}},{"name":"MedichamBB","species":"gallade","item":"galladite","ability":"Steadfast","moves":["icepunch","psychocut","shadowsneak","knockoff"],"nature":"Jolly","evs":{"hp":0,"atk":252,"def":0,"spa":0,"spd":8,"spe":248},"ivs":{"hp":31,"atk":31,"def":31,"spa":31,"spd":31,"spe":31}},{"name":"SweeperKeeper","species":"terrakion","item":"choicescarf","ability":"Justified","moves":["closecombat","ironhead","earthquake","stoneedge"],"nature":"Jolly","evs":{"hp":0,"atk":252,"def":0,"spa":0,"spd":4,"spe":252},"ivs":{"hp":31,"atk":31,"def":31,"spa":31,"spd":31,"spe":31}},{"name":"InstaWins","species":"breloom","item":"focussash","ability":"Technician","moves":["bulletseed","swordsdance","spore","machpunch"],"nature":"Jolly","evs":{"hp":0,"atk":252,"def":0,"spa":0,"spd":4,"spe":252},"ivs":{"hp":31,"atk":31,"def":31,"spa":31,"spd":31,"spe":31}},{"name":"Powah!","species":"keldeo","item":"choicespecs","ability":"Justified","moves":["hydropump","hiddenpowerelectric","secretsword","icywind"],"nature":"Timid","evs":{"hp":4,"atk":0,"def":0,"spa":252,"spd":0,"spe":252},"ivs":{"hp":31,"atk":31,"def":31,"spa":30,"spd":31,"spe":31}},{"name":"SanicSpeed!","species":"conkeldurr","item":"assaultvest","ability":"Guts","moves":["drainpunch","machpunch","icepunch","knockoff"],"nature":"Adamant","evs":{"hp":36,"atk":104,"def":136,"spa":0,"spd":176,"spe":56},"ivs":{"hp":31,"atk":31,"def":31,"spa":31,"spd":31,"spe":31}}],"log":["|player|p1|Primal GT DuckSoup|121","|player|p2|SuperSkarmor|196","|gametype|singles","|gen|6","|tier|Monotype","|rated","|rule|Baton Pass Clause: Limit one Baton Passer, can't pass Spe and other stats simultaneously","|rule|Swagger Clause: Swagger is banned","|rule|Same Type Clause: Pokémon in a team must share a type","|clearpoke","|poke|p1|Landorus-Therian, M","|poke|p1|Pidgeot, F","|poke|p1|Salamence, M","|poke|p1|Togekiss, M","|poke|p1|Gyarados, M","|poke|p1|Thundurus, M","|poke|p2|Cobalion","|poke|p2|Gallade, M","|poke|p2|Terrakion","|poke|p2|Breloom, F","|poke|p2|Keldeo","|poke|p2|Conkeldurr, F","|rule|Sleep Clause Mod: Limit one foe put to sleep","|rule|Species Clause: Limit one of each Pokémon","|rule|OHKO Clause: OHKO moves are banned","|rule|Moody Clause: Moody is banned","|rule|Evasion Moves Clause: Evasion moves are banned","|rule|Endless Battle Clause: Forcing endless battles is banned","|rule|HP Percentage Mod: HP is shown in percentages","|teampreview","|","|start","|switch|p1a: Landorus-Therian|Landorus-Therian, M|382/382","|switch|p2a: WhoNeedsHo|Cobalion|360/360","|-ability|p1a: Landorus-Therian|Intimidate","|-unboost|p2a: WhoNeedsHo|atk|1","|turn|1","|","|move|p2a: WhoNeedsHo|Taunt|p1a: Landorus-Therian","|-start|p1a: Landorus-Therian|move: Taunt","|cant|p1a: Landorus-Therian|move: Taunt|Stealth Rock","|","|turn|2","|","|move|p2a: WhoNeedsHo|Stealth Rock|p1a: Landorus-Therian","|-sidestart|p1: Primal GT DuckSoup|move: Stealth Rock","|move|p1a: Landorus-Therian|Earthquake|p2a: WhoNeedsHo","|-supereffective|p2a: WhoNeedsHo","|-damage|p2a: WhoNeedsHo|108/360","|","|-heal|p2a: WhoNeedsHo|130/360|[from] item: Leftovers","|turn|3","|","|move|p2a: WhoNeedsHo|Iron Head|p1a: Landorus-Therian","|-damage|p1a: Landorus-Therian|324/382","|cant|p1a: Landorus-Therian|flinch","|","|-heal|p2a: WhoNeedsHo|152/360|[from] item: Leftovers","|-heal|p1a: Landorus-Therian|347/382|[from] item: Leftovers","|-end|p1a: Landorus-Therian|move: Taunt","|turn|4","|","|move|p2a: WhoNeedsHo|Taunt|p1a: Landorus-Therian","|-start|p1a: Landorus-Therian|move: Taunt","|move|p1a: Landorus-Therian|Earthquake|p2a: WhoNeedsHo","|-supereffective|p2a: WhoNeedsHo","|-damage|p2a: WhoNeedsHo|0 fnt","|faint|p2a: WhoNeedsHo","|","|-heal|p1a: Landorus-Therian|370/382|[from] item: Leftovers","|","|switch|p2a: Powah!|Keldeo|324/324","|turn|5","|","|move|p2a: Powah!|Icy Wind|p1a: Landorus-Therian","|-supereffective|p1a: Landorus-Therian","|-damage|p1a: Landorus-Therian|0 fnt","|faint|p1a: Landorus-Therian","|","|","|switch|p1a: Thundurus|Thundurus, M|299/299","|-damage|p1a: Thundurus|225/299|[from] Stealth Rock","|turn|6","|","|switch|p2a: SanicSpeed!|Conkeldurr, F|360/360","|move|p1a: Thundurus|Volt Switch|p2a: SanicSpeed!","|-damage|p2a: SanicSpeed!|273/360","|","|switch|p1a: Togekiss|Togekiss, M|374/374","|-damage|p1a: Togekiss|281/374|[from] Stealth Rock","|","|-heal|p1a: Togekiss|304/374|[from] item: Leftovers","|turn|7","|","|move|p1a: Togekiss|Air Slash|p2a: SanicSpeed!","|-supereffective|p2a: SanicSpeed!","|-damage|p2a: SanicSpeed!|115/360","|move|p2a: SanicSpeed!|Ice Punch|p1a: Togekiss","|-supereffective|p1a: Togekiss","|-damage|p1a: Togekiss|118/374","|","|-heal|p1a: Togekiss|141/374|[from] item: Leftovers","|turn|8","|","|switch|p2a: SweeperKeeper|Terrakion|323/323","|move|p1a: Togekiss|Roost|p1a: Togekiss","|-heal|p1a: Togekiss|328/374","|","|-heal|p1a: Togekiss|351/374|[from] item: Leftovers","|turn|9","|","|move|p2a: SweeperKeeper|Stone Edge|p1a: Togekiss","|-supereffective|p1a: Togekiss","|-damage|p1a: Togekiss|0 fnt","|faint|p1a: Togekiss","|","|","|switch|p1a: Gyarados|Gyarados, M|394/394","|-damage|p1a: Gyarados|296/394|[from] Stealth Rock","|-ability|p1a: Gyarados|Intimidate","|-unboost|p2a: SweeperKeeper|atk|1","|turn|10","|","|switch|p2a: Powah!|Keldeo|324/324","|move|p1a: Gyarados|Thunder Wave|p2a: Powah!","|-status|p2a: Powah!|par","|","|-heal|p1a: Gyarados|320/394|[from] item: Leftovers","|turn|11","|","|move|p1a: Gyarados|Dragon Dance|p1a: Gyarados","|-boost|p1a: Gyarados|atk|1","|-boost|p1a: Gyarados|spe|1","|move|p2a: Powah!|Hidden Power|p1a: Gyarados","|-supereffective|p1a: Gyarados","|-damage|p1a: Gyarados|0 fnt","|faint|p1a: Gyarados","|","|","|switch|p1a: Thundurus|Thundurus, M|225/299","|-damage|p1a: Thundurus|151/299|[from] Stealth Rock","|turn|12","|","|switch|p2a: SanicSpeed!|Conkeldurr, F|115/360","|move|p1a: Thundurus|Volt Switch|p2a: SanicSpeed!","|-damage|p2a: SanicSpeed!|18/360","|","|switch|p1a: Pidgeot|Pidgeot, F|307/307","|-damage|p1a: Pidgeot|231/307|[from] Stealth Rock","|","|turn|13","|","|detailschange|p1a: Pidgeot|Pidgeot-Mega, F","|-mega|p1a: Pidgeot|Pidgeot|Pidgeotite","|move|p2a: SanicSpeed!|Mach Punch|p1a: Pidgeot","|-damage|p1a: Pidgeot|144/307","|move|p1a: Pidgeot|U-turn|p2a: SanicSpeed!","|-resisted|p2a: SanicSpeed!","|-damage|p2a: SanicSpeed!|1/360","|","|switch|p1a: Salamence|Salamence, M|331/331","|-damage|p1a: Salamence|249/331|[from] Stealth Rock","|","|turn|14","|","|move|p2a: SanicSpeed!|Mach Punch|p1a: Salamence","|-resisted|p1a: Salamence","|-damage|p1a: Salamence|206/331","|move|p1a: Salamence|Outrage|p2a: SanicSpeed!","|-damage|p2a: SanicSpeed!|0 fnt","|faint|p2a: SanicSpeed!","|-boost|p1a: Salamence|atk|1|[from] ability: Moxie","|","|","|switch|p2a: SweeperKeeper|Terrakion|323/323","|turn|15","|","|move|p2a: SweeperKeeper|Stone Edge|p1a: Salamence","|-supereffective|p1a: Salamence","|-damage|p1a: Salamence|0 fnt","|faint|p1a: Salamence","|","|","|switch|p1a: Thundurus|Thundurus, M|151/299","|-damage|p1a: Thundurus|77/299|[from] Stealth Rock","|turn|16","|","|move|p1a: Thundurus|Thunder Wave|p2a: SweeperKeeper","|-status|p2a: SweeperKeeper|par","|move|p2a: SweeperKeeper|Stone Edge|p1a: Thundurus","|-supereffective|p1a: Thundurus","|-damage|p1a: Thundurus|0 fnt","|faint|p1a: Thundurus","|","|","|switch|p1a: Pidgeot|Pidgeot-Mega, F|144/307","|-damage|p1a: Pidgeot|68/307|[from] Stealth Rock","|turn|17","|","|move|p1a: Pidgeot|Hurricane|p2a: SweeperKeeper","|-damage|p2a: SweeperKeeper|116/323 par","|cant|p2a: SweeperKeeper|par","|","|turn|18","|","|move|p1a: Pidgeot|Hurricane|p2a: SweeperKeeper","|-damage|p2a: SweeperKeeper|0 fnt","|faint|p2a: SweeperKeeper","|","|","|switch|p2a: InstaWins|Breloom, F|261/261","|turn|19","|","|move|p1a: Pidgeot|Heat Wave|p2a: InstaWins","|-supereffective|p2a: InstaWins","|-enditem|p2a: InstaWins|Focus Sash","|-damage|p2a: InstaWins|1/261","|move|p2a: InstaWins|Bullet Seed|p1a: Pidgeot","|-resisted|p1a: Pidgeot","|-damage|p1a: Pidgeot|26/307","|-resisted|p1a: Pidgeot","|-damage|p1a: Pidgeot|0 fnt","|-hitcount|p1a: Pidgeot|2","|faint|p1a: Pidgeot","|","|win|SuperSkarmor"],"endType":"normal","ladderError":true}