{"seed":[21296,62422,54599,50403],"turns":26,"p1":"Neowulf","p2":"SL~Kingdra","p1team":[{"name":"Charizard","species":"Charizard","item":"charizarditey","ability":"Blaze","moves":["roost","overheat","solarbeam","airslash"],"nature":"Timid","evs":{"hp":0,"atk":0,"def":0,"spa":252,"spd":4,"spe":252},"ivs":{"hp":31,"atk":31,"def":31,"spa":31,"spd":31,"spe":31}},{"name":"Skarmory","species":"Skarmory","item":"leftovers","ability":"Sturdy","moves":["roost","stealthrock","whirlwind","ironhead"],"nature":"Impish","evs":{"hp":240,"atk":8,"def":236,"spa":0,"spd":0,"spe":24},"ivs":{"hp":31,"atk":31,"def":31,"spa":31,"spd":31,"spe":31}},{"name":"Zapdos","species":"Zapdos","item":"leftovers","ability":"Pressure","moves":["defog","roost","thunderbolt","voltswitch"],"nature":"Calm","evs":{"hp":248,"atk":0,"def":0,"spa":8,"spd":252,"spe":0},"ivs":{"hp":31,"atk":31,"def":31,"spa":31,"spd":31,"spe":31}},{"name":"Mandibuzz","species":"Mandibuzz","item":"leftovers","ability":"Overcoat","moves":["roost","toxic","foulplay","defog"],"nature":"Careful","evs":{"hp":240,"atk":0,"def":16,"spa":0,"spd":252,"spe":0},"ivs":{"hp":31,"atk":31,"def":31,"spa":31,"spd":31,"spe":31}},{"name":"Landorus","species":"Landorus","item":"lifeorb","ability":"Sheer Force","moves":["grassknot","earthpower","calmmind","psychic"],"nature":"Timid","evs":{"hp":0,"atk":0,"def":0,"spa":252,"spd":4,"spe":252},"ivs":{"hp":31,"atk":31,"def":31,"spa":31,"spd":31,"spe":31}},{"name":"Staraptor","species":"Staraptor","item":"choicescarf","ability":"Reckless","moves":["bravebird","closecombat","doubleedge","uturn"],"nature":"Jolly","evs":{"hp":0,"atk":252,"def":0,"spa":0,"spd":4,"spe":252},"ivs":{"hp":31,"atk":31,"def":31,"spa":31,"spd":31,"spe":31}}],"p2team":[{"name":"Smegle","species":"smeargle","item":"focussash","ability":"Own Tempo","moves":["spore","stickyweb","stealthrock","transform"],"nature":"Timid","evs":{"hp":252,"atk":0,"def":4,"spa":0,"spd":0,"spe":252},"ivs":{"hp":31,"atk":31,"def":31,"spa":31,"spd":31,"spe":31}},{"name":"Slaking","species":"Slaking","item":"choicescarf","ability":"Truant","moves":["retaliate","firepunch","earthquake","brickbreak"],"nature":"Adamant","evs":{"hp":200,"atk":252,"def":0,"spa":0,"spd":0,"spe":56},"ivs":{"hp":31,"atk":31,"def":31,"spa":31,"spd":31,"spe":31}},{"name":"Mel-B","species":"meloetta","item":"leftovers","ability":"Serene Grace","moves":["psychic","shadowball","hypervoice","calmmind"],"nature":"Calm","evs":{"hp":252,"atk":0,"def":0,"spa":4,"spd":252,"spe":0},"ivs":{"hp":31,"atk":31,"def":30,"spa":30,"spd":30,"spe":31}},{"name":"Demolition","species":"diggersby","item":"lifeorb","ability":"Huge Power","moves":["earthquake","quickattack","return","firepunch"],"nature":"Adamant","evs":{"hp":4,"atk":252,"def":0,"spa":0,"spd":0,"spe":252},"ivs":{"hp":31,"atk":31,"def":31,"spa":31,"spd":31,"spe":31}},{"name":"Cute Blob","species":"ditto","item":"choicescarf","ability":"Imposter","moves":["transform"],"nature":"Timid","evs":{"hp":252,"atk":0,"def":4,"spa":0,"spd":0,"spe":252},"ivs":{"hp":31,"atk":31,"def":31,"spa":31,"spd":31,"spe":31}},{"name":"Corey","species":"porygonz","item":"choicespecs","ability":"Adaptability","moves":["triattack","icebeam","hiddenpowerfire","discharge"],"nature":"Timid","evs":{"hp":4,"atk":0,"def":0,"spa":252,"spd":0,"spe":252},"ivs":{"hp":31,"atk":30,"def":31,"spa":30,"spd":31,"spe":30}}],"log":["|player|p1|Neowulf|143","|player|p2|SL~Kingdra|122","|gametype|singles","|gen|6","|tier|Monotype","|rated","|rule|Baton Pass Clause: Limit one Baton Passer, can't pass Spe and other stats simultaneously","|rule|Swagger Clause: Swagger is banned","|rule|Same Type Clause: Pokémon in a team must share a type","|clearpoke","|poke|p1|Charizard, F","|poke|p1|Skarmory, F","|poke|p1|Zapdos","|poke|p1|Mandibuzz, F","|poke|p1|Landorus, M","|poke|p1|Staraptor, F","|poke|p2|Smeargle, F","|poke|p2|Slaking, F","|poke|p2|Meloetta","|poke|p2|Diggersby, F","|poke|p2|Ditto","|poke|p2|Porygon-Z","|rule|Sleep Clause Mod: Limit one foe put to sleep","|rule|Species Clause: Limit one of each Pokémon","|rule|OHKO Clause: OHKO moves are banned","|rule|Moody Clause: Moody is banned","|rule|Evasion Moves Clause: Evasion moves are banned","|rule|Endless Battle Clause: Forcing endless battles is banned","|rule|HP Percentage Mod: HP is shown in percentages","|teampreview","|","|start","|switch|p1a: Staraptor|Staraptor, F|311/311","|switch|p2a: Smegle|Smeargle, F|314/314","|turn|1","|","|move|p1a: Staraptor|U-turn|p2a: Smegle","|-damage|p2a: Smegle|142/314","|","|switch|p1a: Mandibuzz|Mandibuzz, F|421/421","|move|p2a: Smegle|Transform|p1a: Mandibuzz","|-transform|p2a: Smegle|p1a: Mandibuzz","|","|turn|2","|","|switch|p1a: Skarmory|Skarmory, F|331/331","|move|p2a: Smegle|Toxic|p1a: Skarmory","|-immune|p1a: Skarmory|[msg]","|","|turn|3","|","|move|p2a: Smegle|Roost|p2a: Smegle","|-heal|p2a: Smegle|299/314","|move|p1a: Skarmory|Stealth Rock|p2a: Smegle","|-sidestart|p2: SL~Kingdra|move: Stealth Rock","|","|turn|4","|","|move|p2a: Smegle|Defog|p1a: Skarmory","|-unboost|p1a: Skarmory|evasion|1","|-sideend|p2: SL~Kingdra|Stealth Rock|[from] move: Defog|[of] p2a: Smegle","|move|p1a: Skarmory|Whirlwind|p2a: Smegle","|drag|p2a: Cute Blob|Ditto|300/300","|-transform|p2a: Cute Blob|p1a: Skarmory","|","|turn|5","|","|switch|p1a: Zapdos|Zapdos|383/383","|-ability|p1a: Zapdos|Pressure","|move|p2a: Cute Blob|Whirlwind|p1a: Zapdos","|drag|p1a: Staraptor|Staraptor, F|311/311","|","|turn|6","|","|move|p1a: Staraptor|U-turn|p2a: Cute Blob","|-resisted|p2a: Cute Blob","|-damage|p2a: Cute Blob|288/300","|","|switch|p1a: Zapdos|Zapdos|383/383","|-ability|p1a: Zapdos|Pressure","|move|p2a: Cute Blob|Whirlwind|p1a: Zapdos","|drag|p1a: Mandibuzz|Mandibuzz, F|421/421","|","|turn|7","|","|switch|p2a: Corey|Porygon-Z|312/312","|move|p1a: Mandibuzz|Foul Play|p2a: Corey","|-damage|p2a: Corey|207/312","|","|turn|8","|","|move|p2a: Corey|Ice Beam|p1a: Mandibuzz","|-supereffective|p1a: Mandibuzz","|-damage|p1a: Mandibuzz|177/421","|move|p1a: Mandibuzz|Toxic|p2a: Corey","|-status|p2a: Corey|tox","|","|-heal|p1a: Mandibuzz|203/421|[from] item: Leftovers","|-damage|p2a: Corey|188/312 tox|[from] psn","|turn|9","|","|move|p2a: Corey|Ice Beam|p1a: Mandibuzz","|-supereffective|p1a: Mandibuzz","|-damage|p1a: Mandibuzz|0 fnt","|faint|p1a: Mandibuzz","|","|-damage|p2a: Corey|150/312 tox|[from] psn","|","|switch|p1a: Staraptor|Staraptor, F|311/311","|turn|10","|","|move|p1a: Staraptor|Close Combat|p2a: Corey","|-supereffective|p2a: Corey","|-damage|p2a: Corey|0 fnt","|-unboost|p1a: Staraptor|def|1","|-unboost|p1a: Staraptor|spd|1","|faint|p2a: Corey","|","|","|switch|p2a: Demolition|Diggersby, F|312/312","|turn|11","|","|switch|p1a: Skarmory|Skarmory, F|331/331","|move|p2a: Demolition|Quick Attack|p1a: Skarmory","|-resisted|p1a: Skarmory","|-damage|p1a: Skarmory|297/331","|-damage|p2a: Demolition|281/312|[from] item: Life Orb","|","|-heal|p1a: Skarmory|317/331|[from] item: Leftovers","|turn|12","|","|move|p2a: Demolition|Fire Punch|p1a: Skarmory","|-crit|p1a: Skarmory","|-supereffective|p1a: Skarmory","|-damage|p1a: Skarmory|65/331","|-damage|p2a: Demolition|250/312|[from] item: Life Orb","|move|p1a: Skarmory|Stealth Rock|p2a: Demolition","|-sidestart|p2: SL~Kingdra|move: Stealth Rock","|","|-heal|p1a: Skarmory|85/331|[from] item: Leftovers","|turn|13","|","|move|p2a: Demolition|Fire Punch|p1a: Skarmory","|-supereffective|p1a: Skarmory","|-damage|p1a: Skarmory|0 fnt","|-damage|p2a: Demolition|219/312|[from] item: Life Orb","|faint|p1a: Skarmory","|","|","|switch|p1a: Landorus|Landorus, M|319/319","|turn|14","|","|move|p1a: Landorus|Earth Power|p2a: Demolition","|-damage|p2a: Demolition|0 fnt","|faint|p2a: Demolition","|","|","|switch|p2a: Slaking|Slaking, F|491/491","|-damage|p2a: Slaking|430/491|[from] Stealth Rock","|turn|15","|","|move|p2a: Slaking|Retaliate|p1a: Landorus","|-damage|p1a: Landorus|0 fnt","|faint|p1a: Landorus","|","|","|switch|p1a: Staraptor|Staraptor, F|311/311","|turn|16","|","|move|p1a: Staraptor|Close Combat|p2a: Slaking","|-crit|p2a: Slaking","|-supereffective|p2a: Slaking","|-damage|p2a: Slaking|24/491","|-unboost|p1a: Staraptor|def|1","|-unboost|p1a: Staraptor|spd|1","|cant|p2a: Slaking|ability: Truant|Retaliate","|","|turn|17","|","|move|p1a: Staraptor|Close Combat|p2a: Slaking","|-supereffective|p2a: Slaking","|-damage|p2a: Slaking|0 fnt","|-unboost|p1a: Staraptor|def|1","|-unboost|p1a: Staraptor|spd|1","|faint|p2a: Slaking","|","|","|switch|p2a: Smegle|Smeargle, F|299/314","|-damage|p2a: Smegle|260/314|[from] Stealth Rock","|turn|18","|","|move|p1a: Staraptor|Close Combat|p2a: Smegle","|-supereffective|p2a: Smegle","|-damage|p2a: Smegle|0 fnt","|-unboost|p1a: Staraptor|def|1","|-unboost|p1a: Staraptor|spd|1","|faint|p2a: Smegle","|","|","|switch|p2a: Cute Blob|Ditto|288/300","|-damage|p2a: Cute Blob|251/300|[from] Stealth Rock","|-transform|p2a: Cute Blob|p1a: Staraptor","|turn|19","|","|switch|p1a: Charizard|Charizard, F|297/297","|move|p2a: Cute Blob|U-turn|p1a: Charizard","|-resisted|p1a: Charizard","|-damage|p1a: Charizard|272/297","|","|switch|p2a: Mel-B|Meloetta|404/404","|-damage|p2a: Mel-B|354/404|[from] Stealth Rock","|","|-heal|p2a: Mel-B|379/404|[from] item: Leftovers","|turn|20","|","|detailschange|p1a: Charizard|Charizard-Mega-Y, F","|-mega|p1a: Charizard|Charizard|Charizardite Y","|-weather|SunnyDay","|move|p1a: Charizard|Air Slash|p2a: Mel-B","|-damage|p2a: Mel-B|282/404","|move|p2a: Mel-B|Hyper Voice|p1a: Charizard","|-damage|p1a: Charizard|166/297","|","|-weather|SunnyDay|[upkeep]","|-heal|p2a: Mel-B|307/404|[from] item: Leftovers","|turn|21","|","|move|p1a: Charizard|Air Slash|p2a: Mel-B","|-damage|p2a: Mel-B|207/404","|move|p2a: Mel-B|Calm Mind|p2a: Mel-B","|-boost|p2a: Mel-B|spa|1","|-boost|p2a: Mel-B|spd|1","|","|-weather|SunnyDay|[upkeep]","|-heal|p2a: Mel-B|232/404|[from] item: Leftovers","|turn|22","|","|move|p1a: Charizard|Overheat|p2a: Mel-B","|-damage|p2a: Mel-B|58/404","|-unboost|p1a: Charizard|spa|2","|move|p2a: Mel-B|Hyper Voice|p1a: Charizard","|-damage|p1a: Charizard|4/297","|","|-weather|SunnyDay|[upkeep]","|-heal|p2a: Mel-B|83/404|[from] item: Leftovers","|turn|23","|","|move|p1a: Charizard|Overheat|p2a: Mel-B","|-damage|p2a: Mel-B|7/404","|-unboost|p1a: Charizard|spa|2","|move|p2a: Mel-B|Hyper Voice|p1a: Charizard","|-damage|p1a: Charizard|0 fnt","|faint|p1a: Charizard","|","|-weather|SunnyDay|[upkeep]","|-heal|p2a: Mel-B|32/404|[from] item: Leftovers","|","|switch|p1a: Zapdos|Zapdos|383/383","|-ability|p1a: Zapdos|Pressure","|turn|24","|","|move|p1a: Zapdos|Volt Switch|p2a: Mel-B","|-crit|p2a: Mel-B","|-damage|p2a: Mel-B|0 fnt","|faint|p2a: Mel-B","|","|switch|p1a: Staraptor|Staraptor, F|311/311","|","|-weather|none","|","|switch|p2a: Cute Blob|Ditto|251/300","|-damage|p2a: Cute Blob|214/300|[from] Stealth Rock","|-transform|p2a: Cute Blob|p1a: Staraptor","|turn|25","|","|move|p2a: Cute Blob|Double-Edge|p1a: Staraptor","|-damage|p1a: Staraptor|0 fnt","|-damage|p2a: Cute Blob|111/300|[from] recoil|[of] p1a: Staraptor","|faint|p1a: Staraptor","|","|","|switch|p1a: Zapdos|Zapdos|383/383","|-ability|p1a: Zapdos|Pressure","|turn|26","|","|move|p2a: Cute Blob|Double-Edge|p1a: Zapdos","|-damage|p1a: Zapdos|95/383","|-damage|p2a: Cute Blob|16/300|[from] recoil|[of] p1a: Zapdos","|move|p1a: Zapdos|Thunderbolt|p2a: Cute Blob","|-supereffective|p2a: Cute Blob","|-damage|p2a: Cute Blob|0 fnt","|faint|p2a: Cute Blob","|","|win|Neowulf"],"p1rating":{"entryid":"94659","serverid":"eos","formatid":"monotype","userid":"neowulf","username":"Neowulf","w":12,"l":"4","t":"0","gxe":65.5,"r":"1609.9328263424","rd":"78.103960106707","sigma":"0","rptime":"1440493200","rpr":1623.1697501393,"rprd":76.326309598821,"rpsigma":"0","acre":1224.4477338585,"lacre":1224.4477338585,"oldacre":"1209.6889427251"},"p2rating":{"entryid":"101024","serverid":"eos","formatid":"monotype","userid":"slkingdra","username":"SL~Kingdra","w":"23","l":20,"t":"0","gxe":52.6,"r":"1538.8862805113","rd":"54.612624575499","sigma":"0","rptime":"1440493200","rpr":1519.5536852776,"rprd":52.447132479155,"rpsigma":"0","acre":1047.4060657997,"lacre":1047.4060657997,"oldacre":"1058.4889384064"},"endType":"normal"}