{"seed":[31881,19933,61046,10859],"turns":33,"p1":"Chaos Abra","p2":"ApexProf SmogOn","p1team":[{"name":"Scizor","species":"Scizor","item":"scizorite","ability":"Technician","moves":["swordsdance","bulletpunch","bugbite","roost"],"nature":"Adamant","evs":{"hp":248,"atk":252,"def":0,"spa":0,"spd":8,"spe":0},"ivs":{"hp":31,"atk":31,"def":31,"spa":31,"spd":31,"spe":31}},{"name":"Skarmory","species":"Skarmory","item":"leftovers","ability":"Sturdy","moves":["whirlwind","ironhead","stealthrock","roost"],"nature":"Impish","evs":{"hp":252,"atk":4,"def":252,"spa":0,"spd":0,"spe":0},"ivs":{"hp":31,"atk":31,"def":31,"spa":31,"spd":31,"spe":31}},{"name":"Registeel","species":"Registeel","item":"leftovers","ability":"Clear Body","moves":["seismictoss","toxic","rest","thunderwave"],"nature":"Calm","evs":{"hp":252,"atk":0,"def":4,"spa":0,"spd":252,"spe":0},"ivs":{"hp":31,"atk":31,"def":31,"spa":31,"spd":31,"spe":31}},{"name":"Lucario","species":"Lucario","item":"lifeorb","ability":"Steadfast","moves":["aurasphere","flashcannon","nastyplot","vacuumwave"],"nature":"Timid","evs":{"hp":4,"atk":0,"def":0,"spa":252,"spd":0,"spe":252},"ivs":{"hp":31,"atk":31,"def":31,"spa":31,"spd":31,"spe":31}},{"name":"Excadrill","species":"Excadrill","item":"focussash","ability":"Mold Breaker","moves":["rapidspin","earthquake","rockslide","ironhead"],"nature":"Jolly","evs":{"hp":4,"atk":252,"def":0,"spa":0,"spd":0,"spe":252},"ivs":{"hp":31,"atk":31,"def":31,"spa":31,"spd":31,"spe":31}},{"name":"Heatran","species":"Heatran","item":"leftovers","ability":"Flash Fire","moves":["fireblast","flashcannon","earthpower","dragonpulse"],"nature":"Modest","evs":{"hp":252,"atk":0,"def":0,"spa":252,"spd":4,"spe":0},"ivs":{"hp":31,"atk":31,"def":31,"spa":31,"spd":31,"spe":31}}],"p2team":[{"name":"Landorus","species":"Landorus","item":"lifeorb","ability":"Sheer Force","moves":["earthpower","knockoff","hiddenpowerice","rockslide"],"nature":"Naive","evs":{"hp":0,"atk":252,"def":0,"spa":4,"spd":0,"spe":252},"ivs":{"hp":31,"atk":30,"def":30,"spa":31,"spd":31,"spe":31}},{"name":"Gliscor","species":"Gliscor","item":"toxicorb","ability":"Poison Heal","moves":["swordsdance","knockoff","facade","earthquake"],"nature":"Adamant","evs":{"hp":184,"atk":252,"def":0,"spa":0,"spd":0,"spe":72},"ivs":{"hp":31,"atk":31,"def":31,"spa":31,"spd":31,"spe":31}},{"name":"Hippowdon","species":"Hippowdon","item":"rockyhelmet","ability":"Sand Stream","moves":["slackoff","yawn","roar","rockslide"],"nature":"Impish","evs":{"hp":252,"atk":4,"def":252,"spa":0,"spd":0,"spe":0},"ivs":{"hp":31,"atk":31,"def":31,"spa":31,"spd":31,"spe":31}},{"name":"Gastrodon","species":"Gastrodon","item":"leftovers","ability":"Storm Drain","moves":["toxic","stockpile","scald","recover"],"nature":"Bold","evs":{"hp":252,"atk":0,"def":252,"spa":0,"spd":4,"spe":0},"gender":"M","ivs":{"hp":31,"atk":31,"def":31,"spa":31,"spd":31,"spe":31}},{"name":"Mamoswine","species":"Mamoswine","item":"focussash","ability":"Oblivious","moves":["iceshard","earthquake","knockoff","stealthrock"],"nature":"Adamant","evs":{"hp":248,"atk":252,"def":0,"spa":0,"spd":8,"spe":0},"ivs":{"hp":31,"atk":31,"def":31,"spa":31,"spd":31,"spe":31}},{"name":"Excadrill","species":"Excadrill","item":"lifeorb","ability":"Sand Rush","moves":["earthquake","rockslide","swordsdance","ironhead"],"nature":"Adamant","evs":{"hp":252,"atk":252,"def":0,"spa":0,"spd":0,"spe":4},"ivs":{"hp":31,"atk":31,"def":31,"spa":31,"spd":31,"spe":31}}],"log":["|player|p1|Chaos Abra|101","|player|p2|ApexProf SmogOn|195","|gametype|singles","|gen|6","|tier|Monotype","|rated","|rule|Baton Pass Clause: Limit one Baton Passer, can't pass Spe and other stats simultaneously","|rule|Swagger Clause: Swagger is banned","|rule|Same Type Clause: Pokémon in a team must share a type","|clearpoke","|poke|p1|Scizor, M","|poke|p1|Skarmory, M","|poke|p1|Registeel","|poke|p1|Lucario, M","|poke|p1|Excadrill, M","|poke|p1|Heatran, F","|poke|p2|Landorus, M","|poke|p2|Gliscor, M","|poke|p2|Hippowdon, F","|poke|p2|Gastrodon, M","|poke|p2|Mamoswine, F","|poke|p2|Excadrill, F","|rule|Sleep Clause Mod: Limit one foe put to sleep","|rule|Species Clause: Limit one of each Pokémon","|rule|OHKO Clause: OHKO moves are banned","|rule|Moody Clause: Moody is banned","|rule|Evasion Moves Clause: Evasion moves are banned","|rule|Endless Battle Clause: Forcing endless battles is banned","|rule|HP Percentage Mod: HP is shown in percentages","|teampreview","|","|start","|switch|p1a: Skarmory|Skarmory, M|334/334","|switch|p2a: Hippowdon|Hippowdon, F|420/420","|-weather|Sandstorm","|turn|1","|","|move|p1a: Skarmory|Stealth Rock|p2a: Hippowdon","|-sidestart|p2: ApexProf SmogOn|move: Stealth Rock","|move|p2a: Hippowdon|Yawn|p1a: Skarmory","|-start|p1a: Skarmory|move: Yawn|[of] p2a: Hippowdon","|","|-weather|Sandstorm|[upkeep]","|turn|2","|","|switch|p1a: Registeel|Registeel|364/364","|switch|p2a: Excadrill|Excadrill, F|424/424","|-damage|p2a: Excadrill|411/424|[from] Stealth Rock","|","|-weather|Sandstorm|[upkeep]","|turn|3","|","|switch|p1a: Skarmory|Skarmory, M|334/334","|move|p2a: Excadrill|Swords Dance|p2a: Excadrill","|-boost|p2a: Excadrill|atk|2","|","|-weather|Sandstorm|[upkeep]","|turn|4","|","|move|p2a: Excadrill|Rock Slide|p1a: Skarmory","|-damage|p1a: Skarmory|177/334","|-damage|p2a: Excadrill|369/424|[from] item: Life Orb","|move|p1a: Skarmory|Whirlwind|p2a: Excadrill","|drag|p2a: Hippowdon|Hippowdon, F|420/420","|-damage|p2a: Hippowdon|394/420|[from] Stealth Rock","|","|-weather|Sandstorm|[upkeep]","|-heal|p1a: Skarmory|197/334|[from] item: Leftovers","|turn|5","|","|move|p1a: Skarmory|Roost|p1a: Skarmory","|-heal|p1a: Skarmory|334/334","|move|p2a: Hippowdon|Yawn|p1a: Skarmory","|-start|p1a: Skarmory|move: Yawn|[of] p2a: Hippowdon","|","|-weather|none","|turn|6","|","|switch|p2a: Landorus|Landorus, M|319/319","|-damage|p2a: Landorus|280/319|[from] Stealth Rock","|move|p1a: Skarmory|Whirlwind|p2a: Landorus","|drag|p2a: Gastrodon|Gastrodon, M|426/426","|-damage|p2a: Gastrodon|400/426|[from] Stealth Rock","|","|-end|p1a: Skarmory|move: Yawn|[silent]","|-status|p1a: Skarmory|slp","|-heal|p2a: Gastrodon|426/426|[from] item: Leftovers","|turn|7","|","|move|p2a: Gastrodon|Scald|p1a: Skarmory","|-damage|p1a: Skarmory|220/334 slp","|cant|p1a: Skarmory|slp","|","|-heal|p1a: Skarmory|240/334 slp|[from] item: Leftovers","|turn|8","|","|cant|p1a: Skarmory|slp","|move|p2a: Gastrodon|Scald|p1a: Skarmory","|-damage|p1a: Skarmory|120/334 slp","|","|-heal|p1a: Skarmory|140/334 slp|[from] item: Leftovers","|turn|9","|","|-curestatus|p1a: Skarmory|slp","|move|p1a: Skarmory|Roost|p1a: Skarmory","|-heal|p1a: Skarmory|307/334","|move|p2a: Gastrodon|Scald|p1a: Skarmory","|-damage|p1a: Skarmory|187/334","|-status|p1a: Skarmory|brn","|","|-heal|p1a: Skarmory|207/334 brn|[from] item: Leftovers","|-damage|p1a: Skarmory|166/334 brn|[from] brn","|turn|10","|","|switch|p2a: Gliscor|Gliscor, M|337/337","|-damage|p2a: Gliscor|295/337|[from] Stealth Rock","|move|p1a: Skarmory|Whirlwind|p2a: Gliscor","|drag|p2a: Hippowdon|Hippowdon, F|394/420","|-damage|p2a: Hippowdon|368/420|[from] Stealth Rock","|-weather|Sandstorm","|","|-weather|Sandstorm|[upkeep]","|-heal|p1a: Skarmory|186/334 brn|[from] item: Leftovers","|-damage|p1a: Skarmory|145/334 brn|[from] brn","|turn|11","|","|move|p1a: Skarmory|Roost|p1a: Skarmory","|-heal|p1a: Skarmory|312/334 brn","|move|p2a: Hippowdon|Rock Slide|p1a: Skarmory","|-resisted|p1a: Skarmory","|-damage|p1a: Skarmory|295/334 brn","|","|-weather|Sandstorm|[upkeep]","|-heal|p1a: Skarmory|315/334 brn|[from] item: Leftovers","|-damage|p1a: Skarmory|274/334 brn|[from] brn","|turn|12","|","|move|p1a: Skarmory|Roost|p1a: Skarmory","|-heal|p1a: Skarmory|334/334 brn","|move|p2a: Hippowdon|Roar|p1a: Skarmory","|drag|p1a: Lucario|Lucario, M|282/282","|","|-weather|Sandstorm|[upkeep]","|turn|13","|","|move|p1a: Lucario|Aura Sphere|p2a: Hippowdon","|-crit|p2a: Hippowdon","|-damage|p2a: Hippowdon|33/420","|-damage|p1a: Lucario|254/282|[from] item: Life Orb","|move|p2a: Hippowdon|Yawn|p1a: Lucario","|-start|p1a: Lucario|move: Yawn|[of] p2a: Hippowdon","|","|-weather|Sandstorm|[upkeep]","|turn|14","|","|switch|p1a: Skarmory|Skarmory, M|334/334 brn","|switch|p2a: Gliscor|Gliscor, M|295/337","|-damage|p2a: Gliscor|253/337|[from] Stealth Rock","|","|-weather|none","|-damage|p1a: Skarmory|293/334 brn|[from] brn","|-status|p2a: Gliscor|tox|[from] item: Toxic Orb","|turn|15","|","|move|p2a: Gliscor|Knock Off|p1a: Skarmory","|-crit|p1a: Skarmory","|-damage|p1a: Skarmory|210/334 brn","|-enditem|p1a: Skarmory|Leftovers|[from] move: Knock Off|[of] p2a: Gliscor","|move|p1a: Skarmory|Whirlwind|p2a: Gliscor","|drag|p2a: Excadrill|Excadrill, F|369/424","|-damage|p2a: Excadrill|356/424|[from] Stealth Rock","|","|-damage|p1a: Skarmory|169/334 brn|[from] brn","|turn|16","|","|move|p2a: Excadrill|Rock Slide|p1a: Skarmory","|-damage|p1a: Skarmory|90/334 brn","|-damage|p2a: Excadrill|314/424|[from] item: Life Orb","|move|p1a: Skarmory|Roost|p1a: Skarmory","|-heal|p1a: Skarmory|257/334 brn","|","|-damage|p1a: Skarmory|216/334 brn|[from] brn","|turn|17","|","|move|p2a: Excadrill|Swords Dance|p2a: Excadrill","|-boost|p2a: Excadrill|atk|2","|move|p1a: Skarmory|Roost|p1a: Skarmory","|-heal|p1a: Skarmory|334/334 brn","|","|-damage|p1a: Skarmory|293/334 brn|[from] brn","|turn|18","|","|move|p2a: Excadrill|Rock Slide|p1a: Skarmory","|-crit|p1a: Skarmory","|-damage|p1a: Skarmory|79/334 brn","|-damage|p2a: Excadrill|272/424|[from] item: Life Orb","|move|p1a: Skarmory|Whirlwind|p2a: Excadrill","|drag|p2a: Mamoswine|Mamoswine, F|423/423","|-damage|p2a: Mamoswine|371/423|[from] Stealth Rock","|","|-damage|p1a: Skarmory|38/334 brn|[from] brn","|turn|19","|","|move|p2a: Mamoswine|Knock Off|p1a: Skarmory","|-damage|p1a: Skarmory|0 fnt","|faint|p1a: Skarmory","|","|","|switch|p1a: Scizor|Scizor, M|343/343","|turn|20","|","|detailschange|p1a: Scizor|Scizor-Mega, M","|-mega|p1a: Scizor|Scizor|Scizorite","|move|p2a: Mamoswine|Earthquake|p1a: Scizor","|-damage|p1a: Scizor|190/343","|move|p1a: Scizor|Swords Dance|p1a: Scizor","|-boost|p1a: Scizor|atk|2","|","|turn|21","|","|switch|p2a: Hippowdon|Hippowdon, F|33/420","|-damage|p2a: Hippowdon|7/420|[from] Stealth Rock","|-weather|Sandstorm","|move|p1a: Scizor|Bullet Punch|p2a: Hippowdon","|-damage|p2a: Hippowdon|0 fnt","|-damage|p1a: Scizor|133/343|[from] item: Rocky Helmet|[of] p2a: Hippowdon","|faint|p2a: Hippowdon","|","|-weather|Sandstorm|[upkeep]","|","|switch|p2a: Gliscor|Gliscor, M|253/337 tox","|-damage|p2a: Gliscor|211/337 tox|[from] Stealth Rock","|turn|22","|","|move|p2a: Gliscor|Earthquake|p1a: Scizor","|-damage|p1a: Scizor|18/343","|move|p1a: Scizor|Roost|p1a: Scizor","|-heal|p1a: Scizor|190/343","|","|-weather|Sandstorm|[upkeep]","|-heal|p2a: Gliscor|253/337 tox|[from] ability: Poison Heal","|turn|23","|","|move|p1a: Scizor|Bullet Punch|p2a: Gliscor","|-damage|p2a: Gliscor|31/337 tox","|move|p2a: Gliscor|Swords Dance|p2a: Gliscor","|-boost|p2a: Gliscor|atk|2","|","|-weather|Sandstorm|[upkeep]","|-heal|p2a: Gliscor|73/337 tox|[from] ability: Poison Heal","|turn|24","|","|move|p1a: Scizor|Bullet Punch|p2a: Gliscor","|-damage|p2a: Gliscor|0 fnt","|faint|p2a: Gliscor","|","|-weather|Sandstorm|[upkeep]","|","|switch|p2a: Gastrodon|Gastrodon, M|426/426","|-damage|p2a: Gastrodon|400/426|[from] Stealth Rock","|turn|25","|","|move|p1a: Scizor|Bug Bite|p2a: Gastrodon","|-damage|p2a: Gastrodon|45/426","|move|p2a: Gastrodon|Scald|p1a: Scizor","|-crit|p1a: Scizor","|-damage|p1a: Scizor|54/343","|-status|p1a: Scizor|brn","|","|-weather|none","|-heal|p2a: Gastrodon|71/426|[from] item: Leftovers","|-damage|p1a: Scizor|12/343 brn|[from] brn","|turn|26","|","|move|p1a: Scizor|Bug Bite|p2a: Gastrodon","|-damage|p2a: Gastrodon|0 fnt","|faint|p2a: Gastrodon","|","|-damage|p1a: Scizor|0 fnt|[from] brn","|faint|p1a: Scizor","|","|switch|p1a: Excadrill|Excadrill, M|362/362","|switch|p2a: Mamoswine|Mamoswine, F|371/423","|-ability|p1a: Excadrill|Mold Breaker","|-damage|p2a: Mamoswine|319/423|[from] Stealth Rock","|turn|27","|","|move|p2a: Mamoswine|Ice Shard|p1a: Excadrill","|-damage|p1a: Excadrill|233/362","|move|p1a: Excadrill|Iron Head|p2a: Mamoswine","|-supereffective|p2a: Mamoswine","|-damage|p2a: Mamoswine|0 fnt","|faint|p2a: Mamoswine","|","|","|switch|p2a: Excadrill|Excadrill, F|272/424","|-damage|p2a: Excadrill|259/424|[from] Stealth Rock","|turn|28","|","|move|p1a: Excadrill|Earthquake|p2a: Excadrill","|-supereffective|p2a: Excadrill","|-damage|p2a: Excadrill|0 fnt","|faint|p2a: Excadrill","|","|","|switch|p2a: Landorus|Landorus, M|280/319","|-damage|p2a: Landorus|241/319|[from] Stealth Rock","|turn|29","|","|move|p2a: Landorus|Earth Power|p1a: Excadrill","|-supereffective|p1a: Excadrill","|-damage|p1a: Excadrill|0 fnt","|faint|p1a: Excadrill","|","|","|switch|p1a: Registeel|Registeel|364/364","|turn|30","|","|move|p2a: Landorus|Earth Power|p1a: Registeel","|-supereffective|p1a: Registeel","|-damage|p1a: Registeel|159/364","|move|p1a: Registeel|Toxic|p2a: Landorus","|-status|p2a: Landorus|tox","|","|-heal|p1a: Registeel|181/364|[from] item: Leftovers","|-damage|p2a: Landorus|222/319 tox|[from] psn","|turn|31","|","|move|p2a: Landorus|Earth Power|p1a: Registeel","|-supereffective|p1a: Registeel","|-damage|p1a: Registeel|0 fnt","|faint|p1a: Registeel","|","|-damage|p2a: Landorus|184/319 tox|[from] psn","|","|switch|p1a: Lucario|Lucario, M|254/282","|turn|32","|","|move|p1a: Lucario|Vacuum Wave|p2a: Landorus","|-resisted|p2a: Landorus","|-damage|p2a: Landorus|131/319 tox","|-damage|p1a: Lucario|226/282|[from] item: Life Orb","|move|p2a: Landorus|Earth Power|p1a: Lucario","|-supereffective|p1a: Lucario","|-damage|p1a: Lucario|0 fnt","|faint|p1a: Lucario","|","|-damage|p2a: Landorus|74/319 tox|[from] psn","|","|switch|p1a: Heatran|Heatran, F|386/386","|turn|33","|","|move|p2a: Landorus|Earth Power|p1a: Heatran","|-supereffective|p1a: Heatran","|-damage|p1a: Heatran|0 fnt","|faint|p1a: Heatran","|","|win|ApexProf SmogOn"],"p1rating":{"entryid":428364,"formatid":"monotype","userid":"chaosabra","username":"Chaos Abra","r":1500,"rd":130,"sigma":0,"rpr":1463.017597232,"rprd":122.29903902361,"rpsigma":0,"rptime":1440406800,"w":0,"l":1,"t":0,"gxe":45.4,"acre":1000,"lacre":1000,"oldacre":1000},"p2rating":{"entryid":"318042","serverid":"eos","formatid":"monotype","userid":"apexprofsmogon","username":"ApexProf","w":8,"l":"7","t":"0","gxe":57.1,"r":"1541.0202651709","rd":"79.564540212422","sigma":"0","rptime":"1440406800","rpr":1555.3960060252,"rprd":77.859210310405,"rpsigma":"0","acre":1110.1403709212,"lacre":1110.1403709212,"oldacre":"1090.4351225296"},"endType":"normal"}