{"seed":[43035,23670,61845,63036],"turns":21,"p1":"Gym Ldr Mitsuka∆","p2":"GTX♅Cool","p1team":[{"name":"Bellossom","species":"Bellossom","item":"rockyhelmet","ability":"Chlorophyll","moves":["sleeppowder","gigadrain","moonblast","teeterdance"],"nature":"Bold","evs":{"hp":252,"atk":0,"def":224,"spa":0,"spd":32,"spe":0},"ivs":{"hp":31,"atk":30,"def":31,"spa":30,"spd":31,"spe":30}},{"name":"Abomasnow","species":"Abomasnow","item":"abomasite","ability":"Soundproof","moves":["iceshard","blizzard","hiddenpowerfire","gigadrain"],"nature":"Modest","evs":{"hp":76,"atk":0,"def":0,"spa":252,"spd":0,"spe":180},"ivs":{"hp":31,"atk":30,"def":31,"spa":30,"spd":31,"spe":30}},{"name":"Roserade","species":"Roserade","item":"choicescarf","ability":"Technician","moves":["hiddenpowerrock","extrasensory","sludgebomb","gigadrain"],"nature":"Timid","evs":{"hp":0,"atk":0,"def":0,"spa":252,"spd":4,"spe":252},"ivs":{"hp":31,"atk":31,"def":30,"spa":31,"spd":30,"spe":30}},{"name":"Leavanny","species":"Leavanny","item":"focussash","ability":"Swarm","moves":["stickyweb","leafblade","knockoff","xscissor"],"nature":"Adamant","evs":{"hp":4,"atk":252,"def":0,"spa":0,"spd":0,"spe":252},"ivs":{"hp":31,"atk":31,"def":31,"spa":31,"spd":31,"spe":31}},{"name":"Ferrothorn","species":"Ferrothorn","item":"occaberry","ability":"Iron Barbs","moves":["stealthrock","thunderwave","knockoff","ironhead"],"nature":"Impish","evs":{"hp":252,"atk":0,"def":128,"spa":0,"spd":128,"spe":0},"ivs":{"hp":31,"atk":31,"def":31,"spa":31,"spd":31,"spe":31}},{"name":"Breloom","species":"Breloom","item":"focussash","ability":"Technician","moves":["spore","machpunch","bulletseed","rocktomb"],"nature":"Jolly","evs":{"hp":0,"atk":252,"def":0,"spa":0,"spd":4,"spe":252},"ivs":{"hp":31,"atk":31,"def":31,"spa":31,"spd":31,"spe":31}}],"p2team":[{"name":"Electivire","species":"Electivire","item":"lifeorb","ability":"Vital Spirit","moves":["wildcharge","earthquake","icepunch","hiddenpowergrass"],"nature":"Jolly","evs":{"hp":0,"atk":4,"def":0,"spa":0,"spd":4,"spe":252},"ivs":{"hp":31,"atk":30,"def":31,"spa":30,"spd":31,"spe":31}},{"name":"Zapdos","species":"Zapdos","item":"leftovers","ability":"Pressure","moves":["thunderbolt","roost","hiddenpowerice","heatwave"],"nature":"Bold","evs":{"hp":248,"atk":0,"def":176,"spa":68,"spd":0,"spe":16},"ivs":{"hp":31,"atk":30,"def":30,"spa":31,"spd":31,"spe":31}},{"name":"Eelektross","species":"Eelektross","item":"assaultvest","ability":"Levitate","moves":["voltswitch","flamethrower","gigadrain","thunderbolt"],"nature":"Modest","evs":{"hp":252,"atk":4,"def":0,"spa":252,"spd":0,"spe":0},"ivs":{"hp":31,"atk":31,"def":31,"spa":31,"spd":31,"spe":31}},{"name":"Thundurus","species":"Thundurus","item":"lifeorb","ability":"Prankster","moves":["psychic","thunderbolt","grassknot","focusblast"],"nature":"Timid","evs":{"hp":0,"atk":0,"def":4,"spa":252,"spd":0,"spe":252},"ivs":{"hp":31,"atk":30,"def":30,"spa":31,"spd":31,"spe":31}},{"name":"Manectric","species":"Manectric","item":"manectite","ability":"Lightning Rod","moves":["thunderbolt","hiddenpowerice","flamethrower","protect"],"nature":"Hasty","evs":{"hp":12,"atk":0,"def":0,"spa":244,"spd":0,"spe":252},"ivs":{"hp":31,"atk":30,"def":30,"spa":31,"spd":31,"spe":31}},{"name":"Rotom-Frost","species":"Rotom-Frost","item":"leftovers","ability":"Levitate","moves":["painsplit","willowisp","thunderbolt","mudslap"],"nature":"Timid","evs":{"hp":0,"atk":0,"def":4,"spa":252,"spd":0,"spe":252},"ivs":{"hp":31,"atk":30,"def":30,"spa":31,"spd":31,"spe":31}}],"log":["|player|p1|Gym Ldr Mitsuka∆|265","|player|p2|GTX♅Cool|163","|gametype|singles","|gen|6","|tier|Monotype","|rated","|rule|Baton Pass Clause: Limit one Baton Passer, can't pass Spe and other stats simultaneously","|rule|Swagger Clause: Swagger is banned","|rule|Same Type Clause: Pokémon in a team must share a type","|clearpoke","|poke|p1|Bellossom, M","|poke|p1|Abomasnow, M","|poke|p1|Roserade, F","|poke|p1|Leavanny, F","|poke|p1|Ferrothorn, M","|poke|p1|Breloom, M","|poke|p2|Electivire, M","|poke|p2|Zapdos","|poke|p2|Eelektross, M","|poke|p2|Thundurus, M","|poke|p2|Manectric, F","|poke|p2|Rotom-Frost","|rule|Sleep Clause Mod: Limit one foe put to sleep","|rule|Species Clause: Limit one of each Pokémon","|rule|OHKO Clause: OHKO moves are banned","|rule|Moody Clause: Moody is banned","|rule|Evasion Moves Clause: Evasion moves are banned","|rule|Endless Battle Clause: Forcing endless battles is banned","|rule|HP Percentage Mod: HP is shown in percentages","|teampreview","|","|start","|switch|p1a: Ferrothorn|Ferrothorn, M|352/352","|switch|p2a: Zapdos|Zapdos|383/383","|-ability|p2a: Zapdos|Pressure","|turn|1","|","|switch|p2a: Manectric|Manectric, F|284/284","|move|p1a: Ferrothorn|Knock Off|p2a: Manectric","|-damage|p2a: Manectric|202/284","|","|turn|2","|","|detailschange|p2a: Manectric|Manectric-Mega, F","|-mega|p2a: Manectric|Manectric|Manectite","|-ability|p2a: Manectric|Intimidate","|-unboost|p1a: Ferrothorn|atk|1","|move|p2a: Manectric|Flamethrower|p1a: Ferrothorn","|-supereffective|p1a: Ferrothorn","|-enditem|p1a: Ferrothorn|Occa Berry|[eat]","|-damage|p1a: Ferrothorn|170/352","|move|p1a: Ferrothorn|Stealth Rock|p2a: Manectric","|-sidestart|p2: GTX♅Cool|move: Stealth Rock","|","|turn|3","|","|move|p2a: Manectric|Flamethrower|p1a: Ferrothorn","|-supereffective|p1a: Ferrothorn","|-damage|p1a: Ferrothorn|0 fnt","|faint|p1a: Ferrothorn","|","|","|switch|p1a: Leavanny|Leavanny, F|292/292","|turn|4","|","|move|p2a: Manectric|Flamethrower|p1a: Leavanny","|-supereffective|p1a: Leavanny","|-enditem|p1a: Leavanny|Focus Sash","|-damage|p1a: Leavanny|1/292","|move|p1a: Leavanny|Leaf Blade|p2a: Manectric","|-damage|p2a: Manectric|15/284","|","|turn|5","|","|move|p2a: Manectric|Flamethrower|p1a: Leavanny","|-supereffective|p1a: Leavanny","|-damage|p1a: Leavanny|0 fnt","|faint|p1a: Leavanny","|","|","|switch|p1a: Breloom|Breloom, M|261/261","|turn|6","|","|move|p1a: Breloom|Mach Punch|p2a: Manectric","|-damage|p2a: Manectric|0 fnt","|faint|p2a: Manectric","|","|","|switch|p2a: Thundurus|Thundurus, M|299/299","|-damage|p2a: Thundurus|225/299|[from] Stealth Rock","|turn|7","|","|move|p2a: Thundurus|Psychic|p1a: Breloom","|-supereffective|p1a: Breloom","|-enditem|p1a: Breloom|Focus Sash","|-damage|p1a: Breloom|1/261","|-damage|p2a: Thundurus|196/299|[from] item: Life Orb","|move|p1a: Breloom|Rock Tomb|p2a: Thundurus","|-supereffective|p2a: Thundurus","|-damage|p2a: Thundurus|0 fnt","|faint|p2a: Thundurus","|","|","|switch|p2a: Zapdos|Zapdos|383/383","|-damage|p2a: Zapdos|288/383|[from] Stealth Rock","|-ability|p2a: Zapdos|Pressure","|turn|8","|","|move|p1a: Breloom|Spore|p2a: Zapdos","|-status|p2a: Zapdos|slp","|cant|p2a: Zapdos|slp","|","|-heal|p2a: Zapdos|311/383 slp|[from] item: Leftovers","|turn|9","|","|switch|p2a: Eelektross|Eelektross, M|374/374","|-damage|p2a: Eelektross|328/374|[from] Stealth Rock","|move|p1a: Breloom|Rock Tomb|p2a: Eelektross","|-damage|p2a: Eelektross|208/374","|-unboost|p2a: Eelektross|spe|1","|","|turn|10","|","|move|p1a: Breloom|Spore|p2a: Eelektross","|-message|Sleep Clause Mod activated.","|-immune|p2a: Eelektross|[msg]","|move|p2a: Eelektross|Thunderbolt|p1a: Breloom","|-resisted|p1a: Breloom","|-damage|p1a: Breloom|0 fnt","|faint|p1a: Breloom","|","|","|switch|p1a: Abomasnow|Abomasnow, M|340/340","|turn|11","|","|detailschange|p1a: Abomasnow|Abomasnow-Mega, M","|-mega|p1a: Abomasnow|Abomasnow|Abomasite","|-weather|Hail","|move|p1a: Abomasnow|Blizzard|p2a: Eelektross","|-damage|p2a: Eelektross|45/374","|move|p2a: Eelektross|Flamethrower|p1a: Abomasnow","|-supereffective|p1a: Abomasnow","|-damage|p1a: Abomasnow|0 fnt","|faint|p1a: Abomasnow","|","|-weather|Hail|[upkeep]","|-damage|p2a: Eelektross|22/374|[from] hail","|","|switch|p1a: Bellossom|Bellossom, M|354/354","|turn|12","|","|move|p1a: Bellossom|Giga Drain|p2a: Eelektross","|-damage|p2a: Eelektross|0 fnt","|faint|p2a: Eelektross","|","|-weather|Hail|[upkeep]","|-damage|p1a: Bellossom|332/354|[from] hail","|","|switch|p2a: Electivire|Electivire, M|291/291","|-damage|p2a: Electivire|255/291|[from] Stealth Rock","|turn|13","|","|move|p2a: Electivire|Ice Punch|p1a: Bellossom","|-supereffective|p1a: Bellossom","|-damage|p1a: Bellossom|189/354","|-damage|p2a: Electivire|207/291|[from] item: Rocky Helmet|[of] p1a: Bellossom","|-damage|p2a: Electivire|178/291|[from] item: Life Orb","|move|p1a: Bellossom|Teeter Dance|p2a: Electivire","|-start|p2a: Electivire|confusion","|","|-weather|Hail|[upkeep]","|-damage|p2a: Electivire|160/291|[from] hail","|-damage|p1a: Bellossom|167/354|[from] hail","|turn|14","|","|-activate|p2a: Electivire|confusion","|-damage|p2a: Electivire|98/291|[from] confusion","|move|p1a: Bellossom|Giga Drain|p2a: Electivire","|-damage|p2a: Electivire|11/291","|-heal|p1a: Bellossom|211/354|[from] drain|[of] p2a: Electivire","|","|-weather|Hail|[upkeep]","|-damage|p2a: Electivire|0 fnt|[from] hail","|-damage|p1a: Bellossom|189/354|[from] hail","|faint|p2a: Electivire","|","|switch|p2a: Rotom-Frost|Rotom-Frost|241/241","|-damage|p2a: Rotom-Frost|181/241|[from] Stealth Rock","|turn|15","|","|move|p2a: Rotom-Frost|Will-O-Wisp|p1a: Bellossom","|-status|p1a: Bellossom|brn","|move|p1a: Bellossom|Teeter Dance|p2a: Rotom-Frost","|-start|p2a: Rotom-Frost|confusion","|","|-weather|none","|-heal|p2a: Rotom-Frost|196/241|[from] item: Leftovers","|-damage|p1a: Bellossom|145/354 brn|[from] brn","|turn|16","|","|switch|p2a: Zapdos|Zapdos|311/383 slp","|-damage|p2a: Zapdos|216/383 slp|[from] Stealth Rock","|-ability|p2a: Zapdos|Pressure","|move|p1a: Bellossom|Giga Drain|p2a: Zapdos","|-crit|p2a: Zapdos","|-resisted|p2a: Zapdos","|-damage|p2a: Zapdos|156/383 slp","|-heal|p1a: Bellossom|175/354 brn|[from] drain|[of] p2a: Zapdos","|","|-heal|p2a: Zapdos|179/383 slp|[from] item: Leftovers","|-damage|p1a: Bellossom|131/354 brn|[from] brn","|turn|17","|","|cant|p2a: Zapdos|slp","|move|p1a: Bellossom|Teeter Dance|p2a: Zapdos","|-start|p2a: Zapdos|confusion","|","|-heal|p2a: Zapdos|202/383 slp|[from] item: Leftovers","|-damage|p1a: Bellossom|87/354 brn|[from] brn","|turn|18","|","|switch|p1a: Roserade|Roserade, F|261/261","|-curestatus|p2a: Zapdos|slp","|-activate|p2a: Zapdos|confusion","|move|p2a: Zapdos|Roost|p2a: Zapdos","|-heal|p2a: Zapdos|383/383","|","|turn|19","|","|move|p1a: Roserade|Hidden Power|p2a: Zapdos","|-supereffective|p2a: Zapdos","|-damage|p2a: Zapdos|159/383","|-activate|p2a: Zapdos|confusion","|move|p2a: Zapdos|Heat Wave|p1a: Roserade","|-supereffective|p1a: Roserade","|-damage|p1a: Roserade|77/261","|","|-heal|p2a: Zapdos|182/383|[from] item: Leftovers","|turn|20","|","|move|p1a: Roserade|Hidden Power|p2a: Zapdos","|-supereffective|p2a: Zapdos","|-damage|p2a: Zapdos|0 fnt","|faint|p2a: Zapdos","|","|","|switch|p2a: Rotom-Frost|Rotom-Frost|196/241","|-damage|p2a: Rotom-Frost|136/241|[from] Stealth Rock","|turn|21","|","|move|p1a: Roserade|Hidden Power|p2a: Rotom-Frost","|-supereffective|p2a: Rotom-Frost","|-damage|p2a: Rotom-Frost|0 fnt","|faint|p2a: Rotom-Frost","|","|win|Gym Ldr Mitsuka∆"],"p1rating":{"entryid":"379503","serverid":"eos","formatid":"monotype","userid":"gymldrmitsuka","username":"Gym Ldr Mitsuka∆","w":10,"l":"11","t":"0","gxe":47.5,"r":"1441.313944946","rd":"103.46670437715","sigma":"0","rptime":"1440406800","rpr":1480.5479162543,"rprd":69.536962153299,"rpsigma":"0","acre":1197.7601218115,"lacre":1197.7601218115,"oldacre":"1183.3911300325"},"p2rating":{"entryid":"10847","serverid":"eos","formatid":"monotype","userid":"gtxcool","username":"GTX♅Cool","w":"18","l":56,"t":"0","gxe":27.3,"r":"1325.4664245183","rd":"46.158496428135","sigma":"0","rptime":"1440406800","rpr":1314.1782300293,"rprd":44.217750199284,"rpsigma":"0","acre":1017.6731088989,"lacre":1017.6731088989,"oldacre":"1025.6304039964"},"endType":"normal"}