{"seed":[53937,7319,61686,36654],"turns":70,"p1":"Not Reapz","p2":"GTX♅WillWolf","p1team":[{"name":"Togekiss","species":"Togekiss","item":"assaultvest","ability":"Serene Grace","moves":["flamethrower","airslash","dazzlinggleam","aurasphere"],"nature":"Modest","evs":{"hp":4,"atk":0,"def":0,"spa":252,"spd":252,"spe":0},"ivs":{"hp":31,"atk":31,"def":31,"spa":31,"spd":31,"spe":31}},{"name":"Dragonite","species":"Dragonite","item":"weaknesspolicy","ability":"Multiscale","moves":["dragondance","dragonclaw","earthquake","extremespeed"],"nature":"Adamant","evs":{"hp":0,"atk":252,"def":0,"spa":0,"spd":4,"spe":252},"ivs":{"hp":31,"atk":31,"def":31,"spa":31,"spd":31,"spe":31}},{"name":"Fuck you","species":"skarmory","item":"rockyhelmet","ability":"Sturdy","moves":["defog","stealthrock","roost","whirlwind"],"nature":"Impish","evs":{"hp":248,"atk":0,"def":236,"spa":0,"spd":0,"spe":24},"ivs":{"hp":31,"atk":31,"def":31,"spa":31,"spd":31,"spe":31}},{"name":"Zapdos","species":"Zapdos","item":"leftovers","ability":"Pressure","moves":["roost","toxic","heatwave","discharge"],"nature":"Bold","evs":{"hp":0,"atk":0,"def":252,"spa":56,"spd":200,"spe":0},"ivs":{"hp":31,"atk":31,"def":31,"spa":31,"spd":31,"spe":31}},{"name":"Bops","species":"landorus","item":"lifeorb","ability":"Sheer Force","moves":["earthquake","knockoff","uturn","rockslide"],"nature":"Jolly","evs":{"hp":0,"atk":252,"def":0,"spa":0,"spd":4,"spe":252},"ivs":{"hp":31,"atk":31,"def":31,"spa":31,"spd":31,"spe":31}},{"name":"Jerry","species":"honchkrow","item":"lifeorb","ability":"Moxie","moves":["suckerpunch","heatwave","bravebird","nightslash"],"nature":"Hasty","evs":{"hp":0,"atk":252,"def":0,"spa":4,"spd":0,"spe":252},"ivs":{"hp":31,"atk":31,"def":31,"spa":31,"spd":31,"spe":31}}],"p2team":[{"name":"THE KILLER","species":"cobalion","item":"leftovers","ability":"Justified","moves":["stoneedge","stealthrock","ironhead","closecombat"],"nature":"Impish","evs":{"hp":252,"atk":4,"def":252,"spa":0,"spd":0,"spe":0},"ivs":{"hp":31,"atk":31,"def":31,"spa":31,"spd":31,"spe":31}},{"name":"Lucario","species":"Lucario","item":"salacberry","ability":"Justified","moves":["reversal","endure","icepunch","extremespeed"],"nature":"Adamant","evs":{"hp":0,"atk":252,"def":0,"spa":0,"spd":4,"spe":252},"ivs":{"hp":31,"atk":30,"def":30,"spa":31,"spd":31,"spe":31}},{"name":"Whiskers","species":"mienshao","item":"lifeorb","ability":"Regenerator","moves":["hiddenpowerice","highjumpkick","fakeout","uturn"],"nature":"Hasty","evs":{"hp":0,"atk":252,"def":0,"spa":4,"spd":0,"spe":252},"ivs":{"hp":31,"atk":30,"def":30,"spa":31,"spd":31,"spe":31}},{"name":"Hairy Cross","species":"heracross","item":"choicescarf","ability":"Moxie","moves":["nightslash","closecombat","stoneedge","megahorn"],"nature":"Jolly","evs":{"hp":0,"atk":252,"def":0,"spa":0,"spd":4,"spe":252},"ivs":{"hp":31,"atk":31,"def":31,"spa":31,"spd":31,"spe":31}},{"name":"WTF AM I??","species":"hitmonlee","item":"liechiberry","ability":"Unburden","moves":["reversal","endure","stoneedge","knockoff"],"nature":"Adamant","evs":{"hp":0,"atk":252,"def":0,"spa":0,"spd":4,"spe":252},"ivs":{"hp":31,"atk":31,"def":31,"spa":31,"spd":31,"spe":31}},{"name":"Sir Gallade","species":"gallade","item":"galladite","ability":"Steadfast","moves":["knockoff","zenheadbutt","closecombat","shadowsneak"],"nature":"Jolly","evs":{"hp":0,"atk":252,"def":0,"spa":0,"spd":0,"spe":252},"ivs":{"hp":31,"atk":31,"def":31,"spa":31,"spd":31,"spe":31}}],"log":["|player|p1|Not Reapz|264","|player|p2|GTX♅WillWolf|54","|gametype|singles","|gen|6","|tier|Monotype","|rated","|rule|Baton Pass Clause: Limit one Baton Passer, can't pass Spe and other stats simultaneously","|rule|Swagger Clause: Swagger is banned","|rule|Same Type Clause: Pokémon in a team must share a type","|clearpoke","|poke|p1|Togekiss, M","|poke|p1|Dragonite, M","|poke|p1|Skarmory, F","|poke|p1|Zapdos","|poke|p1|Landorus, M","|poke|p1|Honchkrow, M","|poke|p2|Cobalion","|poke|p2|Lucario, M","|poke|p2|Mienshao, M","|poke|p2|Heracross, F","|poke|p2|Hitmonlee, M","|poke|p2|Gallade, M","|rule|Sleep Clause Mod: Limit one foe put to sleep","|rule|Species Clause: Limit one of each Pokémon","|rule|OHKO Clause: OHKO moves are banned","|rule|Moody Clause: Moody is banned","|rule|Evasion Moves Clause: Evasion moves are banned","|rule|Endless Battle Clause: Forcing endless battles is banned","|rule|HP Percentage Mod: HP is shown in percentages","|teampreview","|","|start","|switch|p1a: Fuck you|Skarmory, F|333/333","|switch|p2a: THE KILLER|Cobalion|386/386","|turn|1","|","|move|p2a: THE KILLER|Stealth Rock|p1a: Fuck you","|-sidestart|p1: Not Reapz|move: Stealth Rock","|move|p1a: Fuck you|Stealth Rock|p2a: THE KILLER","|-sidestart|p2: GTX♅WillWolf|move: Stealth Rock","|","|turn|2","|","|move|p2a: THE KILLER|Close Combat|p1a: Fuck you","|-damage|p1a: Fuck you|254/333","|-damage|p2a: THE KILLER|322/386|[from] item: Rocky Helmet|[of] p1a: Fuck you","|-unboost|p2a: THE KILLER|def|1","|-unboost|p2a: THE KILLER|spd|1","|move|p1a: Fuck you|Defog|p2a: THE KILLER","|-unboost|p2a: THE KILLER|evasion|1","|-sideend|p2: GTX♅WillWolf|Stealth Rock|[from] move: Defog|[of] p2a: THE KILLER","|-sideend|p1: Not Reapz|Stealth Rock|[from] move: Defog|[of] p1a: Fuck you","|","|-heal|p2a: THE KILLER|346/386|[from] item: Leftovers","|turn|3","|","|move|p2a: THE KILLER|Stealth Rock|p1a: Fuck you","|-sidestart|p1: Not Reapz|move: Stealth Rock","|move|p1a: Fuck you|Stealth Rock|p2a: THE KILLER","|-sidestart|p2: GTX♅WillWolf|move: Stealth Rock","|","|-heal|p2a: THE KILLER|370/386|[from] item: Leftovers","|turn|4","|","|move|p2a: THE KILLER|Close Combat|p1a: Fuck you","|-damage|p1a: Fuck you|185/333","|-damage|p2a: THE KILLER|306/386|[from] item: Rocky Helmet|[of] p1a: Fuck you","|-unboost|p2a: THE KILLER|def|1","|-unboost|p2a: THE KILLER|spd|1","|move|p1a: Fuck you|Defog|p2a: THE KILLER","|-unboost|p2a: THE KILLER|evasion|1","|-sideend|p2: GTX♅WillWolf|Stealth Rock|[from] move: Defog|[of] p2a: THE KILLER","|-sideend|p1: Not Reapz|Stealth Rock|[from] move: Defog|[of] p1a: Fuck you","|","|-heal|p2a: THE KILLER|330/386|[from] item: Leftovers","|turn|5","|","|move|p2a: THE KILLER|Stealth Rock|p1a: Fuck you","|-sidestart|p1: Not Reapz|move: Stealth Rock","|move|p1a: Fuck you|Roost|p1a: Fuck you","|-heal|p1a: Fuck you|333/333","|","|-heal|p2a: THE KILLER|354/386|[from] item: Leftovers","|turn|6","|","|switch|p2a: Sir Gallade|Gallade, M|277/277","|move|p1a: Fuck you|Defog|p2a: Sir Gallade","|-unboost|p2a: Sir Gallade|evasion|1","|-sideend|p1: Not Reapz|Stealth Rock|[from] move: Defog|[of] p1a: Fuck you","|","|turn|7","|","|detailschange|p2a: Sir Gallade|Gallade-Mega, M","|-mega|p2a: Sir Gallade|Gallade|Galladite","|move|p2a: Sir Gallade|Knock Off|p1a: Fuck you","|-crit|p1a: Fuck you","|-damage|p1a: Fuck you|223/333","|-damage|p2a: Sir Gallade|231/277|[from] item: Rocky Helmet|[of] p1a: Fuck you","|-enditem|p1a: Fuck you|Rocky Helmet|[from] move: Knock Off|[of] p2a: Sir Gallade","|move|p1a: Fuck you|Whirlwind|p2a: Sir Gallade","|drag|p2a: Whiskers|Mienshao, M|271/271","|","|turn|8","|","|move|p2a: Whiskers|Fake Out|p1a: Fuck you","|-resisted|p1a: Fuck you","|-damage|p1a: Fuck you|205/333","|-damage|p2a: Whiskers|244/271|[from] item: Life Orb","|cant|p1a: Fuck you|flinch","|","|turn|9","|","|move|p2a: Whiskers|High Jump Kick|p1a: Fuck you","|-damage|p1a: Fuck you|44/333","|-damage|p2a: Whiskers|217/271|[from] item: Life Orb","|move|p1a: Fuck you|Roost|p1a: Fuck you","|-heal|p1a: Fuck you|211/333","|","|turn|10","|","|move|p2a: Whiskers|High Jump Kick|p1a: Fuck you","|-damage|p1a: Fuck you|46/333","|-damage|p2a: Whiskers|190/271|[from] item: Life Orb","|move|p1a: Fuck you|Roost|p1a: Fuck you","|-heal|p1a: Fuck you|213/333","|","|turn|11","|","|move|p2a: Whiskers|High Jump Kick|p1a: Fuck you","|-damage|p1a: Fuck you|48/333","|-damage|p2a: Whiskers|163/271|[from] item: Life Orb","|move|p1a: Fuck you|Roost|p1a: Fuck you","|-heal|p1a: Fuck you|215/333","|","|turn|12","|","|move|p2a: Whiskers|U-turn|p1a: Fuck you","|-crit|p1a: Fuck you","|-resisted|p1a: Fuck you","|-damage|p1a: Fuck you|192/333","|-damage|p2a: Whiskers|136/271|[from] item: Life Orb","|","|switch|p2a: Lucario|Lucario, M|281/281","|move|p1a: Fuck you|Roost|p1a: Fuck you","|-heal|p1a: Fuck you|333/333","|","|turn|13","|","|switch|p1a: Togekiss|Togekiss, M|312/312","|move|p2a: Lucario|Ice Punch|p1a: Togekiss","|-supereffective|p1a: Togekiss","|-damage|p1a: Togekiss|120/312","|","|turn|14","|","|switch|p1a: Fuck you|Skarmory, F|333/333","|move|p2a: Lucario|Endure|p2a: Lucario","|","|turn|15","|","|move|p2a: Lucario|Ice Punch|p1a: Fuck you","|-damage|p1a: Fuck you|281/333","|move|p1a: Fuck you|Stealth Rock|p2a: Lucario","|-sidestart|p2: GTX♅WillWolf|move: Stealth Rock","|","|turn|16","|","|move|p2a: Lucario|Ice Punch|p1a: Fuck you","|-damage|p1a: Fuck you|233/333","|move|p1a: Fuck you|Whirlwind|p2a: Lucario","|drag|p2a: Hairy Cross|Heracross, F|301/301","|-damage|p2a: Hairy Cross|264/301|[from] Stealth Rock","|","|turn|17","|","|switch|p2a: THE KILLER|Cobalion|354/386","|-damage|p2a: THE KILLER|342/386|[from] Stealth Rock","|move|p1a: Fuck you|Roost|p1a: Fuck you","|-heal|p1a: Fuck you|333/333","|","|-heal|p2a: THE KILLER|366/386|[from] item: Leftovers","|turn|18","|","|move|p2a: THE KILLER|Stealth Rock|p1a: Fuck you","|-sidestart|p1: Not Reapz|move: Stealth Rock","|move|p1a: Fuck you|Defog|p2a: THE KILLER","|-unboost|p2a: THE KILLER|evasion|1","|-sideend|p2: GTX♅WillWolf|Stealth Rock|[from] move: Defog|[of] p2a: THE KILLER","|-sideend|p1: Not Reapz|Stealth Rock|[from] move: Defog|[of] p1a: Fuck you","|","|-heal|p2a: THE KILLER|386/386|[from] item: Leftovers","|turn|19","|","|switch|p1a: Dragonite|Dragonite, M|323/323","|move|p2a: THE KILLER|Stealth Rock|p1a: Dragonite","|-sidestart|p1: Not Reapz|move: Stealth Rock","|","|turn|20","|","|move|p1a: Dragonite|Dragon Dance|p1a: Dragonite","|-boost|p1a: Dragonite|atk|1","|-boost|p1a: Dragonite|spe|1","|move|p2a: THE KILLER|Iron Head|p1a: Dragonite","|-damage|p1a: Dragonite|278/323","|","|turn|21","|","|move|p1a: Dragonite|Dragon Dance|p1a: Dragonite","|-boost|p1a: Dragonite|atk|1","|-boost|p1a: Dragonite|spe|1","|move|p2a: THE KILLER|Stone Edge|p1a: Dragonite","|-supereffective|p1a: Dragonite","|-damage|p1a: Dragonite|124/323","|-enditem|p1a: Dragonite|Weakness Policy","|-boost|p1a: Dragonite|atk|2|[from] item: Weakness Policy","|-boost|p1a: Dragonite|spa|2|[from] item: Weakness Policy","|","|turn|22","|","|move|p1a: Dragonite|Earthquake|p2a: THE KILLER","|-supereffective|p2a: THE KILLER","|-damage|p2a: THE KILLER|0 fnt","|faint|p2a: THE KILLER","|","|","|switch|p2a: Whiskers|Mienshao, M|226/271","|turn|23","|","|move|p2a: Whiskers|Fake Out|p1a: Dragonite","|-damage|p1a: Dragonite|66/323","|-damage|p2a: Whiskers|199/271|[from] item: Life Orb","|cant|p1a: Dragonite|flinch","|","|turn|24","|","|move|p1a: Dragonite|Extreme Speed|p2a: Whiskers","|-damage|p2a: Whiskers|0 fnt","|faint|p2a: Whiskers","|","|","|switch|p2a: Lucario|Lucario, M|281/281","|turn|25","|","|move|p2a: Lucario|Extreme Speed|p1a: Dragonite","|-damage|p1a: Dragonite|0 fnt","|faint|p1a: Dragonite","|","|","|switch|p1a: Fuck you|Skarmory, F|333/333","|-damage|p1a: Fuck you|292/333|[from] Stealth Rock","|turn|26","|","|move|p2a: Lucario|Ice Punch|p1a: Fuck you","|-damage|p1a: Fuck you|242/333","|move|p1a: Fuck you|Defog|p2a: Lucario","|-unboost|p2a: Lucario|evasion|1","|-sideend|p1: Not Reapz|Stealth Rock|[from] move: Defog|[of] p1a: Fuck you","|","|turn|27","|","|move|p2a: Lucario|Ice Punch|p1a: Fuck you","|-damage|p1a: Fuck you|193/333","|-status|p1a: Fuck you|frz","|-curestatus|p1a: Fuck you|frz","|move|p1a: Fuck you|Stealth Rock|p2a: Lucario","|-sidestart|p2: GTX♅WillWolf|move: Stealth Rock","|","|turn|28","|","|move|p2a: Lucario|Ice Punch|p1a: Fuck you","|-crit|p1a: Fuck you","|-damage|p1a: Fuck you|119/333","|move|p1a: Fuck you|Roost|p1a: Fuck you","|-heal|p1a: Fuck you|286/333","|","|turn|29","|","|move|p2a: Lucario|Ice Punch|p1a: Fuck you","|-damage|p1a: Fuck you|235/333","|move|p1a: Fuck you|Whirlwind|p2a: Lucario","|drag|p2a: WTF AM I??|Hitmonlee, M|241/241","|-damage|p2a: WTF AM I??|226/241|[from] Stealth Rock","|","|turn|30","|","|move|p2a: WTF AM I??|Endure|p2a: WTF AM I??","|-singleturn|p2a: WTF AM I??|move: Endure","|move|p1a: Fuck you|Roost|p1a: Fuck you","|-heal|p1a: Fuck you|333/333","|","|turn|31","|","|move|p2a: WTF AM I??|Endure|p2a: WTF AM I??","|-fail|p2a: WTF AM I??","|move|p1a: Fuck you|Whirlwind|p2a: WTF AM I??","|drag|p2a: Hairy Cross|Heracross, F|264/301","|-damage|p2a: Hairy Cross|227/301|[from] Stealth Rock","|","|turn|32","|","|move|p2a: Hairy Cross|Close Combat|p1a: Fuck you","|-damage|p1a: Fuck you|212/333","|-unboost|p2a: Hairy Cross|def|1","|-unboost|p2a: Hairy Cross|spd|1","|move|p1a: Fuck you|Whirlwind|p2a: Hairy Cross","|drag|p2a: Lucario|Lucario, M|281/281","|-damage|p2a: Lucario|273/281|[from] Stealth Rock","|","|turn|33","|","|move|p2a: Lucario|Ice Punch|p1a: Fuck you","|-damage|p1a: Fuck you|162/333","|move|p1a: Fuck you|Roost|p1a: Fuck you","|-heal|p1a: Fuck you|329/333","|","|turn|34","|","|move|p2a: Lucario|Ice Punch|p1a: Fuck you","|-damage|p1a: Fuck you|281/333","|move|p1a: Fuck you|Whirlwind|p2a: Lucario","|drag|p2a: WTF AM I??|Hitmonlee, M|226/241","|-damage|p2a: WTF AM I??|211/241|[from] Stealth Rock","|","|turn|35","|","|move|p2a: WTF AM I??|Endure|p2a: WTF AM I??","|-singleturn|p2a: WTF AM I??|move: Endure","|move|p1a: Fuck you|Whirlwind|p2a: WTF AM I??","|drag|p2a: Lucario|Lucario, M|273/281","|-damage|p2a: Lucario|265/281|[from] Stealth Rock","|","|turn|36","|","|move|p2a: Lucario|Ice Punch|p1a: Fuck you","|-damage|p1a: Fuck you|233/333","|-status|p1a: Fuck you|frz","|-curestatus|p1a: Fuck you|frz","|move|p1a: Fuck you|Whirlwind|p2a: Lucario","|drag|p2a: Sir Gallade|Gallade-Mega, M|231/277","|-damage|p2a: Sir Gallade|214/277|[from] Stealth Rock","|","|turn|37","|","|move|p2a: Sir Gallade|Zen Headbutt|p1a: Fuck you","|-resisted|p1a: Fuck you","|-damage|p1a: Fuck you|184/333","|move|p1a: Fuck you|Whirlwind|p2a: Sir Gallade","|drag|p2a: WTF AM I??|Hitmonlee, M|211/241","|-damage|p2a: WTF AM I??|196/241|[from] Stealth Rock","|","|turn|38","|","|move|p2a: WTF AM I??|Endure|p2a: WTF AM I??","|-singleturn|p2a: WTF AM I??|move: Endure","|move|p1a: Fuck you|Roost|p1a: Fuck you","|-heal|p1a: Fuck you|333/333","|","|turn|39","|","|move|p2a: WTF AM I??|Stone Edge|p1a: Fuck you|[miss]","|-miss|p2a: WTF AM I??|p1a: Fuck you","|move|p1a: Fuck you|Whirlwind|p2a: WTF AM I??","|drag|p2a: Lucario|Lucario, M|265/281","|-damage|p2a: Lucario|257/281|[from] Stealth Rock","|","|turn|40","|","|move|p2a: Lucario|Ice Punch|p1a: Fuck you","|-damage|p1a: Fuck you|281/333","|move|p1a: Fuck you|Whirlwind|p2a: Lucario","|drag|p2a: Sir Gallade|Gallade-Mega, M|214/277","|-damage|p2a: Sir Gallade|197/277|[from] Stealth Rock","|","|turn|41","|","|move|p2a: Sir Gallade|Close Combat|p1a: Fuck you","|-damage|p1a: Fuck you|131/333","|-unboost|p2a: Sir Gallade|def|1","|-unboost|p2a: Sir Gallade|spd|1","|move|p1a: Fuck you|Whirlwind|p2a: Sir Gallade","|drag|p2a: WTF AM I??|Hitmonlee, M|196/241","|-damage|p2a: WTF AM I??|181/241|[from] Stealth Rock","|","|turn|42","|","|switch|p2a: Sir Gallade|Gallade-Mega, M|197/277","|-damage|p2a: Sir Gallade|180/277|[from] Stealth Rock","|move|p1a: Fuck you|Roost|p1a: Fuck you","|-heal|p1a: Fuck you|298/333","|","|turn|43","|","|switch|p1a: Zapdos|Zapdos|321/321","|-ability|p1a: Zapdos|Pressure","|move|p2a: Sir Gallade|Close Combat|p1a: Zapdos","|-resisted|p1a: Zapdos","|-damage|p1a: Zapdos|225/321","|-unboost|p2a: Sir Gallade|def|1","|-unboost|p2a: Sir Gallade|spd|1","|","|-heal|p1a: Zapdos|245/321|[from] item: Leftovers","|turn|44","|","|move|p2a: Sir Gallade|Knock Off|p1a: Zapdos","|-damage|p1a: Zapdos|131/321","|-enditem|p1a: Zapdos|Leftovers|[from] move: Knock Off|[of] p2a: Sir Gallade","|move|p1a: Zapdos|Discharge|p2a: Sir Gallade","|-damage|p2a: Sir Gallade|24/277","|","|turn|45","|","|move|p2a: Sir Gallade|Zen Headbutt|p1a: Zapdos","|-damage|p1a: Zapdos|1/321","|cant|p1a: Zapdos|flinch","|","|turn|46","|","|switch|p1a: Bops|Landorus, M|319/319","|move|p2a: Sir Gallade|Shadow Sneak|p1a: Bops","|-damage|p1a: Bops|251/319","|","|turn|47","|","|move|p2a: Sir Gallade|Knock Off|p1a: Bops","|-damage|p1a: Bops|103/319","|-enditem|p1a: Bops|Life Orb|[from] move: Knock Off|[of] p2a: Sir Gallade","|move|p1a: Bops|U-turn|p2a: Sir Gallade","|-damage|p2a: Sir Gallade|0 fnt","|faint|p2a: Sir Gallade","|","|switch|p1a: Fuck you|Skarmory, F|298/333","|","|","|switch|p2a: Hairy Cross|Heracross, F|227/301","|-damage|p2a: Hairy Cross|190/301|[from] Stealth Rock","|turn|48","|","|switch|p1a: Zapdos|Zapdos|1/321","|-ability|p1a: Zapdos|Pressure","|move|p2a: Hairy Cross|Close Combat|p1a: Zapdos","|-resisted|p1a: Zapdos","|-damage|p1a: Zapdos|0 fnt","|-unboost|p2a: Hairy Cross|def|1","|-unboost|p2a: Hairy Cross|spd|1","|faint|p1a: Zapdos","|-boost|p2a: Hairy Cross|atk|1|[from] ability: Moxie","|","|","|switch|p1a: Fuck you|Skarmory, F|298/333","|turn|49","|","|move|p2a: Hairy Cross|Close Combat|p1a: Fuck you","|-damage|p1a: Fuck you|109/333","|-unboost|p2a: Hairy Cross|def|1","|-unboost|p2a: Hairy Cross|spd|1","|move|p1a: Fuck you|Whirlwind|p2a: Hairy Cross","|drag|p2a: Lucario|Lucario, M|257/281","|-damage|p2a: Lucario|249/281|[from] Stealth Rock","|","|turn|50","|","|move|p2a: Lucario|Ice Punch|p1a: Fuck you","|-damage|p1a: Fuck you|55/333","|move|p1a: Fuck you|Roost|p1a: Fuck you","|-heal|p1a: Fuck you|222/333","|","|turn|51","|","|move|p2a: Lucario|Ice Punch|p1a: Fuck you","|-damage|p1a: Fuck you|167/333","|move|p1a: Fuck you|Roost|p1a: Fuck you","|-heal|p1a: Fuck you|333/333","|","|turn|52","|","|move|p2a: Lucario|Ice Punch|p1a: Fuck you","|-damage|p1a: Fuck you|280/333","|move|p1a: Fuck you|Whirlwind|p2a: Lucario","|drag|p2a: Hairy Cross|Heracross, F|190/301","|-damage|p2a: Hairy Cross|153/301|[from] Stealth Rock","|","|turn|53","|","|move|p2a: Hairy Cross|Close Combat|p1a: Fuck you","|-damage|p1a: Fuck you|160/333","|-unboost|p2a: Hairy Cross|def|1","|-unboost|p2a: Hairy Cross|spd|1","|move|p1a: Fuck you|Whirlwind|p2a: Hairy Cross","|drag|p2a: WTF AM I??|Hitmonlee, M|181/241","|-damage|p2a: WTF AM I??|166/241|[from] Stealth Rock","|","|turn|54","|","|move|p2a: WTF AM I??|Endure|p2a: WTF AM I??","|-singleturn|p2a: WTF AM I??|move: Endure","|move|p1a: Fuck you|Roost|p1a: Fuck you","|-heal|p1a: Fuck you|327/333","|","|turn|55","|","|move|p2a: WTF AM I??|Reversal|p1a: Fuck you","|-damage|p1a: Fuck you|306/333","|move|p1a: Fuck you|Whirlwind|p2a: WTF AM I??","|drag|p2a: Lucario|Lucario, M|249/281","|-damage|p2a: Lucario|241/281|[from] Stealth Rock","|","|turn|56","|","|move|p2a: Lucario|Ice Punch|p1a: Fuck you","|-damage|p1a: Fuck you|256/333","|move|p1a: Fuck you|Whirlwind|p2a: Lucario","|drag|p2a: WTF AM I??|Hitmonlee, M|166/241","|-damage|p2a: WTF AM I??|151/241|[from] Stealth Rock","|","|turn|57","|","|move|p2a: WTF AM I??|Stone Edge|p1a: Fuck you","|-damage|p1a: Fuck you|190/333","|move|p1a: Fuck you|Whirlwind|p2a: WTF AM I??","|drag|p2a: Hairy Cross|Heracross, F|153/301","|-damage|p2a: Hairy Cross|116/301|[from] Stealth Rock","|","|turn|58","|","|move|p2a: Hairy Cross|Close Combat|p1a: Fuck you","|-damage|p1a: Fuck you|78/333","|-unboost|p2a: Hairy Cross|def|1","|-unboost|p2a: Hairy Cross|spd|1","|move|p1a: Fuck you|Whirlwind|p2a: Hairy Cross","|drag|p2a: WTF AM I??|Hitmonlee, M|151/241","|-damage|p2a: WTF AM I??|136/241|[from] Stealth Rock","|","|turn|59","|","|move|p2a: WTF AM I??|Stone Edge|p1a: Fuck you","|-damage|p1a: Fuck you|3/333","|move|p1a: Fuck you|Roost|p1a: Fuck you","|-heal|p1a: Fuck you|170/333","|","|turn|60","|","|move|p2a: WTF AM I??|Stone Edge|p1a: Fuck you","|-damage|p1a: Fuck you|105/333","|move|p1a: Fuck you|Roost|p1a: Fuck you","|-heal|p1a: Fuck you|272/333","|","|turn|61","|","|switch|p1a: Bops|Landorus, M|103/319","|move|p2a: WTF AM I??|Knock Off|p1a: Bops","|-damage|p1a: Bops|14/319","|","|turn|62","|","|move|p2a: WTF AM I??|Endure|p2a: WTF AM I??","|-singleturn|p2a: WTF AM I??|move: Endure","|move|p1a: Bops|Earthquake|p2a: WTF AM I??","|-activate|p2a: WTF AM I??|move: Endure","|-damage|p2a: WTF AM I??|1/241","|-enditem|p2a: WTF AM I??|Liechi Berry|[eat]","|-boost|p2a: WTF AM I??|atk|1|[from] item: Liechi Berry","|","|turn|63","|","|move|p2a: WTF AM I??|Reversal|p1a: Bops","|-resisted|p1a: Bops","|-damage|p1a: Bops|0 fnt","|faint|p1a: Bops","|","|","|switch|p1a: Fuck you|Skarmory, F|272/333","|turn|64","|","|move|p2a: WTF AM I??|Reversal|p1a: Fuck you","|-damage|p1a: Fuck you|0 fnt","|faint|p1a: Fuck you","|","|","|switch|p1a: Jerry|Honchkrow, M|341/341","|turn|65","|","|move|p2a: WTF AM I??|Endure|p2a: WTF AM I??","|-singleturn|p2a: WTF AM I??|move: Endure","|move|p1a: Jerry|Sucker Punch|p2a: WTF AM I??","|-fail|p1a: Jerry","|","|turn|66","|","|move|p2a: WTF AM I??|Endure|p2a: WTF AM I??","|-fail|p2a: WTF AM I??","|move|p1a: Jerry|Sucker Punch|p2a: WTF AM I??","|-fail|p1a: Jerry","|","|turn|67","|","|move|p2a: WTF AM I??|Endure|p2a: WTF AM I??","|-singleturn|p2a: WTF AM I??|move: Endure","|move|p1a: Jerry|Sucker Punch|p2a: WTF AM I??","|-fail|p1a: Jerry","|","|turn|68","|","|move|p2a: WTF AM I??|Endure|p2a: WTF AM I??","|-fail|p2a: WTF AM I??","|move|p1a: Jerry|Brave Bird|p2a: WTF AM I??","|-supereffective|p2a: WTF AM I??","|-damage|p2a: WTF AM I??|0 fnt","|-damage|p1a: Jerry|340/341|[from] recoil|[of] p2a: WTF AM I??","|-damage|p1a: Jerry|306/341|[from] item: Life Orb","|faint|p2a: WTF AM I??","|-boost|p1a: Jerry|atk|1|[from] ability: Moxie","|","|","|switch|p2a: Hairy Cross|Heracross, F|116/301","|-damage|p2a: Hairy Cross|79/301|[from] Stealth Rock","|turn|69","|","|move|p1a: Jerry|Sucker Punch|p2a: Hairy Cross","|-resisted|p2a: Hairy Cross","|-damage|p2a: Hairy Cross|0 fnt","|-damage|p1a: Jerry|272/341|[from] item: Life Orb","|faint|p2a: Hairy Cross","|-boost|p1a: Jerry|atk|1|[from] ability: Moxie","|","|","|switch|p2a: Lucario|Lucario, M|241/281","|-damage|p2a: Lucario|233/281|[from] Stealth Rock","|turn|70","|","|move|p2a: Lucario|Reversal|p1a: Jerry","|-damage|p1a: Jerry|206/341","|move|p1a: Jerry|Brave Bird|p2a: Lucario","|-damage|p2a: Lucario|0 fnt","|-damage|p1a: Jerry|129/341|[from] recoil|[of] p2a: Lucario","|-damage|p1a: Jerry|95/341|[from] item: Life Orb","|faint|p2a: Lucario","|-boost|p1a: Jerry|atk|1|[from] ability: Moxie","|","|win|Not Reapz"],"p1rating":{"entryid":453318,"formatid":"monotype","userid":"notreapz","username":"Not Reapz","r":1500,"rd":130,"sigma":0,"rpr":1540.1606143388,"rprd":122.8583080769,"rpsigma":0,"rptime":1440493200,"w":1,"l":0,"t":0,"gxe":55,"acre":1043.3766791855,"lacre":1043.3766791855,"oldacre":1000},"p2rating":{"entryid":"444424","serverid":"eos","formatid":"monotype","userid":"gtxwillwolf","username":"GTX♅WillWolf","w":"1","l":3,"t":"0","gxe":43,"r":"1500","rd":"130","sigma":"0","rptime":"1440493200","rpr":1444.9279010308,"rprd":106.06144096183,"rpsigma":"0","acre":1013.7730754021,"lacre":1013.7730754021,"oldacre":"1029.3994316254"},"endType":"normal"}