{"seed":[9073,59726,4719,1564],"turns":22,"p1":"Dragotic","p2":"Fluffy Coconuts","p1team":[{"name":"Pinsir","species":"Pinsir","item":"pinsirite","ability":"Moxie","moves":["closecombat","frustration","quickattack","earthquake"],"nature":"Jolly","evs":{"hp":0,"atk":252,"def":0,"spa":0,"spd":4,"spe":252},"happiness":0,"ivs":{"hp":31,"atk":31,"def":31,"spa":31,"spd":31,"spe":31}},{"name":"Scizor","species":"Scizor","item":"occaberry","ability":"Technician","moves":["bulletpunch","superpower","swordsdance","knockoff"],"nature":"Adamant","evs":{"hp":76,"atk":252,"def":0,"spa":0,"spd":8,"spe":172},"ivs":{"hp":31,"atk":31,"def":31,"spa":31,"spd":31,"spe":31}},{"name":"Shuckle","species":"Shuckle","item":"sitrusberry","ability":"Gluttony","moves":["substitute","protect","infestation","toxic"],"nature":"Jolly","evs":{"hp":248,"atk":8,"def":0,"spa":0,"spd":0,"spe":252},"ivs":{"hp":31,"atk":31,"def":31,"spa":31,"spd":31,"spe":31}},{"name":"Galvantula","species":"Galvantula","item":"focussash","ability":"Compound Eyes","moves":["thunder","energyball","stickyweb","bugbuzz"],"nature":"Timid","evs":{"hp":0,"atk":0,"def":0,"spa":252,"spd":4,"spe":252},"ivs":{"hp":31,"atk":31,"def":31,"spa":31,"spd":31,"spe":31}},{"name":"Heracross","species":"Heracross","item":"choicescarf","ability":"Moxie","moves":["stoneedge","earthquake","closecombat","megahorn"],"nature":"Jolly","evs":{"hp":0,"atk":252,"def":0,"spa":0,"spd":4,"spe":252},"ivs":{"hp":31,"atk":31,"def":31,"spa":31,"spd":31,"spe":31}},{"name":"Volcarona","species":"Volcarona","item":"focussash","ability":"Flame Body","moves":["quiverdance","fierydance","hiddenpowerground","gigadrain"],"nature":"Modest","evs":{"hp":0,"atk":0,"def":0,"spa":252,"spd":4,"spe":252},"ivs":{"hp":31,"atk":31,"def":31,"spa":30,"spd":30,"spe":31}}],"p2team":[{"name":"Kaiju","species":"nidoking","item":"lifeorb","ability":"Sheer Force","moves":["flamethrower","sludgewave","earthpower","icebeam"],"nature":"Timid","evs":{"hp":6,"atk":0,"def":0,"spa":252,"spd":0,"spe":252},"shiny":true,"ivs":{"hp":31,"atk":31,"def":31,"spa":31,"spd":31,"spe":31}},{"name":"SafteyShark","species":"garchomp","item":"choicescarf","ability":"Sand Veil","moves":["earthquake","fireblast","stoneedge","outrage"],"nature":"Naive","evs":{"hp":0,"atk":252,"def":0,"spa":6,"spd":0,"spe":252},"gender":"M","shiny":true,"ivs":{"hp":31,"atk":31,"def":31,"spa":31,"spd":31,"spe":31}},{"name":"Gloria","species":"hippowdon","item":"redcard","ability":"Sand Stream","moves":["earthquake","stealthrock","slackoff","whirlwind"],"nature":"Impish","evs":{"hp":252,"atk":0,"def":144,"spa":0,"spd":114,"spe":0},"gender":"F","shiny":true,"ivs":{"hp":31,"atk":31,"def":31,"spa":31,"spd":31,"spe":31}},{"name":"Iris","species":"excadrill","item":"lifeorb","ability":"Sand Rush","moves":["swordsdance","earthquake","ironhead","rockslide"],"nature":"Jolly","evs":{"hp":0,"atk":252,"def":0,"spa":0,"spd":6,"spe":252},"gender":"F","ivs":{"hp":31,"atk":31,"def":31,"spa":31,"spd":31,"spe":31}},{"name":"Synergy","species":"gliscor","item":"toxicorb","ability":"Poison Heal","moves":["knockoff","toxic","earthquake","roost"],"nature":"Impish","evs":{"hp":248,"atk":0,"def":188,"spa":0,"spd":0,"spe":74},"gender":"M","ivs":{"hp":31,"atk":31,"def":31,"spa":31,"spd":31,"spe":31}},{"name":"Cindy","species":"gastrodon","item":"rindoberry","ability":"Storm Drain","moves":["scald","toxic","mirrorcoat","recover"],"nature":"Bold","evs":{"hp":250,"atk":0,"def":252,"spa":0,"spd":8,"spe":0},"ivs":{"hp":31,"atk":31,"def":31,"spa":31,"spd":31,"spe":31}}],"log":["|player|p1|Dragotic|dragotic.png","|player|p2|Fluffy Coconuts|11","|gametype|singles","|gen|6","|tier|Monotype","|rated","|rule|Baton Pass Clause: Limit one Baton Passer, can't pass Spe and other stats simultaneously","|rule|Swagger Clause: Swagger is banned","|rule|Same Type Clause: Pokémon in a team must share a type","|clearpoke","|poke|p1|Pinsir, M","|poke|p1|Scizor, M","|poke|p1|Shuckle, F","|poke|p1|Galvantula, F","|poke|p1|Heracross, F","|poke|p1|Volcarona, M","|poke|p2|Nidoking, M, shiny","|poke|p2|Garchomp, M, shiny","|poke|p2|Hippowdon, F, shiny","|poke|p2|Excadrill, F","|poke|p2|Gliscor, M","|poke|p2|Gastrodon, F","|rule|Sleep Clause Mod: Limit one foe put to sleep","|rule|Species Clause: Limit one of each Pokémon","|rule|OHKO Clause: OHKO moves are banned","|rule|Moody Clause: Moody is banned","|rule|Evasion Moves Clause: Evasion moves are banned","|rule|Endless Battle Clause: Forcing endless battles is banned","|rule|HP Percentage Mod: HP is shown in percentages","|teampreview","|","|start","|switch|p1a: Galvantula|Galvantula, F|281/281","|switch|p2a: Gloria|Hippowdon, F, shiny|420/420","|-weather|Sandstorm","|turn|1","|","|move|p1a: Galvantula|Energy Ball|p2a: Gloria","|-supereffective|p2a: Gloria","|-damage|p2a: Gloria|228/420","|-enditem|p2a: Gloria|Red Card|[of] p1a: Galvantula","|drag|p1a: Heracross|Heracross, F|301/301","|move|p2a: Gloria|Stealth Rock|p1a: Heracross","|-sidestart|p1: Dragotic|move: Stealth Rock","|","|-weather|Sandstorm|[upkeep]","|-damage|p1a: Heracross|283/301|[from] sandstorm","|turn|2","|","|switch|p2a: Cindy|Gastrodon, F|425/425","|move|p1a: Heracross|Megahorn|p2a: Cindy","|-damage|p2a: Cindy|221/425","|","|-weather|Sandstorm|[upkeep]","|-damage|p1a: Heracross|265/301|[from] sandstorm","|turn|3","|","|switch|p1a: Volcarona|Volcarona, M|311/311","|-damage|p1a: Volcarona|156/311|[from] Stealth Rock","|switch|p2a: Synergy|Gliscor, M|353/353","|","|-weather|Sandstorm|[upkeep]","|-damage|p1a: Volcarona|137/311|[from] sandstorm","|-status|p2a: Synergy|tox|[from] item: Toxic Orb","|turn|4","|","|move|p1a: Volcarona|Quiver Dance|p1a: Volcarona","|-boost|p1a: Volcarona|spa|1","|-boost|p1a: Volcarona|spd|1","|-boost|p1a: Volcarona|spe|1","|move|p2a: Synergy|Earthquake|p1a: Volcarona","|-damage|p1a: Volcarona|0 fnt","|faint|p1a: Volcarona","|","|-weather|Sandstorm|[upkeep]","|","|switch|p1a: Shuckle|Shuckle, F|243/243","|-damage|p1a: Shuckle|183/243|[from] Stealth Rock","|turn|5","|","|switch|p2a: Iris|Excadrill, F|361/361","|move|p1a: Shuckle|Infestation|p2a: Iris","|-resisted|p2a: Iris","|-damage|p2a: Iris|357/361","|-activate|p2a: Iris|move: Infestation|[of] p1a: Shuckle","|","|-weather|none","|-damage|p2a: Iris|312/361|[from] move: Infestation|[partiallytrapped]","|turn|6","|","|move|p1a: Shuckle|Protect|p1a: Shuckle","|-singleturn|p1a: Shuckle|Protect","|move|p2a: Iris|Earthquake|p1a: Shuckle","|-activate|p1a: Shuckle|Protect","|","|-damage|p2a: Iris|267/361|[from] move: Infestation|[partiallytrapped]","|turn|7","|","|move|p2a: Iris|Earthquake|p1a: Shuckle","|-damage|p1a: Shuckle|69/243","|-damage|p2a: Iris|231/361|[from] item: Life Orb","|-enditem|p1a: Shuckle|Sitrus Berry|[eat]","|-heal|p1a: Shuckle|129/243|[from] item: Sitrus Berry","|move|p1a: Shuckle|Infestation|p2a: Iris","|-resisted|p2a: Iris","|-damage|p2a: Iris|227/361","|","|-damage|p2a: Iris|182/361|[from] move: Infestation|[partiallytrapped]","|turn|8","|","|move|p1a: Shuckle|Protect|p1a: Shuckle","|-singleturn|p1a: Shuckle|Protect","|move|p2a: Iris|Swords Dance|p2a: Iris","|-boost|p2a: Iris|atk|2","|","|-damage|p2a: Iris|137/361|[from] move: Infestation|[partiallytrapped]","|turn|9","|","|move|p2a: Iris|Earthquake|p1a: Shuckle","|-damage|p1a: Shuckle|0 fnt","|-damage|p2a: Iris|101/361|[from] item: Life Orb","|faint|p1a: Shuckle","|","|-end|p2a: Iris|Infestation|[partiallytrapped]","|","|switch|p1a: Pinsir|Pinsir, M|271/271","|-damage|p1a: Pinsir|204/271|[from] Stealth Rock","|turn|10","|","|detailschange|p1a: Pinsir|Pinsir-Mega, M","|-mega|p1a: Pinsir|Pinsir|Pinsirite","|move|p2a: Iris|Rock Slide|p1a: Pinsir","|-supereffective|p1a: Pinsir","|-damage|p1a: Pinsir|0 fnt","|-damage|p2a: Iris|65/361|[from] item: Life Orb","|faint|p1a: Pinsir","|","|","|switch|p1a: Heracross|Heracross, F|265/301","|-damage|p1a: Heracross|228/301|[from] Stealth Rock","|turn|11","|","|switch|p2a: Synergy|Gliscor, M|353/353 tox","|move|p1a: Heracross|Close Combat|p2a: Synergy","|-resisted|p2a: Synergy","|-damage|p2a: Synergy|284/353 tox","|-unboost|p1a: Heracross|def|1","|-unboost|p1a: Heracross|spd|1","|","|-heal|p2a: Synergy|328/353 tox|[from] ability: Poison Heal","|turn|12","|","|move|p1a: Heracross|Close Combat|p2a: Synergy","|-resisted|p2a: Synergy","|-damage|p2a: Synergy|259/353 tox","|-unboost|p1a: Heracross|def|1","|-unboost|p1a: Heracross|spd|1","|move|p2a: Synergy|Knock Off|p1a: Heracross","|-crit|p1a: Heracross","|-resisted|p1a: Heracross","|-damage|p1a: Heracross|87/301","|-enditem|p1a: Heracross|Choice Scarf|[from] move: Knock Off|[of] p2a: Synergy","|","|-heal|p2a: Synergy|303/353 tox|[from] ability: Poison Heal","|turn|13","|","|move|p1a: Heracross|Stone Edge|p2a: Synergy","|-damage|p2a: Synergy|222/353 tox","|move|p2a: Synergy|Earthquake|p1a: Heracross","|-resisted|p1a: Heracross","|-damage|p1a: Heracross|0 fnt","|faint|p1a: Heracross","|","|-heal|p2a: Synergy|266/353 tox|[from] ability: Poison Heal","|","|switch|p1a: Scizor|Scizor, M|300/300","|-damage|p1a: Scizor|263/300|[from] Stealth Rock","|turn|14","|","|move|p2a: Synergy|Roost|p2a: Synergy","|-heal|p2a: Synergy|353/353 tox","|move|p1a: Scizor|Swords Dance|p1a: Scizor","|-boost|p1a: Scizor|atk|2","|","|turn|15","|","|switch|p2a: SafteyShark|Garchomp, M, shiny|357/357","|move|p1a: Scizor|Knock Off|p2a: SafteyShark","|-damage|p2a: SafteyShark|89/357","|-enditem|p2a: SafteyShark|Choice Scarf|[from] move: Knock Off|[of] p1a: Scizor","|","|turn|16","|","|move|p1a: Scizor|Bullet Punch|p2a: SafteyShark","|-damage|p2a: SafteyShark|0 fnt","|faint|p2a: SafteyShark","|","|","|switch|p2a: Kaiju|Nidoking, M, shiny|304/304","|turn|17","|","|move|p1a: Scizor|Bullet Punch|p2a: Kaiju","|-damage|p2a: Kaiju|24/304","|move|p2a: Kaiju|Flamethrower|p1a: Scizor","|-supereffective|p1a: Scizor","|-enditem|p1a: Scizor|Occa Berry|[eat]","|-damage|p1a: Scizor|0 fnt","|faint|p1a: Scizor","|","|","|switch|p1a: Galvantula|Galvantula, F|281/281","|-damage|p1a: Galvantula|211/281|[from] Stealth Rock","|turn|18","|","|switch|p2a: Synergy|Gliscor, M|353/353 tox","|move|p1a: Galvantula|Energy Ball|p2a: Synergy","|-damage|p2a: Synergy|245/353 tox","|","|-heal|p2a: Synergy|289/353 tox|[from] ability: Poison Heal","|turn|19","|","|move|p1a: Galvantula|Energy Ball|p2a: Synergy","|-damage|p2a: Synergy|182/353 tox","|move|p2a: Synergy|Toxic|p1a: Galvantula","|-status|p1a: Galvantula|tox","|","|-damage|p1a: Galvantula|194/281 tox|[from] psn","|-heal|p2a: Synergy|226/353 tox|[from] ability: Poison Heal","|turn|20","|","|move|p1a: Galvantula|Energy Ball|p2a: Synergy","|-crit|p2a: Synergy","|-damage|p2a: Synergy|58/353 tox","|move|p2a: Synergy|Roost|p2a: Synergy","|-heal|p2a: Synergy|235/353 tox","|","|-damage|p1a: Galvantula|160/281 tox|[from] psn","|-heal|p2a: Synergy|279/353 tox|[from] ability: Poison Heal","|turn|21","|","|move|p1a: Galvantula|Energy Ball|p2a: Synergy","|-crit|p2a: Synergy","|-damage|p2a: Synergy|106/353 tox","|move|p2a: Synergy|Roost|p2a: Synergy","|-heal|p2a: Synergy|283/353 tox","|","|-damage|p1a: Galvantula|109/281 tox|[from] psn","|-heal|p2a: Synergy|327/353 tox|[from] ability: Poison Heal","|turn|22","|","|move|p1a: Galvantula|Energy Ball|p2a: Synergy","|-damage|p2a: Synergy|223/353 tox","|move|p2a: Synergy|Earthquake|p1a: Galvantula","|-damage|p1a: Galvantula|0 fnt","|faint|p1a: Galvantula","|","|win|Fluffy Coconuts"],"p1rating":{"entryid":"11726","serverid":"eos","formatid":"monotype","userid":"dragotic","username":"Dragotic","w":"5","l":4,"t":"0","gxe":55.4,"r":"1533.1636790784","rd":"103.63204316742","sigma":"0","rptime":"1440493200","rpr":1542.5488651706,"rprd":90.57745202,"rpsigma":"0","acre":1099.9611801408,"lacre":1099.9611801408,"oldacre":"1126.5178333685"},"p2rating":{"entryid":"421976","serverid":"eos","formatid":"monotype","userid":"fluffycoconuts","username":"Fluffy Coconuts","w":6,"l":"2","t":"0","gxe":63.7,"r":"1570.1362342246","rd":"98.454096830134","sigma":"0","rptime":"1440493200","rpr":1609.6846157541,"rprd":92.051328690261,"rpsigma":"0","acre":1131.4129941894,"lacre":1131.4129941894,"oldacre":"1104.8563409617"},"endType":"normal"}