{"seed":[19533,21245,45603,19302],"turns":27,"p1":"DSV","p2":"GTX♅Bugy","p1team":[{"name":"Fierce Deity","species":"gallade","item":"galladite","ability":"Justified","moves":["swordsdance","stoneedge","drainpunch","knockoff"],"nature":"Jolly","evs":{"hp":0,"atk":252,"def":0,"spa":0,"spd":4,"spe":252},"shiny":true,"ivs":{"hp":31,"atk":31,"def":31,"spa":31,"spd":31,"spe":31}},{"name":"Mech-7481","species":"metagross","item":"focussash","ability":"Clear Body","moves":["hammerarm","bulletpunch","stealthrock","explosion"],"nature":"Adamant","evs":{"hp":248,"atk":252,"def":0,"spa":0,"spd":8,"spe":0},"shiny":true,"ivs":{"hp":31,"atk":31,"def":31,"spa":31,"spd":31,"spe":31}},{"name":"PsyKitty","species":"espeon","item":"choicescarf","ability":"Magic Bounce","moves":["hiddenpowerice","psyshock","dazzlinggleam","shadowball"],"nature":"Timid","evs":{"hp":0,"atk":0,"def":0,"spa":252,"spd":4,"spe":252},"gender":"F","ivs":{"hp":31,"atk":30,"def":30,"spa":31,"spd":31,"spe":31}},{"name":"Roger","species":"slowbro","item":"leftovers","ability":"Regenerator","moves":["scald","slackoff","calmmind","toxic"],"nature":"Bold","evs":{"hp":252,"atk":0,"def":252,"spa":0,"spd":4,"spe":0},"ivs":{"hp":31,"atk":31,"def":31,"spa":31,"spd":31,"spe":31}},{"name":"Alex","species":"alakazam","item":"focussash","ability":"Magic Guard","moves":["hiddenpowerfire","energyball","psychic","encore"],"nature":"Timid","evs":{"hp":0,"atk":0,"def":0,"spa":252,"spd":4,"spe":252},"gender":"F","ivs":{"hp":31,"atk":30,"def":31,"spa":30,"spd":31,"spe":30}},{"name":"Selena","species":"gardevoir","item":"leftovers","ability":"Trace","moves":["moonblast","willowisp","wish","protect"],"nature":"Calm","evs":{"hp":252,"atk":0,"def":0,"spa":4,"spd":252,"spe":0},"gender":"F","shiny":true,"ivs":{"hp":31,"atk":31,"def":31,"spa":31,"spd":31,"spe":31}}],"p2team":[{"name":"StarLight","species":"garchomp","item":"choicescarf","ability":"Rough Skin","moves":["outrage","earthquake","stoneedge","irontail"],"nature":"Jolly","evs":{"hp":0,"atk":252,"def":0,"spa":0,"spd":4,"spe":252},"shiny":true,"ivs":{"hp":31,"atk":31,"def":31,"spa":31,"spd":31,"spe":31}},{"name":"Dr.Freeze","species":"kyuremblack","item":"choicescarf","ability":"Teravolt","moves":["icebeam","dragonclaw","fusionbolt","ironhead"],"nature":"Naive","evs":{"hp":0,"atk":252,"def":0,"spa":4,"spd":0,"spe":252},"shiny":true,"ivs":{"hp":31,"atk":31,"def":31,"spa":31,"spd":31,"spe":31}},{"name":"Goober","species":"goodra","item":"assaultvest","ability":"Gooey","moves":["flamethrower","icebeam","thunderbolt","dragonpulse"],"nature":"Modest","evs":{"hp":248,"atk":0,"def":0,"spa":252,"spd":8,"spe":0},"shiny":true,"ivs":{"hp":31,"atk":31,"def":31,"spa":31,"spd":31,"spe":31}},{"name":"666","species":"hydreigon","item":"choicescarf","ability":"Levitate","moves":["dracometeor","darkpulse","fireblast","flashcannon"],"nature":"Timid","evs":{"hp":0,"atk":0,"def":0,"spa":252,"spd":4,"spe":252},"shiny":true,"ivs":{"hp":31,"atk":31,"def":31,"spa":31,"spd":31,"spe":31}},{"name":"Jet Streams","species":"latios","item":"choicescarf","ability":"Levitate","moves":["energyball","surf","dragonpulse","psychic"],"nature":"Timid","evs":{"hp":0,"atk":0,"def":0,"spa":252,"spd":4,"spe":252},"shiny":true,"ivs":{"hp":31,"atk":31,"def":31,"spa":31,"spd":31,"spe":31}},{"name":"Tyrone","species":"haxorus","item":"lumberry","ability":"Mold Breaker","moves":["dragonclaw","dragondance","earthquake","poisonjab"],"nature":"Adamant","evs":{"hp":0,"atk":252,"def":0,"spa":0,"spd":36,"spe":220},"shiny":true,"ivs":{"hp":31,"atk":31,"def":31,"spa":31,"spd":31,"spe":31}}],"log":["|player|p1|DSV|dsv.png","|player|p2|GTX♅Bugy|66","|gametype|singles","|gen|6","|tier|Monotype","|rated","|rule|Baton Pass Clause: Limit one Baton Passer, can't pass Spe and other stats simultaneously","|rule|Swagger Clause: Swagger is banned","|rule|Same Type Clause: Pokémon in a team must share a type","|clearpoke","|poke|p1|Gallade, M, shiny","|poke|p1|Metagross, shiny","|poke|p1|Espeon, F","|poke|p1|Slowbro, M","|poke|p1|Alakazam, F","|poke|p1|Gardevoir, F, shiny","|poke|p2|Garchomp, F, shiny","|poke|p2|Kyurem-Black, shiny","|poke|p2|Goodra, M, shiny","|poke|p2|Hydreigon, M, shiny","|poke|p2|Latios, M, shiny","|poke|p2|Haxorus, F, shiny","|rule|Sleep Clause Mod: Limit one foe put to sleep","|rule|Species Clause: Limit one of each Pokémon","|rule|OHKO Clause: OHKO moves are banned","|rule|Moody Clause: Moody is banned","|rule|Evasion Moves Clause: Evasion moves are banned","|rule|Endless Battle Clause: Forcing endless battles is banned","|rule|HP Percentage Mod: HP is shown in percentages","|teampreview","|","|start","|switch|p1a: PsyKitty|Espeon, F|271/271","|switch|p2a: Tyrone|Haxorus, F, shiny|293/293","|-ability|p2a: Tyrone|Mold Breaker","|turn|1","|","|move|p1a: PsyKitty|Dazzling Gleam|p2a: Tyrone","|-supereffective|p2a: Tyrone","|-damage|p2a: Tyrone|37/293","|move|p2a: Tyrone|Dragon Claw|p1a: PsyKitty","|-damage|p1a: PsyKitty|15/271","|","|turn|2","|","|move|p1a: PsyKitty|Dazzling Gleam|p2a: Tyrone","|-supereffective|p2a: Tyrone","|-damage|p2a: Tyrone|0 fnt","|faint|p2a: Tyrone","|","|","|switch|p2a: 666|Hydreigon, M, shiny|325/325","|turn|3","|","|move|p1a: PsyKitty|Dazzling Gleam|p2a: 666","|-supereffective|p2a: 666","|-damage|p2a: 666|0 fnt","|faint|p2a: 666","|","|","|switch|p2a: Jet Streams|Latios, M, shiny|301/301","|turn|4","|","|move|p2a: Jet Streams|Dragon Pulse|p1a: PsyKitty","|-damage|p1a: PsyKitty|0 fnt","|faint|p1a: PsyKitty","|","|","|switch|p1a: Fierce Deity|Gallade, M, shiny|277/277","|turn|5","|","|switch|p2a: Goober|Goodra, M, shiny|383/383","|detailschange|p1a: Fierce Deity|Gallade-Mega, M, shiny","|-mega|p1a: Fierce Deity|Gallade|Galladite","|move|p1a: Fierce Deity|Knock Off|p2a: Goober","|-damage|p2a: Goober|209/383","|-unboost|p1a: Fierce Deity|spe|1","|-enditem|p2a: Goober|Assault Vest|[from] move: Knock Off|[of] p1a: Fierce Deity","|","|turn|6","|","|switch|p1a: Mech-7481|Metagross, shiny|363/363","|move|p2a: Goober|Dragon Pulse|p1a: Mech-7481","|-resisted|p1a: Mech-7481","|-damage|p1a: Mech-7481|286/363","|","|turn|7","|","|move|p2a: Goober|Flamethrower|p1a: Mech-7481","|-crit|p1a: Mech-7481","|-supereffective|p1a: Mech-7481","|-damage|p1a: Mech-7481|0 fnt","|faint|p1a: Mech-7481","|","|","|switch|p1a: Fierce Deity|Gallade-Mega, M, shiny|277/277","|turn|8","|","|move|p1a: Fierce Deity|Stone Edge|p2a: Goober","|-damage|p2a: Goober|8/383","|move|p2a: Goober|Dragon Pulse|p1a: Fierce Deity","|-damage|p1a: Fierce Deity|145/277","|","|turn|9","|","|move|p1a: Fierce Deity|Drain Punch|p2a: Goober","|-damage|p2a: Goober|0 fnt","|-heal|p1a: Fierce Deity|149/277|[from] drain|[of] p2a: Goober","|-unboost|p1a: Fierce Deity|spe|1","|faint|p2a: Goober","|","|","|switch|p2a: StarLight|Garchomp, F, shiny|357/357","|turn|10","|","|switch|p1a: Roger|Slowbro, M|394/394","|move|p2a: StarLight|Earthquake|p1a: Roger","|-damage|p1a: Roger|280/394","|","|-heal|p1a: Roger|304/394|[from] item: Leftovers","|turn|11","|","|switch|p2a: Jet Streams|Latios, M, shiny|301/301","|move|p1a: Roger|Toxic|p2a: Jet Streams","|-status|p2a: Jet Streams|tox","|","|-heal|p1a: Roger|328/394|[from] item: Leftovers","|-damage|p2a: Jet Streams|283/301 tox|[from] psn","|turn|12","|","|switch|p1a: Selena|Gardevoir, F, shiny|340/340","|-ability|p1a: Selena|Levitate|[from] ability: Trace|[of] p2a: Jet Streams","|move|p2a: Jet Streams|Energy Ball|p1a: Selena","|-damage|p1a: Selena|274/340","|","|-heal|p1a: Selena|295/340|[from] item: Leftovers","|-damage|p2a: Jet Streams|247/301 tox|[from] psn","|turn|13","|","|move|p2a: Jet Streams|Energy Ball|p1a: Selena","|-damage|p1a: Selena|230/340","|move|p1a: Selena|Will-O-Wisp|p2a: Jet Streams","|-fail|p2a: Jet Streams","|","|-heal|p1a: Selena|251/340|[from] item: Leftovers","|-damage|p2a: Jet Streams|193/301 tox|[from] psn","|turn|14","|","|move|p2a: Jet Streams|Energy Ball|p1a: Selena","|-damage|p1a: Selena|175/340","|move|p1a: Selena|Wish|p1a: Selena","|","|-heal|p1a: Selena|196/340|[from] item: Leftovers","|-damage|p2a: Jet Streams|121/301 tox|[from] psn","|turn|15","|","|switch|p2a: Dr.Freeze|Kyurem-Black, shiny|391/391","|-ability|p2a: Dr.Freeze|Teravolt","|move|p1a: Selena|Moonblast|p2a: Dr.Freeze","|-supereffective|p2a: Dr.Freeze","|-damage|p2a: Dr.Freeze|67/391","|-unboost|p2a: Dr.Freeze|spa|1","|","|-heal|p1a: Selena|340/340|[from] move: Wish|[wisher] Selena","|turn|16","|","|move|p2a: Dr.Freeze|Iron Head|p1a: Selena","|-supereffective|p1a: Selena","|-damage|p1a: Selena|34/340","|cant|p1a: Selena|flinch","|","|-heal|p1a: Selena|55/340|[from] item: Leftovers","|turn|17","|","|switch|p1a: Roger|Slowbro, M|394/394","|move|p2a: Dr.Freeze|Iron Head|p1a: Roger","|-resisted|p1a: Roger","|-damage|p1a: Roger|356/394","|","|-heal|p1a: Roger|380/394|[from] item: Leftovers","|turn|18","|","|switch|p2a: Jet Streams|Latios, M, shiny|121/301 tox","|move|p1a: Roger|Scald|p2a: Jet Streams","|-crit|p2a: Jet Streams","|-resisted|p2a: Jet Streams","|-damage|p2a: Jet Streams|61/301 tox","|","|-heal|p1a: Roger|394/394|[from] item: Leftovers","|-damage|p2a: Jet Streams|43/301 tox|[from] psn","|turn|19","|","|switch|p1a: Selena|Gardevoir, F, shiny|55/340","|-ability|p1a: Selena|Levitate|[from] ability: Trace|[of] p2a: Jet Streams","|move|p2a: Jet Streams|Energy Ball|p1a: Selena","|-damage|p1a: Selena|0 fnt","|faint|p1a: Selena","|","|-damage|p2a: Jet Streams|7/301 tox|[from] psn","|","|switch|p1a: Alex|Alakazam, F|251/251","|turn|20","|","|move|p2a: Jet Streams|Energy Ball|p1a: Alex","|-damage|p1a: Alex|134/251","|move|p1a: Alex|Psychic|p2a: Jet Streams","|-resisted|p2a: Jet Streams","|-damage|p2a: Jet Streams|0 fnt","|faint|p2a: Jet Streams","|","|","|switch|p2a: Dr.Freeze|Kyurem-Black, shiny|67/391","|-ability|p2a: Dr.Freeze|Teravolt","|turn|21","|","|move|p2a: Dr.Freeze|Fusion Bolt|p1a: Alex","|-damage|p1a: Alex|0 fnt","|faint|p1a: Alex","|","|","|switch|p1a: Roger|Slowbro, M|394/394","|turn|22","|","|move|p2a: Dr.Freeze|Fusion Bolt|p1a: Roger","|-supereffective|p1a: Roger","|-damage|p1a: Roger|198/394","|move|p1a: Roger|Scald|p2a: Dr.Freeze","|-resisted|p2a: Dr.Freeze","|-damage|p2a: Dr.Freeze|13/391","|","|-heal|p1a: Roger|222/394|[from] item: Leftovers","|turn|23","|","|move|p2a: Dr.Freeze|Fusion Bolt|p1a: Roger","|-supereffective|p1a: Roger","|-damage|p1a: Roger|20/394","|move|p1a: Roger|Scald|p2a: Dr.Freeze","|-resisted|p2a: Dr.Freeze","|-damage|p2a: Dr.Freeze|0 fnt","|faint|p2a: Dr.Freeze","|","|-heal|p1a: Roger|44/394|[from] item: Leftovers","|","|switch|p2a: StarLight|Garchomp, F, shiny|357/357","|turn|24","|","|switch|p1a: Fierce Deity|Gallade-Mega, M, shiny|149/277","|move|p2a: StarLight|Outrage|p1a: Fierce Deity","|-damage|p1a: Fierce Deity|0 fnt","|faint|p1a: Fierce Deity","|","|","|switch|p1a: Roger|Slowbro, M|175/394","|turn|25","|","|move|p2a: StarLight|Outrage|p1a: Roger|[from]lockedmove","|-damage|p1a: Roger|42/394","|-start|p2a: StarLight|confusion|[fatigue]","|move|p1a: Roger|Slack Off|p1a: Roger","|-heal|p1a: Roger|239/394","|","|-heal|p1a: Roger|263/394|[from] item: Leftovers","|turn|26","|","|-activate|p2a: StarLight|confusion","|-damage|p2a: StarLight|303/357|[from] confusion","|move|p1a: Roger|Scald|p2a: StarLight","|-damage|p2a: StarLight|188/357","|-status|p2a: StarLight|brn","|","|-heal|p1a: Roger|287/394|[from] item: Leftovers","|-damage|p2a: StarLight|144/357 brn|[from] brn","|turn|27","|","|-activate|p2a: StarLight|confusion","|move|p2a: StarLight|Outrage|p1a: Roger","|-damage|p1a: Roger|215/394","|move|p1a: Roger|Scald|p2a: StarLight","|-crit|p2a: StarLight","|-damage|p2a: StarLight|0 fnt","|faint|p2a: StarLight","|","|win|DSV"],"p1rating":{"entryid":"159982","serverid":"eos","formatid":"monotype","userid":"dsv","username":"DSV","w":12,"l":"6","t":"0","gxe":61.3,"r":"1553.5739995386","rd":"77.539619446087","sigma":"0","rptime":"1440493200","rpr":1588.6467681592,"rprd":73.053793184802,"rpsigma":"0","acre":1219.8914102719,"lacre":1219.8914102719,"oldacre":"1201.4213706785"},"p2rating":{"entryid":"464882","serverid":"eos","formatid":"monotype","userid":"gtxbugy","username":"GTX♅Bugy","w":"3","l":1,"t":"0","gxe":58,"r":"1500","rd":"130","sigma":"0","rptime":"1440493200","rpr":1563.630730569,"rprd":106.57144342055,"rpsigma":"0","acre":1090.0490914982,"lacre":1090.0490914982,"oldacre":"1108.5191310916"},"endType":"normal"}