{"seed":[35092,41622,23310,36771],"turns":36,"p1":"Primal GT DuckSoup","p2":"Guard Darkrai","p1team":[{"name":"Landorus-Therian","species":"Landorus-Therian","item":"leftovers","ability":"Intimidate","moves":["stealthrock","bulkup","earthquake","uturn"],"nature":"Impish","evs":{"hp":252,"atk":0,"def":196,"spa":0,"spd":4,"spe":56},"ivs":{"hp":31,"atk":31,"def":31,"spa":31,"spd":31,"spe":31}},{"name":"Pidgeot","species":"Pidgeot","item":"pidgeotite","ability":"Tangled Feet","moves":["uturn","roost","heatwave","hurricane"],"nature":"Timid","evs":{"hp":0,"atk":0,"def":0,"spa":252,"spd":4,"spe":252},"ivs":{"hp":31,"atk":31,"def":31,"spa":31,"spd":31,"spe":31}},{"name":"Moltres","species":"Moltres","item":"leftovers","ability":"Pressure","moves":["fireblast","hurricane","roost","tailwind"],"nature":"Timid","evs":{"hp":4,"atk":0,"def":0,"spa":252,"spd":0,"spe":252},"ivs":{"hp":31,"atk":31,"def":31,"spa":31,"spd":31,"spe":31}},{"name":"Togekiss","species":"Togekiss","item":"leftovers","ability":"Serene Grace","moves":["airslash","nastyplot","batonpass","roost"],"nature":"Calm","evs":{"hp":252,"atk":0,"def":0,"spa":4,"spd":252,"spe":0},"ivs":{"hp":31,"atk":31,"def":31,"spa":31,"spd":31,"spe":31}},{"name":"Gyarados","species":"Gyarados","item":"leftovers","ability":"Intimidate","moves":["waterfall","thunderwave","dragondance","ironhead"],"nature":"Serious","evs":{"hp":252,"atk":0,"def":104,"spa":0,"spd":152,"spe":0},"ivs":{"hp":31,"atk":31,"def":31,"spa":31,"spd":31,"spe":31}},{"name":"Thundurus","species":"Thundurus","item":"leftovers","ability":"Prankster","moves":["voltswitch","superpower","grassknot","thunderwave"],"nature":"Hasty","evs":{"hp":0,"atk":4,"def":0,"spa":252,"spd":0,"spe":252},"ivs":{"hp":31,"atk":31,"def":31,"spa":31,"spd":31,"spe":31}}],"p2team":[{"name":"Golden Eye","species":"sableye","item":"sablenite","ability":"Prankster","moves":["willowisp","recover","calmmind","darkpulse"],"nature":"Calm","evs":{"hp":248,"atk":0,"def":0,"spa":8,"spd":252,"spe":0},"shiny":true,"ivs":{"hp":31,"atk":31,"def":31,"spa":31,"spd":31,"spe":31}},{"name":"Pearl","species":"misdreavus","item":"eviolite","ability":"Levitate","moves":["healbell","confuseray","nastyplot","dazzlinggleam"],"nature":"Modest","evs":{"hp":248,"atk":0,"def":0,"spa":252,"spd":8,"spe":0},"shiny":true,"ivs":{"hp":31,"atk":31,"def":31,"spa":31,"spd":31,"spe":31}},{"name":"Griffin","species":"cofagrigus","item":"leftovers","ability":"Mummy","moves":["trickroom","haze","hex","toxic"],"nature":"Relaxed","evs":{"hp":252,"atk":0,"def":252,"spa":4,"spd":0,"spe":0},"ivs":{"hp":31,"atk":31,"def":31,"spa":31,"spd":31,"spe":0},"shiny":true},{"name":"The Black Knight","species":"aegislash","item":"weaknesspolicy","ability":"Stance Change","moves":["kingsshield","swordsdance","shadowsneak","ironhead"],"nature":"Adamant","evs":{"hp":248,"atk":252,"def":0,"spa":0,"spd":8,"spe":0},"shiny":true,"ivs":{"hp":31,"atk":31,"def":31,"spa":31,"spd":31,"spe":31}},{"name":"3spooky5u","species":"gengar","item":"lifeorb","ability":"Levitate","moves":["hex","focusblast","sludgebomb","energyball"],"nature":"Timid","evs":{"hp":0,"atk":0,"def":0,"spa":252,"spd":4,"spe":252},"shiny":true,"ivs":{"hp":31,"atk":31,"def":31,"spa":31,"spd":31,"spe":31}},{"name":"Bob","species":"golurk","item":"focussash","ability":"No Guard","moves":["dynamicpunch","stealthrock","stoneedge","earthquake"],"nature":"Adamant","evs":{"hp":248,"atk":252,"def":0,"spa":0,"spd":8,"spe":0},"shiny":true,"ivs":{"hp":31,"atk":31,"def":31,"spa":31,"spd":31,"spe":31}}],"log":["|player|p1|Primal GT DuckSoup|121","|player|p2|Guard Darkrai|guarddarkrai.png","|gametype|singles","|gen|6","|tier|Monotype","|rated","|rule|Baton Pass Clause: Limit one Baton Passer, can't pass Spe and other stats simultaneously","|rule|Swagger Clause: Swagger is banned","|rule|Same Type Clause: Pokémon in a team must share a type","|clearpoke","|poke|p1|Landorus-Therian, M","|poke|p1|Pidgeot, F","|poke|p1|Moltres","|poke|p1|Togekiss, F","|poke|p1|Gyarados, F","|poke|p1|Thundurus, M","|poke|p2|Sableye, F, shiny","|poke|p2|Misdreavus, F, shiny","|poke|p2|Cofagrigus, F, shiny","|poke|p2|Aegislash, F, shiny","|poke|p2|Gengar, F, shiny","|poke|p2|Golurk, shiny","|rule|Sleep Clause Mod: Limit one foe put to sleep","|rule|Species Clause: Limit one of each Pokémon","|rule|OHKO Clause: OHKO moves are banned","|rule|Moody Clause: Moody is banned","|rule|Evasion Moves Clause: Evasion moves are banned","|rule|Endless Battle Clause: Forcing endless battles is banned","|rule|HP Percentage Mod: HP is shown in percentages","|teampreview","|","|start","|switch|p1a: Thundurus|Thundurus, M|299/299","|switch|p2a: Bob|Golurk, shiny|381/381","|turn|1","|","|move|p1a: Thundurus|Grass Knot|p2a: Bob","|-supereffective|p2a: Bob","|-damage|p2a: Bob|23/381","|move|p2a: Bob|Stone Edge|p1a: Thundurus","|-supereffective|p1a: Thundurus","|-damage|p1a: Thundurus|0 fnt","|faint|p1a: Thundurus","|","|","|switch|p1a: Landorus-Therian|Landorus-Therian, M|382/382","|-ability|p1a: Landorus-Therian|Intimidate","|-unboost|p2a: Bob|atk|1","|turn|2","|","|move|p1a: Landorus-Therian|Stealth Rock|p2a: Bob","|-sidestart|p2: Guard Darkrai|move: Stealth Rock","|move|p2a: Bob|Dynamic Punch|p1a: Landorus-Therian","|-resisted|p1a: Landorus-Therian","|-damage|p1a: Landorus-Therian|346/382","|-start|p1a: Landorus-Therian|confusion","|","|-heal|p1a: Landorus-Therian|369/382|[from] item: Leftovers","|turn|3","|","|-activate|p1a: Landorus-Therian|confusion","|move|p1a: Landorus-Therian|U-turn|p2a: Bob","|-resisted|p2a: Bob","|-damage|p2a: Bob|0 fnt","|faint|p2a: Bob","|","|switch|p1a: Moltres|Moltres|322/322","|-ability|p1a: Moltres|Pressure","|","|","|switch|p2a: The Black Knight|Aegislash, F, shiny|323/323","|-damage|p2a: The Black Knight|303/323|[from] Stealth Rock","|turn|4","|","|move|p1a: Moltres|Fire Blast|p2a: The Black Knight","|-supereffective|p2a: The Black Knight","|-damage|p2a: The Black Knight|19/323","|-enditem|p2a: The Black Knight|Weakness Policy","|-boost|p2a: The Black Knight|atk|2|[from] item: Weakness Policy","|-boost|p2a: The Black Knight|spa|2|[from] item: Weakness Policy","|move|p2a: The Black Knight|Swords Dance|p2a: The Black Knight","|-boost|p2a: The Black Knight|atk|2","|","|turn|5","|","|-formechange|p2a: The Black Knight|Aegislash-Blade","|move|p2a: The Black Knight|Shadow Sneak|p1a: Moltres","|-damage|p1a: Moltres|39/322","|move|p1a: Moltres|Fire Blast|p2a: The Black Knight","|-supereffective|p2a: The Black Knight","|-damage|p2a: The Black Knight|0 fnt","|faint|p2a: The Black Knight","|","|-heal|p1a: Moltres|59/322|[from] item: Leftovers","|","|switch|p2a: 3spooky5u|Gengar, F, shiny|261/261","|-damage|p2a: 3spooky5u|229/261|[from] Stealth Rock","|turn|6","|","|switch|p1a: Togekiss|Togekiss, F|374/374","|move|p2a: 3spooky5u|Sludge Bomb|p1a: Togekiss","|-supereffective|p1a: Togekiss","|-damage|p1a: Togekiss|117/374","|-damage|p2a: 3spooky5u|203/261|[from] item: Life Orb","|","|-heal|p1a: Togekiss|140/374|[from] item: Leftovers","|turn|7","|","|switch|p1a: Landorus-Therian|Landorus-Therian, M|369/382","|-ability|p1a: Landorus-Therian|Intimidate","|-unboost|p2a: 3spooky5u|atk|1","|move|p2a: 3spooky5u|Sludge Bomb|p1a: Landorus-Therian","|-resisted|p1a: Landorus-Therian","|-damage|p1a: Landorus-Therian|236/382","|-damage|p2a: 3spooky5u|177/261|[from] item: Life Orb","|","|-heal|p1a: Landorus-Therian|259/382|[from] item: Leftovers","|turn|8","|","|switch|p2a: Griffin|Cofagrigus, F, shiny|320/320","|-damage|p2a: Griffin|280/320|[from] Stealth Rock","|move|p1a: Landorus-Therian|U-turn|p2a: Griffin","|-resisted|p2a: Griffin","|-damage|p2a: Griffin|259/320","|-activate|p2a: Griffin|ability: Mummy|intimidate|[of] p1a: Landorus-Therian","|","|switch|p1a: Togekiss|Togekiss, F|140/374","|","|-heal|p1a: Togekiss|163/374|[from] item: Leftovers","|-heal|p2a: Griffin|279/320|[from] item: Leftovers","|turn|9","|","|move|p1a: Togekiss|Roost|p1a: Togekiss","|-heal|p1a: Togekiss|350/374","|move|p2a: Griffin|Trick Room|p2a: Griffin","|-fieldstart|move: Trick Room|[of] p2a: Griffin","|","|-heal|p2a: Griffin|299/320|[from] item: Leftovers","|-heal|p1a: Togekiss|373/374|[from] item: Leftovers","|turn|10","|","|move|p2a: Griffin|Toxic|p1a: Togekiss","|-status|p1a: Togekiss|tox","|move|p1a: Togekiss|Nasty Plot|p1a: Togekiss","|-boost|p1a: Togekiss|spa|2","|","|-heal|p2a: Griffin|319/320|[from] item: Leftovers","|-heal|p1a: Togekiss|374/374 tox|[from] item: Leftovers","|-damage|p1a: Togekiss|351/374 tox|[from] psn","|turn|11","|","|move|p2a: Griffin|Haze|p2a: Griffin","|-clearallboost","|move|p1a: Togekiss|Nasty Plot|p1a: Togekiss","|-boost|p1a: Togekiss|spa|2","|","|-heal|p2a: Griffin|320/320|[from] item: Leftovers","|-heal|p1a: Togekiss|374/374 tox|[from] item: Leftovers","|-damage|p1a: Togekiss|328/374 tox|[from] psn","|turn|12","|","|move|p2a: Griffin|Haze|p2a: Griffin","|-clearallboost","|move|p1a: Togekiss|Air Slash|p2a: Griffin","|-damage|p2a: Griffin|217/320","|","|-heal|p2a: Griffin|237/320|[from] item: Leftovers","|-heal|p1a: Togekiss|351/374 tox|[from] item: Leftovers","|-damage|p1a: Togekiss|282/374 tox|[from] psn","|turn|13","|","|move|p2a: Griffin|Hex|p1a: Togekiss","|-damage|p1a: Togekiss|183/374 tox","|move|p1a: Togekiss|Nasty Plot|p1a: Togekiss","|-boost|p1a: Togekiss|spa|2","|","|-heal|p2a: Griffin|257/320|[from] item: Leftovers","|-heal|p1a: Togekiss|206/374 tox|[from] item: Leftovers","|-damage|p1a: Togekiss|114/374 tox|[from] psn","|-fieldend|move: Trick Room","|turn|14","|","|move|p1a: Togekiss|Baton Pass|p1a: Togekiss","|","|switch|p1a: Pidgeot|Pidgeot, F|307/307","|move|p2a: Griffin|Trick Room|p2a: Griffin","|-fieldstart|move: Trick Room|[of] p2a: Griffin","|","|-heal|p2a: Griffin|277/320|[from] item: Leftovers","|turn|15","|","|detailschange|p1a: Pidgeot|Pidgeot-Mega, F","|-mega|p1a: Pidgeot|Pidgeot|Pidgeotite","|move|p2a: Griffin|Haze|p2a: Griffin","|-clearallboost","|move|p1a: Pidgeot|Hurricane|p2a: Griffin","|-damage|p2a: Griffin|67/320","|","|-heal|p2a: Griffin|87/320|[from] item: Leftovers","|turn|16","|","|move|p2a: Griffin|Toxic|p1a: Pidgeot","|-status|p1a: Pidgeot|tox","|move|p1a: Pidgeot|Hurricane|p2a: Griffin","|-damage|p2a: Griffin|0 fnt","|faint|p2a: Griffin","|","|-damage|p1a: Pidgeot|288/307 tox|[from] psn","|","|switch|p2a: Golden Eye|Sableye, F, shiny|303/303","|-damage|p2a: Golden Eye|266/303|[from] Stealth Rock","|turn|17","|","|move|p2a: Golden Eye|Calm Mind|p2a: Golden Eye","|-boost|p2a: Golden Eye|spa|1","|-boost|p2a: Golden Eye|spd|1","|move|p1a: Pidgeot|U-turn|p2a: Golden Eye","|-crit|p2a: Golden Eye","|-damage|p2a: Golden Eye|193/303","|","|switch|p1a: Gyarados|Gyarados, F|394/394","|-ability|p1a: Gyarados|Intimidate","|-unboost|p2a: Golden Eye|atk|1","|","|turn|18","|","|detailschange|p2a: Golden Eye|Sableye-Mega, F, shiny","|-mega|p2a: Golden Eye|Sableye|Sablenite","|move|p2a: Golden Eye|Will-O-Wisp|p1a: Gyarados","|-status|p1a: Gyarados|brn","|move|p1a: Gyarados|Dragon Dance|p1a: Gyarados","|-boost|p1a: Gyarados|atk|1","|-boost|p1a: Gyarados|spe|1","|","|-damage|p1a: Gyarados|345/394 brn|[from] brn","|-fieldend|move: Trick Room","|turn|19","|","|move|p1a: Gyarados|Dragon Dance|p1a: Gyarados","|-boost|p1a: Gyarados|atk|1","|-boost|p1a: Gyarados|spe|1","|move|p2a: Golden Eye|Recover|p2a: Golden Eye","|-heal|p2a: Golden Eye|303/303","|","|-heal|p1a: Gyarados|369/394 brn|[from] item: Leftovers","|-damage|p1a: Gyarados|320/394 brn|[from] brn","|turn|20","|","|move|p1a: Gyarados|Dragon Dance|p1a: Gyarados","|-boost|p1a: Gyarados|atk|1","|-boost|p1a: Gyarados|spe|1","|move|p2a: Golden Eye|Dark Pulse|p1a: Gyarados","|-damage|p1a: Gyarados|220/394 brn","|","|-heal|p1a: Gyarados|244/394 brn|[from] item: Leftovers","|-damage|p1a: Gyarados|195/394 brn|[from] brn","|turn|21","|","|move|p1a: Gyarados|Waterfall|p2a: Golden Eye","|-damage|p2a: Golden Eye|184/303","|move|p2a: Golden Eye|Dark Pulse|p1a: Gyarados","|-damage|p1a: Gyarados|86/394 brn","|","|-heal|p1a: Gyarados|110/394 brn|[from] item: Leftovers","|-damage|p1a: Gyarados|61/394 brn|[from] brn","|turn|22","|","|move|p1a: Gyarados|Iron Head|p2a: Golden Eye","|-damage|p2a: Golden Eye|111/303","|move|p2a: Golden Eye|Dark Pulse|p1a: Gyarados","|-damage|p1a: Gyarados|0 fnt","|faint|p1a: Gyarados","|","|","|switch|p1a: Landorus-Therian|Landorus-Therian, M|259/382","|-ability|p1a: Landorus-Therian|Intimidate","|-unboost|p2a: Golden Eye|atk|1","|turn|23","|","|move|p1a: Landorus-Therian|Earthquake|p2a: Golden Eye","|-damage|p2a: Golden Eye|0 fnt","|faint|p2a: Golden Eye","|","|-heal|p1a: Landorus-Therian|282/382|[from] item: Leftovers","|","|switch|p2a: Pearl|Misdreavus, F, shiny|323/323","|-damage|p2a: Pearl|283/323|[from] Stealth Rock","|turn|24","|","|move|p1a: Landorus-Therian|U-turn|p2a: Pearl","|-resisted|p2a: Pearl","|-damage|p2a: Pearl|245/323","|","|switch|p1a: Moltres|Moltres|59/322","|-ability|p1a: Moltres|Pressure","|move|p2a: Pearl|Confuse Ray|p1a: Moltres","|-start|p1a: Moltres|confusion","|","|-heal|p1a: Moltres|79/322|[from] item: Leftovers","|turn|25","|","|-activate|p1a: Moltres|confusion","|-damage|p1a: Moltres|47/322|[from] confusion","|move|p2a: Pearl|Nasty Plot|p2a: Pearl","|-boost|p2a: Pearl|spa|2","|","|-heal|p1a: Moltres|67/322|[from] item: Leftovers","|turn|26","|","|-activate|p1a: Moltres|confusion","|move|p1a: Moltres|Roost|p1a: Moltres","|-heal|p1a: Moltres|228/322","|move|p2a: Pearl|Dazzling Gleam|p1a: Moltres","|-resisted|p1a: Moltres","|-damage|p1a: Moltres|138/322","|","|-heal|p1a: Moltres|158/322|[from] item: Leftovers","|turn|27","|","|-activate|p1a: Moltres|confusion","|-damage|p1a: Moltres|129/322|[from] confusion","|move|p2a: Pearl|Nasty Plot|p2a: Pearl","|-boost|p2a: Pearl|spa|2","|","|-heal|p1a: Moltres|149/322|[from] item: Leftovers","|turn|28","|","|-activate|p1a: Moltres|confusion","|move|p1a: Moltres|Roost|p1a: Moltres","|-heal|p1a: Moltres|310/322","|move|p2a: Pearl|Dazzling Gleam|p1a: Moltres","|-resisted|p1a: Moltres","|-damage|p1a: Moltres|183/322","|","|-heal|p1a: Moltres|203/322|[from] item: Leftovers","|turn|29","|","|-end|p1a: Moltres|confusion","|move|p1a: Moltres|Hurricane|p2a: Pearl|[miss]","|-miss|p1a: Moltres|p2a: Pearl","|move|p2a: Pearl|Nasty Plot|p2a: Pearl","|-boost|p2a: Pearl|spa|2","|","|-heal|p1a: Moltres|223/322|[from] item: Leftovers","|turn|30","|","|move|p1a: Moltres|Hurricane|p2a: Pearl","|-damage|p2a: Pearl|101/323","|move|p2a: Pearl|Confuse Ray|p1a: Moltres","|-start|p1a: Moltres|confusion","|","|-heal|p1a: Moltres|243/322|[from] item: Leftovers","|turn|31","|","|-activate|p1a: Moltres|confusion","|move|p1a: Moltres|Fire Blast|p2a: Pearl","|-crit|p2a: Pearl","|-damage|p2a: Pearl|0 fnt","|faint|p2a: Pearl","|","|-heal|p1a: Moltres|263/322|[from] item: Leftovers","|","|switch|p2a: 3spooky5u|Gengar, F, shiny|177/261","|-damage|p2a: 3spooky5u|145/261|[from] Stealth Rock","|turn|32","|","|move|p2a: 3spooky5u|Sludge Bomb|p1a: Moltres","|-damage|p1a: Moltres|10/322","|-status|p1a: Moltres|psn","|-damage|p2a: 3spooky5u|119/261|[from] item: Life Orb","|-activate|p1a: Moltres|confusion","|-damage|p1a: Moltres|0 fnt|[from] confusion","|faint|p1a: Moltres","|","|","|switch|p1a: Landorus-Therian|Landorus-Therian, M|282/382","|-ability|p1a: Landorus-Therian|Intimidate","|-unboost|p2a: 3spooky5u|atk|1","|turn|33","|","|move|p2a: 3spooky5u|Energy Ball|p1a: Landorus-Therian","|-damage|p1a: Landorus-Therian|123/382","|-damage|p2a: 3spooky5u|93/261|[from] item: Life Orb","|move|p1a: Landorus-Therian|U-turn|p2a: 3spooky5u","|-resisted|p2a: 3spooky5u","|-damage|p2a: 3spooky5u|63/261","|","|switch|p1a: Togekiss|Togekiss, F|114/374 tox","|","|-heal|p1a: Togekiss|137/374 tox|[from] item: Leftovers","|-damage|p1a: Togekiss|114/374 tox|[from] psn","|turn|34","|","|move|p2a: 3spooky5u|Hex|p1a: Togekiss","|-damage|p1a: Togekiss|0 fnt","|-damage|p2a: 3spooky5u|37/261|[from] item: Life Orb","|faint|p1a: Togekiss","|","|","|switch|p1a: Landorus-Therian|Landorus-Therian, M|123/382","|-ability|p1a: Landorus-Therian|Intimidate","|-unboost|p2a: 3spooky5u|atk|1","|turn|35","|","|move|p2a: 3spooky5u|Energy Ball|p1a: Landorus-Therian","|-damage|p1a: Landorus-Therian|0 fnt","|-damage|p2a: 3spooky5u|11/261|[from] item: Life Orb","|faint|p1a: Landorus-Therian","|","|","|switch|p1a: Pidgeot|Pidgeot-Mega, F|288/307 tox","|turn|36","|","|move|p1a: Pidgeot|Hurricane|p2a: 3spooky5u","|-damage|p2a: 3spooky5u|0 fnt","|faint|p2a: 3spooky5u","|","|win|Primal GT DuckSoup"],"p1rating":{"entryid":"432064","serverid":"eos","formatid":"monotype","userid":"primalgtducksoup","username":"Primal GT DuckSoup","w":3,"l":"0","t":"0","gxe":61,"r":"1500","rd":"130","sigma":"0","rptime":"1440493200","rpr":1588.0168944099,"rprd":110.6712448302,"rpsigma":"0","acre":1110.9597414979,"lacre":1110.9597414979,"oldacre":"1082.9306411794"},"p2rating":{"entryid":"154049","serverid":"eos","formatid":"monotype","userid":"guarddarkrai","username":"Guard Darkrai","w":"2","l":4,"t":"0","gxe":43,"r":"1423.5316974162","rd":"117.18298642754","sigma":"0","rptime":"1440493200","rpr":1444.5566829469,"rprd":98.904778115135,"rpsigma":"0","acre":1065.1171061722,"lacre":1065.1171061722,"oldacre":"1088.8397542512"},"endType":"normal"}