{"seed":[43243,15540,6989,50202],"turns":32,"p1":"Void Neo","p2":"Sable and ed","p1team":[{"name":"Miller","species":"skarmory","item":"rockyhelmet","ability":"Sturdy","moves":["stealthrock","whirlwind","roost","bravebird"],"nature":"Impish","evs":{"hp":248,"atk":0,"def":252,"spa":0,"spd":0,"spe":8},"ivs":{"hp":31,"atk":31,"def":31,"spa":31,"spd":31,"spe":31}},{"name":"Andrea","species":"togekiss","item":"leftovers","ability":"Serene Grace","moves":["dazzlinggleam","airslash","defog","roost"],"nature":"Calm","evs":{"hp":252,"atk":0,"def":0,"spa":4,"spd":252,"spe":0},"ivs":{"hp":31,"atk":31,"def":31,"spa":31,"spd":31,"spe":31}},{"name":"Ohnta","species":"gyarados","item":"leftovers","ability":"Moxie","moves":["dragondance","substitute","icefang","earthquake"],"nature":"Jolly","evs":{"hp":0,"atk":252,"def":0,"spa":0,"spd":4,"spe":252},"ivs":{"hp":31,"atk":31,"def":31,"spa":31,"spd":31,"spe":31}},{"name":"Rafique","species":"landorustherian","item":"choicescarf","ability":"Intimidate","moves":["uturn","earthquake","stoneedge","knockoff"],"nature":"Jolly","evs":{"hp":0,"atk":252,"def":0,"spa":0,"spd":4,"spe":252},"ivs":{"hp":31,"atk":31,"def":31,"spa":31,"spd":31,"spe":31}},{"name":"Zapdos","species":"Zapdos","item":"leftovers","ability":"Pressure","moves":["discharge","heatwave","toxic","roost"],"nature":"Calm","evs":{"hp":252,"atk":0,"def":0,"spa":4,"spd":252,"spe":0},"ivs":{"hp":31,"atk":31,"def":31,"spa":31,"spd":31,"spe":31}},{"name":"Cyron","species":"dragonite","item":"choiceband","ability":"Multiscale","moves":["outrage","extremespeed","firepunch","brickbreak"],"nature":"Adamant","evs":{"hp":0,"atk":252,"def":0,"spa":0,"spd":8,"spe":248},"ivs":{"hp":31,"atk":31,"def":31,"spa":31,"spd":31,"spe":31}}],"p2team":[{"name":"Diancie","species":"Diancie","item":"leftovers","ability":"Clear Body","moves":["stealthrock","trickroom","diamondstorm","explosion"],"nature":"Brave","evs":{"hp":248,"atk":252,"def":8,"spa":0,"spd":0,"spe":0},"ivs":{"hp":31,"atk":31,"def":31,"spa":31,"spd":31,"spe":0}},{"name":"Sylveon","species":"Sylveon","item":"choicespecs","ability":"Pixilate","moves":["hypervoice","hiddenpowerfire","psyshock","shadowball"],"nature":"Quiet","evs":{"hp":248,"atk":0,"def":8,"spa":252,"spd":0,"spe":0},"gender":"M","ivs":{"hp":31,"atk":0,"def":31,"spa":30,"spd":31,"spe":0}},{"name":"Azumarill","species":"Azumarill","item":"lifeorb","ability":"Huge Power","moves":["playrough","waterfall","superpower","aquajet"],"nature":"Brave","evs":{"hp":248,"atk":252,"def":0,"spa":0,"spd":8,"spe":0},"gender":"M","ivs":{"hp":31,"atk":31,"def":31,"spa":31,"spd":31,"spe":0}},{"name":"Gardevoir","species":"Gardevoir","item":"gardevoirite","ability":"Trace","moves":["hypervoice","focusblast","trickroom","healingwish"],"nature":"Quiet","evs":{"hp":248,"atk":0,"def":8,"spa":252,"spd":0,"spe":0},"gender":"M","ivs":{"hp":31,"atk":0,"def":31,"spa":31,"spd":31,"spe":0},"shiny":true},{"name":"Klefki","species":"Klefki","item":"lightclay","ability":"Prankster","moves":["reflect","lightscreen","foulplay","spikes"],"nature":"Bold","evs":{"hp":248,"atk":0,"def":252,"spa":0,"spd":8,"spe":0},"ivs":{"hp":31,"atk":0,"def":31,"spa":31,"spd":31,"spe":31}},{"name":"Togekiss","species":"Togekiss","item":"choicescarf","ability":"Serene Grace","moves":["airslash","fireblast","dazzlinggleam","trick"],"nature":"Timid","evs":{"hp":0,"atk":0,"def":0,"spa":252,"spd":4,"spe":252},"ivs":{"hp":31,"atk":0,"def":31,"spa":31,"spd":31,"spe":31}}],"log":["|player|p1|Void Neo|266","|player|p2|Sable and ed|102","|gametype|singles","|gen|6","|tier|Monotype","|rated","|rule|Baton Pass Clause: Limit one Baton Passer, can't pass Spe and other stats simultaneously","|rule|Swagger Clause: Swagger is banned","|rule|Same Type Clause: Pokémon in a team must share a type","|clearpoke","|poke|p1|Skarmory, F","|poke|p1|Togekiss, F","|poke|p1|Gyarados, F","|poke|p1|Landorus-Therian, M","|poke|p1|Zapdos","|poke|p1|Dragonite, M","|poke|p2|Diancie","|poke|p2|Sylveon, M","|poke|p2|Azumarill, M","|poke|p2|Gardevoir, M, shiny","|poke|p2|Klefki, M","|poke|p2|Togekiss, M","|rule|Sleep Clause Mod: Limit one foe put to sleep","|rule|Species Clause: Limit one of each Pokémon","|rule|OHKO Clause: OHKO moves are banned","|rule|Moody Clause: Moody is banned","|rule|Evasion Moves Clause: Evasion moves are banned","|rule|Endless Battle Clause: Forcing endless battles is banned","|rule|HP Percentage Mod: HP is shown in percentages","|teampreview","|","|start","|switch|p1a: Rafique|Landorus-Therian, M|319/319","|switch|p2a: Togekiss|Togekiss, M|311/311","|-ability|p1a: Rafique|Intimidate","|-unboost|p2a: Togekiss|atk|1","|turn|1","|","|switch|p1a: Zapdos|Zapdos|384/384","|-ability|p1a: Zapdos|Pressure","|switch|p2a: Klefki|Klefki, M|317/317","|","|turn|2","|","|switch|p2a: Diancie|Diancie|303/303","|move|p1a: Zapdos|Heat Wave|p2a: Diancie","|-crit|p2a: Diancie","|-resisted|p2a: Diancie","|-damage|p2a: Diancie|252/303","|-status|p2a: Diancie|brn","|","|-heal|p2a: Diancie|270/303 brn|[from] item: Leftovers","|-damage|p2a: Diancie|233/303 brn|[from] brn","|turn|3","|","|switch|p1a: Miller|Skarmory, F|333/333","|move|p2a: Diancie|Stealth Rock|p1a: Miller","|-sidestart|p1: Void Neo|move: Stealth Rock","|","|-heal|p2a: Diancie|251/303 brn|[from] item: Leftovers","|-damage|p2a: Diancie|214/303 brn|[from] brn","|turn|4","|","|move|p1a: Miller|Stealth Rock|p2a: Diancie","|-sidestart|p2: Sable and ed|move: Stealth Rock","|move|p2a: Diancie|Trick Room|p2a: Diancie","|-fieldstart|move: Trick Room|[of] p2a: Diancie","|","|-heal|p2a: Diancie|232/303 brn|[from] item: Leftovers","|-damage|p2a: Diancie|195/303 brn|[from] brn","|turn|5","|","|move|p2a: Diancie|Explosion|p1a: Miller","|-resisted|p1a: Miller","|-damage|p1a: Miller|295/333","|faint|p2a: Diancie","|move|p1a: Miller|Whirlwind|p2: Diancie|[notarget]","|-notarget","|","|","|switch|p2a: Sylveon|Sylveon, M|393/393","|-damage|p2a: Sylveon|344/393|[from] Stealth Rock","|turn|6","|","|move|p2a: Sylveon|Hyper Voice|p1a: Miller","|-crit|p1a: Miller","|-resisted|p1a: Miller","|-damage|p1a: Miller|15/333","|move|p1a: Miller|Whirlwind|p2a: Sylveon","|drag|p2a: Azumarill|Azumarill, M|403/403","|-damage|p2a: Azumarill|353/403|[from] Stealth Rock","|","|turn|7","|","|move|p2a: Azumarill|Waterfall|p1a: Miller","|-damage|p1a: Miller|0 fnt","|-damage|p2a: Azumarill|286/403|[from] item: Rocky Helmet|[of] p1a: Miller","|-damage|p2a: Azumarill|246/403|[from] item: Life Orb","|faint|p1a: Miller","|","|","|switch|p1a: Zapdos|Zapdos|384/384","|-damage|p1a: Zapdos|288/384|[from] Stealth Rock","|-ability|p1a: Zapdos|Pressure","|turn|8","|","|move|p2a: Azumarill|Play Rough|p1a: Zapdos","|-damage|p1a: Zapdos|0 fnt","|-damage|p2a: Azumarill|206/403|[from] item: Life Orb","|faint|p1a: Zapdos","|","|-fieldend|move: Trick Room","|","|switch|p1a: Andrea|Togekiss, F|374/374","|-damage|p1a: Andrea|281/374|[from] Stealth Rock","|turn|9","|","|switch|p2a: Klefki|Klefki, M|317/317","|-damage|p2a: Klefki|298/317|[from] Stealth Rock","|move|p1a: Andrea|Air Slash|p2a: Klefki","|-resisted|p2a: Klefki","|-damage|p2a: Klefki|236/317","|","|-heal|p1a: Andrea|304/374|[from] item: Leftovers","|turn|10","|","|move|p2a: Klefki|Light Screen|p2a: Klefki","|-sidestart|p2: Sable and ed|move: Light Screen","|move|p1a: Andrea|Air Slash|p2a: Klefki","|-resisted|p2a: Klefki","|-damage|p2a: Klefki|209/317","|","|-heal|p1a: Andrea|327/374|[from] item: Leftovers","|turn|11","|","|move|p2a: Klefki|Reflect|p2a: Klefki","|-sidestart|p2: Sable and ed|Reflect","|move|p1a: Andrea|Defog|p2a: Klefki","|-unboost|p2a: Klefki|evasion|1","|-sideend|p2: Sable and ed|Reflect","|-sideend|p2: Sable and ed|move: Light Screen","|-sideend|p2: Sable and ed|Stealth Rock|[from] move: Defog|[of] p2a: Klefki","|-sideend|p1: Void Neo|Stealth Rock|[from] move: Defog|[of] p1a: Andrea","|","|-heal|p1a: Andrea|350/374|[from] item: Leftovers","|turn|12","|","|move|p2a: Klefki|Light Screen|p2a: Klefki","|-sidestart|p2: Sable and ed|move: Light Screen","|move|p1a: Andrea|Dazzling Gleam|p2a: Klefki","|-resisted|p2a: Klefki","|-damage|p2a: Klefki|176/317","|","|-heal|p1a: Andrea|373/374|[from] item: Leftovers","|turn|13","|","|switch|p2a: Gardevoir|Gardevoir, M, shiny|339/339","|-ability|p2a: Gardevoir|Serene Grace|[from] ability: Trace|[of] p1a: Andrea","|move|p1a: Andrea|Defog|p2a: Gardevoir","|-unboost|p2a: Gardevoir|evasion|1","|-sideend|p2: Sable and ed|move: Light Screen","|","|-heal|p1a: Andrea|374/374|[from] item: Leftovers","|turn|14","|","|detailschange|p2a: Gardevoir|Gardevoir-Mega, M, shiny","|-mega|p2a: Gardevoir|Gardevoir|Gardevoirite","|move|p1a: Andrea|Air Slash|p2a: Gardevoir","|-damage|p2a: Gardevoir|258/339","|cant|p2a: Gardevoir|flinch","|","|turn|15","|","|switch|p2a: Klefki|Klefki, M|176/317","|move|p1a: Andrea|Air Slash|p2a: Klefki","|-resisted|p2a: Klefki","|-damage|p2a: Klefki|118/317","|","|turn|16","|","|move|p2a: Klefki|Light Screen|p2a: Klefki","|-sidestart|p2: Sable and ed|move: Light Screen","|move|p1a: Andrea|Air Slash|p2a: Klefki","|-resisted|p2a: Klefki","|-damage|p2a: Klefki|87/317","|","|turn|17","|","|switch|p2a: Togekiss|Togekiss, M|311/311","|move|p1a: Andrea|Defog|p2a: Togekiss","|-unboost|p2a: Togekiss|evasion|1","|-sideend|p2: Sable and ed|move: Light Screen","|","|turn|18","|","|switch|p1a: Rafique|Landorus-Therian, M|319/319","|-ability|p1a: Rafique|Intimidate","|-unboost|p2a: Togekiss|atk|1","|move|p2a: Togekiss|Trick|p1a: Rafique","|-activate|p2a: Togekiss|move: Trick|[of] p1a: Rafique","|-item|p1a: Rafique|Choice Scarf|[from] move: Trick","|-item|p2a: Togekiss|Choice Scarf|[from] move: Trick","|","|turn|19","|","|switch|p2a: Klefki|Klefki, M|87/317","|move|p1a: Rafique|Earthquake|p2a: Klefki","|-supereffective|p2a: Klefki","|-damage|p2a: Klefki|0 fnt","|faint|p2a: Klefki","|","|","|switch|p2a: Togekiss|Togekiss, M|311/311","|turn|20","|","|switch|p1a: Andrea|Togekiss, F|374/374","|move|p2a: Togekiss|Trick|p1a: Andrea","|-activate|p2a: Togekiss|move: Trick|[of] p1a: Andrea","|-item|p1a: Andrea|Choice Scarf|[from] move: Trick","|-item|p2a: Togekiss|Leftovers|[from] move: Trick","|","|turn|21","|","|move|p1a: Andrea|Air Slash|p2a: Togekiss","|-crit|p2a: Togekiss","|-damage|p2a: Togekiss|170/311","|cant|p2a: Togekiss|flinch","|","|-heal|p2a: Togekiss|189/311|[from] item: Leftovers","|turn|22","|","|move|p1a: Andrea|Air Slash|p2a: Togekiss","|-damage|p2a: Togekiss|96/311","|move|p2a: Togekiss|Air Slash|p1a: Andrea","|-damage|p1a: Andrea|286/374","|","|-heal|p2a: Togekiss|115/311|[from] item: Leftovers","|turn|23","|","|move|p1a: Andrea|Air Slash|p2a: Togekiss","|-damage|p2a: Togekiss|28/311","|cant|p2a: Togekiss|flinch","|","|-heal|p2a: Togekiss|47/311|[from] item: Leftovers","|turn|24","|","|move|p1a: Andrea|Air Slash|p2a: Togekiss","|-damage|p2a: Togekiss|0 fnt","|faint|p2a: Togekiss","|","|","|switch|p2a: Sylveon|Sylveon, M|344/393","|turn|25","|","|move|p1a: Andrea|Air Slash|p2a: Sylveon","|-damage|p2a: Sylveon|262/393","|move|p2a: Sylveon|Hyper Voice|p1a: Andrea","|-damage|p1a: Andrea|87/374","|","|turn|26","|","|switch|p2a: Azumarill|Azumarill, M|206/403","|move|p1a: Andrea|Air Slash|p2a: Azumarill","|-damage|p2a: Azumarill|73/403","|","|turn|27","|","|switch|p1a: Cyron|Dragonite, M|323/323","|move|p2a: Azumarill|Aqua Jet|p1a: Cyron","|-resisted|p1a: Cyron","|-damage|p1a: Cyron|294/323","|-damage|p2a: Azumarill|33/403|[from] item: Life Orb","|","|turn|28","|","|move|p1a: Cyron|Extreme Speed|p2a: Azumarill","|-damage|p2a: Azumarill|0 fnt","|faint|p2a: Azumarill","|","|","|switch|p2a: Gardevoir|Gardevoir-Mega, M, shiny|258/339","|turn|29","|","|move|p1a: Cyron|Extreme Speed|p2a: Gardevoir","|-damage|p2a: Gardevoir|25/339","|move|p2a: Gardevoir|Trick Room|p2a: Gardevoir","|-fieldstart|move: Trick Room|[of] p2a: Gardevoir","|","|turn|30","|","|move|p1a: Cyron|Extreme Speed|p2a: Gardevoir","|-damage|p2a: Gardevoir|0 fnt","|faint|p2a: Gardevoir","|","|","|switch|p2a: Sylveon|Sylveon, M|262/393","|turn|31","|","|move|p1a: Cyron|Extreme Speed|p2a: Sylveon","|-damage|p2a: Sylveon|32/393","|move|p2a: Sylveon|Hyper Voice|p1a: Cyron","|-supereffective|p1a: Cyron","|-damage|p1a: Cyron|0 fnt","|faint|p1a: Cyron","|","|","|switch|p1a: Ohnta|Gyarados, F|331/331","|turn|32","|","|move|p2a: Sylveon|Hyper Voice|p1a: Ohnta","|-damage|p1a: Ohnta|4/331","|move|p1a: Ohnta|Earthquake|p2a: Sylveon","|-damage|p2a: Sylveon|0 fnt","|faint|p2a: Sylveon","|-boost|p1a: Ohnta|atk|1|[from] ability: Moxie","|","|win|Void Neo"],"p1rating":{"entryid":"413977","serverid":"eos","formatid":"monotype","userid":"voidneo","username":"Void Neo","w":3,"l":"0","t":"0","gxe":63.2,"r":"1500","rd":"130","sigma":"0","rptime":"1440406800","rpr":1606.8519868881,"rprd":111.79562027283,"rpsigma":"0","acre":1129.3014800565,"lacre":1129.3014800565,"oldacre":"1100.674432727"},"p2rating":{"entryid":"422954","serverid":"eos","formatid":"monotype","userid":"sableanded","username":"Sable and ed","w":"6","l":4,"t":"0","gxe":52.8,"r":"1500","rd":"130","sigma":"0","rptime":"1440406800","rpr":1521.735559825,"rprd":87.288549550598,"rpsigma":"0","acre":1122.8121981979,"lacre":1122.8121981979,"oldacre":"1151.4392455274"},"endType":"normal"}