{"seed":[52282,47344,56289,60113],"turns":20,"p1":"Rain Hoot","p2":"GTX♅WillWolf","p1team":[{"name":"Moltres","species":"Moltres","item":"assaultvest","ability":"Pressure","moves":["flamethrower","hurricane","ancientpower","twister"],"nature":"Modest","evs":{"hp":248,"atk":0,"def":0,"spa":252,"spd":8,"spe":0},"ivs":{"hp":31,"atk":31,"def":31,"spa":31,"spd":31,"spe":31}},{"name":"Entei","species":"Entei","item":"choiceband","ability":"Pressure","moves":["extremespeed","stoneedge","sacredfire","ironhead"],"nature":"Adamant","evs":{"hp":252,"atk":252,"def":0,"spa":0,"spd":4,"spe":0},"shiny":true,"ivs":{"hp":31,"atk":31,"def":31,"spa":31,"spd":31,"spe":31}},{"name":"Torkoal","species":"Torkoal","item":"sitrusberry","ability":"White Smoke","moves":["rapidspin","lavaplume","earthquake","clearsmog"],"nature":"Lax","evs":{"hp":248,"atk":8,"def":252,"spa":0,"spd":0,"spe":0},"ivs":{"hp":31,"atk":31,"def":31,"spa":31,"spd":31,"spe":31}},{"name":"Arcanine","species":"Arcanine","item":"rockyhelmet","ability":"Intimidate","moves":["closecombat","crunch","extremespeed","willowisp"],"nature":"Adamant","evs":{"hp":248,"atk":252,"def":0,"spa":0,"spd":8,"spe":0},"ivs":{"hp":31,"atk":31,"def":31,"spa":31,"spd":31,"spe":31}},{"name":"Volcarona","species":"Volcarona","item":"focussash","ability":"Flame Body","moves":["fierydance","quiverdance","bugbuzz","gigadrain"],"nature":"Modest","evs":{"hp":0,"atk":0,"def":0,"spa":252,"spd":4,"spe":252},"ivs":{"hp":31,"atk":31,"def":31,"spa":31,"spd":31,"spe":31}},{"name":"Charizard","species":"Charizard","item":"charizarditey","ability":"Blaze","moves":["solarbeam","ancientpower","airslash","roost"],"nature":"Timid","evs":{"hp":0,"atk":0,"def":0,"spa":252,"spd":4,"spe":252},"ivs":{"hp":31,"atk":31,"def":31,"spa":31,"spd":31,"spe":31}}],"p2team":[{"name":"THE KILLER","species":"cobalion","item":"leftovers","ability":"Justified","moves":["stoneedge","stealthrock","ironhead","closecombat"],"nature":"Impish","evs":{"hp":252,"atk":4,"def":252,"spa":0,"spd":0,"spe":0},"ivs":{"hp":31,"atk":31,"def":31,"spa":31,"spd":31,"spe":31}},{"name":"Lucario","species":"Lucario","item":"salacberry","ability":"Justified","moves":["reversal","endure","icepunch","extremespeed"],"nature":"Adamant","evs":{"hp":0,"atk":252,"def":0,"spa":0,"spd":4,"spe":252},"ivs":{"hp":31,"atk":30,"def":30,"spa":31,"spd":31,"spe":31}},{"name":"Whiskers","species":"mienshao","item":"lifeorb","ability":"Regenerator","moves":["hiddenpowerice","highjumpkick","fakeout","uturn"],"nature":"Hasty","evs":{"hp":0,"atk":252,"def":0,"spa":4,"spd":0,"spe":252},"ivs":{"hp":31,"atk":30,"def":30,"spa":31,"spd":31,"spe":31}},{"name":"Hairy Cross","species":"heracross","item":"choicescarf","ability":"Moxie","moves":["nightslash","closecombat","stoneedge","megahorn"],"nature":"Jolly","evs":{"hp":0,"atk":252,"def":0,"spa":0,"spd":4,"spe":252},"ivs":{"hp":31,"atk":31,"def":31,"spa":31,"spd":31,"spe":31}},{"name":"WTF AM I??","species":"hitmonlee","item":"liechiberry","ability":"Unburden","moves":["reversal","endure","stoneedge","knockoff"],"nature":"Adamant","evs":{"hp":0,"atk":252,"def":0,"spa":0,"spd":4,"spe":252},"ivs":{"hp":31,"atk":31,"def":31,"spa":31,"spd":31,"spe":31}},{"name":"Sir Gallade","species":"gallade","item":"galladite","ability":"Steadfast","moves":["knockoff","zenheadbutt","closecombat","shadowsneak"],"nature":"Jolly","evs":{"hp":0,"atk":252,"def":0,"spa":0,"spd":0,"spe":252},"ivs":{"hp":31,"atk":31,"def":31,"spa":31,"spd":31,"spe":31}}],"log":["|player|p1|Rain Hoot|1","|player|p2|GTX♅WillWolf|54","|gametype|singles","|gen|6","|tier|Monotype","|rated","|rule|Baton Pass Clause: Limit one Baton Passer, can't pass Spe and other stats simultaneously","|rule|Swagger Clause: Swagger is banned","|rule|Same Type Clause: Pokémon in a team must share a type","|clearpoke","|poke|p1|Moltres","|poke|p1|Entei, shiny","|poke|p1|Torkoal, M","|poke|p1|Arcanine, F","|poke|p1|Volcarona, F","|poke|p1|Charizard, F","|poke|p2|Cobalion","|poke|p2|Lucario, F","|poke|p2|Mienshao, F","|poke|p2|Heracross, M","|poke|p2|Hitmonlee, M","|poke|p2|Gallade, M","|rule|Sleep Clause Mod: Limit one foe put to sleep","|rule|Species Clause: Limit one of each Pokémon","|rule|OHKO Clause: OHKO moves are banned","|rule|Moody Clause: Moody is banned","|rule|Evasion Moves Clause: Evasion moves are banned","|rule|Endless Battle Clause: Forcing endless battles is banned","|rule|HP Percentage Mod: HP is shown in percentages","|teampreview","|","|start","|switch|p1a: Entei|Entei, shiny|434/434","|switch|p2a: THE KILLER|Cobalion|386/386","|-ability|p1a: Entei|Pressure","|turn|1","|","|move|p2a: THE KILLER|Stealth Rock|p1a: Entei","|-sidestart|p1: Rain Hoot|move: Stealth Rock","|move|p1a: Entei|Sacred Fire|p2a: THE KILLER","|-crit|p2a: THE KILLER","|-supereffective|p2a: THE KILLER","|-damage|p2a: THE KILLER|0 fnt","|faint|p2a: THE KILLER","|","|","|switch|p2a: Hairy Cross|Heracross, M|301/301","|turn|2","|","|move|p2a: Hairy Cross|Stone Edge|p1a: Entei","|-supereffective|p1a: Entei","|-damage|p1a: Entei|190/434","|move|p1a: Entei|Sacred Fire|p2a: Hairy Cross","|-supereffective|p2a: Hairy Cross","|-damage|p2a: Hairy Cross|0 fnt","|faint|p2a: Hairy Cross","|","|","|switch|p2a: Whiskers|Mienshao, F|271/271","|turn|3","|","|move|p2a: Whiskers|Fake Out|p1a: Entei","|-damage|p1a: Entei|122/434","|-damage|p2a: Whiskers|244/271|[from] item: Life Orb","|cant|p1a: Entei|flinch","|","|turn|4","|","|move|p2a: Whiskers|High Jump Kick|p1a: Entei","|-damage|p1a: Entei|0 fnt","|-damage|p2a: Whiskers|217/271|[from] item: Life Orb","|faint|p1a: Entei","|","|","|switch|p1a: Torkoal|Torkoal, M|343/343","|-damage|p1a: Torkoal|258/343|[from] Stealth Rock","|turn|5","|","|move|p2a: Whiskers|U-turn|p1a: Torkoal","|-resisted|p1a: Torkoal","|-damage|p1a: Torkoal|228/343","|-damage|p2a: Whiskers|190/271|[from] item: Life Orb","|","|switch|p2a: Lucario|Lucario, F|281/281","|move|p1a: Torkoal|Rapid Spin|p2a: Lucario","|-resisted|p2a: Lucario","|-damage|p2a: Lucario|272/281","|-sideend|p1: Rain Hoot|Stealth Rock|[from] move: Rapid Spin|[of] p1a: Torkoal","|","|turn|6","|","|move|p2a: Lucario|Endure|p2a: Lucario","|-singleturn|p2a: Lucario|move: Endure","|move|p1a: Torkoal|Earthquake|p2a: Lucario","|-supereffective|p2a: Lucario","|-damage|p2a: Lucario|86/281","|","|turn|7","|","|switch|p2a: Whiskers|Mienshao, F|271/271","|move|p1a: Torkoal|Earthquake|p2a: Whiskers","|-damage|p2a: Whiskers|164/271","|","|turn|8","|","|move|p2a: Whiskers|Fake Out|p1a: Torkoal","|-damage|p1a: Torkoal|193/343","|-damage|p2a: Whiskers|137/271|[from] item: Life Orb","|cant|p1a: Torkoal|flinch","|","|turn|9","|","|move|p2a: Whiskers|High Jump Kick|p1a: Torkoal","|-damage|p1a: Torkoal|12/343","|-damage|p2a: Whiskers|110/271|[from] item: Life Orb","|-enditem|p1a: Torkoal|Sitrus Berry|[eat]","|-heal|p1a: Torkoal|97/343|[from] item: Sitrus Berry","|move|p1a: Torkoal|Lava Plume|p2a: Whiskers","|-damage|p2a: Whiskers|0 fnt","|faint|p2a: Whiskers","|","|","|switch|p2a: Lucario|Lucario, F|86/281","|turn|10","|","|move|p2a: Lucario|Endure|p2a: Lucario","|-singleturn|p2a: Lucario|move: Endure","|move|p1a: Torkoal|Lava Plume|p2a: Lucario","|-supereffective|p2a: Lucario","|-activate|p2a: Lucario|move: Endure","|-damage|p2a: Lucario|1/281","|-status|p2a: Lucario|brn","|-enditem|p2a: Lucario|Salac Berry|[eat]","|-boost|p2a: Lucario|spe|1|[from] item: Salac Berry","|","|-damage|p2a: Lucario|0 fnt|[from] brn","|faint|p2a: Lucario","|","|switch|p2a: WTF AM I??|Hitmonlee, M|241/241","|turn|11","|","|move|p2a: WTF AM I??|Stone Edge|p1a: Torkoal","|-supereffective|p1a: Torkoal","|-damage|p1a: Torkoal|0 fnt","|faint|p1a: Torkoal","|","|","|switch|p1a: Arcanine|Arcanine, F|383/383","|-ability|p1a: Arcanine|Intimidate","|-unboost|p2a: WTF AM I??|atk|1","|turn|12","|","|switch|p2a: Sir Gallade|Gallade, M|277/277","|move|p1a: Arcanine|Will-O-Wisp|p2a: Sir Gallade|[miss]","|-miss|p1a: Arcanine|p2a: Sir Gallade","|","|turn|13","|","|detailschange|p2a: Sir Gallade|Gallade-Mega, M","|-mega|p2a: Sir Gallade|Gallade|Galladite","|move|p2a: Sir Gallade|Close Combat|p1a: Arcanine","|-damage|p1a: Arcanine|85/383","|-damage|p2a: Sir Gallade|231/277|[from] item: Rocky Helmet|[of] p1a: Arcanine","|-unboost|p2a: Sir Gallade|def|1","|-unboost|p2a: Sir Gallade|spd|1","|move|p1a: Arcanine|Will-O-Wisp|p2a: Sir Gallade","|-status|p2a: Sir Gallade|brn","|","|-damage|p2a: Sir Gallade|197/277 brn|[from] brn","|turn|14","|","|switch|p1a: Moltres|Moltres|383/383","|-ability|p1a: Moltres|Pressure","|move|p2a: Sir Gallade|Close Combat|p1a: Moltres","|-resisted|p1a: Moltres","|-damage|p1a: Moltres|315/383","|-unboost|p2a: Sir Gallade|def|1","|-unboost|p2a: Sir Gallade|spd|1","|","|-damage|p2a: Sir Gallade|163/277 brn|[from] brn","|turn|15","|","|move|p2a: Sir Gallade|Zen Headbutt|p1a: Moltres","|-damage|p1a: Moltres|216/383","|move|p1a: Moltres|Hurricane|p2a: Sir Gallade","|-supereffective|p2a: Sir Gallade","|-damage|p2a: Sir Gallade|0 fnt","|faint|p2a: Sir Gallade","|","|","|switch|p2a: WTF AM I??|Hitmonlee, M|241/241","|turn|16","|","|move|p2a: WTF AM I??|Endure|p2a: WTF AM I??","|-singleturn|p2a: WTF AM I??|move: Endure","|move|p1a: Moltres|Hurricane|p2a: WTF AM I??|[miss]","|-miss|p1a: Moltres|p2a: WTF AM I??","|","|turn|17","|","|move|p2a: WTF AM I??|Stone Edge|p1a: Moltres|[miss]","|-miss|p2a: WTF AM I??|p1a: Moltres","|move|p1a: Moltres|Hurricane|p2a: WTF AM I??|[miss]","|-miss|p1a: Moltres|p2a: WTF AM I??","|","|turn|18","|","|move|p2a: WTF AM I??|Stone Edge|p1a: Moltres","|-supereffective|p1a: Moltres","|-damage|p1a: Moltres|0 fnt","|faint|p1a: Moltres","|","|","|switch|p1a: Arcanine|Arcanine, F|85/383","|-ability|p1a: Arcanine|Intimidate","|-unboost|p2a: WTF AM I??|atk|1","|turn|19","|","|move|p1a: Arcanine|Extreme Speed|p2a: WTF AM I??","|-damage|p2a: WTF AM I??|81/241","|move|p2a: WTF AM I??|Knock Off|p1a: Arcanine","|-damage|p1a: Arcanine|0 fnt","|-damage|p2a: WTF AM I??|41/241|[from] item: Rocky Helmet|[of] p1a: Arcanine","|-enditem|p1a: Arcanine|Rocky Helmet|[from] move: Knock Off|[of] p2a: WTF AM I??","|faint|p1a: Arcanine","|-enditem|p2a: WTF AM I??|Liechi Berry|[eat]","|-boost|p2a: WTF AM I??|atk|1|[from] item: Liechi Berry","|","|","|switch|p1a: Volcarona|Volcarona, F|311/311","|turn|20","|","|move|p2a: WTF AM I??|Stone Edge|p1a: Volcarona","|-supereffective|p1a: Volcarona","|-enditem|p1a: Volcarona|Focus Sash","|-damage|p1a: Volcarona|1/311","|move|p1a: Volcarona|Fiery Dance|p2a: WTF AM I??","|-damage|p2a: WTF AM I??|0 fnt","|-boost|p1a: Volcarona|spa|1","|faint|p2a: WTF AM I??","|","|win|Rain Hoot"],"p1rating":{"entryid":"129353","serverid":"eos","formatid":"monotype","userid":"rainhoot","username":"Rain Hoot","w":20,"l":"20","t":"0","gxe":50.4,"r":"1479.1506787607","rd":"60.985579386037","sigma":"0","rptime":"1440493200","rpr":1503.1052044995,"rprd":54.526285030364,"rpsigma":"0","acre":1160.347701042,"lacre":1160.347701042,"oldacre":"1142.449831983"},"p2rating":{"entryid":"444424","serverid":"eos","formatid":"monotype","userid":"gtxwillwolf","username":"GTX♅WillWolf","w":"1","l":2,"t":"0","gxe":46.5,"r":"1500","rd":"130","sigma":"0","rptime":"1440493200","rpr":1472.6824754241,"rprd":110.55469747234,"rpsigma":"0","acre":1029.3994316254,"lacre":1029.3994316254,"oldacre":"1040.9568178239"},"endType":"normal"}