{"seed":[1988,26078,11592,15535],"turns":24,"p1":"Gym Ldr Mitsuka∆","p2":"Guard Wulf","p1team":[{"name":"Bellossom","species":"Bellossom","item":"leftovers","ability":"Chlorophyll","moves":["infestation","leechseed","hiddenpowerfire","sleeppowder"],"nature":"Bold","evs":{"hp":252,"atk":0,"def":252,"spa":0,"spd":4,"spe":0},"ivs":{"hp":31,"atk":30,"def":31,"spa":30,"spd":31,"spe":30}},{"name":"Abomasnow","species":"Abomasnow","item":"abomasite","ability":"Soundproof","moves":["earthquake","swordsdance","iceshard","gigadrain"],"nature":"Naughty","evs":{"hp":68,"atk":252,"def":0,"spa":8,"spd":0,"spe":180},"ivs":{"hp":31,"atk":30,"def":31,"spa":30,"spd":31,"spe":30}},{"name":"Roserade","species":"Roserade","item":"choicescarf","ability":"Technician","moves":["hiddenpowerrock","extrasensory","sludgebomb","gigadrain"],"nature":"Timid","evs":{"hp":0,"atk":0,"def":0,"spa":252,"spd":4,"spe":252},"ivs":{"hp":31,"atk":31,"def":30,"spa":31,"spd":30,"spe":30}},{"name":"Leavanny","species":"Leavanny","item":"focussash","ability":"Overcoat","moves":["stickyweb","leafblade","knockoff","xscissor"],"nature":"Adamant","evs":{"hp":4,"atk":252,"def":0,"spa":0,"spd":0,"spe":252},"ivs":{"hp":31,"atk":31,"def":31,"spa":31,"spd":31,"spe":31}},{"name":"Ferrothorn","species":"Ferrothorn","item":"occaberry","ability":"Iron Barbs","moves":["stealthrock","thunderwave","knockoff","ironhead"],"nature":"Impish","evs":{"hp":252,"atk":0,"def":128,"spa":0,"spd":128,"spe":0},"ivs":{"hp":31,"atk":31,"def":31,"spa":31,"spd":31,"spe":31}},{"name":"Breloom","species":"Breloom","item":"focussash","ability":"Technician","moves":["spore","rocktomb","machpunch","bulletseed"],"nature":"Jolly","evs":{"hp":0,"atk":252,"def":0,"spa":0,"spd":4,"spe":252},"ivs":{"hp":31,"atk":31,"def":31,"spa":31,"spd":31,"spe":31}}],"p2team":[{"name":"Fear me Imo","species":"cobalion","item":"leftovers","ability":"Justified","moves":["stealthrock","voltswitch","flashcannon","thunderwave"],"nature":"Bold","evs":{"hp":200,"atk":0,"def":252,"spa":8,"spd":0,"spe":48},"ivs":{"hp":31,"atk":31,"def":31,"spa":31,"spd":31,"spe":31}},{"name":"Guess who's back","species":"gallade","item":"galladite","ability":"Justified","moves":["icepunch","closecombat","swordsdance","psychocut"],"nature":"Jolly","evs":{"hp":0,"atk":252,"def":0,"spa":0,"spd":4,"spe":252},"ivs":{"hp":31,"atk":31,"def":31,"spa":31,"spd":31,"spe":31}},{"name":"OG","species":"scrafty","item":"leftovers","ability":"Shed Skin","moves":["crunch","dragondance","poisonjab","drainpunch"],"nature":"Jolly","evs":{"hp":0,"atk":208,"def":0,"spa":0,"spd":48,"spe":252},"ivs":{"hp":31,"atk":31,"def":31,"spa":31,"spd":31,"spe":31}},{"name":"sableye :)","species":"keldeo","item":"choicespecs","ability":"Justified","moves":["surf","hydropump","secretsword","icywind"],"nature":"Timid","evs":{"hp":0,"atk":0,"def":0,"spa":252,"spd":4,"spe":252},"ivs":{"hp":31,"atk":31,"def":31,"spa":31,"spd":31,"spe":31}},{"name":"CB God","species":"terrakion","item":"choicescarf","ability":"Justified","moves":["earthquake","stoneedge","poisonjab","closecombat"],"nature":"Jolly","evs":{"hp":0,"atk":252,"def":0,"spa":0,"spd":4,"spe":252},"ivs":{"hp":31,"atk":31,"def":31,"spa":31,"spd":31,"spe":31}},{"name":"FUCK U","species":"hawlucha","item":"powerherb","ability":"Unburden","moves":["swordsdance","skyattack","acrobatics","highjumpkick"],"nature":"Jolly","evs":{"hp":0,"atk":252,"def":0,"spa":0,"spd":4,"spe":252},"ivs":{"hp":31,"atk":31,"def":31,"spa":31,"spd":31,"spe":31}}],"log":["|player|p1|Gym Ldr Mitsuka∆|2","|player|p2|Guard Wulf|143","|gametype|singles","|gen|6","|tier|Monotype","|rated","|rule|Baton Pass Clause: Limit one Baton Passer, can't pass Spe and other stats simultaneously","|rule|Swagger Clause: Swagger is banned","|rule|Same Type Clause: Pokémon in a team must share a type","|clearpoke","|poke|p1|Bellossom, F","|poke|p1|Abomasnow, M","|poke|p1|Roserade, M","|poke|p1|Leavanny, F","|poke|p1|Ferrothorn, M","|poke|p1|Breloom, M","|poke|p2|Cobalion","|poke|p2|Gallade, M","|poke|p2|Scrafty, F","|poke|p2|Keldeo","|poke|p2|Terrakion","|poke|p2|Hawlucha, F","|rule|Sleep Clause Mod: Limit one foe put to sleep","|rule|Species Clause: Limit one of each Pokémon","|rule|OHKO Clause: OHKO moves are banned","|rule|Moody Clause: Moody is banned","|rule|Evasion Moves Clause: Evasion moves are banned","|rule|Endless Battle Clause: Forcing endless battles is banned","|rule|HP Percentage Mod: HP is shown in percentages","|teampreview","|","|start","|switch|p1a: Leavanny|Leavanny, F|292/292","|switch|p2a: sableye :)|Keldeo|323/323","|turn|1","|","|move|p2a: sableye :)|Secret Sword|p1a: Leavanny","|-resisted|p1a: Leavanny","|-damage|p1a: Leavanny|150/292","|move|p1a: Leavanny|Leaf Blade|p2a: sableye :)","|-supereffective|p2a: sableye :)","|-damage|p2a: sableye :)|0 fnt","|faint|p2a: sableye :)","|","|","|switch|p2a: FUCK U|Hawlucha, F|297/297","|turn|2","|","|switch|p1a: Ferrothorn|Ferrothorn, M|352/352","|move|p2a: FUCK U|Sky Attack|p1a: Ferrothorn|[still]|[miss]","|-prepare|p2a: FUCK U|Sky Attack|p1a: Ferrothorn","|-enditem|p2a: FUCK U|Power Herb","|-anim|p2a: FUCK U|Sky Attack|p1a: Ferrothorn","|-miss|p2a: FUCK U|p1a: Ferrothorn","|","|turn|3","|","|move|p2a: FUCK U|Swords Dance|p2a: FUCK U","|-boost|p2a: FUCK U|atk|2","|move|p1a: Ferrothorn|Thunder Wave|p2a: FUCK U","|-status|p2a: FUCK U|par","|","|turn|4","|","|move|p2a: FUCK U|High Jump Kick|p1a: Ferrothorn","|-crit|p1a: Ferrothorn","|-supereffective|p1a: Ferrothorn","|-damage|p1a: Ferrothorn|0 fnt","|-damage|p2a: FUCK U|260/297 par|[from] ability: Iron Barbs|[of] p1a: Ferrothorn","|faint|p1a: Ferrothorn","|","|","|switch|p1a: Roserade|Roserade, M|261/261","|turn|5","|","|move|p1a: Roserade|Extrasensory|p2a: FUCK U","|-supereffective|p2a: FUCK U","|-damage|p2a: FUCK U|0 fnt","|faint|p2a: FUCK U","|","|","|switch|p2a: OG|Scrafty, F|271/271","|turn|6","|","|switch|p1a: Leavanny|Leavanny, F|150/292","|move|p2a: OG|Dragon Dance|p2a: OG","|-boost|p2a: OG|atk|1","|-boost|p2a: OG|spe|1","|","|turn|7","|","|move|p2a: OG|Poison Jab|p1a: Leavanny","|-supereffective|p1a: Leavanny","|-damage|p1a: Leavanny|0 fnt","|faint|p1a: Leavanny","|","|","|switch|p1a: Breloom|Breloom, M|261/261","|turn|8","|","|move|p2a: OG|Poison Jab|p1a: Breloom","|-supereffective|p1a: Breloom","|-enditem|p1a: Breloom|Focus Sash","|-damage|p1a: Breloom|1/261","|move|p1a: Breloom|Spore|p2a: OG","|-status|p2a: OG|slp","|","|-activate|p2a: OG|ability: Shed Skin","|-curestatus|p2a: OG|slp","|turn|9","|","|move|p1a: Breloom|Mach Punch|p2a: OG","|-supereffective|p2a: OG","|-damage|p2a: OG|61/271","|move|p2a: OG|Poison Jab|p1a: Breloom","|-supereffective|p1a: Breloom","|-damage|p1a: Breloom|0 fnt","|faint|p1a: Breloom","|","|-heal|p2a: OG|77/271|[from] item: Leftovers","|","|switch|p1a: Roserade|Roserade, M|261/261","|turn|10","|","|move|p1a: Roserade|Sludge Bomb|p2a: OG","|-damage|p2a: OG|0 fnt","|faint|p2a: OG","|","|","|switch|p2a: Fear me Imo|Cobalion|373/373","|turn|11","|","|switch|p1a: Bellossom|Bellossom, F|354/354","|move|p2a: Fear me Imo|Thunder Wave|p1a: Bellossom","|-status|p1a: Bellossom|par","|","|turn|12","|","|move|p2a: Fear me Imo|Volt Switch|p1a: Bellossom","|-resisted|p1a: Bellossom","|-damage|p1a: Bellossom|328/354 par","|","|switch|p2a: Guess who's back|Gallade, M|277/277","|cant|p1a: Bellossom|par","|","|-heal|p1a: Bellossom|350/354 par|[from] item: Leftovers","|turn|13","|","|detailschange|p2a: Guess who's back|Gallade-Mega, M","|-mega|p2a: Guess who's back|Gallade|Galladite","|move|p2a: Guess who's back|Ice Punch|p1a: Bellossom","|-supereffective|p1a: Bellossom","|-damage|p1a: Bellossom|204/354 par","|move|p1a: Bellossom|Sleep Powder|p2a: Guess who's back","|-status|p2a: Guess who's back|slp","|","|-heal|p1a: Bellossom|226/354 par|[from] item: Leftovers","|turn|14","|","|cant|p2a: Guess who's back|slp","|move|p1a: Bellossom|Leech Seed|p2a: Guess who's back","|-start|p2a: Guess who's back|move: Leech Seed","|","|-heal|p1a: Bellossom|248/354 par|[from] item: Leftovers","|-damage|p2a: Guess who's back|243/277 slp|[from] Leech Seed|[of] p1a: Bellossom","|-heal|p1a: Bellossom|282/354 par|[silent]","|turn|15","|","|cant|p2a: Guess who's back|slp","|move|p1a: Bellossom|Infestation|p2a: Guess who's back","|-damage|p2a: Guess who's back|229/277 slp","|-activate|p2a: Guess who's back|move: Infestation|[of] p1a: Bellossom","|","|-heal|p1a: Bellossom|304/354 par|[from] item: Leftovers","|-damage|p2a: Guess who's back|195/277 slp|[from] Leech Seed|[of] p1a: Bellossom","|-heal|p1a: Bellossom|338/354 par|[silent]","|-damage|p2a: Guess who's back|161/277 slp|[from] move: Infestation|[partiallytrapped]","|turn|16","|","|-curestatus|p2a: Guess who's back|slp","|move|p2a: Guess who's back|Swords Dance|p2a: Guess who's back","|-boost|p2a: Guess who's back|atk|2","|cant|p1a: Bellossom|par","|","|-heal|p1a: Bellossom|354/354 par|[from] item: Leftovers","|-damage|p2a: Guess who's back|127/277|[from] Leech Seed|[of] p1a: Bellossom","|-damage|p2a: Guess who's back|93/277|[from] move: Infestation|[partiallytrapped]","|turn|17","|","|move|p2a: Guess who's back|Close Combat|p1a: Bellossom","|-damage|p1a: Bellossom|0 fnt","|-unboost|p2a: Guess who's back|def|1","|-unboost|p2a: Guess who's back|spd|1","|faint|p1a: Bellossom","|","|","|switch|p1a: Roserade|Roserade, M|261/261","|turn|18","|","|switch|p2a: Fear me Imo|Cobalion|373/373","|move|p1a: Roserade|Extrasensory|p2a: Fear me Imo","|-damage|p2a: Fear me Imo|248/373","|","|-heal|p2a: Fear me Imo|271/373|[from] item: Leftovers","|turn|19","|","|switch|p1a: Abomasnow|Abomasnow, M|338/338","|move|p2a: Fear me Imo|Thunder Wave|p1a: Abomasnow","|-status|p1a: Abomasnow|par","|","|-heal|p2a: Fear me Imo|294/373|[from] item: Leftovers","|turn|20","|","|detailschange|p1a: Abomasnow|Abomasnow-Mega, M","|-mega|p1a: Abomasnow|Abomasnow|Abomasite","|-weather|Hail","|move|p2a: Fear me Imo|Flash Cannon|p1a: Abomasnow","|-supereffective|p1a: Abomasnow","|-damage|p1a: Abomasnow|164/338 par","|move|p1a: Abomasnow|Earthquake|p2a: Fear me Imo","|-supereffective|p2a: Fear me Imo","|-damage|p2a: Fear me Imo|140/373","|","|-weather|Hail|[upkeep]","|-damage|p2a: Fear me Imo|117/373|[from] hail","|-heal|p2a: Fear me Imo|140/373|[from] item: Leftovers","|turn|21","|","|switch|p2a: Guess who's back|Gallade-Mega, M|93/277","|move|p1a: Abomasnow|Ice Shard|p2a: Guess who's back","|-damage|p2a: Guess who's back|9/277","|","|-weather|Hail|[upkeep]","|-damage|p2a: Guess who's back|0 fnt|[from] hail","|faint|p2a: Guess who's back","|","|switch|p2a: CB God|Terrakion|323/323","|turn|22","|","|cant|p1a: Abomasnow|par","|move|p2a: CB God|Stone Edge|p1a: Abomasnow","|-supereffective|p1a: Abomasnow","|-damage|p1a: Abomasnow|0 fnt","|faint|p1a: Abomasnow","|","|-weather|Hail|[upkeep]","|-damage|p2a: CB God|303/323|[from] hail","|","|switch|p1a: Roserade|Roserade, M|261/261","|turn|23","|","|move|p2a: CB God|Stone Edge|p1a: Roserade","|-damage|p1a: Roserade|18/261","|move|p1a: Roserade|Giga Drain|p2a: CB God","|-supereffective|p2a: CB God","|-damage|p2a: CB God|33/323","|-heal|p1a: Roserade|153/261|[from] drain|[of] p2a: CB God","|","|-weather|Hail|[upkeep]","|-damage|p2a: CB God|13/323|[from] hail","|-damage|p1a: Roserade|137/261|[from] hail","|turn|24","|","|move|p2a: CB God|Stone Edge|p1a: Roserade","|-damage|p1a: Roserade|0 fnt","|faint|p1a: Roserade","|","|win|Guard Wulf"],"p1rating":{"entryid":"379503","serverid":"eos","formatid":"monotype","userid":"gymldrmitsuka","username":"Gym Ldr Mitsuka∆","w":"16","l":13,"t":"0","gxe":54.6,"r":"1480.5479162543","rd":"69.536962153299","sigma":"0","rptime":"1440493200","rpr":1534.9048670109,"rprd":61.647375044835,"rpsigma":"0","acre":1240.783895071,"lacre":1240.783895071,"oldacre":"1263.7192493933"},"p2rating":{"entryid":"152473","serverid":"eos","formatid":"monotype","userid":"guardwulf","username":"Guard Wulf","w":30,"l":"9","t":"0","gxe":70.1,"r":"1666.0752315526","rd":"56.998359227282","sigma":"0","rptime":"1440493200","rpr":1662.4765845174,"rprd":55.396227985442,"rpsigma":"0","acre":1315.4133605103,"lacre":1315.4133605103,"oldacre":"1292.478006188"},"endType":"normal"}