{"seed":[56544,59477,55498,27473],"turns":24,"p1":"Primal GT DuckSoup","p2":"GTX♅WillWolf","p1team":[{"name":"Walrein","species":"Walrein","item":"leftovers","ability":"Ice Body","moves":["substitute","encore","protect","hail"],"nature":"Calm","evs":{"hp":248,"atk":0,"def":8,"spa":0,"spd":252,"spe":0},"ivs":{"hp":31,"atk":31,"def":31,"spa":31,"spd":31,"spe":31}},{"name":"Abomasnow","species":"Abomasnow","item":"icyrock","ability":"Snow Warning","moves":["bulletseed","woodhammer","swordsdance","iceshard"],"nature":"Adamant","evs":{"hp":248,"atk":252,"def":0,"spa":0,"spd":8,"spe":0},"ivs":{"hp":31,"atk":31,"def":31,"spa":31,"spd":31,"spe":31}},{"name":"Froslass","species":"Froslass","item":"focussash","ability":"Snow Cloak","moves":["taunt","destinybond","spikes","icebeam"],"nature":"Timid","evs":{"hp":4,"atk":0,"def":0,"spa":252,"spd":0,"spe":252},"ivs":{"hp":31,"atk":31,"def":31,"spa":31,"spd":31,"spe":31}},{"name":"Kyurem","species":"Kyurem","item":"choicescarf","ability":"Pressure","moves":["blizzard","dracometeor","shadowball","ancientpower"],"nature":"Modest","evs":{"hp":4,"atk":0,"def":0,"spa":252,"spd":0,"spe":252},"ivs":{"hp":31,"atk":31,"def":31,"spa":31,"spd":31,"spe":31}},{"name":"Rotom-Frost","species":"Rotom-Frost","item":"lifeorb","ability":"Levitate","moves":["blizzard","painsplit","thunderbolt","darkpulse"],"nature":"Modest","evs":{"hp":248,"atk":0,"def":0,"spa":252,"spd":8,"spe":0},"ivs":{"hp":31,"atk":31,"def":31,"spa":31,"spd":31,"spe":31}},{"name":"Aurorus","species":"Aurorus","item":"leftovers","ability":"Snow Warning","moves":["stealthrock","blizzard","rockpolish","earthpower"],"nature":"Modest","evs":{"hp":0,"atk":0,"def":0,"spa":252,"spd":4,"spe":252},"ivs":{"hp":31,"atk":31,"def":31,"spa":31,"spd":31,"spe":31}}],"p2team":[{"name":"Alakazam","species":"Alakazam","item":"lifeorb","ability":"Magic Guard","moves":["psychic","hiddenpowerfire","dazzlinggleam","shadowball"],"nature":"Timid","evs":{"hp":0,"atk":0,"def":0,"spa":252,"spd":4,"spe":252},"ivs":{"hp":31,"atk":30,"def":31,"spa":30,"spd":31,"spe":30}},{"name":"Hoopa-Unbound","species":"Hoopa-Unbound","item":"choicescarf","ability":"Magician","moves":["darkpulse","psychic","shadowball","hiddenpowerfire"],"nature":"Timid","evs":{"hp":0,"atk":0,"def":0,"spa":252,"spd":4,"spe":252},"ivs":{"hp":31,"atk":30,"def":31,"spa":30,"spd":31,"spe":30}},{"name":"Jirachi","species":"Jirachi","item":"kingsrock","ability":"Serene Grace","moves":["thunderwave","ironhead","wish","zenheadbutt"],"nature":"Adamant","evs":{"hp":224,"atk":252,"def":0,"spa":0,"spd":0,"spe":32},"ivs":{"hp":31,"atk":31,"def":31,"spa":31,"spd":31,"spe":31}},{"name":"Latias","species":"Latias","item":"leftovers","ability":"Levitate","moves":["dragonpulse","psychic","recover","calmmind"],"nature":"Calm","evs":{"hp":252,"atk":0,"def":0,"spa":160,"spd":96,"spe":0},"ivs":{"hp":31,"atk":31,"def":31,"spa":31,"spd":31,"spe":31}},{"name":"Victini","species":"Victini","item":"lifeorb","ability":"Victory Star","moves":["uturn","vcreate","zenheadbutt","boltstrike"],"nature":"Jolly","evs":{"hp":0,"atk":252,"def":0,"spa":0,"spd":4,"spe":252},"ivs":{"hp":31,"atk":31,"def":31,"spa":31,"spd":31,"spe":31}},{"name":"Espeon","species":"Espeon","item":"choicespecs","ability":"Magic Bounce","moves":["signalbeam","shadowball","psychic","hiddenpowerfire"],"nature":"Timid","evs":{"hp":0,"atk":0,"def":0,"spa":252,"spd":4,"spe":252},"ivs":{"hp":31,"atk":30,"def":31,"spa":30,"spd":31,"spe":30}}],"log":["|player|p1|Primal GT DuckSoup|121","|player|p2|GTX♅WillWolf|54","|gametype|singles","|gen|6","|tier|Monotype","|rated","|rule|Baton Pass Clause: Limit one Baton Passer, can't pass Spe and other stats simultaneously","|rule|Swagger Clause: Swagger is banned","|rule|Same Type Clause: Pokémon in a team must share a type","|clearpoke","|poke|p1|Walrein, M","|poke|p1|Abomasnow, M","|poke|p1|Froslass, F","|poke|p1|Kyurem","|poke|p1|Rotom-Frost","|poke|p1|Aurorus, M","|poke|p2|Alakazam, M","|poke|p2|Hoopa-Unbound","|poke|p2|Jirachi","|poke|p2|Latias, F","|poke|p2|Victini","|poke|p2|Espeon, M","|rule|Sleep Clause Mod: Limit one foe put to sleep","|rule|Species Clause: Limit one of each Pokémon","|rule|OHKO Clause: OHKO moves are banned","|rule|Moody Clause: Moody is banned","|rule|Evasion Moves Clause: Evasion moves are banned","|rule|Endless Battle Clause: Forcing endless battles is banned","|rule|HP Percentage Mod: HP is shown in percentages","|teampreview","|","|start","|switch|p1a: Aurorus|Aurorus, M|387/387","|switch|p2a: Jirachi|Jirachi|397/397","|-weather|Hail","|turn|1","|","|move|p2a: Jirachi|Iron Head|p1a: Aurorus","|-supereffective|p1a: Aurorus","|-damage|p1a: Aurorus|0 fnt","|faint|p1a: Aurorus","|","|-weather|Hail|[upkeep]","|-damage|p2a: Jirachi|373/397|[from] hail","|","|switch|p1a: Walrein|Walrein, M|423/423","|turn|2","|","|move|p2a: Jirachi|Thunder Wave|p1a: Walrein","|-status|p1a: Walrein|par","|move|p1a: Walrein|Substitute|p1a: Walrein","|-start|p1a: Walrein|Substitute","|-damage|p1a: Walrein|318/423 par","|","|-weather|Hail|[upkeep]","|-damage|p2a: Jirachi|349/397|[from] hail","|-heal|p1a: Walrein|344/423 par|[from] ability: Ice Body","|-heal|p1a: Walrein|370/423 par|[from] item: Leftovers","|turn|3","|","|move|p2a: Jirachi|Iron Head|p1a: Walrein","|-end|p1a: Walrein|Substitute","|move|p1a: Walrein|Encore|p2a: Jirachi","|-start|p2a: Jirachi|Encore","|","|-weather|Hail|[upkeep]","|-damage|p2a: Jirachi|325/397|[from] hail","|-heal|p1a: Walrein|396/423 par|[from] ability: Ice Body","|-heal|p1a: Walrein|422/423 par|[from] item: Leftovers","|turn|4","|","|move|p2a: Jirachi|Iron Head|p1a: Walrein","|-damage|p1a: Walrein|268/423 par","|cant|p1a: Walrein|flinch","|","|-weather|Hail|[upkeep]","|-damage|p2a: Jirachi|301/397|[from] hail","|-heal|p1a: Walrein|294/423 par|[from] ability: Ice Body","|-heal|p1a: Walrein|320/423 par|[from] item: Leftovers","|turn|5","|","|move|p1a: Walrein|Protect|p1a: Walrein","|-singleturn|p1a: Walrein|Protect","|move|p2a: Jirachi|Iron Head|p1a: Walrein","|-activate|p1a: Walrein|Protect","|","|-weather|none","|-heal|p1a: Walrein|346/423 par|[from] item: Leftovers","|turn|6","|","|move|p2a: Jirachi|Iron Head|p1a: Walrein","|-damage|p1a: Walrein|205/423 par","|cant|p1a: Walrein|flinch","|","|-heal|p1a: Walrein|231/423 par|[from] item: Leftovers","|-end|p2a: Jirachi|Encore","|turn|7","|","|move|p1a: Walrein|Protect|p1a: Walrein","|-singleturn|p1a: Walrein|Protect","|move|p2a: Jirachi|Iron Head|p1a: Walrein","|-activate|p1a: Walrein|Protect","|","|-heal|p1a: Walrein|257/423 par|[from] item: Leftovers","|turn|8","|","|move|p2a: Jirachi|Iron Head|p1a: Walrein","|-damage|p1a: Walrein|103/423 par","|cant|p1a: Walrein|flinch","|","|-heal|p1a: Walrein|129/423 par|[from] item: Leftovers","|turn|9","|","|move|p1a: Walrein|Protect|p1a: Walrein","|-singleturn|p1a: Walrein|Protect","|move|p2a: Jirachi|Iron Head|p1a: Walrein","|-activate|p1a: Walrein|Protect","|","|-heal|p1a: Walrein|155/423 par|[from] item: Leftovers","|turn|10","|","|move|p2a: Jirachi|Iron Head|p1a: Walrein","|-damage|p1a: Walrein|4/423 par","|cant|p1a: Walrein|par","|","|-heal|p1a: Walrein|30/423 par|[from] item: Leftovers","|turn|11","|","|move|p1a: Walrein|Protect|p1a: Walrein","|-singleturn|p1a: Walrein|Protect","|move|p2a: Jirachi|Wish|p2a: Jirachi","|","|-heal|p1a: Walrein|56/423 par|[from] item: Leftovers","|turn|12","|","|cant|p1a: Walrein|par","|move|p2a: Jirachi|Iron Head|p1a: Walrein","|-damage|p1a: Walrein|0 fnt","|faint|p1a: Walrein","|","|-heal|p2a: Jirachi|397/397|[from] move: Wish|[wisher] Jirachi","|","|switch|p1a: Abomasnow|Abomasnow, M|383/383","|-weather|Hail","|turn|13","|","|move|p2a: Jirachi|Iron Head|p1a: Abomasnow","|-supereffective|p1a: Abomasnow","|-damage|p1a: Abomasnow|59/383","|move|p1a: Abomasnow|Swords Dance|p1a: Abomasnow","|-boost|p1a: Abomasnow|atk|2","|","|-weather|Hail|[upkeep]","|-damage|p2a: Jirachi|373/397|[from] hail","|turn|14","|","|move|p1a: Abomasnow|Ice Shard|p2a: Jirachi","|-resisted|p2a: Jirachi","|-damage|p2a: Jirachi|307/397","|move|p2a: Jirachi|Iron Head|p1a: Abomasnow","|-supereffective|p1a: Abomasnow","|-damage|p1a: Abomasnow|0 fnt","|faint|p1a: Abomasnow","|","|-weather|Hail|[upkeep]","|-damage|p2a: Jirachi|283/397|[from] hail","|","|switch|p1a: Kyurem|Kyurem|392/392","|-ability|p1a: Kyurem|Pressure","|turn|15","|","|switch|p2a: Latias|Latias, F|364/364","|move|p1a: Kyurem|Ancient Power|p2a: Latias","|-damage|p2a: Latias|310/364","|","|-weather|Hail|[upkeep]","|-damage|p2a: Latias|288/364|[from] hail","|-heal|p2a: Latias|310/364|[from] item: Leftovers","|turn|16","|","|switch|p1a: Rotom-Frost|Rotom-Frost|303/303","|move|p2a: Latias|Calm Mind|p2a: Latias","|-boost|p2a: Latias|spa|1","|-boost|p2a: Latias|spd|1","|","|-weather|Hail|[upkeep]","|-damage|p2a: Latias|288/364|[from] hail","|-heal|p2a: Latias|310/364|[from] item: Leftovers","|turn|17","|","|move|p2a: Latias|Dragon Pulse|p1a: Rotom-Frost","|-damage|p1a: Rotom-Frost|126/303","|move|p1a: Rotom-Frost|Blizzard|p2a: Latias","|-supereffective|p2a: Latias","|-damage|p2a: Latias|81/364","|-damage|p1a: Rotom-Frost|96/303|[from] item: Life Orb","|","|-weather|Hail|[upkeep]","|-damage|p2a: Latias|59/364|[from] hail","|-heal|p2a: Latias|81/364|[from] item: Leftovers","|turn|18","|","|move|p2a: Latias|Dragon Pulse|p1a: Rotom-Frost","|-damage|p1a: Rotom-Frost|0 fnt","|faint|p1a: Rotom-Frost","|","|-weather|Hail|[upkeep]","|-damage|p2a: Latias|59/364|[from] hail","|-heal|p2a: Latias|81/364|[from] item: Leftovers","|","|switch|p1a: Kyurem|Kyurem|392/392","|-ability|p1a: Kyurem|Pressure","|turn|19","|","|move|p1a: Kyurem|Shadow Ball|p2a: Latias","|-supereffective|p2a: Latias","|-damage|p2a: Latias|0 fnt","|faint|p2a: Latias","|","|-weather|Hail|[upkeep]","|","|switch|p2a: Jirachi|Jirachi|283/397","|turn|20","|","|move|p1a: Kyurem|Shadow Ball|p2a: Jirachi","|-supereffective|p2a: Jirachi","|-damage|p2a: Jirachi|75/397","|-unboost|p2a: Jirachi|spd|1","|move|p2a: Jirachi|Iron Head|p1a: Kyurem","|-crit|p1a: Kyurem","|-supereffective|p1a: Kyurem","|-damage|p1a: Kyurem|0 fnt","|faint|p1a: Kyurem","|","|-weather|none","|","|switch|p1a: Froslass|Froslass, F|282/282","|turn|21","|","|move|p1a: Froslass|Taunt|p2a: Jirachi","|-start|p2a: Jirachi|move: Taunt","|move|p2a: Jirachi|Iron Head|p1a: Froslass","|-supereffective|p1a: Froslass","|-enditem|p1a: Froslass|Focus Sash","|-damage|p1a: Froslass|1/282","|","|turn|22","|","|switch|p2a: Victini|Victini|341/341","|move|p1a: Froslass|Destiny Bond|p1a: Froslass","|-singlemove|p1a: Froslass|Destiny Bond","|","|turn|23","|","|switch|p2a: Alakazam|Alakazam, M|251/251","|move|p1a: Froslass|Ice Beam|p2a: Alakazam","|-damage|p2a: Alakazam|137/251","|","|turn|24","|","|move|p2a: Alakazam|Psychic|p1a: Froslass","|-damage|p1a: Froslass|0 fnt","|faint|p1a: Froslass","|","|win|GTX♅WillWolf"],"p1rating":{"entryid":"432064","serverid":"eos","formatid":"monotype","userid":"primalgtducksoup","username":"Primal GT DuckSoup","w":"6","l":1,"t":"0","gxe":62.3,"r":"1500","rd":"130","sigma":"0","rptime":"1440493200","rpr":1598.1099218965,"rprd":95.268143340899,"rpsigma":"0","acre":1137.0455084886,"lacre":1137.0455084886,"oldacre":"1173.236035223"},"p2rating":{"entryid":"444424","serverid":"eos","formatid":"monotype","userid":"gtxwillwolf","username":"GTX♅WillWolf","w":2,"l":"4","t":"0","gxe":43.9,"r":"1500","rd":"130","sigma":"0","rptime":"1440493200","rpr":1452.0132834839,"rprd":98.09364469117,"rpsigma":"0","acre":1062.4993661812,"lacre":1062.4993661812,"oldacre":"1005.8689190332"},"endType":"normal"}