{"seed":[46117,47185,32747,55407],"turns":19,"p1":"Cryѕtal Ruѕh","p2":"Crystal Lush","p1team":[{"name":"Meowstic-F","moves":["calmmind","psyshock","energyball","shadowball"],"ability":"Infiltrator","evs":{"hp":85,"atk":85,"def":85,"spa":85,"spd":85,"spe":85},"ivs":{"hp":31,"atk":31,"def":31,"spa":31,"spd":31,"spe":31},"item":"Life Orb","level":83,"shiny":false},{"name":"Ho-Oh","moves":["bravebird","flamecharge","earthquake","substitute"],"ability":"Regenerator","evs":{"hp":85,"atk":85,"def":85,"spa":85,"spd":85,"spe":85},"ivs":{"hp":31,"atk":31,"def":31,"spa":31,"spd":31,"spe":31},"item":"Leftovers","level":73,"shiny":false},{"name":"Glaceon","moves":["hiddenpowerground","icebeam","toxic","healbell"],"ability":"Ice Body","evs":{"hp":81,"atk":85,"def":85,"spa":89,"spd":85,"spe":85},"ivs":{"hp":31,"atk":31,"def":31,"spa":30,"spd":30,"spe":31},"item":"Leftovers","level":83,"shiny":false},{"name":"Zapdos","moves":["toxic","defog","roost","thunderbolt"],"ability":"Static","evs":{"hp":85,"atk":85,"def":85,"spa":85,"spd":85,"spe":85},"ivs":{"hp":31,"atk":31,"def":31,"spa":31,"spd":31,"spe":31},"item":"Leftovers","level":75,"shiny":false},{"name":"Jynx","moves":["icebeam","lovelykiss","nastyplot","psychic"],"ability":"Dry Skin","evs":{"hp":85,"atk":85,"def":85,"spa":85,"spd":85,"spe":85},"ivs":{"hp":31,"atk":31,"def":31,"spa":31,"spd":31,"spe":31},"item":"Leftovers","level":81,"shiny":false},{"name":"Greninja","moves":["darkpulse","gunkshot","toxicspikes","icebeam"],"ability":"Protean","evs":{"hp":85,"atk":85,"def":85,"spa":85,"spd":85,"spe":85},"ivs":{"hp":31,"atk":31,"def":31,"spa":31,"spd":31,"spe":31},"item":"Life Orb","level":74,"shiny":false}],"p2team":[{"name":"Mandibuzz","moves":["defog","uturn","bravebird","whirlwind"],"ability":"Overcoat","evs":{"hp":81,"atk":89,"def":85,"spa":85,"spd":85,"spe":85},"ivs":{"hp":31,"atk":31,"def":31,"spa":31,"spd":31,"spe":31},"item":"Leftovers","level":77,"shiny":false},{"name":"Lanturn","moves":["thunderwave","hydropump","voltswitch","icebeam"],"ability":"Volt Absorb","evs":{"hp":85,"atk":85,"def":85,"spa":85,"spd":85,"spe":85},"ivs":{"hp":31,"atk":31,"def":31,"spa":31,"spd":31,"spe":31},"item":"Life Orb","level":81,"shiny":false},{"name":"Dunsparce","moves":["bite","coil","rockslide","bodyslam"],"ability":"Serene Grace","evs":{"hp":85,"atk":85,"def":85,"spa":85,"spd":85,"spe":85},"ivs":{"hp":31,"atk":31,"def":31,"spa":31,"spd":31,"spe":31},"item":"Life Orb","level":83,"shiny":false},{"name":"Flareon","moves":["toxic","flareblitz","flamecharge","superpower"],"ability":"Guts","evs":{"hp":81,"atk":89,"def":85,"spa":85,"spd":85,"spe":85},"ivs":{"hp":31,"atk":31,"def":31,"spa":31,"spd":31,"spe":31},"item":"Toxic Orb","level":83,"shiny":false},{"name":"Garchomp","moves":["outrage","swordsdance","dracometeor","stoneedge"],"ability":"Rough Skin","evs":{"hp":85,"atk":85,"def":85,"spa":85,"spd":85,"spe":85},"ivs":{"hp":31,"atk":31,"def":31,"spa":31,"spd":31,"spe":31},"item":"Garchompite","level":90,"shiny":false},{"name":"Tyranitar","moves":["stoneedge","icebeam","earthquake","pursuit"],"ability":"Sand Stream","evs":{"hp":85,"atk":85,"def":85,"spa":85,"spd":85,"spe":85},"ivs":{"hp":31,"atk":31,"def":31,"spa":31,"spd":31,"spe":31},"item":"Assault Vest","level":75,"shiny":false}],"log":["|player|p1|Cryѕtal Ruѕh|196","|player|p2|Crystal Lush|169","|gametype|singles","|gen|6","|tier|Random Battle","|rated","|rule|Sleep Clause Mod: Limit one foe put to sleep","|rule|HP Percentage Mod: HP is shown in percentages","|","|start","|switch|p1a: Meowstic-F|Meowstic-F, L83, F|259/259","|switch|p2a: Mandibuzz|Mandibuzz, L77, F|295/295","|turn|1","|","|switch|p1a: Glaceon|Glaceon, L83, F|243/243","|move|p2a: Mandibuzz|Brave Bird|p1a: Glaceon","|-damage|p1a: Glaceon|174/243","|-damage|p2a: Mandibuzz|272/295|[from] recoil|[of] p1a: Glaceon","|","|-heal|p2a: Mandibuzz|290/295|[from] item: Leftovers","|-heal|p1a: Glaceon|189/243|[from] item: Leftovers","|turn|2","|","|move|p1a: Glaceon|Ice Beam|p2a: Mandibuzz","|-supereffective|p2a: Mandibuzz","|-damage|p2a: Mandibuzz|26/295","|move|p2a: Mandibuzz|Whirlwind|p1a: Glaceon","|drag|p1a: Jynx|Jynx, L81, F|238/238","|","|-heal|p2a: Mandibuzz|44/295|[from] item: Leftovers","|turn|3","|","|move|p1a: Jynx|Nasty Plot|p1a: Jynx","|-boost|p1a: Jynx|spa|2","|move|p2a: Mandibuzz|Whirlwind|p1a: Jynx","|drag|p1a: Glaceon|Glaceon, L83, F|189/243","|","|-heal|p2a: Mandibuzz|62/295|[from] item: Leftovers","|-heal|p1a: Glaceon|204/243|[from] item: Leftovers","|turn|4","|","|move|p2a: Mandibuzz|Brave Bird|p1a: Glaceon","|-damage|p1a: Glaceon|131/243","|-damage|p2a: Mandibuzz|38/295|[from] recoil|[of] p1a: Glaceon","|move|p1a: Glaceon|Ice Beam|p2a: Mandibuzz","|-supereffective|p2a: Mandibuzz","|-damage|p2a: Mandibuzz|0 fnt","|faint|p2a: Mandibuzz","|","|-heal|p1a: Glaceon|146/243|[from] item: Leftovers","|","|switch|p2a: Flareon|Flareon, L83, F|243/243","|turn|5","|","|switch|p1a: Greninja|Greninja, L74, F|229/229","|move|p2a: Flareon|Flare Blitz|p1a: Greninja","|-resisted|p1a: Greninja","|-damage|p1a: Greninja|118/229","|-damage|p2a: Flareon|206/243|[from] recoil|[of] p1a: Greninja","|","|-status|p2a: Flareon|tox|[from] item: Toxic Orb","|turn|6","|","|move|p1a: Greninja|Gunk Shot|p2a: Flareon","|-start|p1a: Greninja|typechange|Poison|[from] Protean","|-damage|p2a: Flareon|33/243 tox","|-damage|p1a: Greninja|96/229|[from] item: Life Orb","|move|p2a: Flareon|Superpower|p1a: Greninja","|-resisted|p1a: Greninja","|-damage|p1a: Greninja|0 fnt","|-unboost|p2a: Flareon|atk|1","|-unboost|p2a: Flareon|def|1","|faint|p1a: Greninja","|","|-damage|p2a: Flareon|18/243 tox|[from] psn","|","|switch|p1a: Ho-Oh|Ho-Oh, L73|275/275","|turn|7","|","|move|p1a: Ho-Oh|Substitute|p1a: Ho-Oh","|-start|p1a: Ho-Oh|Substitute","|-damage|p1a: Ho-Oh|207/275","|move|p2a: Flareon|Toxic|p1a: Ho-Oh","|-fail|p1a: Ho-Oh","|","|-heal|p1a: Ho-Oh|224/275|[from] item: Leftovers","|-damage|p2a: Flareon|0 fnt|[from] psn","|faint|p2a: Flareon","|","|switch|p2a: Dunsparce|Dunsparce, L83, F|302/302","|turn|8","|","|move|p1a: Ho-Oh|Flame Charge|p2a: Dunsparce","|-damage|p2a: Dunsparce|238/302","|-boost|p1a: Ho-Oh|spe|1","|move|p2a: Dunsparce|Rock Slide|p1a: Ho-Oh","|-supereffective|p1a: Ho-Oh","|-end|p1a: Ho-Oh|Substitute","|-damage|p2a: Dunsparce|208/302|[from] item: Life Orb","|","|-heal|p1a: Ho-Oh|241/275|[from] item: Leftovers","|turn|9","|","|move|p1a: Ho-Oh|Brave Bird|p2a: Dunsparce","|-damage|p2a: Dunsparce|64/302","|-damage|p1a: Ho-Oh|193/275|[from] recoil|[of] p2a: Dunsparce","|move|p2a: Dunsparce|Rock Slide|p1a: Ho-Oh","|-supereffective|p1a: Ho-Oh","|-damage|p1a: Ho-Oh|0 fnt","|-damage|p2a: Dunsparce|34/302|[from] item: Life Orb","|faint|p1a: Ho-Oh","|","|","|switch|p1a: Meowstic-F|Meowstic-F, L83, F|259/259","|turn|10","|","|move|p1a: Meowstic-F|Calm Mind|p1a: Meowstic-F","|-boost|p1a: Meowstic-F|spa|1","|-boost|p1a: Meowstic-F|spd|1","|move|p2a: Dunsparce|Bite|p1a: Meowstic-F","|-supereffective|p1a: Meowstic-F","|-damage|p1a: Meowstic-F|163/259","|-damage|p2a: Dunsparce|4/302|[from] item: Life Orb","|","|turn|11","|","|move|p1a: Meowstic-F|Psyshock|p2a: Dunsparce","|-damage|p2a: Dunsparce|0 fnt","|-damage|p1a: Meowstic-F|138/259|[from] item: Life Orb","|faint|p2a: Dunsparce","|","|","|switch|p2a: Garchomp|Garchomp, L90, F|341/341","|turn|12","|","|detailschange|p2a: Garchomp|Garchomp-Mega, L90, F","|-mega|p2a: Garchomp|Garchomp|Garchompite","|move|p2a: Garchomp|Draco Meteor|p1a: Meowstic-F","|-crit|p1a: Meowstic-F","|-damage|p1a: Meowstic-F|0 fnt","|-unboost|p2a: Garchomp|spa|2","|faint|p1a: Meowstic-F","|","|","|switch|p1a: Glaceon|Glaceon, L83, F|146/243","|turn|13","|","|switch|p2a: Lanturn|Lanturn, L81, M|335/335","|move|p1a: Glaceon|Ice Beam|p2a: Lanturn","|-resisted|p2a: Lanturn","|-damage|p2a: Lanturn|270/335","|","|-heal|p1a: Glaceon|161/243|[from] item: Leftovers","|turn|14","|","|move|p1a: Glaceon|Toxic|p2a: Lanturn","|-status|p2a: Lanturn|tox","|move|p2a: Lanturn|Hydro Pump|p1a: Glaceon","|-damage|p1a: Glaceon|48/243","|-damage|p2a: Lanturn|237/335 tox|[from] item: Life Orb","|","|-heal|p1a: Glaceon|63/243|[from] item: Leftovers","|-damage|p2a: Lanturn|217/335 tox|[from] psn","|turn|15","|","|switch|p1a: Zapdos|Zapdos, L75|259/259","|move|p2a: Lanturn|Volt Switch|p1a: Zapdos","|-damage|p1a: Zapdos|180/259","|-damage|p2a: Lanturn|184/335 tox|[from] item: Life Orb","|","|switch|p2a: Tyranitar|Tyranitar, L75, M|274/274","|-weather|Sandstorm","|","|-weather|Sandstorm|[upkeep]","|-damage|p1a: Zapdos|164/259|[from] sandstorm","|-heal|p1a: Zapdos|180/259|[from] item: Leftovers","|turn|16","|","|move|p1a: Zapdos|Toxic|p2a: Tyranitar","|-status|p2a: Tyranitar|tox","|move|p2a: Tyranitar|Ice Beam|p1a: Zapdos","|-supereffective|p1a: Zapdos","|-damage|p1a: Zapdos|62/259","|","|-weather|Sandstorm|[upkeep]","|-damage|p1a: Zapdos|46/259|[from] sandstorm","|-heal|p1a: Zapdos|62/259|[from] item: Leftovers","|-damage|p2a: Tyranitar|257/274 tox|[from] psn","|turn|17","|","|move|p1a: Zapdos|Thunderbolt|p2a: Tyranitar","|-damage|p2a: Tyranitar|212/274 tox","|move|p2a: Tyranitar|Ice Beam|p1a: Zapdos","|-supereffective|p1a: Zapdos","|-damage|p1a: Zapdos|0 fnt","|faint|p1a: Zapdos","|","|-weather|Sandstorm|[upkeep]","|-damage|p2a: Tyranitar|178/274 tox|[from] psn","|","|switch|p1a: Jynx|Jynx, L81, F|238/238","|turn|18","|","|move|p1a: Jynx|Nasty Plot|p1a: Jynx","|-boost|p1a: Jynx|spa|2","|move|p2a: Tyranitar|Stone Edge|p1a: Jynx","|-supereffective|p1a: Jynx","|-damage|p1a: Jynx|0 fnt","|faint|p1a: Jynx","|","|-weather|Sandstorm|[upkeep]","|-damage|p2a: Tyranitar|127/274 tox|[from] psn","|","|switch|p1a: Glaceon|Glaceon, L83, F|63/243","|turn|19","|","|move|p1a: Glaceon|Ice Beam|p2a: Tyranitar","|-damage|p2a: Tyranitar|72/274 tox","|move|p2a: Tyranitar|Earthquake|p1a: Glaceon","|-damage|p1a: Glaceon|0 fnt","|faint|p1a: Glaceon","|","|win|Crystal Lush"],"p1rating":{"entryid":759083,"formatid":"randombattle","userid":"crytalruh","username":"Cryѕtal Ruѕh","r":1500,"rd":130,"sigma":0,"rpr":1459.8393856612,"rprd":122.8583080769,"rpsigma":0,"rptime":1441098000,"w":0,"l":1,"t":0,"gxe":45,"acre":1000,"lacre":1000,"oldacre":1000},"p2rating":{"entryid":759084,"formatid":"randombattle","userid":"crystallush","username":"Crystal Lush","r":1500,"rd":130,"sigma":0,"rpr":1540.1606143388,"rprd":122.8583080769,"rpsigma":0,"rptime":1441098000,"w":1,"l":0,"t":0,"gxe":55,"acre":1040,"lacre":1040,"oldacre":1000},"endType":"normal"}