{"seed":[58225,40580,60270,58080],"turns":17,"p1":"Primal Fancy","p2":"lllbigzlll","p1team":[{"name":"Aggron","moves":["roar","toxic","earthquake","heavyslam"],"ability":"Sturdy","evs":{"hp":85,"atk":85,"def":85,"spa":85,"spd":85,"spe":85},"ivs":{"hp":31,"atk":31,"def":31,"spa":31,"spd":31,"spe":31},"item":"Aggronite","level":77,"shiny":false},{"name":"Nidoking","moves":["substitute","icebeam","sludgewave","earthpower"],"ability":"Sheer Force","evs":{"hp":85,"atk":85,"def":85,"spa":85,"spd":85,"spe":85},"ivs":{"hp":31,"atk":31,"def":31,"spa":31,"spd":31,"spe":31},"item":"Life Orb","level":77,"shiny":false},{"name":"Vileplume","moves":["sludgebomb","gigadrain","hiddenpowerfire","sleeppowder"],"ability":"Effect Spore","evs":{"hp":85,"atk":85,"def":85,"spa":85,"spd":85,"spe":85},"ivs":{"hp":31,"atk":30,"def":31,"spa":30,"spd":31,"spe":30},"item":"Life Orb","level":81,"shiny":false},{"name":"Aerodactyl","moves":["taunt","roost","stealthrock","stoneedge"],"ability":"Pressure","evs":{"hp":81,"atk":89,"def":85,"spa":85,"spd":85,"spe":85},"ivs":{"hp":31,"atk":31,"def":31,"spa":31,"spd":31,"spe":31},"item":"Leftovers","level":79,"shiny":false},{"name":"Purugly","moves":["return","suckerpunch","uturn","quickattack"],"ability":"Thick Fat","evs":{"hp":85,"atk":85,"def":85,"spa":85,"spd":85,"spe":85},"ivs":{"hp":31,"atk":31,"def":31,"spa":31,"spd":31,"spe":31},"item":"Life Orb","level":83,"shiny":false},{"name":"Sceptile","moves":["focusblast","leafstorm","hiddenpowerfire","substitute"],"ability":"Unburden","evs":{"hp":85,"atk":85,"def":85,"spa":85,"spd":85,"spe":85},"ivs":{"hp":31,"atk":30,"def":31,"spa":30,"spd":31,"spe":30},"item":"White Herb","level":79,"shiny":false}],"p2team":[{"name":"Zygarde","moves":["earthquake","stoneedge","dragondance","extremespeed"],"ability":"Aura Break","evs":{"hp":85,"atk":85,"def":85,"spa":85,"spd":85,"spe":85},"ivs":{"hp":31,"atk":31,"def":31,"spa":31,"spd":31,"spe":31},"item":"Leftovers","level":76,"shiny":false},{"name":"Raichu","moves":["thunderbolt","grassknot","encore","focusblast"],"ability":"Lightning Rod","evs":{"hp":85,"atk":85,"def":85,"spa":85,"spd":85,"spe":85},"ivs":{"hp":31,"atk":31,"def":31,"spa":31,"spd":31,"spe":31},"item":"Life Orb","level":83,"shiny":false},{"name":"Aerodactyl","moves":["honeclaws","roost","firefang","stoneedge"],"ability":"Unnerve","evs":{"hp":85,"atk":85,"def":85,"spa":85,"spd":85,"spe":85},"ivs":{"hp":31,"atk":31,"def":31,"spa":31,"spd":31,"spe":31},"item":"Aerodactylite","level":77,"shiny":false},{"name":"Tyrantrum","moves":["stoneedge","firefang","dragonclaw","stealthrock"],"ability":"Strong Jaw","evs":{"hp":85,"atk":85,"def":85,"spa":85,"spd":85,"spe":85},"ivs":{"hp":31,"atk":31,"def":31,"spa":31,"spd":31,"spe":31},"item":"Life Orb","level":79,"shiny":false},{"name":"Pinsir","moves":["stealthrock","xscissor","knockoff","closecombat"],"ability":"Mold Breaker","evs":{"hp":85,"atk":85,"def":85,"spa":85,"spd":85,"spe":85},"ivs":{"hp":31,"atk":31,"def":31,"spa":31,"spd":31,"spe":31},"item":"Life Orb","level":81,"shiny":false},{"name":"Blissey","moves":["thunderwave","protect","healbell","seismictoss"],"ability":"Natural Cure","evs":{"hp":85,"atk":85,"def":85,"spa":85,"spd":85,"spe":85},"ivs":{"hp":31,"atk":31,"def":31,"spa":31,"spd":31,"spe":31},"item":"Leftovers","level":77,"shiny":false}],"log":["|player|p1|Primal Fancy|guardfancii.gif","|player|p2|lllbigzlll|266","|gametype|singles","|gen|6","|tier|Random Battle","|rated","|rule|Sleep Clause Mod: Limit one foe put to sleep","|rule|HP Percentage Mod: HP is shown in percentages","|","|start","|switch|p1a: Aggron|Aggron, L77, M|234/234","|switch|p2a: Zygarde|Zygarde, L76|289/289","|-ability|p2a: Zygarde|Aura Break","|turn|1","|","|detailschange|p1a: Aggron|Aggron-Mega, L77, M","|-mega|p1a: Aggron|Aggron|Aggronite","|move|p2a: Zygarde|Extreme Speed|p1a: Aggron","|-resisted|p1a: Aggron","|-damage|p1a: Aggron|223/234","|move|p1a: Aggron|Roar|p2a: Zygarde","|drag|p2a: Tyrantrum|Tyrantrum, L79, F|259/259","|","|turn|2","|","|move|p2a: Tyrantrum|Stealth Rock|p1a: Aggron","|-sidestart|p1: Primal Fancy|move: Stealth Rock","|move|p1a: Aggron|Earthquake|p2a: Tyrantrum","|-supereffective|p2a: Tyrantrum","|-damage|p2a: Tyrantrum|131/259","|","|turn|3","|","|move|p2a: Tyrantrum|Fire Fang|p1a: Aggron","|-supereffective|p1a: Aggron","|-damage|p1a: Aggron|147/234","|-damage|p2a: Tyrantrum|106/259|[from] item: Life Orb","|move|p1a: Aggron|Roar|p2a: Tyrantrum","|drag|p2a: Raichu|Raichu, L83, F|235/235","|","|turn|4","|","|switch|p2a: Aerodactyl|Aerodactyl, L77, M|250/250","|-ability|p2a: Aerodactyl|Unnerve|p1: Primal Fancy","|move|p1a: Aggron|Earthquake|p2a: Aerodactyl","|-immune|p2a: Aerodactyl|[msg]","|","|turn|5","|","|move|p2a: Aerodactyl|Fire Fang|p1a: Aggron","|-supereffective|p1a: Aggron","|-damage|p1a: Aggron|116/234","|-status|p1a: Aggron|brn","|move|p1a: Aggron|Heavy Slam|p2a: Aerodactyl","|-supereffective|p2a: Aerodactyl","|-damage|p2a: Aerodactyl|72/250","|","|-damage|p1a: Aggron|87/234 brn|[from] brn","|turn|6","|","|move|p2a: Aerodactyl|Fire Fang|p1a: Aggron","|-supereffective|p1a: Aggron","|-damage|p1a: Aggron|57/234 brn","|move|p1a: Aggron|Heavy Slam|p2a: Aerodactyl","|-supereffective|p2a: Aerodactyl","|-damage|p2a: Aerodactyl|0 fnt","|faint|p2a: Aerodactyl","|","|-damage|p1a: Aggron|28/234 brn|[from] brn","|","|switch|p2a: Tyrantrum|Tyrantrum, L79, F|106/259","|turn|7","|","|move|p2a: Tyrantrum|Fire Fang|p1a: Aggron","|-crit|p1a: Aggron","|-supereffective|p1a: Aggron","|-damage|p1a: Aggron|0 fnt","|-damage|p2a: Tyrantrum|81/259|[from] item: Life Orb","|faint|p1a: Aggron","|","|","|switch|p1a: Nidoking|Nidoking, L77, M|251/251","|-damage|p1a: Nidoking|236/251|[from] Stealth Rock","|turn|8","|","|move|p1a: Nidoking|Earth Power|p2a: Tyrantrum","|-crit|p2a: Tyrantrum","|-supereffective|p2a: Tyrantrum","|-damage|p2a: Tyrantrum|0 fnt","|faint|p2a: Tyrantrum","|","|","|switch|p2a: Zygarde|Zygarde, L76|289/289","|-ability|p2a: Zygarde|Aura Break","|turn|9","|","|move|p2a: Zygarde|Earthquake|p1a: Nidoking","|-supereffective|p1a: Nidoking","|-damage|p1a: Nidoking|18/251","|move|p1a: Nidoking|Ice Beam|p2a: Zygarde","|-supereffective|p2a: Zygarde","|-damage|p2a: Zygarde|0 fnt","|faint|p2a: Zygarde","|","|","|switch|p2a: Raichu|Raichu, L83, F|235/235","|turn|10","|","|move|p2a: Raichu|Grass Knot|p1a: Nidoking","|-damage|p1a: Nidoking|0 fnt","|-damage|p2a: Raichu|212/235|[from] item: Life Orb","|faint|p1a: Nidoking","|","|","|switch|p1a: Purugly|Purugly, L83, M|254/254","|-damage|p1a: Purugly|223/254|[from] Stealth Rock","|turn|11","|","|move|p1a: Purugly|Sucker Punch|p2a: Raichu","|-damage|p2a: Raichu|126/235","|-damage|p1a: Purugly|198/254|[from] item: Life Orb","|move|p2a: Raichu|Thunderbolt|p1a: Purugly","|-damage|p1a: Purugly|45/254","|-damage|p2a: Raichu|103/235|[from] item: Life Orb","|","|turn|12","|","|move|p1a: Purugly|Sucker Punch|p2a: Raichu","|-damage|p2a: Raichu|17/235","|-damage|p1a: Purugly|20/254|[from] item: Life Orb","|move|p2a: Raichu|Focus Blast|p1a: Purugly|[miss]","|-miss|p2a: Raichu|p1a: Purugly","|","|turn|13","|","|switch|p2a: Blissey|Blissey, L77, F|519/519","|move|p1a: Purugly|Quick Attack|p2a: Blissey","|-damage|p2a: Blissey|370/519","|-damage|p1a: Purugly|0 fnt|[from] item: Life Orb","|faint|p1a: Purugly","|","|-heal|p2a: Blissey|402/519|[from] item: Leftovers","|","|switch|p1a: Sceptile|Sceptile, L79, M|240/240","|-damage|p1a: Sceptile|210/240|[from] Stealth Rock","|turn|14","|","|move|p1a: Sceptile|Leaf Storm|p2a: Blissey","|-damage|p2a: Blissey|302/519","|-unboost|p1a: Sceptile|spa|2","|-enditem|p1a: Sceptile|White Herb","|-restoreboost|p1a: Sceptile|[silent]","|move|p2a: Blissey|Thunder Wave|p1a: Sceptile","|-status|p1a: Sceptile|par","|","|-heal|p2a: Blissey|334/519|[from] item: Leftovers","|turn|15","|","|move|p2a: Blissey|Protect|p2a: Blissey","|-singleturn|p2a: Blissey|Protect","|cant|p1a: Sceptile|par","|","|-heal|p2a: Blissey|366/519|[from] item: Leftovers","|turn|16","|","|move|p2a: Blissey|Heal Bell|p2a: Blissey","|-cureteam|p2a: Blissey|[from] move: HealBell","|move|p1a: Sceptile|Focus Blast|p2a: Blissey","|-supereffective|p2a: Blissey","|-damage|p2a: Blissey|234/519","|","|-heal|p2a: Blissey|266/519|[from] item: Leftovers","|turn|17","|","|win|lllbigzlll"],"p1rating":{"entryid":786428,"formatid":"randombattle","userid":"primalfancy","username":"Primal Fancy","r":1500,"rd":130,"sigma":0,"rpr":1459.8393856612,"rprd":122.8583080769,"rpsigma":0,"rptime":1441184400,"w":0,"l":1,"t":0,"gxe":45,"acre":1000,"lacre":1000,"oldacre":1000},"p2rating":{"entryid":786429,"formatid":"randombattle","userid":"lllbigzlll","username":"lllbigzlll","r":1500,"rd":130,"sigma":0,"rpr":1540.1606143388,"rprd":122.8583080769,"rpsigma":0,"rptime":1441184400,"w":1,"l":0,"t":0,"gxe":55,"acre":1040,"lacre":1040,"oldacre":1000},"endType":"forfeit"}