{"seed":[25461,18637,35944,8116],"turns":34,"p1":"SkyLord13684","p2":"estebandido888","p1team":[{"name":"Meowstic-F","moves":["psyshock","calmmind","shadowball","thunderbolt"],"ability":"Infiltrator","evs":{"hp":85,"atk":85,"def":85,"spa":85,"spd":85,"spe":85},"ivs":{"hp":31,"atk":31,"def":31,"spa":31,"spd":31,"spe":31},"item":"Life Orb","level":83,"shiny":false},{"name":"Throh","moves":["stormthrow","bulkup","knockoff","rest"],"ability":"Mold Breaker","evs":{"hp":85,"atk":85,"def":85,"spa":85,"spd":85,"spe":85},"ivs":{"hp":31,"atk":31,"def":31,"spa":31,"spd":31,"spe":31},"item":"Chesto Berry","level":82,"shiny":false},{"name":"Bastiodon","moves":["toxic","protect","rockblast","roar"],"ability":"Sturdy","evs":{"hp":85,"atk":85,"def":85,"spa":85,"spd":85,"spe":85},"ivs":{"hp":31,"atk":31,"def":31,"spa":31,"spd":31,"spe":31},"item":"Air Balloon","level":83,"shiny":false},{"name":"Snorlax","moves":["curse","earthquake","firepunch","bodyslam"],"ability":"Thick Fat","evs":{"hp":85,"atk":85,"def":85,"spa":85,"spd":85,"spe":85},"ivs":{"hp":31,"atk":31,"def":31,"spa":31,"spd":31,"spe":31},"item":"Leftovers","level":77,"shiny":false},{"name":"Cloyster","moves":["hydropump","shellsmash","iciclespear","rockblast"],"ability":"Skill Link","evs":{"hp":81,"atk":89,"def":85,"spa":85,"spd":85,"spe":85},"ivs":{"hp":31,"atk":31,"def":31,"spa":31,"spd":31,"spe":31},"item":"White Herb","level":77,"shiny":false},{"name":"Torkoal","moves":["yawn","lavaplume","stealthrock","hiddenpowergrass"],"ability":"White Smoke","evs":{"hp":81,"atk":85,"def":85,"spa":89,"spd":85,"spe":85},"ivs":{"hp":31,"atk":30,"def":31,"spa":30,"spd":31,"spe":31},"item":"Leftovers","level":83,"shiny":false}],"p2team":[{"name":"Seaking","moves":["drillrun","knockoff","icebeam","waterfall"],"ability":"Lightning Rod","evs":{"hp":85,"atk":85,"def":85,"spa":85,"spd":85,"spe":85},"ivs":{"hp":31,"atk":31,"def":31,"spa":31,"spd":31,"spe":31},"item":"Expert Belt","level":83,"shiny":false},{"name":"Ambipom","moves":["uturn","seedbomb","acrobatics","return"],"ability":"Technician","evs":{"hp":85,"atk":85,"def":85,"spa":85,"spd":85,"spe":85},"ivs":{"hp":31,"atk":31,"def":31,"spa":31,"spd":31,"spe":31},"item":"Flying Gem","level":79,"shiny":false},{"name":"Genesect-Douse","moves":["uturn","thunderbolt","ironhead","technoblast"],"ability":"Download","evs":{"hp":85,"atk":85,"def":85,"spa":85,"spd":85,"spe":85},"ivs":{"hp":31,"atk":31,"def":31,"spa":31,"spd":31,"spe":31},"item":"Douse Drive","level":74,"shiny":false},{"name":"Walrein","moves":["roar","icebeam","surf","protect"],"ability":"Thick Fat","evs":{"hp":85,"atk":85,"def":85,"spa":85,"spd":85,"spe":85},"ivs":{"hp":31,"atk":31,"def":31,"spa":31,"spd":31,"spe":31},"item":"Leftovers","level":83,"shiny":false},{"name":"Vivillon","moves":["sleeppowder","substitute","bugbuzz","hurricane"],"ability":"Compound Eyes","evs":{"hp":81,"atk":85,"def":85,"spa":89,"spd":85,"spe":85},"ivs":{"hp":31,"atk":31,"def":31,"spa":31,"spd":31,"spe":31},"item":"Leftovers","level":81,"shiny":false},{"name":"Tyrantrum","moves":["earthquake","dragondance","headsmash","dragonclaw"],"ability":"Rock Head","evs":{"hp":85,"atk":85,"def":85,"spa":85,"spd":85,"spe":85},"ivs":{"hp":31,"atk":31,"def":31,"spa":31,"spd":31,"spe":31},"item":"Life Orb","level":79,"shiny":false}],"log":["|player|p1|SkyLord13684|102","|player|p2|estebandido888|2","|gametype|singles","|gen|6","|tier|Random Battle","|rated","|rule|Pokemon of the Day: off","|rule|Sleep Clause Mod: Limit one foe put to sleep","|rule|HP Percentage Mod: HP is shown in percentages","|","|start","|switch|p1a: Meowstic-F|Meowstic-F, L83, F|259/259","|switch|p2a: Seaking|Seaking, L83, M|268/268","|turn|1","|","|move|p1a: Meowstic-F|Shadow Ball|p2a: Seaking","|-damage|p2a: Seaking|197/268","|-damage|p1a: Meowstic-F|234/259|[from] item: Life Orb","|move|p2a: Seaking|Knock Off|p1a: Meowstic-F","|-supereffective|p1a: Meowstic-F","|-damage|p1a: Meowstic-F|61/259","|-enditem|p1a: Meowstic-F|Life Orb|[from] move: Knock Off|[of] p2a: Seaking","|","|turn|2","|","|move|p1a: Meowstic-F|Thunderbolt|p2a: Seaking","|-boost|p2a: Seaking|spa|1|[from] ability: Lightning Rod","|move|p2a: Seaking|Knock Off|p1a: Meowstic-F","|-supereffective|p1a: Meowstic-F","|-damage|p1a: Meowstic-F|0 fnt","|faint|p1a: Meowstic-F","|","|","|switch|p1a: Snorlax|Snorlax, L77, M|373/373","|turn|3","|","|move|p2a: Seaking|Drill Run|p1a: Snorlax","|-damage|p1a: Snorlax|296/373","|move|p1a: Snorlax|Earthquake|p2a: Seaking","|-damage|p2a: Seaking|120/268","|","|-heal|p1a: Snorlax|319/373|[from] item: Leftovers","|turn|4","|","|move|p2a: Seaking|Ice Beam|p1a: Snorlax","|-damage|p1a: Snorlax|287/373","|move|p1a: Snorlax|Body Slam|p2a: Seaking","|-damage|p2a: Seaking|18/268","|","|-heal|p1a: Snorlax|310/373|[from] item: Leftovers","|turn|5","|","|move|p2a: Seaking|Knock Off|p1a: Snorlax","|-damage|p1a: Snorlax|221/373","|-enditem|p1a: Snorlax|Leftovers|[from] move: Knock Off|[of] p2a: Seaking","|move|p1a: Snorlax|Body Slam|p2a: Seaking","|-crit|p2a: Seaking","|-damage|p2a: Seaking|0 fnt","|faint|p2a: Seaking","|","|","|switch|p2a: Genesect-Douse|Genesect-Douse, L74|227/227","|-boost|p2a: Genesect-Douse|atk|1|[from] ability: Download","|turn|6","|","|move|p2a: Genesect-Douse|U-turn|p1a: Snorlax","|-damage|p1a: Snorlax|79/373","|","|switch|p2a: Tyrantrum|Tyrantrum, L79, F|259/259","|move|p1a: Snorlax|Fire Punch|p2a: Tyrantrum","|-resisted|p2a: Tyrantrum","|-damage|p2a: Tyrantrum|250/259","|","|turn|7","|","|move|p2a: Tyrantrum|Earthquake|p1a: Snorlax","|-damage|p1a: Snorlax|0 fnt","|-damage|p2a: Tyrantrum|225/259|[from] item: Life Orb","|faint|p1a: Snorlax","|","|","|switch|p1a: Cloyster|Cloyster, L77, F|203/203","|turn|8","|","|switch|p2a: Walrein|Walrein, L83, F|318/318","|move|p1a: Cloyster|Hydro Pump|p2a: Walrein","|-resisted|p2a: Walrein","|-damage|p2a: Walrein|275/318","|","|-heal|p2a: Walrein|294/318|[from] item: Leftovers","|turn|9","|","|switch|p1a: Bastiodon|Bastiodon, L83, M|235/235","|-item|p1a: Bastiodon|Air Balloon","|move|p2a: Walrein|Roar|p1a: Bastiodon","|drag|p1a: Torkoal|Torkoal, L83, M|251/251","|","|-heal|p2a: Walrein|313/318|[from] item: Leftovers","|turn|10","|","|move|p2a: Walrein|Surf|p1a: Torkoal","|-supereffective|p1a: Torkoal","|-damage|p1a: Torkoal|45/251","|move|p1a: Torkoal|Yawn|p2a: Walrein","|-start|p2a: Walrein|move: Yawn|[of] p1a: Torkoal","|","|-heal|p2a: Walrein|318/318|[from] item: Leftovers","|-heal|p1a: Torkoal|60/251|[from] item: Leftovers","|turn|11","|","|switch|p1a: Throh|Throh, L82, M|331/331","|-ability|p1a: Throh|Mold Breaker","|move|p2a: Walrein|Surf|p1a: Throh","|-damage|p1a: Throh|225/331","|","|-end|p2a: Walrein|move: Yawn|[silent]","|-status|p2a: Walrein|slp","|turn|12","|","|cant|p2a: Walrein|slp","|move|p1a: Throh|Storm Throw|p2a: Walrein","|-crit|p2a: Walrein","|-supereffective|p2a: Walrein","|-damage|p2a: Walrein|150/318 slp","|","|-heal|p2a: Walrein|169/318 slp|[from] item: Leftovers","|turn|13","|","|cant|p2a: Walrein|slp","|move|p1a: Throh|Storm Throw|p2a: Walrein","|-crit|p2a: Walrein","|-supereffective|p2a: Walrein","|-damage|p2a: Walrein|0 fnt","|faint|p2a: Walrein","|","|","|switch|p2a: Ambipom|Ambipom, L79, M|248/248","|turn|14","|","|switch|p2a: Tyrantrum|Tyrantrum, L79, F|225/259","|move|p1a: Throh|Knock Off|p2a: Tyrantrum","|-damage|p2a: Tyrantrum|169/259","|-enditem|p2a: Tyrantrum|Life Orb|[from] move: Knock Off|[of] p1a: Throh","|","|turn|15","|","|switch|p1a: Cloyster|Cloyster, L77, F|203/203","|move|p2a: Tyrantrum|Head Smash|p1a: Cloyster|[miss]","|-miss|p2a: Tyrantrum|p1a: Cloyster","|","|turn|16","|","|switch|p2a: Vivillon|Vivillon, L81, M|261/261","|move|p1a: Cloyster|Hydro Pump|p2a: Vivillon","|-damage|p2a: Vivillon|114/261","|","|-heal|p2a: Vivillon|130/261|[from] item: Leftovers","|turn|17","|","|move|p2a: Vivillon|Sleep Powder|p1a: Cloyster","|-status|p1a: Cloyster|slp","|cant|p1a: Cloyster|slp","|","|-heal|p2a: Vivillon|146/261|[from] item: Leftovers","|turn|18","|","|move|p2a: Vivillon|Bug Buzz|p1a: Cloyster","|-damage|p1a: Cloyster|61/203 slp","|cant|p1a: Cloyster|slp","|","|-heal|p2a: Vivillon|162/261|[from] item: Leftovers","|turn|19","|","|move|p2a: Vivillon|Bug Buzz|p1a: Cloyster","|-damage|p1a: Cloyster|0 fnt","|faint|p1a: Cloyster","|","|-heal|p2a: Vivillon|178/261|[from] item: Leftovers","|","|switch|p1a: Bastiodon|Bastiodon, L83, M|235/235","|-item|p1a: Bastiodon|Air Balloon","|turn|20","|","|move|p2a: Vivillon|Sleep Powder|p1a: Bastiodon","|-status|p1a: Bastiodon|slp","|cant|p1a: Bastiodon|slp","|","|-heal|p2a: Vivillon|194/261|[from] item: Leftovers","|turn|21","|","|switch|p2a: Tyrantrum|Tyrantrum, L79, F|169/259","|-curestatus|p1a: Bastiodon|slp","|move|p1a: Bastiodon|Rock Blast|p2a: Tyrantrum","|-damage|p2a: Tyrantrum|153/259","|-damage|p2a: Tyrantrum|137/259","|-damage|p2a: Tyrantrum|121/259","|-damage|p2a: Tyrantrum|106/259","|-damage|p2a: Tyrantrum|91/259","|-hitcount|p2a: Tyrantrum|5","|","|turn|22","|","|move|p2a: Tyrantrum|Earthquake|p1a: Bastiodon","|-immune|p1a: Bastiodon|[msg]","|move|p1a: Bastiodon|Roar|p2a: Tyrantrum","|drag|p2a: Vivillon|Vivillon, L81, M|194/261","|","|-heal|p2a: Vivillon|210/261|[from] item: Leftovers","|turn|23","|","|move|p2a: Vivillon|Bug Buzz|p1a: Bastiodon","|-resisted|p1a: Bastiodon","|-damage|p1a: Bastiodon|203/235","|-enditem|p1a: Bastiodon|Air Balloon","|move|p1a: Bastiodon|Rock Blast|p2a: Vivillon","|-supereffective|p2a: Vivillon","|-damage|p2a: Vivillon|90/261","|-supereffective|p2a: Vivillon","|-damage|p2a: Vivillon|0 fnt","|-hitcount|p2a: Vivillon|2","|faint|p2a: Vivillon","|","|","|switch|p2a: Genesect-Douse|Genesect-Douse, L74|227/227","|-boost|p2a: Genesect-Douse|spa|1|[from] ability: Download","|turn|24","|","|move|p1a: Bastiodon|Protect|p1a: Bastiodon","|-singleturn|p1a: Bastiodon|Protect","|move|p2a: Genesect-Douse|Thunderbolt|p1a: Bastiodon","|-activate|p1a: Bastiodon|Protect","|","|turn|25","|","|move|p2a: Genesect-Douse|Thunderbolt|p1a: Bastiodon","|-damage|p1a: Bastiodon|143/235","|move|p1a: Bastiodon|Toxic|p2a: Genesect-Douse","|-immune|p2a: Genesect-Douse|[msg]","|","|turn|26","|","|move|p1a: Bastiodon|Protect|p1a: Bastiodon","|-singleturn|p1a: Bastiodon|Protect","|move|p2a: Genesect-Douse|Iron Head|p1a: Bastiodon","|-activate|p1a: Bastiodon|Protect","|","|turn|27","|","|move|p2a: Genesect-Douse|Iron Head|p1a: Bastiodon","|-damage|p1a: Bastiodon|97/235","|move|p1a: Bastiodon|Rock Blast|p2a: Genesect-Douse","|-damage|p2a: Genesect-Douse|209/227","|-damage|p2a: Genesect-Douse|190/227","|-damage|p2a: Genesect-Douse|171/227","|-crit|p2a: Genesect-Douse","|-damage|p2a: Genesect-Douse|144/227","|-hitcount|p2a: Genesect-Douse|4","|","|turn|28","|","|move|p2a: Genesect-Douse|Techno Blast|p1a: Bastiodon","|-supereffective|p1a: Bastiodon","|-damage|p1a: Bastiodon|0 fnt","|faint|p1a: Bastiodon","|","|","|switch|p1a: Torkoal|Torkoal, L83, M|60/251","|turn|29","|","|move|p2a: Genesect-Douse|Techno Blast|p1a: Torkoal","|-supereffective|p1a: Torkoal","|-damage|p1a: Torkoal|0 fnt","|faint|p1a: Torkoal","|","|","|switch|p1a: Throh|Throh, L82, M|225/331","|-ability|p1a: Throh|Mold Breaker","|turn|30","|","|move|p2a: Genesect-Douse|Techno Blast|p1a: Throh","|-damage|p1a: Throh|98/331","|move|p1a: Throh|Storm Throw|p2a: Genesect-Douse","|-crit|p2a: Genesect-Douse","|-damage|p2a: Genesect-Douse|51/227","|","|turn|31","|","|move|p2a: Genesect-Douse|Iron Head|p1a: Throh","|-damage|p1a: Throh|8/331","|move|p1a: Throh|Rest|p1a: Throh","|-status|p1a: Throh|slp","|-heal|p1a: Throh|331/331 slp|[silent]","|-status|p1a: Throh|slp|[from] move: Rest","|-enditem|p1a: Throh|Chesto Berry|[eat]","|-curestatus|p1a: Throh|slp","|","|turn|32","|","|move|p2a: Genesect-Douse|Techno Blast|p1a: Throh","|-damage|p1a: Throh|216/331","|move|p1a: Throh|Storm Throw|p2a: Genesect-Douse","|-crit|p2a: Genesect-Douse","|-damage|p2a: Genesect-Douse|0 fnt","|faint|p2a: Genesect-Douse","|","|","|switch|p2a: Tyrantrum|Tyrantrum, L79, F|91/259","|turn|33","|","|move|p2a: Tyrantrum|Earthquake|p1a: Throh","|-damage|p1a: Throh|137/331","|move|p1a: Throh|Storm Throw|p2a: Tyrantrum","|-crit|p2a: Tyrantrum","|-supereffective|p2a: Tyrantrum","|-damage|p2a: Tyrantrum|0 fnt","|faint|p2a: Tyrantrum","|","|","|switch|p2a: Ambipom|Ambipom, L79, M|248/248","|turn|34","|","|move|p2a: Ambipom|Acrobatics|p1a: Throh","|-enditem|p2a: Ambipom|Flying Gem|[from] gem|[move] Acrobatics","|-supereffective|p1a: Throh","|-damage|p1a: Throh|0 fnt","|faint|p1a: Throh","|","|win|estebandido888"],"p1rating":{"entryid":"160188","serverid":"eos","formatid":"randombattle","userid":"skylord13684","username":"SkyLord13684","w":"3","l":3,"t":"0","gxe":50.7,"r":"1533.0891783611","rd":"111.51861011339","sigma":"0","rptime":"1440061200","rpr":1505.3910121663,"rprd":99.111938792781,"rpsigma":"0","acre":1050.6565973414,"lacre":1050.6565973414,"oldacre":"1066.2996426853"},"p2rating":{"entryid":"141534","serverid":"eos","formatid":"randombattle","userid":"estebandido888","username":"estebandido888","w":6,"l":"1","t":"0","gxe":65.5,"r":"1584.741736767","rd":"102.64229320419","sigma":"0","rptime":"1440061200","rpr":1625.2149157481,"rprd":95.840609612499,"rpsigma":"0","acre":1162.0410137558,"lacre":1162.0410137558,"oldacre":"1142.4332331331"},"endType":"normal"}