{"seed":[50,4557,39355,8657],"turns":18,"p1":"estebandido888","p2":"Inferno DPX","p1team":[{"name":"Greninja","moves":["spikes","taunt","uturn","hydropump"],"ability":"Protean","evs":{"hp":85,"atk":85,"def":85,"spa":85,"spd":85,"spe":85},"ivs":{"hp":31,"atk":31,"def":31,"spa":31,"spd":31,"spe":31},"item":"Focus Sash","level":74,"shiny":false},{"name":"Meloetta","moves":["psyshock","uturn","hypervoice","focusblast"],"ability":"Serene Grace","evs":{"hp":85,"atk":85,"def":85,"spa":85,"spd":85,"spe":85},"ivs":{"hp":31,"atk":31,"def":31,"spa":31,"spd":31,"spe":31},"item":"Assault Vest","level":79,"shiny":false},{"name":"Ho-Oh","moves":["sacredfire","roost","substitute","bravebird"],"ability":"Regenerator","evs":{"hp":85,"atk":85,"def":85,"spa":85,"spd":85,"spe":85},"ivs":{"hp":31,"atk":31,"def":31,"spa":31,"spd":31,"spe":31},"item":"Leftovers","level":73,"shiny":false},{"name":"Mightyena","moves":["playrough","suckerpunch","irontail","crunch"],"ability":"Intimidate","evs":{"hp":85,"atk":85,"def":85,"spa":85,"spd":85,"spe":85},"ivs":{"hp":31,"atk":31,"def":31,"spa":31,"spd":31,"spe":31},"item":"Expert Belt","level":83,"shiny":false},{"name":"Staraptor","moves":["uturn","closecombat","roost","doubleedge"],"ability":"Intimidate","evs":{"hp":85,"atk":85,"def":85,"spa":85,"spd":85,"spe":85},"ivs":{"hp":31,"atk":31,"def":31,"spa":31,"spd":31,"spe":31},"item":"Life Orb","level":76,"shiny":false},{"name":"Shaymin","moves":["earthpower","rest","seedflare","airslash"],"ability":"Natural Cure","evs":{"hp":85,"atk":85,"def":85,"spa":85,"spd":85,"spe":85},"ivs":{"hp":31,"atk":31,"def":31,"spa":31,"spd":31,"spe":31},"item":"Leftovers","level":77,"shiny":false}],"p2team":[{"name":"Gardevoir","moves":["willowisp","hypervoice","psyshock","calmmind"],"ability":"Synchronize","evs":{"hp":85,"atk":85,"def":85,"spa":85,"spd":85,"spe":85},"ivs":{"hp":31,"atk":31,"def":31,"spa":31,"spd":31,"spe":31},"item":"Gardevoirite","level":75,"shiny":false},{"name":"Rayquaza","moves":["vcreate","earthquake","dracometeor","dragonclaw"],"ability":"Air Lock","evs":{"hp":85,"atk":85,"def":85,"spa":85,"spd":85,"spe":85},"ivs":{"hp":31,"atk":31,"def":31,"spa":31,"spd":31,"spe":31},"item":"Expert Belt","level":73,"shiny":false},{"name":"Scrafty","moves":["highjumpkick","knockoff","rest","icepunch"],"ability":"Shed Skin","evs":{"hp":85,"atk":85,"def":85,"spa":85,"spd":85,"spe":85},"ivs":{"hp":31,"atk":31,"def":31,"spa":31,"spd":31,"spe":31},"item":"Leftovers","level":79,"shiny":false},{"name":"Klinklang","moves":["substitute","geargrind","wildcharge","shiftgear"],"ability":"Clear Body","evs":{"hp":85,"atk":85,"def":85,"spa":85,"spd":85,"spe":85},"ivs":{"hp":31,"atk":31,"def":31,"spa":31,"spd":31,"spe":31},"item":"Leftovers","level":81,"shiny":false},{"name":"Dodrio","moves":["doubleedge","roost","bravebird","knockoff"],"ability":"Early Bird","evs":{"hp":85,"atk":85,"def":85,"spa":85,"spd":85,"spe":85},"ivs":{"hp":31,"atk":31,"def":31,"spa":31,"spd":31,"spe":31},"item":"Life Orb","level":83,"shiny":false},{"name":"Roserade","moves":["sludgebomb","synthesis","gigadrain","toxicspikes"],"ability":"Natural Cure","evs":{"hp":85,"atk":85,"def":85,"spa":85,"spd":85,"spe":85},"ivs":{"hp":31,"atk":31,"def":31,"spa":31,"spd":31,"spe":31},"item":"Black Sludge","level":77,"shiny":false}],"log":["|player|p1|estebandido888|2","|player|p2|Inferno DPX|80","|gametype|singles","|gen|6","|tier|Random Battle","|rated","|rule|Pokemon of the Day: off","|rule|Sleep Clause Mod: Limit one foe put to sleep","|rule|HP Percentage Mod: HP is shown in percentages","|","|start","|switch|p1a: Greninja|Greninja, L74, F|229/229","|switch|p2a: Gardevoir|Gardevoir, L75, F|226/226","|turn|1","|","|detailschange|p2a: Gardevoir|Gardevoir-Mega, L75, F","|-mega|p2a: Gardevoir|Gardevoir|Gardevoirite","|move|p1a: Greninja|Taunt|p2a: Gardevoir","|-start|p1a: Greninja|typechange|Dark|[from] Protean","|-start|p2a: Gardevoir|move: Taunt","|cant|p2a: Gardevoir|move: Taunt|Calm Mind","|","|turn|2","|","|move|p1a: Greninja|U-turn|p2a: Gardevoir","|-start|p1a: Greninja|typechange|Bug|[from] Protean","|-crit|p2a: Gardevoir","|-damage|p2a: Gardevoir|106/226","|","|switch|p1a: Mightyena|Mightyena, L83, F|252/252","|-ability|p1a: Mightyena|Intimidate","|-unboost|p2a: Gardevoir|atk|1","|move|p2a: Gardevoir|Hyper Voice|p1a: Mightyena","|-supereffective|p1a: Mightyena","|-damage|p1a: Mightyena|0 fnt","|faint|p1a: Mightyena","|","|","|switch|p1a: Ho-Oh|Ho-Oh, L73|275/275","|turn|3","|","|move|p2a: Gardevoir|Psyshock|p1a: Ho-Oh","|-damage|p1a: Ho-Oh|149/275","|move|p1a: Ho-Oh|Sacred Fire|p2a: Gardevoir","|-damage|p2a: Gardevoir|0 fnt","|faint|p2a: Gardevoir","|","|-heal|p1a: Ho-Oh|166/275|[from] item: Leftovers","|","|switch|p2a: Dodrio|Dodrio, L83, F|235/235","|turn|4","|","|move|p2a: Dodrio|Knock Off|p1a: Ho-Oh","|-damage|p1a: Ho-Oh|56/275","|-enditem|p1a: Ho-Oh|Leftovers|[from] move: Knock Off|[of] p2a: Dodrio","|-damage|p2a: Dodrio|212/235|[from] item: Life Orb","|move|p1a: Ho-Oh|Sacred Fire|p2a: Dodrio","|-damage|p2a: Dodrio|92/235","|","|turn|5","|","|move|p2a: Dodrio|Brave Bird|p1a: Ho-Oh","|-damage|p1a: Ho-Oh|0 fnt","|-damage|p2a: Dodrio|74/235|[from] recoil|[of] p1a: Ho-Oh","|-damage|p2a: Dodrio|51/235|[from] item: Life Orb","|faint|p1a: Ho-Oh","|","|","|switch|p1a: Greninja|Greninja, L74, F|229/229","|turn|6","|","|switch|p2a: Klinklang|Klinklang, L81|230/230","|move|p1a: Greninja|Hydro Pump|p2a: Klinklang","|-start|p1a: Greninja|typechange|Water|[from] Protean","|-damage|p2a: Klinklang|134/230","|","|-heal|p2a: Klinklang|148/230|[from] item: Leftovers","|turn|7","|","|move|p1a: Greninja|U-turn|p2a: Klinklang","|-start|p1a: Greninja|typechange|Bug|[from] Protean","|-resisted|p2a: Klinklang","|-damage|p2a: Klinklang|125/230","|","|switch|p1a: Shaymin|Shaymin, L77|281/281","|move|p2a: Klinklang|Shift Gear|p2a: Klinklang","|-boost|p2a: Klinklang|spe|2","|-boost|p2a: Klinklang|atk|1","|","|-heal|p2a: Klinklang|139/230|[from] item: Leftovers","|turn|8","|","|move|p2a: Klinklang|Gear Grind|p1a: Shaymin","|-damage|p1a: Shaymin|211/281","|-damage|p1a: Shaymin|133/281","|-hitcount|p1a: Shaymin|2","|move|p1a: Shaymin|Earth Power|p2a: Klinklang","|-supereffective|p2a: Klinklang","|-damage|p2a: Klinklang|19/230","|","|-heal|p2a: Klinklang|33/230|[from] item: Leftovers","|-heal|p1a: Shaymin|150/281|[from] item: Leftovers","|turn|9","|","|move|p2a: Klinklang|Gear Grind|p1a: Shaymin|[miss]","|-miss|p2a: Klinklang|p1a: Shaymin","|move|p1a: Shaymin|Earth Power|p2a: Klinklang","|-supereffective|p2a: Klinklang","|-damage|p2a: Klinklang|0 fnt","|faint|p2a: Klinklang","|","|-heal|p1a: Shaymin|167/281|[from] item: Leftovers","|","|switch|p2a: Scrafty|Scrafty, L79, F|232/232","|turn|10","|","|move|p1a: Shaymin|Air Slash|p2a: Scrafty|[miss]","|-miss|p1a: Shaymin|p2a: Scrafty","|move|p2a: Scrafty|Knock Off|p1a: Shaymin","|-damage|p1a: Shaymin|88/281","|-enditem|p1a: Shaymin|Leftovers|[from] move: Knock Off|[of] p2a: Scrafty","|","|turn|11","|","|move|p1a: Shaymin|Air Slash|p2a: Scrafty","|-supereffective|p2a: Scrafty","|-damage|p2a: Scrafty|146/232","|move|p2a: Scrafty|Ice Punch|p1a: Shaymin","|-supereffective|p1a: Shaymin","|-damage|p1a: Shaymin|2/281","|","|-heal|p2a: Scrafty|160/232|[from] item: Leftovers","|turn|12","|","|move|p1a: Shaymin|Air Slash|p2a: Scrafty","|-crit|p2a: Scrafty","|-supereffective|p2a: Scrafty","|-damage|p2a: Scrafty|36/232","|move|p2a: Scrafty|Ice Punch|p1a: Shaymin","|-supereffective|p1a: Shaymin","|-damage|p1a: Shaymin|0 fnt","|faint|p1a: Shaymin","|","|-heal|p2a: Scrafty|50/232|[from] item: Leftovers","|","|switch|p1a: Staraptor|Staraptor, L76, F|254/254","|-ability|p1a: Staraptor|Intimidate","|-unboost|p2a: Scrafty|atk|1","|turn|13","|","|switch|p2a: Rayquaza|Rayquaza, L73|274/274","|-ability|p2a: Rayquaza|Air Lock","|move|p1a: Staraptor|U-turn|p2a: Rayquaza","|-resisted|p2a: Rayquaza","|-damage|p2a: Rayquaza|242/274","|-damage|p1a: Staraptor|229/254|[from] item: Life Orb","|","|switch|p1a: Meloetta|Meloetta, L79|288/288","|","|turn|14","|","|move|p1a: Meloetta|Hyper Voice|p2a: Rayquaza","|-damage|p2a: Rayquaza|113/274","|move|p2a: Rayquaza|V-create|p1a: Meloetta","|-damage|p1a: Meloetta|114/288","|-unboost|p2a: Rayquaza|spe|1","|-unboost|p2a: Rayquaza|def|1","|-unboost|p2a: Rayquaza|spd|1","|","|turn|15","|","|switch|p2a: Dodrio|Dodrio, L83, F|51/235","|move|p1a: Meloetta|Hyper Voice|p2a: Dodrio","|-damage|p2a: Dodrio|0 fnt","|faint|p2a: Dodrio","|","|","|switch|p2a: Scrafty|Scrafty, L79, F|50/232","|turn|16","|","|move|p1a: Meloetta|Hyper Voice|p2a: Scrafty","|-damage|p2a: Scrafty|0 fnt","|faint|p2a: Scrafty","|","|","|switch|p2a: Roserade|Roserade, L77, F|219/219","|turn|17","|","|move|p1a: Meloetta|Psyshock|p2a: Roserade","|-supereffective|p2a: Roserade","|-damage|p2a: Roserade|0 fnt","|faint|p2a: Roserade","|","|","|switch|p2a: Rayquaza|Rayquaza, L73|113/274","|-ability|p2a: Rayquaza|Air Lock","|turn|18","|","|move|p1a: Meloetta|Hyper Voice|p2a: Rayquaza","|-damage|p2a: Rayquaza|0 fnt","|faint|p2a: Rayquaza","|","|win|estebandido888"],"p1rating":{"entryid":"141534","serverid":"eos","formatid":"randombattle","userid":"estebandido888","username":"estebandido888","w":5,"l":"1","t":"0","gxe":63.1,"r":1584.741736767,"rd":102.64229320419,"sigma":"0","rptime":1440061200,"rpr":1605.1131717607,"rprd":99.185622956485,"rpsigma":"0","acre":1142.4332331331,"lacre":1142.4332331331,"oldacre":"1126.13028373"},"p2rating":{"entryid":"190161","serverid":"eos","formatid":"randombattle","userid":"infernodpx","username":"Inferno DPX","w":"0","l":2,"t":"0","gxe":41.3,"r":"1500","rd":"130","sigma":"0","rptime":"1440061200","rpr":1430.2411664051,"rprd":116.59973141967,"rpsigma":"0","acre":1000,"lacre":1000,"oldacre":"1000"},"endType":"normal"}