{"seed":[49647,65390,32960,20472],"turns":30,"p1":"WarmerSaferDrier","p2":"logan333333","p1team":[{"name":"Yveltal","moves":["oblivionwing","uturn","toxic","roost"],"ability":"Dark Aura","evs":{"hp":81,"atk":85,"def":85,"spa":89,"spd":85,"spe":85},"ivs":{"hp":31,"atk":31,"def":31,"spa":31,"spd":31,"spe":31},"item":"Leftovers","level":73,"shiny":false},{"name":"Mesprit","moves":["stealthrock","psyshock","healingwish","uturn"],"ability":"Levitate","evs":{"hp":85,"atk":85,"def":85,"spa":85,"spd":85,"spe":85},"ivs":{"hp":31,"atk":31,"def":31,"spa":31,"spd":31,"spe":31},"item":"Leftovers","level":81,"shiny":false},{"name":"Dodrio","moves":["roost","doubleedge","bravebird","quickattack"],"ability":"Early Bird","evs":{"hp":85,"atk":85,"def":85,"spa":85,"spd":85,"spe":85},"ivs":{"hp":31,"atk":31,"def":31,"spa":31,"spd":31,"spe":31},"item":"Life Orb","level":83,"shiny":false},{"name":"Bouffalant","moves":["earthquake","superpower","headcharge","swordsdance"],"ability":"Sap Sipper","evs":{"hp":85,"atk":85,"def":85,"spa":85,"spd":85,"spe":85},"ivs":{"hp":31,"atk":31,"def":31,"spa":31,"spd":31,"spe":31},"item":"Leftovers","level":81,"shiny":false},{"name":"Hoopa-Unbound","moves":["knockoff","hyperspacefury","zenheadbutt","trick"],"ability":"Magician","evs":{"hp":85,"atk":85,"def":85,"spa":85,"spd":85,"spe":85},"ivs":{"hp":31,"atk":31,"def":31,"spa":31,"spd":31,"spe":31},"item":"Choice Band","level":75,"shiny":false},{"name":"Feraligatr","moves":["swordsdance","waterfall","aquajet","crunch"],"ability":"Sheer Force","evs":{"hp":85,"atk":85,"def":85,"spa":85,"spd":85,"spe":85},"ivs":{"hp":31,"atk":31,"def":31,"spa":31,"spd":31,"spe":31},"item":"Life Orb","level":77,"shiny":false}],"p2team":[{"name":"Goodra","moves":["sludgebomb","dracometeor","fireblast","thunderbolt"],"ability":"Sap Sipper","evs":{"hp":85,"atk":85,"def":85,"spa":85,"spd":85,"spe":85},"ivs":{"hp":31,"atk":31,"def":31,"spa":31,"spd":31,"spe":31},"item":"Choice Specs","level":77,"shiny":false},{"name":"Florges","moves":["aromatherapy","protect","moonblast","synthesis"],"ability":"Symbiosis","evs":{"hp":85,"atk":85,"def":85,"spa":85,"spd":85,"spe":85},"ivs":{"hp":31,"atk":31,"def":31,"spa":31,"spd":31,"spe":31},"item":"Leftovers","level":77,"shiny":false},{"name":"Luxray","moves":["facade","icefang","superpower","wildcharge"],"ability":"Guts","evs":{"hp":85,"atk":85,"def":85,"spa":85,"spd":85,"spe":85},"ivs":{"hp":31,"atk":31,"def":31,"spa":31,"spd":31,"spe":31},"item":"Toxic Orb","level":83,"shiny":false},{"name":"Miltank","moves":["toxic","healbell","milkdrink","bodyslam"],"ability":"Sap Sipper","evs":{"hp":85,"atk":85,"def":85,"spa":85,"spd":85,"spe":85},"ivs":{"hp":31,"atk":31,"def":31,"spa":31,"spd":31,"spe":31},"item":"Leftovers","level":81,"shiny":false},{"name":"Breloom","moves":["machpunch","spore","bulletseed","swordsdance"],"ability":"Technician","evs":{"hp":85,"atk":85,"def":85,"spa":85,"spd":85,"spe":85},"ivs":{"hp":31,"atk":31,"def":31,"spa":31,"spd":31,"spe":31},"item":"Leftovers","level":75,"shiny":false},{"name":"Whiscash","moves":["zenheadbutt","waterfall","stoneedge","earthquake"],"ability":"Hydration","evs":{"hp":85,"atk":85,"def":85,"spa":85,"spd":85,"spe":85},"ivs":{"hp":31,"atk":31,"def":31,"spa":31,"spd":31,"spe":31},"item":"Choice Band","level":83,"shiny":false}],"log":["|player|p1|WarmerSaferDrier|1","|player|p2|logan333333|281","|gametype|singles","|gen|6","|tier|Random Battle","|rated","|rule|Sleep Clause Mod: Limit one foe put to sleep","|rule|HP Percentage Mod: HP is shown in percentages","|","|start","|switch|p1a: Yveltal|Yveltal, L73|304/304","|switch|p2a: Goodra|Goodra, L77, F|265/265","|-ability|p1a: Yveltal|Dark Aura","|turn|1","|","|move|p1a: Yveltal|Toxic|p2a: Goodra","|-status|p2a: Goodra|tox","|move|p2a: Goodra|Thunderbolt|p1a: Yveltal","|-supereffective|p1a: Yveltal","|-damage|p1a: Yveltal|130/304","|","|-heal|p1a: Yveltal|149/304|[from] item: Leftovers","|-damage|p2a: Goodra|249/265 tox|[from] psn","|turn|2","|","|move|p1a: Yveltal|Roost|p1a: Yveltal","|-heal|p1a: Yveltal|301/304","|move|p2a: Goodra|Thunderbolt|p1a: Yveltal","|-damage|p1a: Yveltal|200/304","|","|-heal|p1a: Yveltal|219/304|[from] item: Leftovers","|-damage|p2a: Goodra|217/265 tox|[from] psn","|turn|3","|","|switch|p2a: Florges|Florges, L77, F|247/247","|move|p1a: Yveltal|Oblivion Wing|p2a: Florges","|-crit|p2a: Florges","|-damage|p2a: Florges|163/247","|-heal|p1a: Yveltal|282/304|[from] drain|[of] p2a: Florges","|","|-heal|p1a: Yveltal|301/304|[from] item: Leftovers","|-heal|p2a: Florges|178/247|[from] item: Leftovers","|turn|4","|","|move|p1a: Yveltal|Toxic|p2a: Florges","|-status|p2a: Florges|tox","|move|p2a: Florges|Moonblast|p1a: Yveltal","|-supereffective|p1a: Yveltal","|-damage|p1a: Yveltal|119/304","|-unboost|p1a: Yveltal|spa|1","|","|-heal|p1a: Yveltal|138/304|[from] item: Leftovers","|-heal|p2a: Florges|193/247 tox|[from] item: Leftovers","|-damage|p2a: Florges|178/247 tox|[from] psn","|turn|5","|","|move|p1a: Yveltal|U-turn|p2a: Florges","|-resisted|p2a: Florges","|-damage|p2a: Florges|148/247 tox","|","|switch|p1a: Mesprit|Mesprit, L81|262/262","|move|p2a: Florges|Moonblast|p1a: Mesprit","|-damage|p1a: Mesprit|178/262","|","|-heal|p1a: Mesprit|194/262|[from] item: Leftovers","|-heal|p2a: Florges|163/247 tox|[from] item: Leftovers","|-damage|p2a: Florges|133/247 tox|[from] psn","|turn|6","|","|move|p1a: Mesprit|Stealth Rock|p2a: Florges","|-sidestart|p2: logan333333|move: Stealth Rock","|move|p2a: Florges|Aromatherapy|p2a: Florges","|-cureteam|p2a: Florges|[from] move: Aromatherapy","|","|-heal|p1a: Mesprit|210/262|[from] item: Leftovers","|-heal|p2a: Florges|148/247|[from] item: Leftovers","|turn|7","|","|switch|p2a: Whiscash|Whiscash, L83, M|318/318","|-damage|p2a: Whiscash|299/318|[from] Stealth Rock","|move|p1a: Mesprit|Psyshock|p2a: Whiscash","|-damage|p2a: Whiscash|205/318","|","|-heal|p1a: Mesprit|226/262|[from] item: Leftovers","|turn|8","|","|move|p1a: Mesprit|U-turn|p2a: Whiscash","|-damage|p2a: Whiscash|146/318","|","|switch|p1a: Bouffalant|Bouffalant, L81, M|287/287","|move|p2a: Whiscash|Stone Edge|p1a: Bouffalant","|-damage|p1a: Bouffalant|208/287","|","|-heal|p1a: Bouffalant|225/287|[from] item: Leftovers","|turn|9","|","|move|p2a: Whiscash|Stone Edge|p1a: Bouffalant","|-crit|p1a: Bouffalant","|-damage|p1a: Bouffalant|92/287","|move|p1a: Bouffalant|Head Charge|p2a: Whiscash","|-damage|p2a: Whiscash|0 fnt","|-damage|p1a: Bouffalant|55/287|[from] recoil|[of] p2a: Whiscash","|faint|p2a: Whiscash","|","|-heal|p1a: Bouffalant|72/287|[from] item: Leftovers","|","|switch|p2a: Goodra|Goodra, L77, F|217/265","|-damage|p2a: Goodra|184/265|[from] Stealth Rock","|turn|10","|","|move|p2a: Goodra|Sludge Bomb|p1a: Bouffalant","|-damage|p1a: Bouffalant|0 fnt","|faint|p1a: Bouffalant","|","|","|switch|p1a: Yveltal|Yveltal, L73|138/304","|-ability|p1a: Yveltal|Dark Aura","|turn|11","|","|move|p1a: Yveltal|Roost|p1a: Yveltal","|-heal|p1a: Yveltal|290/304","|move|p2a: Goodra|Sludge Bomb|p1a: Yveltal","|-damage|p1a: Yveltal|198/304","|","|-heal|p1a: Yveltal|217/304|[from] item: Leftovers","|turn|12","|","|move|p1a: Yveltal|Toxic|p2a: Goodra|[miss]","|-miss|p1a: Yveltal|p2a: Goodra","|move|p2a: Goodra|Sludge Bomb|p1a: Yveltal","|-damage|p1a: Yveltal|132/304","|","|-heal|p1a: Yveltal|151/304|[from] item: Leftovers","|turn|13","|","|move|p1a: Yveltal|Roost|p1a: Yveltal","|-heal|p1a: Yveltal|303/304","|move|p2a: Goodra|Sludge Bomb|p1a: Yveltal","|-damage|p1a: Yveltal|217/304","|-status|p1a: Yveltal|psn","|","|-heal|p1a: Yveltal|236/304 psn|[from] item: Leftovers","|-damage|p1a: Yveltal|198/304 psn|[from] psn","|turn|14","|","|switch|p2a: Florges|Florges, L77, F|148/247","|-damage|p2a: Florges|118/247|[from] Stealth Rock","|move|p1a: Yveltal|Toxic|p2a: Florges","|-status|p2a: Florges|tox","|","|-heal|p1a: Yveltal|217/304 psn|[from] item: Leftovers","|-heal|p2a: Florges|133/247 tox|[from] item: Leftovers","|-damage|p1a: Yveltal|179/304 psn|[from] psn","|-damage|p2a: Florges|118/247 tox|[from] psn","|turn|15","|","|move|p1a: Yveltal|Oblivion Wing|p2a: Florges","|-damage|p2a: Florges|60/247 tox","|-heal|p1a: Yveltal|223/304 psn|[from] drain|[of] p2a: Florges","|move|p2a: Florges|Synthesis|p2a: Florges","|-heal|p2a: Florges|183/247 tox","|","|-heal|p1a: Yveltal|242/304 psn|[from] item: Leftovers","|-heal|p2a: Florges|198/247 tox|[from] item: Leftovers","|-damage|p1a: Yveltal|204/304 psn|[from] psn","|-damage|p2a: Florges|168/247 tox|[from] psn","|turn|16","|","|move|p1a: Yveltal|U-turn|p2a: Florges","|-resisted|p2a: Florges","|-damage|p2a: Florges|134/247 tox","|","|switch|p1a: Feraligatr|Feraligatr, L77, M|257/257","|move|p2a: Florges|Aromatherapy|p2a: Florges","|-cureteam|p2a: Florges|[from] move: Aromatherapy","|","|-heal|p2a: Florges|149/247|[from] item: Leftovers","|turn|17","|","|switch|p2a: Breloom|Breloom, L75, F|214/214","|-damage|p2a: Breloom|201/214|[from] Stealth Rock","|move|p1a: Feraligatr|Swords Dance|p1a: Feraligatr","|-boost|p1a: Feraligatr|atk|2","|","|-heal|p2a: Breloom|214/214|[from] item: Leftovers","|turn|18","|","|switch|p1a: Mesprit|Mesprit, L81|226/262","|move|p2a: Breloom|Bullet Seed|p1a: Mesprit","|-damage|p1a: Mesprit|189/262","|-damage|p1a: Mesprit|152/262","|-damage|p1a: Mesprit|112/262","|-damage|p1a: Mesprit|76/262","|-hitcount|p1a: Mesprit|4","|","|-heal|p1a: Mesprit|92/262|[from] item: Leftovers","|turn|19","|","|move|p1a: Mesprit|Psyshock|p2a: Breloom","|-supereffective|p2a: Breloom","|-damage|p2a: Breloom|14/214","|move|p2a: Breloom|Bullet Seed|p1a: Mesprit","|-damage|p1a: Mesprit|56/262","|-crit|p1a: Mesprit","|-damage|p1a: Mesprit|0 fnt","|-hitcount|p1a: Mesprit|2","|faint|p1a: Mesprit","|","|-heal|p2a: Breloom|27/214|[from] item: Leftovers","|","|switch|p1a: Dodrio|Dodrio, L83, M|235/235","|turn|20","|","|move|p1a: Dodrio|Quick Attack|p2a: Breloom","|-damage|p2a: Breloom|0 fnt","|-damage|p1a: Dodrio|212/235|[from] item: Life Orb","|faint|p2a: Breloom","|","|","|switch|p2a: Luxray|Luxray, L83, F|268/268","|-damage|p2a: Luxray|235/268|[from] Stealth Rock","|turn|21","|","|switch|p1a: Yveltal|Yveltal, L73|204/304 psn","|-ability|p1a: Yveltal|Dark Aura","|move|p2a: Luxray|Wild Charge|p1a: Yveltal","|-supereffective|p1a: Yveltal","|-damage|p1a: Yveltal|0 fnt","|-damage|p2a: Luxray|184/268|[from] recoil|[of] p1a: Yveltal","|faint|p1a: Yveltal","|","|-status|p2a: Luxray|tox|[from] item: Toxic Orb","|","|switch|p1a: Hoopa-Unbound|Hoopa-Unbound, L75|244/244","|turn|22","|","|move|p2a: Luxray|Ice Fang|p1a: Hoopa-Unbound","|-damage|p1a: Hoopa-Unbound|125/244","|cant|p1a: Hoopa-Unbound|flinch","|","|-damage|p2a: Luxray|168/268 tox|[from] psn","|turn|23","|","|move|p2a: Luxray|Ice Fang|p1a: Hoopa-Unbound","|-damage|p1a: Hoopa-Unbound|7/244","|cant|p1a: Hoopa-Unbound|flinch","|","|-damage|p2a: Luxray|136/268 tox|[from] psn","|turn|24","|","|move|p2a: Luxray|Superpower|p1a: Hoopa-Unbound","|-damage|p1a: Hoopa-Unbound|0 fnt","|-unboost|p2a: Luxray|atk|1","|-unboost|p2a: Luxray|def|1","|faint|p1a: Hoopa-Unbound","|","|-damage|p2a: Luxray|88/268 tox|[from] psn","|","|switch|p1a: Feraligatr|Feraligatr, L77, M|257/257","|turn|25","|","|move|p1a: Feraligatr|Aqua Jet|p2a: Luxray","|-damage|p2a: Luxray|13/268 tox","|-damage|p1a: Feraligatr|232/257|[from] item: Life Orb","|move|p2a: Luxray|Wild Charge|p1a: Feraligatr","|-supereffective|p1a: Feraligatr","|-damage|p1a: Feraligatr|32/257","|-damage|p2a: Luxray|0 fnt|[from] recoil|[of] p1a: Feraligatr","|faint|p2a: Luxray","|","|","|switch|p2a: Goodra|Goodra, L77, F|184/265","|-damage|p2a: Goodra|151/265|[from] Stealth Rock","|turn|26","|","|move|p2a: Goodra|Thunderbolt|p1a: Feraligatr","|-supereffective|p1a: Feraligatr","|-damage|p1a: Feraligatr|0 fnt","|faint|p1a: Feraligatr","|","|","|switch|p1a: Dodrio|Dodrio, L83, M|212/235","|turn|27","|","|move|p1a: Dodrio|Brave Bird|p2a: Goodra","|-damage|p2a: Goodra|0 fnt","|-damage|p1a: Dodrio|162/235|[from] recoil|[of] p2a: Goodra","|-damage|p1a: Dodrio|139/235|[from] item: Life Orb","|faint|p2a: Goodra","|","|","|switch|p2a: Florges|Florges, L77, F|149/247","|-damage|p2a: Florges|119/247|[from] Stealth Rock","|turn|28","|","|move|p1a: Dodrio|Brave Bird|p2a: Florges","|-damage|p2a: Florges|0 fnt","|-damage|p1a: Dodrio|100/235|[from] recoil|[of] p2a: Florges","|-damage|p1a: Dodrio|77/235|[from] item: Life Orb","|faint|p2a: Florges","|","|","|switch|p2a: Miltank|Miltank, L81, F|287/287","|-damage|p2a: Miltank|252/287|[from] Stealth Rock","|turn|29","|","|move|p1a: Dodrio|Roost|p1a: Dodrio","|-heal|p1a: Dodrio|195/235","|move|p2a: Miltank|Body Slam|p1a: Dodrio","|-damage|p1a: Dodrio|101/235","|-status|p1a: Dodrio|par","|","|-heal|p2a: Miltank|269/287|[from] item: Leftovers","|turn|30","|","|move|p2a: Miltank|Body Slam|p1a: Dodrio","|-damage|p1a: Dodrio|13/235 par","|move|p1a: Dodrio|Brave Bird|p2a: Miltank","|-damage|p2a: Miltank|100/287","|-damage|p1a: Dodrio|0 fnt|[from] recoil|[of] p2a: Miltank","|faint|p1a: Dodrio","|","|win|logan333333"],"p1rating":{"entryid":"49425","serverid":"eos","formatid":"randombattle","userid":"warmersaferdrier","username":"WarmerSaferDrier","w":"1","l":2,"t":"0","gxe":45.8,"r":"1500","rd":"116.96829795962","sigma":"0","rptime":"1440061200","rpr":1466.812183122,"rprd":111.68470436692,"rpsigma":"0","acre":1007.9921601191,"lacre":1007.9921601191,"oldacre":"1022.1660277196"},"p2rating":{"entryid":214089,"formatid":"randombattle","userid":"logan333333","username":"logan333333","r":1500,"rd":130,"sigma":0,"rpr":1540.6050861742,"rprd":122.67172045391,"rpsigma":0,"rptime":1440061200,"w":1,"l":0,"t":0,"gxe":55.1,"acre":1042.5485014602,"lacre":1042.5485014602,"oldacre":1000},"endType":"normal"}