{"seed":[64569,35631,3106,11697],"turns":23,"p1":"SkyLord13684","p2":"estebandido88","p1team":[{"name":"Mamoswine","moves":["iciclecrash","superpower","iceshard","stealthrock"],"ability":"Thick Fat","evs":{"hp":85,"atk":85,"def":85,"spa":85,"spd":85,"spe":85},"ivs":{"hp":31,"atk":31,"def":31,"spa":31,"spd":31,"spe":31},"item":"Life Orb","level":77,"shiny":false},{"name":"Wormadam","moves":["signalbeam","toxic","synthesis","gigadrain"],"ability":"Overcoat","evs":{"hp":85,"atk":85,"def":85,"spa":85,"spd":85,"spe":85},"ivs":{"hp":31,"atk":31,"def":31,"spa":31,"spd":31,"spe":31},"item":"Leftovers","level":83,"shiny":false},{"name":"Volbeat","moves":["tailwind","tailglow","bugbuzz","batonpass"],"ability":"Prankster","evs":{"hp":81,"atk":85,"def":85,"spa":89,"spd":85,"spe":85},"ivs":{"hp":31,"atk":31,"def":31,"spa":31,"spd":31,"spe":31},"item":"Leftovers","level":83,"shiny":false},{"name":"Florges","moves":["calmmind","moonblast","protect","wish"],"ability":"Symbiosis","evs":{"hp":85,"atk":85,"def":85,"spa":85,"spd":85,"spe":85},"ivs":{"hp":31,"atk":31,"def":31,"spa":31,"spd":31,"spe":31},"item":"Leftovers","level":77,"shiny":false},{"name":"Ampharos","moves":["focusblast","agility","thunderbolt","dragonpulse"],"ability":"Static","evs":{"hp":85,"atk":85,"def":85,"spa":85,"spd":85,"spe":85},"ivs":{"hp":31,"atk":31,"def":31,"spa":31,"spd":31,"spe":31},"item":"Ampharosite","level":77,"shiny":false},{"name":"Zekrom","moves":["outrage","voltswitch","roost","dracometeor"],"ability":"Teravolt","evs":{"hp":85,"atk":85,"def":85,"spa":85,"spd":85,"spe":85},"ivs":{"hp":31,"atk":31,"def":31,"spa":31,"spd":31,"spe":31},"item":"Leftovers","level":73,"shiny":false}],"p2team":[{"name":"Girafarig","moves":["substitute","batonpass","psyshock","nastyplot"],"ability":"Sap Sipper","evs":{"hp":85,"atk":85,"def":85,"spa":85,"spd":85,"spe":85},"ivs":{"hp":31,"atk":31,"def":31,"spa":31,"spd":31,"spe":31},"item":"Leftovers","level":83,"shiny":false},{"name":"Poliwrath","moves":["raindance","focusblast","icebeam","hydropump"],"ability":"Swift Swim","evs":{"hp":85,"atk":85,"def":85,"spa":85,"spd":85,"spe":85},"ivs":{"hp":31,"atk":31,"def":31,"spa":31,"spd":31,"spe":31},"item":"Damp Rock","level":81,"shiny":false},{"name":"Lunatone","moves":["icebeam","toxic","calmmind","psychic"],"ability":"Levitate","evs":{"hp":85,"atk":85,"def":85,"spa":85,"spd":85,"spe":85},"ivs":{"hp":31,"atk":31,"def":31,"spa":31,"spd":31,"spe":31},"item":"Leftovers","level":83,"shiny":false},{"name":"Ludicolo","moves":["focusblast","gigadrain","scald","icebeam"],"ability":"Rain Dish","evs":{"hp":85,"atk":85,"def":85,"spa":85,"spd":85,"spe":85},"ivs":{"hp":31,"atk":31,"def":31,"spa":31,"spd":31,"spe":31},"item":"Choice Specs","level":81,"shiny":false},{"name":"Throh","moves":["knockoff","icepunch","bulkup","circlethrow"],"ability":"Mold Breaker","evs":{"hp":85,"atk":85,"def":85,"spa":85,"spd":85,"spe":85},"ivs":{"hp":31,"atk":31,"def":31,"spa":31,"spd":31,"spe":31},"item":"Leftovers","level":82,"shiny":false},{"name":"Garchomp","moves":["stoneedge","earthquake","swordsdance","dracometeor"],"ability":"Rough Skin","evs":{"hp":85,"atk":85,"def":85,"spa":85,"spd":85,"spe":85},"ivs":{"hp":31,"atk":31,"def":31,"spa":31,"spd":31,"spe":31},"item":"Garchompite","level":75,"shiny":false}],"log":["|player|p1|SkyLord13684|102","|player|p2|estebandido88|266","|gametype|singles","|gen|6","|tier|Random Battle","|rated","|rule|Pokemon of the Day: off","|rule|Sleep Clause Mod: Limit one foe put to sleep","|rule|HP Percentage Mod: HP is shown in percentages","|","|start","|switch|p1a: Mamoswine|Mamoswine, L77, M|296/296","|switch|p2a: Girafarig|Girafarig, L83, M|252/252","|turn|1","|","|move|p2a: Girafarig|Psyshock|p1a: Mamoswine","|-damage|p1a: Mamoswine|208/296","|move|p1a: Mamoswine|Superpower|p2a: Girafarig","|-damage|p2a: Girafarig|99/252","|-unboost|p1a: Mamoswine|atk|1","|-unboost|p1a: Mamoswine|def|1","|-damage|p1a: Mamoswine|179/296|[from] item: Life Orb","|","|-heal|p2a: Girafarig|114/252|[from] item: Leftovers","|turn|2","|","|move|p2a: Girafarig|Psyshock|p1a: Mamoswine","|-crit|p1a: Mamoswine","|-damage|p1a: Mamoswine|0 fnt","|faint|p1a: Mamoswine","|","|-heal|p2a: Girafarig|129/252|[from] item: Leftovers","|","|switch|p1a: Ampharos|Ampharos, L77, M|265/265","|turn|3","|","|move|p2a: Girafarig|Psyshock|p1a: Ampharos","|-damage|p1a: Ampharos|168/265","|move|p1a: Ampharos|Dragon Pulse|p2a: Girafarig","|-damage|p2a: Girafarig|55/252","|","|-heal|p2a: Girafarig|70/252|[from] item: Leftovers","|turn|4","|","|move|p2a: Girafarig|Psyshock|p1a: Ampharos","|-damage|p1a: Ampharos|74/265","|move|p1a: Ampharos|Dragon Pulse|p2a: Girafarig","|-damage|p2a: Girafarig|0 fnt","|faint|p2a: Girafarig","|","|","|switch|p2a: Garchomp|Garchomp, L75, M|286/286","|turn|5","|","|move|p2a: Garchomp|Earthquake|p1a: Ampharos","|-supereffective|p1a: Ampharos","|-damage|p1a: Ampharos|0 fnt","|faint|p1a: Ampharos","|","|","|switch|p1a: Zekrom|Zekrom, L73|266/266","|-ability|p1a: Zekrom|Teravolt","|turn|6","|","|move|p2a: Garchomp|Draco Meteor|p1a: Zekrom","|-supereffective|p1a: Zekrom","|-damage|p1a: Zekrom|54/266","|-unboost|p2a: Garchomp|spa|2","|move|p1a: Zekrom|Draco Meteor|p2a: Garchomp","|-supereffective|p2a: Garchomp","|-damage|p2a: Garchomp|0 fnt","|-unboost|p1a: Zekrom|spa|2","|faint|p2a: Garchomp","|","|-heal|p1a: Zekrom|70/266|[from] item: Leftovers","|","|switch|p2a: Poliwrath|Poliwrath, L81, F|278/278","|turn|7","|","|move|p1a: Zekrom|Roost|p1a: Zekrom","|-heal|p1a: Zekrom|203/266","|move|p2a: Poliwrath|Ice Beam|p1a: Zekrom","|-supereffective|p1a: Zekrom","|-damage|p1a: Zekrom|111/266","|","|-heal|p1a: Zekrom|127/266|[from] item: Leftovers","|turn|8","|","|move|p1a: Zekrom|Roost|p1a: Zekrom","|-heal|p1a: Zekrom|260/266","|move|p2a: Poliwrath|Ice Beam|p1a: Zekrom","|-supereffective|p1a: Zekrom","|-damage|p1a: Zekrom|156/266","|","|-heal|p1a: Zekrom|172/266|[from] item: Leftovers","|turn|9","|","|switch|p1a: Wormadam|Wormadam, L83, F|235/235","|move|p2a: Poliwrath|Ice Beam|p1a: Wormadam","|-supereffective|p1a: Wormadam","|-damage|p1a: Wormadam|155/235","|","|-heal|p1a: Wormadam|169/235|[from] item: Leftovers","|turn|10","|","|move|p2a: Poliwrath|Focus Blast|p1a: Wormadam","|-resisted|p1a: Wormadam","|-damage|p1a: Wormadam|125/235","|move|p1a: Wormadam|Giga Drain|p2a: Poliwrath","|-supereffective|p2a: Poliwrath","|-damage|p2a: Poliwrath|138/278","|-heal|p1a: Wormadam|195/235|[from] drain|[of] p2a: Poliwrath","|","|-heal|p1a: Wormadam|209/235|[from] item: Leftovers","|turn|11","|","|switch|p2a: Ludicolo|Ludicolo, L81, F|262/262","|move|p1a: Wormadam|Giga Drain|p2a: Ludicolo","|-damage|p2a: Ludicolo|198/262","|-heal|p1a: Wormadam|235/235|[from] drain|[of] p2a: Ludicolo","|","|turn|12","|","|move|p2a: Ludicolo|Ice Beam|p1a: Wormadam","|-supereffective|p1a: Wormadam","|-damage|p1a: Wormadam|87/235","|move|p1a: Wormadam|Signal Beam|p2a: Ludicolo","|-crit|p2a: Ludicolo","|-supereffective|p2a: Ludicolo","|-damage|p2a: Ludicolo|0 fnt","|faint|p2a: Ludicolo","|","|-heal|p1a: Wormadam|101/235|[from] item: Leftovers","|","|switch|p2a: Lunatone|Lunatone, L83|252/252","|turn|13","|","|move|p2a: Lunatone|Ice Beam|p1a: Wormadam","|-supereffective|p1a: Wormadam","|-damage|p1a: Wormadam|0 fnt","|faint|p1a: Wormadam","|","|","|switch|p1a: Volbeat|Volbeat, L83, M|243/243","|turn|14","|","|move|p1a: Volbeat|Bug Buzz|p2a: Lunatone","|-supereffective|p2a: Lunatone","|-damage|p2a: Lunatone|124/252","|move|p2a: Lunatone|Toxic|p1a: Volbeat","|-status|p1a: Volbeat|tox","|","|-heal|p2a: Lunatone|139/252|[from] item: Leftovers","|-damage|p1a: Volbeat|228/243 tox|[from] psn","|turn|15","|","|move|p1a: Volbeat|Bug Buzz|p2a: Lunatone","|-supereffective|p2a: Lunatone","|-damage|p2a: Lunatone|7/252","|move|p2a: Lunatone|Ice Beam|p1a: Volbeat","|-damage|p1a: Volbeat|155/243 tox","|","|-heal|p1a: Volbeat|170/243 tox|[from] item: Leftovers","|-heal|p2a: Lunatone|22/252|[from] item: Leftovers","|-damage|p1a: Volbeat|140/243 tox|[from] psn","|turn|16","|","|move|p1a: Volbeat|Bug Buzz|p2a: Lunatone","|-supereffective|p2a: Lunatone","|-damage|p2a: Lunatone|0 fnt","|faint|p2a: Lunatone","|","|-heal|p1a: Volbeat|155/243 tox|[from] item: Leftovers","|-damage|p1a: Volbeat|110/243 tox|[from] psn","|","|switch|p2a: Throh|Throh, L82, M|331/331","|-ability|p2a: Throh|Mold Breaker","|turn|17","|","|move|p1a: Volbeat|Tailwind|p1a: Volbeat","|-sidestart|p1: SkyLord13684|move: Tailwind","|move|p2a: Throh|Knock Off|p1a: Volbeat","|-damage|p1a: Volbeat|10/243 tox","|-enditem|p1a: Volbeat|Leftovers|[from] move: Knock Off|[of] p2a: Throh","|","|-damage|p1a: Volbeat|0 fnt|[from] psn","|faint|p1a: Volbeat","|","|switch|p1a: Zekrom|Zekrom, L73|172/266","|-ability|p1a: Zekrom|Teravolt","|turn|18","|","|move|p1a: Zekrom|Outrage|p2a: Throh","|-damage|p2a: Throh|189/331","|move|p2a: Throh|Ice Punch|p1a: Zekrom","|-supereffective|p1a: Zekrom","|-damage|p1a: Zekrom|82/266","|","|-heal|p1a: Zekrom|98/266|[from] item: Leftovers","|-heal|p2a: Throh|209/331|[from] item: Leftovers","|turn|19","|","|move|p1a: Zekrom|Outrage|p2a: Throh|[from]lockedmove","|-damage|p2a: Throh|68/331","|-start|p1a: Zekrom|confusion|[fatigue]","|move|p2a: Throh|Ice Punch|p1a: Zekrom","|-supereffective|p1a: Zekrom","|-damage|p1a: Zekrom|6/266","|","|-heal|p1a: Zekrom|22/266|[from] item: Leftovers","|-heal|p2a: Throh|88/331|[from] item: Leftovers","|turn|20","|","|-activate|p1a: Zekrom|confusion","|move|p1a: Zekrom|Roost|p1a: Zekrom","|-heal|p1a: Zekrom|155/266","|move|p2a: Throh|Ice Punch|p1a: Zekrom","|-supereffective|p1a: Zekrom","|-damage|p1a: Zekrom|61/266","|","|-heal|p1a: Zekrom|77/266|[from] item: Leftovers","|-heal|p2a: Throh|108/331|[from] item: Leftovers","|-sideend|p1: SkyLord13684|move: Tailwind","|turn|21","|","|-activate|p1a: Zekrom|confusion","|-damage|p1a: Zekrom|51/266|[from] confusion","|move|p2a: Throh|Ice Punch|p1a: Zekrom","|-supereffective|p1a: Zekrom","|-damage|p1a: Zekrom|0 fnt","|faint|p1a: Zekrom","|","|-heal|p2a: Throh|128/331|[from] item: Leftovers","|","|switch|p1a: Florges|Florges, L77, F|247/247","|turn|22","|","|move|p1a: Florges|Moonblast|p2a: Throh","|-supereffective|p2a: Throh","|-damage|p2a: Throh|0 fnt","|faint|p2a: Throh","|","|","|switch|p2a: Poliwrath|Poliwrath, L81, F|138/278","|turn|23","|","|move|p2a: Poliwrath|Ice Beam|p1a: Florges","|-damage|p1a: Florges|214/247","|move|p1a: Florges|Moonblast|p2a: Poliwrath","|-supereffective|p2a: Poliwrath","|-damage|p2a: Poliwrath|0 fnt","|faint|p2a: Poliwrath","|","|win|SkyLord13684"],"p1rating":{"entryid":"160188","serverid":"eos","formatid":"randombattle","userid":"skylord13684","username":"SkyLord13684","w":4,"l":"3","t":"0","gxe":53.8,"r":"1533.0891783611","rd":"111.51861011339","sigma":"0","rptime":"1440061200","rpr":1529.481134109,"rprd":95.859764622583,"rpsigma":"0","acre":1078.3671153605,"lacre":1078.3671153605,"oldacre":"1050.6565973414"},"p2rating":{"entryid":193498,"formatid":"randombattle","userid":"estebandido88","username":"estebandido88","r":1500,"rd":130,"sigma":0,"rpr":1462.8376334017,"rprd":122.65130312575,"rpsigma":0,"rptime":1440061200,"w":0,"l":1,"t":0,"gxe":45.4,"acre":1000,"lacre":1000,"oldacre":1000},"endType":"normal"}