{"seed":[6314,38338,37730,12259],"turns":29,"p1":"Doga","p2":"Zapyoass","p1team":[{"name":"Spiritomb","moves":["darkpulse","painsplit","suckerpunch","shadowsneak"],"ability":"Infiltrator","evs":{"hp":85,"atk":85,"def":85,"spa":85,"spd":85,"spe":85},"ivs":{"hp":31,"atk":31,"def":31,"spa":31,"spd":31,"spe":31},"item":"Life Orb","level":79,"shiny":false},{"name":"Espeon","moves":["batonpass","shadowball","calmmind","psychic"],"ability":"Magic Bounce","evs":{"hp":85,"atk":85,"def":85,"spa":85,"spd":85,"spe":85},"ivs":{"hp":31,"atk":31,"def":31,"spa":31,"spd":31,"spe":31},"item":"Leftovers","level":77,"shiny":false},{"name":"Mantine","moves":["airslash","sleeptalk","rest","scald"],"ability":"Water Absorb","evs":{"hp":85,"atk":85,"def":85,"spa":85,"spd":85,"spe":85},"ivs":{"hp":31,"atk":31,"def":31,"spa":31,"spd":31,"spe":31},"item":"Leftovers","level":81,"shiny":false},{"name":"Muk","moves":["shadowsneak","curse","icepunch","gunkshot"],"ability":"Poison Touch","evs":{"hp":85,"atk":85,"def":85,"spa":85,"spd":85,"spe":85},"ivs":{"hp":31,"atk":31,"def":31,"spa":31,"spd":31,"spe":31},"item":"Life Orb","level":81,"shiny":false},{"name":"Steelix","moves":["earthquake","toxic","dragontail","heavyslam"],"ability":"Rock Head","evs":{"hp":85,"atk":85,"def":85,"spa":85,"spd":85,"spe":85},"ivs":{"hp":31,"atk":31,"def":31,"spa":31,"spd":31,"spe":31},"item":"Steelixite","level":79,"shiny":false},{"name":"Granbull","moves":["crunch","playrough","healbell","thunderwave"],"ability":"Intimidate","evs":{"hp":85,"atk":85,"def":85,"spa":85,"spd":85,"spe":85},"ivs":{"hp":31,"atk":31,"def":31,"spa":31,"spd":31,"spe":31},"item":"Leftovers","level":81,"shiny":false}],"p2team":[{"name":"Whiscash","moves":["dragondance","waterfall","stoneedge","zenheadbutt"],"ability":"Hydration","evs":{"hp":85,"atk":85,"def":85,"spa":85,"spd":85,"spe":85},"ivs":{"hp":31,"atk":31,"def":31,"spa":31,"spd":31,"spe":31},"item":"Life Orb","level":83,"shiny":false},{"name":"Celebi","moves":["gigadrain","earthpower","psychic","uturn"],"ability":"Natural Cure","evs":{"hp":85,"atk":85,"def":85,"spa":85,"spd":85,"spe":85},"ivs":{"hp":31,"atk":31,"def":31,"spa":31,"spd":31,"spe":31},"item":"Assault Vest","level":75,"shiny":false},{"name":"Whimsicott","moves":["tailwind","leechseed","taunt","moonblast"],"ability":"Prankster","evs":{"hp":85,"atk":85,"def":85,"spa":85,"spd":85,"spe":85},"ivs":{"hp":31,"atk":31,"def":31,"spa":31,"spd":31,"spe":31},"item":"Leftovers","level":77,"shiny":false},{"name":"Solrock","moves":["stealthrock","reflect","willowisp","rockslide"],"ability":"Levitate","evs":{"hp":85,"atk":85,"def":85,"spa":85,"spd":85,"spe":85},"ivs":{"hp":31,"atk":31,"def":31,"spa":31,"spd":31,"spe":31},"item":"Light Clay","level":83,"shiny":false},{"name":"Swellow","moves":["uturn","facade","endeavor","bravebird"],"ability":"Guts","evs":{"hp":85,"atk":85,"def":85,"spa":85,"spd":85,"spe":85},"ivs":{"hp":31,"atk":31,"def":31,"spa":31,"spd":31,"spe":31},"item":"Toxic Orb","level":81,"shiny":false},{"name":"Dialga","moves":["stealthrock","roar","fireblast","flashcannon"],"ability":"Pressure","evs":{"hp":85,"atk":85,"def":85,"spa":85,"spd":85,"spe":85},"ivs":{"hp":31,"atk":31,"def":31,"spa":31,"spd":31,"spe":31},"item":"Air Balloon","level":73,"shiny":false}],"log":["|player|p1|Doga|274","|player|p2|Zapyoass|2","|gametype|singles","|gen|6","|tier|Random Battle","|rated","|rule|Pokemon of the Day: off","|rule|Sleep Clause Mod: Limit one foe put to sleep","|rule|HP Percentage Mod: HP is shown in percentages","|","|start","|switch|p1a: Spiritomb|Spiritomb, L79, M|209/209","|switch|p2a: Whiscash|Whiscash, L83, F|318/318","|turn|1","|","|move|p1a: Spiritomb|Sucker Punch|p2a: Whiscash","|-damage|p2a: Whiscash|204/318","|-damage|p1a: Spiritomb|189/209|[from] item: Life Orb","|move|p2a: Whiscash|Zen Headbutt|p1a: Spiritomb","|-immune|p1a: Spiritomb|[msg]","|","|turn|2","|","|move|p1a: Spiritomb|Shadow Sneak|p2a: Whiscash","|-damage|p2a: Whiscash|152/318","|-damage|p1a: Spiritomb|169/209|[from] item: Life Orb","|move|p2a: Whiscash|Waterfall|p1a: Spiritomb","|-damage|p1a: Spiritomb|82/209","|-damage|p2a: Whiscash|121/318|[from] item: Life Orb","|","|turn|3","|","|move|p2a: Whiscash|Waterfall|p1a: Spiritomb","|-damage|p1a: Spiritomb|4/209","|-damage|p2a: Whiscash|90/318|[from] item: Life Orb","|move|p1a: Spiritomb|Dark Pulse|p2a: Whiscash","|-damage|p2a: Whiscash|0 fnt","|-damage|p1a: Spiritomb|0 fnt|[from] item: Life Orb","|faint|p2a: Whiscash","|faint|p1a: Spiritomb","|","|","|switch|p2a: Whimsicott|Whimsicott, L77, F|219/219","|switch|p1a: Granbull|Granbull, L81, F|278/278","|-ability|p1a: Granbull|Intimidate","|-unboost|p2a: Whimsicott|atk|1","|turn|4","|","|move|p2a: Whimsicott|Leech Seed|p1a: Granbull","|-start|p1a: Granbull|move: Leech Seed","|move|p1a: Granbull|Crunch|p2a: Whimsicott","|-resisted|p2a: Whimsicott","|-damage|p2a: Whimsicott|185/219","|","|-heal|p2a: Whimsicott|198/219|[from] item: Leftovers","|-damage|p1a: Granbull|244/278|[from] Leech Seed|[of] p2a: Whimsicott","|-heal|p2a: Whimsicott|219/219|[silent]","|turn|5","|","|move|p2a: Whimsicott|Taunt|p1a: Granbull","|-start|p1a: Granbull|move: Taunt","|move|p1a: Granbull|Play Rough|p2a: Whimsicott|[miss]","|-miss|p1a: Granbull|p2a: Whimsicott","|","|-heal|p1a: Granbull|261/278|[from] item: Leftovers","|-damage|p1a: Granbull|227/278|[from] Leech Seed|[of] p2a: Whimsicott","|turn|6","|","|move|p2a: Whimsicott|Moonblast|p1a: Granbull","|-damage|p1a: Granbull|131/278","|move|p1a: Granbull|Play Rough|p2a: Whimsicott","|-damage|p2a: Whimsicott|90/219","|","|-heal|p2a: Whimsicott|103/219|[from] item: Leftovers","|-heal|p1a: Granbull|148/278|[from] item: Leftovers","|-damage|p1a: Granbull|114/278|[from] Leech Seed|[of] p2a: Whimsicott","|-heal|p2a: Whimsicott|137/219|[silent]","|turn|7","|","|move|p2a: Whimsicott|Moonblast|p1a: Granbull","|-damage|p1a: Granbull|24/278","|move|p1a: Granbull|Play Rough|p2a: Whimsicott","|-damage|p2a: Whimsicott|14/219","|","|-heal|p2a: Whimsicott|27/219|[from] item: Leftovers","|-heal|p1a: Granbull|41/278|[from] item: Leftovers","|-damage|p1a: Granbull|7/278|[from] Leech Seed|[of] p2a: Whimsicott","|-heal|p2a: Whimsicott|61/219|[silent]","|-end|p1a: Granbull|move: Taunt","|turn|8","|","|move|p2a: Whimsicott|Moonblast|p1a: Granbull","|-damage|p1a: Granbull|0 fnt","|faint|p1a: Granbull","|","|-heal|p2a: Whimsicott|74/219|[from] item: Leftovers","|","|switch|p1a: Espeon|Espeon, L77, F|227/227","|turn|9","|","|move|p2a: Whimsicott|Leech Seed|p1a: Espeon","|move|p1a: Espeon|Leech Seed|p2a: Whimsicott|[from]Magic Bounce","|-immune|p2a: Whimsicott|[msg]","|move|p1a: Espeon|Shadow Ball|p2a: Whimsicott","|-crit|p2a: Whimsicott","|-damage|p2a: Whimsicott|0 fnt","|faint|p2a: Whimsicott","|","|","|switch|p2a: Celebi|Celebi, L75|274/274","|turn|10","|","|move|p1a: Espeon|Shadow Ball|p2a: Celebi","|-crit|p2a: Celebi","|-supereffective|p2a: Celebi","|-damage|p2a: Celebi|146/274","|move|p2a: Celebi|Earth Power|p1a: Espeon","|-damage|p1a: Espeon|176/227","|","|-heal|p1a: Espeon|190/227|[from] item: Leftovers","|turn|11","|","|move|p1a: Espeon|Shadow Ball|p2a: Celebi","|-supereffective|p2a: Celebi","|-damage|p2a: Celebi|64/274","|move|p2a: Celebi|U-turn|p1a: Espeon","|-supereffective|p1a: Espeon","|-damage|p1a: Espeon|62/227","|","|switch|p2a: Swellow|Swellow, L81, M|230/230","|","|-heal|p1a: Espeon|76/227|[from] item: Leftovers","|-status|p2a: Swellow|tox|[from] item: Toxic Orb","|turn|12","|","|move|p2a: Swellow|U-turn|p1a: Espeon","|-supereffective|p1a: Espeon","|-damage|p1a: Espeon|0 fnt","|faint|p1a: Espeon","|","|switch|p2a: Celebi|Celebi, L75|64/274","|","|","|switch|p1a: Mantine|Mantine, L81, M|238/238","|turn|13","|","|move|p2a: Celebi|Giga Drain|p1a: Mantine","|-damage|p1a: Mantine|187/238","|-heal|p2a: Celebi|90/274|[from] drain|[of] p1a: Mantine","|move|p1a: Mantine|Air Slash|p2a: Celebi","|-supereffective|p2a: Celebi","|-damage|p2a: Celebi|10/274","|","|-heal|p1a: Mantine|201/238|[from] item: Leftovers","|turn|14","|","|move|p2a: Celebi|Psychic|p1a: Mantine","|-damage|p1a: Mantine|146/238","|move|p1a: Mantine|Air Slash|p2a: Celebi","|-supereffective|p2a: Celebi","|-damage|p2a: Celebi|0 fnt","|faint|p2a: Celebi","|","|-heal|p1a: Mantine|160/238|[from] item: Leftovers","|","|switch|p2a: Swellow|Swellow, L81, M|230/230 tox","|turn|15","|","|switch|p1a: Muk|Muk, L81, M|303/303","|move|p2a: Swellow|Brave Bird|p1a: Muk","|-damage|p1a: Muk|110/303","|-damage|p2a: Swellow|166/230 tox|[from] recoil|[of] p1a: Muk","|","|-damage|p2a: Swellow|152/230 tox|[from] psn","|turn|16","|","|switch|p1a: Steelix|Steelix, L79, M|248/248","|move|p2a: Swellow|Brave Bird|p1a: Steelix","|-resisted|p1a: Steelix","|-damage|p1a: Steelix|203/248","|-damage|p2a: Swellow|137/230 tox|[from] recoil|[of] p1a: Steelix","|","|-damage|p2a: Swellow|109/230 tox|[from] psn","|turn|17","|","|detailschange|p1a: Steelix|Steelix-Mega, L79, M","|-mega|p1a: Steelix|Steelix|Steelixite","|move|p2a: Swellow|Facade|p1a: Steelix","|-resisted|p1a: Steelix","|-damage|p1a: Steelix|158/248","|move|p1a: Steelix|Heavy Slam|p2a: Swellow","|-damage|p2a: Swellow|0 fnt","|faint|p2a: Swellow","|","|","|switch|p2a: Dialga|Dialga, L73|266/266","|-ability|p2a: Dialga|Pressure","|-item|p2a: Dialga|Air Balloon","|turn|18","|","|move|p2a: Dialga|Fire Blast|p1a: Steelix","|-supereffective|p1a: Steelix","|-damage|p1a: Steelix|0 fnt","|faint|p1a: Steelix","|","|","|switch|p1a: Muk|Muk, L81, M|110/303","|turn|19","|","|move|p2a: Dialga|Flash Cannon|p1a: Muk","|-damage|p1a: Muk|16/303","|move|p1a: Muk|Ice Punch|p2a: Dialga","|-damage|p2a: Dialga|204/266","|-enditem|p2a: Dialga|Air Balloon","|-damage|p1a: Muk|0 fnt|[from] item: Life Orb","|faint|p1a: Muk","|","|","|switch|p1a: Mantine|Mantine, L81, M|160/238","|turn|20","|","|move|p2a: Dialga|Flash Cannon|p1a: Mantine","|-resisted|p1a: Mantine","|-damage|p1a: Mantine|127/238","|move|p1a: Mantine|Scald|p2a: Dialga","|-resisted|p2a: Dialga","|-damage|p2a: Dialga|168/266","|","|-heal|p1a: Mantine|141/238|[from] item: Leftovers","|turn|21","|","|move|p2a: Dialga|Fire Blast|p1a: Mantine","|-resisted|p1a: Mantine","|-damage|p1a: Mantine|113/238","|move|p1a: Mantine|Air Slash|p2a: Dialga|[miss]","|-miss|p1a: Mantine|p2a: Dialga","|","|-heal|p1a: Mantine|127/238|[from] item: Leftovers","|turn|22","|","|move|p2a: Dialga|Flash Cannon|p1a: Mantine","|-resisted|p1a: Mantine","|-damage|p1a: Mantine|93/238","|move|p1a: Mantine|Air Slash|p2a: Dialga","|-resisted|p2a: Dialga","|-damage|p2a: Dialga|135/266","|","|-heal|p1a: Mantine|107/238|[from] item: Leftovers","|turn|23","|","|move|p2a: Dialga|Flash Cannon|p1a: Mantine","|-resisted|p1a: Mantine","|-damage|p1a: Mantine|75/238","|move|p1a: Mantine|Scald|p2a: Dialga","|-resisted|p2a: Dialga","|-damage|p2a: Dialga|98/266","|","|-heal|p1a: Mantine|89/238|[from] item: Leftovers","|turn|24","|","|move|p2a: Dialga|Flash Cannon|p1a: Mantine","|-resisted|p1a: Mantine","|-damage|p1a: Mantine|56/238","|move|p1a: Mantine|Rest|p1a: Mantine","|-status|p1a: Mantine|slp","|-heal|p1a: Mantine|238/238 slp|[silent]","|-status|p1a: Mantine|slp|[from] move: Rest","|","|turn|25","|","|switch|p2a: Solrock|Solrock, L83|252/252","|cant|p1a: Mantine|slp","|move|p1a: Mantine|Sleep Talk|p1a: Mantine","|move|p1a: Mantine|Scald|p2a: Solrock|[from]Sleep Talk","|-supereffective|p2a: Solrock","|-damage|p2a: Solrock|76/252","|-status|p2a: Solrock|brn","|","|-damage|p2a: Solrock|45/252 brn|[from] brn","|turn|26","|","|move|p2a: Solrock|Rock Slide|p1a: Mantine","|-supereffective|p1a: Mantine","|-damage|p1a: Mantine|141/238 slp","|cant|p1a: Mantine|slp","|move|p1a: Mantine|Sleep Talk|p1a: Mantine","|move|p1a: Mantine|Scald|p2a: Solrock|[from]Sleep Talk","|-supereffective|p2a: Solrock","|-damage|p2a: Solrock|0 fnt","|faint|p2a: Solrock","|","|-heal|p1a: Mantine|155/238 slp|[from] item: Leftovers","|","|switch|p2a: Dialga|Dialga, L73|98/266","|-ability|p2a: Dialga|Pressure","|turn|27","|","|move|p2a: Dialga|Flash Cannon|p1a: Mantine","|-resisted|p1a: Mantine","|-damage|p1a: Mantine|122/238 slp","|-curestatus|p1a: Mantine|slp","|move|p1a: Mantine|Scald|p2a: Dialga","|-crit|p2a: Dialga","|-resisted|p2a: Dialga","|-damage|p2a: Dialga|46/266","|","|-heal|p1a: Mantine|136/238|[from] item: Leftovers","|turn|28","|","|move|p2a: Dialga|Flash Cannon|p1a: Mantine","|-resisted|p1a: Mantine","|-damage|p1a: Mantine|103/238","|move|p1a: Mantine|Scald|p2a: Dialga","|-resisted|p2a: Dialga","|-damage|p2a: Dialga|11/266","|","|-heal|p1a: Mantine|117/238|[from] item: Leftovers","|turn|29","|","|move|p2a: Dialga|Flash Cannon|p1a: Mantine","|-resisted|p1a: Mantine","|-damage|p1a: Mantine|87/238","|move|p1a: Mantine|Scald|p2a: Dialga","|-resisted|p2a: Dialga","|-damage|p2a: Dialga|0 fnt","|faint|p2a: Dialga","|","|win|Doga"],"p1rating":{"entryid":"73282","serverid":"eos","formatid":"randombattle","userid":"doga","username":"Doga","w":9,"l":"3","t":"0","gxe":63.9,"r":1596.7284534506,"rd":85.404461854227,"sigma":"0","rptime":1440061200,"rpr":1610.5782621573,"rprd":83.411369812775,"rpsigma":"0","acre":1163.4504203359,"lacre":1163.4504203359,"oldacre":"1148.5313254434"},"p2rating":{"entryid":176168,"formatid":"randombattle","userid":"zapyoass","username":"Zapyoass","r":1500,"rd":130,"sigma":0,"rpr":1459.0208831452,"rprd":122.53482562939,"rpsigma":0,"rptime":1440061200,"w":0,"l":1,"t":0,"gxe":44.9,"acre":1000,"lacre":1000,"oldacre":1000},"endType":"normal"}