{"seed":[11419,9818,35466,52987],"turns":25,"p1":"estebandido888","p2":"SkyLord13684","p1team":[{"name":"Furret","moves":["trick","firepunch","knockoff","doubleedge"],"ability":"Keen Eye","evs":{"hp":85,"atk":85,"def":85,"spa":85,"spd":85,"spe":85},"ivs":{"hp":31,"atk":31,"def":31,"spa":31,"spd":31,"spe":31},"item":"Choice Scarf","level":83,"shiny":false},{"name":"Mamoswine","moves":["iceshard","endeavor","iciclecrash","knockoff"],"ability":"Thick Fat","evs":{"hp":85,"atk":85,"def":85,"spa":85,"spd":85,"spe":85},"ivs":{"hp":31,"atk":31,"def":31,"spa":31,"spd":31,"spe":31},"item":"Focus Sash","level":77,"shiny":false},{"name":"Beheeyem","moves":["hiddenpowerfighting","trickroom","thunderbolt","psyshock"],"ability":"Analytic","evs":{"hp":170,"atk":85,"def":85,"spa":85,"spd":85,"spe":0},"ivs":{"hp":31,"atk":31,"def":30,"spa":30,"spd":30,"spe":0},"item":"Life Orb","level":83,"shiny":false},{"name":"Flareon","moves":["toxic","wish","flareblitz","facade"],"ability":"Guts","evs":{"hp":81,"atk":89,"def":85,"spa":85,"spd":85,"spe":85},"ivs":{"hp":31,"atk":31,"def":31,"spa":31,"spd":31,"spe":31},"item":"Toxic Orb","level":83,"shiny":false},{"name":"Mawile","moves":["substitute","suckerpunch","playrough","firefang"],"ability":"Intimidate","evs":{"hp":85,"atk":85,"def":85,"spa":85,"spd":85,"spe":85},"ivs":{"hp":31,"atk":31,"def":31,"spa":31,"spd":31,"spe":31},"item":"Mawilite","level":74,"shiny":false},{"name":"Simipour","moves":["substitute","focusblast","nastyplot","hydropump"],"ability":"Torrent","evs":{"hp":85,"atk":85,"def":85,"spa":85,"spd":85,"spe":85},"ivs":{"hp":31,"atk":31,"def":31,"spa":31,"spd":31,"spe":31},"item":"Leftovers","level":83,"shiny":false}],"p2team":[{"name":"Alomomola","moves":["protect","wish","scald","knockoff"],"ability":"Regenerator","evs":{"hp":85,"atk":85,"def":85,"spa":85,"spd":85,"spe":85},"ivs":{"hp":31,"atk":31,"def":31,"spa":31,"spd":31,"spe":31},"item":"Leftovers","level":79,"shiny":true},{"name":"Steelix","moves":["stealthrock","toxic","roar","heavyslam"],"ability":"Sturdy","evs":{"hp":85,"atk":85,"def":85,"spa":85,"spd":85,"spe":85},"ivs":{"hp":31,"atk":31,"def":31,"spa":31,"spd":31,"spe":31},"item":"Steelixite","level":79,"shiny":false},{"name":"Kyurem","moves":["dracometeor","roost","earthpower","focusblast"],"ability":"Pressure","evs":{"hp":85,"atk":85,"def":85,"spa":85,"spd":85,"spe":85},"ivs":{"hp":31,"atk":31,"def":31,"spa":31,"spd":31,"spe":31},"item":"Leftovers","level":78,"shiny":false},{"name":"Ledian","moves":["reflect","lightscreen","roost","uturn"],"ability":"Early Bird","evs":{"hp":85,"atk":85,"def":85,"spa":85,"spd":85,"spe":85},"ivs":{"hp":31,"atk":31,"def":31,"spa":31,"spd":31,"spe":31},"item":"Light Clay","level":83,"shiny":false},{"name":"Vanilluxe","moves":["hiddenpowerground","autotomize","freezedry","flashcannon"],"ability":"Ice Body","evs":{"hp":85,"atk":85,"def":85,"spa":85,"spd":85,"spe":85},"ivs":{"hp":31,"atk":31,"def":31,"spa":30,"spd":30,"spe":31},"item":"Life Orb","level":83,"shiny":false},{"name":"Entei","moves":["extremespeed","bulldoze","flareblitz","stoneedge"],"ability":"Flash Fire","evs":{"hp":81,"atk":89,"def":85,"spa":85,"spd":85,"spe":85},"ivs":{"hp":31,"atk":31,"def":31,"spa":31,"spd":31,"spe":31},"item":"Choice Band","level":77,"shiny":false}],"log":["|player|p1|estebandido888|2","|player|p2|SkyLord13684|102","|gametype|singles","|gen|6","|tier|Random Battle","|rated","|rule|Pokemon of the Day: off","|rule|Sleep Clause Mod: Limit one foe put to sleep","|rule|HP Percentage Mod: HP is shown in percentages","|","|start","|switch|p1a: Furret|Furret, L83, M|277/277","|switch|p2a: Alomomola|Alomomola, L79, M, shiny|390/390","|turn|1","|","|move|p1a: Furret|Knock Off|p2a: Alomomola","|-damage|p2a: Alomomola|323/390","|-enditem|p2a: Alomomola|Leftovers|[from] move: Knock Off|[of] p1a: Furret","|move|p2a: Alomomola|Scald|p1a: Furret","|-damage|p1a: Furret|214/277","|","|turn|2","|","|move|p1a: Furret|Knock Off|p2a: Alomomola","|-damage|p2a: Alomomola|276/390","|move|p2a: Alomomola|Knock Off|p1a: Furret","|-damage|p1a: Furret|147/277","|-enditem|p1a: Furret|Choice Scarf|[from] move: Knock Off|[of] p2a: Alomomola","|","|turn|3","|","|move|p1a: Furret|Double-Edge|p2a: Alomomola","|-damage|p2a: Alomomola|158/390","|-damage|p1a: Furret|108/277|[from] recoil|[of] p2a: Alomomola","|move|p2a: Alomomola|Knock Off|p1a: Furret","|-damage|p1a: Furret|68/277","|","|turn|4","|","|move|p1a: Furret|Trick|p2a: Alomomola","|-fail|p2a: Alomomola","|move|p2a: Alomomola|Wish|p2a: Alomomola","|","|turn|5","|","|move|p1a: Furret|Double-Edge|p2a: Alomomola","|-damage|p2a: Alomomola|43/390","|-damage|p1a: Furret|30/277|[from] recoil|[of] p2a: Alomomola","|move|p2a: Alomomola|Knock Off|p1a: Furret","|-damage|p1a: Furret|0 fnt","|faint|p1a: Furret","|","|-heal|p2a: Alomomola|238/390|[from] move: Wish|[wisher] Alomomola","|","|switch|p1a: Mawile|Mawile, L74, M|196/196","|-ability|p1a: Mawile|Intimidate","|-unboost|p2a: Alomomola|atk|1","|turn|6","|","|detailschange|p1a: Mawile|Mawile-Mega, L74, M","|-mega|p1a: Mawile|Mawile|Mawilite","|move|p2a: Alomomola|Wish|p2a: Alomomola","|move|p1a: Mawile|Play Rough|p2a: Alomomola","|-damage|p2a: Alomomola|69/390","|","|turn|7","|","|move|p1a: Mawile|Sucker Punch|p2a: Alomomola","|-damage|p2a: Alomomola|0 fnt","|faint|p2a: Alomomola","|","|","|switch|p2a: Steelix|Steelix, L79, F|248/248","|turn|8","|","|switch|p1a: Flareon|Flareon, L83, F|243/243","|detailschange|p2a: Steelix|Steelix-Mega, L79, F","|-mega|p2a: Steelix|Steelix|Steelixite","|move|p2a: Steelix|Stealth Rock|p1a: Flareon","|-sidestart|p1: estebandido888|move: Stealth Rock","|","|-status|p1a: Flareon|tox|[from] item: Toxic Orb","|turn|9","|","|move|p1a: Flareon|Flare Blitz|p2a: Steelix","|-supereffective|p2a: Steelix","|-damage|p2a: Steelix|36/248","|-damage|p1a: Flareon|173/243 tox|[from] recoil|[of] p2a: Steelix","|move|p2a: Steelix|Heavy Slam|p1a: Flareon","|-resisted|p1a: Flareon","|-damage|p1a: Flareon|80/243 tox","|","|-damage|p1a: Flareon|65/243 tox|[from] psn","|turn|10","|","|move|p1a: Flareon|Flare Blitz|p2a: Steelix","|-supereffective|p2a: Steelix","|-damage|p2a: Steelix|0 fnt","|-damage|p1a: Flareon|53/243 tox|[from] recoil|[of] p2a: Steelix","|faint|p2a: Steelix","|","|-damage|p1a: Flareon|23/243 tox|[from] psn","|","|switch|p2a: Ledian|Ledian, L83, M|227/227","|turn|11","|","|move|p2a: Ledian|U-turn|p1a: Flareon","|-resisted|p1a: Flareon","|-damage|p1a: Flareon|0 fnt","|faint|p1a: Flareon","|","|switch|p2a: Vanilluxe|Vanilluxe, L83, M|254/254","|","|","|switch|p1a: Mamoswine|Mamoswine, L77, F|296/296","|-damage|p1a: Mamoswine|259/296|[from] Stealth Rock","|turn|12","|","|move|p2a: Vanilluxe|Flash Cannon|p1a: Mamoswine","|-supereffective|p1a: Mamoswine","|-damage|p1a: Mamoswine|25/296","|-damage|p2a: Vanilluxe|229/254|[from] item: Life Orb","|move|p1a: Mamoswine|Knock Off|p2a: Vanilluxe","|-damage|p2a: Vanilluxe|159/254","|-enditem|p2a: Vanilluxe|Life Orb|[from] move: Knock Off|[of] p1a: Mamoswine","|","|turn|13","|","|move|p2a: Vanilluxe|Flash Cannon|p1a: Mamoswine","|-supereffective|p1a: Mamoswine","|-damage|p1a: Mamoswine|0 fnt","|faint|p1a: Mamoswine","|","|","|switch|p1a: Mawile|Mawile-Mega, L74, M|196/196","|-damage|p1a: Mawile|184/196|[from] Stealth Rock","|turn|14","|","|move|p2a: Vanilluxe|Hidden Power|p1a: Mawile","|-supereffective|p1a: Mawile","|-damage|p1a: Mawile|90/196","|move|p1a: Mawile|Play Rough|p2a: Vanilluxe","|-crit|p2a: Vanilluxe","|-damage|p2a: Vanilluxe|0 fnt","|faint|p2a: Vanilluxe","|","|","|switch|p2a: Ledian|Ledian, L83, M|227/227","|turn|15","|","|move|p2a: Ledian|U-turn|p1a: Mawile","|-resisted|p1a: Mawile","|-damage|p1a: Mawile|82/196","|","|switch|p2a: Entei|Entei, L77|303/303","|move|p1a: Mawile|Play Rough|p2a: Entei","|-resisted|p2a: Entei","|-damage|p2a: Entei|213/303","|","|turn|16","|","|move|p2a: Entei|Extreme Speed|p1a: Mawile","|-resisted|p1a: Mawile","|-damage|p1a: Mawile|49/196","|move|p1a: Mawile|Sucker Punch|p2a: Entei","|-fail|p1a: Mawile","|","|turn|17","|","|move|p2a: Entei|Extreme Speed|p1a: Mawile","|-resisted|p1a: Mawile","|-damage|p1a: Mawile|14/196","|move|p1a: Mawile|Sucker Punch|p2a: Entei","|-fail|p1a: Mawile","|","|turn|18","|","|move|p2a: Entei|Extreme Speed|p1a: Mawile","|-resisted|p1a: Mawile","|-damage|p1a: Mawile|0 fnt","|faint|p1a: Mawile","|","|","|switch|p1a: Simipour|Simipour, L83, F|260/260","|-damage|p1a: Simipour|228/260|[from] Stealth Rock","|turn|19","|","|switch|p2a: Kyurem|Kyurem, L78|323/323","|-ability|p2a: Kyurem|Pressure","|move|p1a: Simipour|Hydro Pump|p2a: Kyurem|[miss]","|-miss|p1a: Simipour|p2a: Kyurem","|","|-heal|p1a: Simipour|244/260|[from] item: Leftovers","|turn|20","|","|move|p1a: Simipour|Focus Blast|p2a: Kyurem","|-supereffective|p2a: Kyurem","|-damage|p2a: Kyurem|159/323","|move|p2a: Kyurem|Focus Blast|p1a: Simipour","|-crit|p1a: Simipour","|-damage|p1a: Simipour|66/260","|","|-heal|p1a: Simipour|82/260|[from] item: Leftovers","|-heal|p2a: Kyurem|179/323|[from] item: Leftovers","|turn|21","|","|move|p1a: Simipour|Focus Blast|p2a: Kyurem","|-supereffective|p2a: Kyurem","|-damage|p2a: Kyurem|3/323","|move|p2a: Kyurem|Focus Blast|p1a: Simipour","|-damage|p1a: Simipour|0 fnt","|faint|p1a: Simipour","|","|-heal|p2a: Kyurem|23/323|[from] item: Leftovers","|","|switch|p1a: Beheeyem|Beheeyem, L83, F|278/278","|-damage|p1a: Beheeyem|244/278|[from] Stealth Rock","|turn|22","|","|move|p2a: Kyurem|Roost|p2a: Kyurem","|-heal|p2a: Kyurem|185/323","|move|p1a: Beheeyem|Thunderbolt|p2a: Kyurem","|-resisted|p2a: Kyurem","|-damage|p2a: Kyurem|120/323","|-damage|p1a: Beheeyem|217/278|[from] item: Life Orb","|","|-heal|p2a: Kyurem|140/323|[from] item: Leftovers","|turn|23","|","|move|p2a: Kyurem|Roost|p2a: Kyurem","|-heal|p2a: Kyurem|302/323","|move|p1a: Beheeyem|Hidden Power|p2a: Kyurem","|-supereffective|p2a: Kyurem","|-damage|p2a: Kyurem|130/323","|-damage|p1a: Beheeyem|190/278|[from] item: Life Orb","|","|-heal|p2a: Kyurem|150/323|[from] item: Leftovers","|turn|24","|","|move|p2a: Kyurem|Focus Blast|p1a: Beheeyem","|-resisted|p1a: Beheeyem","|-damage|p1a: Beheeyem|146/278","|move|p1a: Beheeyem|Hidden Power|p2a: Kyurem","|-supereffective|p2a: Kyurem","|-damage|p2a: Kyurem|0 fnt","|-damage|p1a: Beheeyem|119/278|[from] item: Life Orb","|faint|p2a: Kyurem","|","|","|switch|p2a: Entei|Entei, L77|213/303","|turn|25","|","|move|p2a: Entei|Flare Blitz|p1a: Beheeyem","|-damage|p1a: Beheeyem|0 fnt","|-damage|p2a: Entei|174/303|[from] recoil|[of] p1a: Beheeyem","|faint|p1a: Beheeyem","|","|win|SkyLord13684"],"p1rating":{"entryid":"141534","serverid":"eos","formatid":"randombattle","userid":"estebandido888","username":"estebandido888","w":"6","l":3,"t":"0","gxe":58.8,"r":"1584.741736767","rd":"102.64229320419","sigma":"0","rptime":"1440061200","rpr":1568.9829644668,"rprd":90.233530136673,"rpsigma":"0","acre":1097.7416574337,"lacre":1097.7416574337,"oldacre":"1126.1590354497"},"p2rating":{"entryid":"160188","serverid":"eos","formatid":"randombattle","userid":"skylord13684","username":"SkyLord13684","w":5,"l":"3","t":"0","gxe":57.2,"r":"1533.0891783611","rd":"111.51861011339","sigma":"0","rptime":"1440061200","rpr":1556.575622285,"rprd":92.781136175887,"rpsigma":"0","acre":1110.4729925388,"lacre":1110.4729925388,"oldacre":"1078.3671153605"},"endType":"normal"}