{"seed":[9344,22627,64688,42836],"turns":21,"p1":"Moncayo","p2":"estebandido888","p1team":[{"name":"Smeargle","moves":["destinybond","stickyweb","spikes","stealthrock"],"ability":"Technician","evs":{"hp":85,"atk":85,"def":85,"spa":85,"spd":85,"spe":85},"ivs":{"hp":31,"atk":31,"def":31,"spa":31,"spd":31,"spe":31},"item":"Focus Sash","level":77,"shiny":false},{"name":"Zekrom","moves":["voltswitch","outrage","boltstrike","dracometeor"],"ability":"Teravolt","evs":{"hp":85,"atk":85,"def":85,"spa":85,"spd":85,"spe":85},"ivs":{"hp":31,"atk":31,"def":31,"spa":31,"spd":31,"spe":31},"item":"Assault Vest","level":73,"shiny":false},{"name":"Slowbro","moves":["calmmind","grassknot","scald","fireblast"],"ability":"Regenerator","evs":{"hp":85,"atk":85,"def":85,"spa":85,"spd":85,"spe":85},"ivs":{"hp":31,"atk":31,"def":31,"spa":31,"spd":31,"spe":31},"item":"Slowbronite","level":75,"shiny":false},{"name":"Phione","moves":["raindance","uturn","rest","scald"],"ability":"Hydration","evs":{"hp":85,"atk":85,"def":85,"spa":85,"spd":85,"spe":85},"ivs":{"hp":31,"atk":31,"def":31,"spa":31,"spd":31,"spe":31},"item":"Damp Rock","level":83,"shiny":false},{"name":"Diancie","moves":["lightscreen","moonblast","reflect","hiddenpowerfire"],"ability":"Clear Body","evs":{"hp":85,"atk":85,"def":85,"spa":85,"spd":85,"spe":85},"ivs":{"hp":31,"atk":30,"def":31,"spa":30,"spd":31,"spe":30},"item":"Light Clay","level":77,"shiny":false},{"name":"Gardevoir","moves":["moonblast","psychic","shadowball","thunderbolt"],"ability":"Trace","evs":{"hp":85,"atk":85,"def":85,"spa":85,"spd":85,"spe":85},"ivs":{"hp":31,"atk":31,"def":31,"spa":31,"spd":31,"spe":31},"item":"Choice Specs","level":79,"shiny":false}],"p2team":[{"name":"Raikou","moves":["thunderbolt","aurasphere","hiddenpowerice","extrasensory"],"ability":"Volt Absorb","evs":{"hp":85,"atk":85,"def":85,"spa":85,"spd":85,"spe":85},"ivs":{"hp":31,"atk":30,"def":30,"spa":31,"spd":31,"spe":31},"item":"Choice Specs","level":75,"shiny":false},{"name":"Druddigon","moves":["gunkshot","stealthrock","dragontail","outrage"],"ability":"Sheer Force","evs":{"hp":85,"atk":85,"def":85,"spa":85,"spd":85,"spe":85},"ivs":{"hp":31,"atk":31,"def":31,"spa":31,"spd":31,"spe":31},"item":"Life Orb","level":79,"shiny":false},{"name":"Basculin","moves":["aquajet","superpower","waterfall","zenheadbutt"],"ability":"Adaptability","evs":{"hp":85,"atk":85,"def":85,"spa":85,"spd":85,"spe":85},"ivs":{"hp":31,"atk":31,"def":31,"spa":31,"spd":31,"spe":31},"item":"Choice Band","level":83,"shiny":false},{"name":"Ho-Oh","moves":["sacredfire","substitute","earthquake","roost"],"ability":"Regenerator","evs":{"hp":85,"atk":85,"def":85,"spa":85,"spd":85,"spe":85},"ivs":{"hp":31,"atk":31,"def":31,"spa":31,"spd":31,"spe":31},"item":"Leftovers","level":73,"shiny":false},{"name":"Excadrill","moves":["rockslide","swordsdance","earthquake","ironhead"],"ability":"Mold Breaker","evs":{"hp":85,"atk":85,"def":85,"spa":85,"spd":85,"spe":85},"ivs":{"hp":31,"atk":31,"def":31,"spa":31,"spd":31,"spe":31},"item":"Life Orb","level":75,"shiny":false},{"name":"Drifblim","moves":["acrobatics","destinybond","willowisp","substitute"],"ability":"Unburden","evs":{"hp":85,"atk":85,"def":85,"spa":85,"spd":85,"spe":85},"ivs":{"hp":31,"atk":31,"def":31,"spa":31,"spd":31,"spe":31},"item":"Flying Gem","level":83,"shiny":false}],"log":["|player|p1|Moncayo|2","|player|p2|estebandido888|2","|gametype|singles","|gen|6","|tier|Random Battle","|rated","|rule|Pokemon of the Day: off","|rule|Sleep Clause Mod: Limit one foe put to sleep","|rule|HP Percentage Mod: HP is shown in percentages","|","|start","|switch|p1a: Smeargle|Smeargle, L77, F|211/211","|switch|p2a: Raikou|Raikou, L75|259/259","|turn|1","|","|move|p2a: Raikou|Aura Sphere|p1a: Smeargle","|-crit|p1a: Smeargle","|-supereffective|p1a: Smeargle","|-enditem|p1a: Smeargle|Focus Sash","|-damage|p1a: Smeargle|1/211","|move|p1a: Smeargle|Stealth Rock|p2a: Raikou","|-sidestart|p2: estebandido888|move: Stealth Rock","|","|turn|2","|","|move|p2a: Raikou|Aura Sphere|p1a: Smeargle","|-supereffective|p1a: Smeargle","|-damage|p1a: Smeargle|0 fnt","|faint|p1a: Smeargle","|","|","|switch|p1a: Diancie|Diancie, L77|204/204","|turn|3","|","|move|p2a: Raikou|Aura Sphere|p1a: Diancie","|-damage|p1a: Diancie|144/204","|move|p1a: Diancie|Moonblast|p2a: Raikou","|-damage|p2a: Raikou|177/259","|-unboost|p2a: Raikou|spa|1","|","|turn|4","|","|move|p2a: Raikou|Aura Sphere|p1a: Diancie","|-damage|p1a: Diancie|104/204","|move|p1a: Diancie|Moonblast|p2a: Raikou","|-damage|p2a: Raikou|90/259","|","|turn|5","|","|move|p2a: Raikou|Aura Sphere|p1a: Diancie","|-damage|p1a: Diancie|69/204","|move|p1a: Diancie|Moonblast|p2a: Raikou","|-damage|p2a: Raikou|6/259","|","|turn|6","|","|move|p2a: Raikou|Aura Sphere|p1a: Diancie","|-damage|p1a: Diancie|31/204","|move|p1a: Diancie|Moonblast|p2a: Raikou","|-damage|p2a: Raikou|0 fnt","|faint|p2a: Raikou","|","|","|switch|p2a: Ho-Oh|Ho-Oh, L73|275/275","|-damage|p2a: Ho-Oh|138/275|[from] Stealth Rock","|turn|7","|","|move|p2a: Ho-Oh|Earthquake|p1a: Diancie","|-supereffective|p1a: Diancie","|-damage|p1a: Diancie|0 fnt","|faint|p1a: Diancie","|","|-heal|p2a: Ho-Oh|155/275|[from] item: Leftovers","|","|switch|p1a: Zekrom|Zekrom, L73|266/266","|-ability|p1a: Zekrom|Teravolt","|turn|8","|","|move|p2a: Ho-Oh|Earthquake|p1a: Zekrom","|-supereffective|p1a: Zekrom","|-damage|p1a: Zekrom|134/266","|move|p1a: Zekrom|Volt Switch|p2a: Ho-Oh","|-supereffective|p2a: Ho-Oh","|-damage|p2a: Ho-Oh|47/275","|","|switch|p1a: Gardevoir|Gardevoir, L79, M|237/237","|-ability|p1a: Gardevoir|Regenerator|[from] ability: Trace|[of] p2a: Ho-Oh","|","|-heal|p2a: Ho-Oh|64/275|[from] item: Leftovers","|turn|9","|","|move|p2a: Ho-Oh|Sacred Fire|p1a: Gardevoir","|-damage|p1a: Gardevoir|96/237","|-status|p1a: Gardevoir|brn","|move|p1a: Gardevoir|Thunderbolt|p2a: Ho-Oh","|-supereffective|p2a: Ho-Oh","|-damage|p2a: Ho-Oh|0 fnt","|faint|p2a: Ho-Oh","|","|-damage|p1a: Gardevoir|67/237 brn|[from] brn","|","|switch|p2a: Druddigon|Druddigon, L79, M|251/251","|-damage|p2a: Druddigon|220/251|[from] Stealth Rock","|turn|10","|","|move|p1a: Gardevoir|Thunderbolt|p2a: Druddigon","|-resisted|p2a: Druddigon","|-damage|p2a: Druddigon|171/251","|move|p2a: Druddigon|Outrage|p1a: Gardevoir","|-immune|p1a: Gardevoir|[msg]","|","|-damage|p1a: Gardevoir|38/237 brn|[from] brn","|turn|11","|","|move|p1a: Gardevoir|Thunderbolt|p2a: Druddigon","|-resisted|p2a: Druddigon","|-damage|p2a: Druddigon|121/251","|move|p2a: Druddigon|Dragon Tail|p1a: Gardevoir","|-immune|p1a: Gardevoir|[msg]","|","|-damage|p1a: Gardevoir|9/237 brn|[from] brn","|turn|12","|","|move|p1a: Gardevoir|Thunderbolt|p2a: Druddigon","|-crit|p2a: Druddigon","|-resisted|p2a: Druddigon","|-damage|p2a: Druddigon|37/251","|move|p2a: Druddigon|Gunk Shot|p1a: Gardevoir","|-supereffective|p1a: Gardevoir","|-damage|p1a: Gardevoir|0 fnt","|faint|p1a: Gardevoir","|","|","|switch|p1a: Slowbro|Slowbro, L75, F|266/266","|turn|13","|","|detailschange|p1a: Slowbro|Slowbro-Mega, L75, F","|-mega|p1a: Slowbro|Slowbro|Slowbronite","|move|p2a: Druddigon|Gunk Shot|p1a: Slowbro","|-damage|p1a: Slowbro|178/266","|move|p1a: Slowbro|Scald|p2a: Druddigon","|-resisted|p2a: Druddigon","|-damage|p2a: Druddigon|0 fnt","|faint|p2a: Druddigon","|","|","|switch|p2a: Drifblim|Drifblim, L83, F|385/385","|-damage|p2a: Drifblim|289/385|[from] Stealth Rock","|turn|14","|","|move|p2a: Drifblim|Acrobatics|p1a: Slowbro","|-enditem|p2a: Drifblim|Flying Gem|[from] gem|[move] Acrobatics","|-damage|p1a: Slowbro|90/266","|move|p1a: Slowbro|Fire Blast|p2a: Drifblim","|-damage|p2a: Drifblim|183/385","|","|turn|15","|","|move|p2a: Drifblim|Acrobatics|p1a: Slowbro","|-damage|p1a: Slowbro|27/266","|move|p1a: Slowbro|Fire Blast|p2a: Drifblim","|-damage|p2a: Drifblim|59/385","|","|turn|16","|","|move|p2a: Drifblim|Destiny Bond|p2a: Drifblim","|-singlemove|p2a: Drifblim|Destiny Bond","|move|p1a: Slowbro|Scald|p2a: Drifblim","|-damage|p2a: Drifblim|0 fnt","|faint|p2a: Drifblim","|-activate|p2a: Drifblim|Destiny Bond","|faint|p1a: Slowbro","|","|","|switch|p1a: Phione|Phione, L83|268/268","|switch|p2a: Excadrill|Excadrill, L75, M|289/289","|-damage|p2a: Excadrill|280/289|[from] Stealth Rock","|-ability|p2a: Excadrill|Mold Breaker","|turn|17","|","|move|p1a: Phione|Rain Dance|p1a: Phione","|-weather|RainDance","|move|p2a: Excadrill|Rock Slide|p1a: Phione","|-damage|p1a: Phione|189/268","|-damage|p2a: Excadrill|252/289|[from] item: Life Orb","|","|-weather|RainDance|[upkeep]","|turn|18","|","|move|p1a: Phione|Scald|p2a: Excadrill","|-supereffective|p2a: Excadrill","|-damage|p2a: Excadrill|0 fnt","|faint|p2a: Excadrill","|","|-weather|RainDance|[upkeep]","|","|switch|p2a: Basculin|Basculin, L83, M|252/252","|-damage|p2a: Basculin|221/252|[from] Stealth Rock","|turn|19","|","|move|p2a: Basculin|Zen Headbutt|p1a: Phione","|-crit|p1a: Phione","|-damage|p1a: Phione|66/268","|move|p1a: Phione|Scald|p2a: Basculin","|-resisted|p2a: Basculin","|-damage|p2a: Basculin|152/252","|","|-weather|RainDance|[upkeep]","|turn|20","|","|move|p2a: Basculin|Zen Headbutt|p1a: Phione","|-damage|p1a: Phione|0 fnt","|faint|p1a: Phione","|","|-weather|RainDance|[upkeep]","|","|switch|p1a: Zekrom|Zekrom, L73|134/266","|-ability|p1a: Zekrom|Teravolt","|turn|21","|","|move|p2a: Basculin|Zen Headbutt|p1a: Zekrom","|-damage|p1a: Zekrom|66/266","|move|p1a: Zekrom|Bolt Strike|p2a: Basculin","|-supereffective|p2a: Basculin","|-damage|p2a: Basculin|0 fnt","|faint|p2a: Basculin","|","|win|Moncayo"],"p1rating":{"entryid":196654,"formatid":"randombattle","userid":"moncayo","username":"Moncayo","r":1500,"rd":130,"sigma":0,"rpr":1550.7032330481,"rprd":122.83838562354,"rpsigma":0,"rptime":1440061200,"w":1,"l":0,"t":0,"gxe":56.3,"acre":1047.8746349127,"lacre":1047.8746349127,"oldacre":1000},"p2rating":{"entryid":"141534","serverid":"eos","formatid":"randombattle","userid":"estebandido888","username":"estebandido888","w":"6","l":5,"t":"0","gxe":52.9,"r":"1584.741736767","rd":"102.64229320419","sigma":"0","rptime":"1440061200","rpr":1522.835105856,"rprd":85.660880116522,"rpsigma":"0","acre":1044.8923501704,"lacre":1044.8923501704,"oldacre":"1069.3029612858"},"endType":"normal"}