{"seed":[28788,55141,49055,61517],"turns":27,"p1":"mortal jordean","p2":"estebandido888","p1team":[{"name":"Pyroar","moves":["fireblast","hypervoice","willowisp","darkpulse"],"ability":"Unnerve","evs":{"hp":81,"atk":85,"def":85,"spa":89,"spd":85,"spe":85},"ivs":{"hp":31,"atk":31,"def":31,"spa":31,"spd":31,"spe":31},"item":"Life Orb","level":81,"shiny":false},{"name":"Huntail","moves":["waterfall","shellsmash","suckerpunch","batonpass"],"ability":"Water Veil","evs":{"hp":85,"atk":85,"def":85,"spa":85,"spd":85,"spe":85},"ivs":{"hp":31,"atk":31,"def":31,"spa":31,"spd":31,"spe":31},"item":"White Herb","level":83,"shiny":false},{"name":"Moltres","moves":["willowisp","substitute","hurricane","fireblast"],"ability":"Pressure","evs":{"hp":81,"atk":85,"def":85,"spa":89,"spd":85,"spe":85},"ivs":{"hp":31,"atk":31,"def":31,"spa":31,"spd":31,"spe":31},"item":"Leftovers","level":78,"shiny":false},{"name":"Jynx","moves":["focusblast","psyshock","substitute","icebeam"],"ability":"Dry Skin","evs":{"hp":85,"atk":85,"def":85,"spa":85,"spd":85,"spe":85},"ivs":{"hp":31,"atk":31,"def":31,"spa":31,"spd":31,"spe":31},"item":"Leftovers","level":81,"shiny":false},{"name":"Manectric","moves":["hiddenpowergrass","overheat","thunderbolt","voltswitch"],"ability":"Lightning Rod","evs":{"hp":85,"atk":85,"def":85,"spa":85,"spd":85,"spe":85},"ivs":{"hp":31,"atk":30,"def":31,"spa":30,"spd":31,"spe":31},"item":"Manectite","level":75,"shiny":false},{"name":"Claydol","moves":["stealthrock","psychic","toxic","rapidspin"],"ability":"Levitate","evs":{"hp":85,"atk":85,"def":85,"spa":85,"spd":85,"spe":85},"ivs":{"hp":31,"atk":31,"def":31,"spa":31,"spd":31,"spe":31},"item":"Leftovers","level":81,"shiny":false}],"p2team":[{"name":"Rotom-Heat","moves":["willowisp","painsplit","overheat","thunderbolt"],"ability":"Levitate","evs":{"hp":81,"atk":85,"def":85,"spa":89,"spd":85,"spe":85},"ivs":{"hp":31,"atk":31,"def":31,"spa":31,"spd":31,"spe":31},"item":"Focus Sash","level":77,"shiny":false},{"name":"Ditto","moves":["transform"],"ability":"Imposter","evs":{"hp":85,"atk":85,"def":85,"spa":85,"spd":85,"spe":85},"ivs":{"hp":31,"atk":31,"def":31,"spa":31,"spd":31,"spe":31},"item":"Choice Scarf","level":83,"shiny":false},{"name":"Aggron","moves":["roar","thunderwave","stealthrock","heavyslam"],"ability":"Sturdy","evs":{"hp":85,"atk":85,"def":85,"spa":85,"spd":85,"spe":85},"ivs":{"hp":31,"atk":31,"def":31,"spa":31,"spd":31,"spe":31},"item":"Aggronite","level":77,"shiny":false},{"name":"Victini","moves":["blueflare","vcreate","grassknot","boltstrike"],"ability":"Victory Star","evs":{"hp":85,"atk":85,"def":85,"spa":85,"spd":85,"spe":85},"ivs":{"hp":31,"atk":31,"def":31,"spa":31,"spd":31,"spe":31},"item":"Assault Vest","level":76,"shiny":false},{"name":"Meloetta","moves":["focusblast","psyshock","calmmind","hypervoice"],"ability":"Serene Grace","evs":{"hp":85,"atk":85,"def":85,"spa":85,"spd":85,"spe":85},"ivs":{"hp":31,"atk":31,"def":31,"spa":31,"spd":31,"spe":31},"item":"Leftovers","level":79,"shiny":false},{"name":"Pinsir","moves":["stoneedge","knockoff","xscissor","earthquake"],"ability":"Mold Breaker","evs":{"hp":85,"atk":85,"def":85,"spa":85,"spd":85,"spe":85},"ivs":{"hp":31,"atk":31,"def":31,"spa":31,"spd":31,"spe":31},"item":"Choice Scarf","level":81,"shiny":false}],"log":["|player|p1|mortal jordean|229","|player|p2|estebandido888|2","|gametype|singles","|gen|6","|tier|Random Battle","|rated","|rule|Pokemon of the Day: off","|rule|Sleep Clause Mod: Limit one foe put to sleep","|rule|HP Percentage Mod: HP is shown in percentages","|","|start","|switch|p1a: Pyroar|Pyroar, L81, F|271/271","|switch|p2a: Rotom-Heat|Rotom-Heat, L77|203/203","|-ability|p1a: Pyroar|Unnerve|p2: estebandido888","|turn|1","|","|move|p1a: Pyroar|Dark Pulse|p2a: Rotom-Heat","|-damage|p2a: Rotom-Heat|135/203","|-damage|p1a: Pyroar|244/271|[from] item: Life Orb","|move|p2a: Rotom-Heat|Thunderbolt|p1a: Pyroar","|-damage|p1a: Pyroar|132/271","|-status|p1a: Pyroar|par","|","|turn|2","|","|move|p2a: Rotom-Heat|Thunderbolt|p1a: Pyroar","|-damage|p1a: Pyroar|23/271 par","|cant|p1a: Pyroar|par","|","|turn|3","|","|move|p2a: Rotom-Heat|Thunderbolt|p1a: Pyroar","|-damage|p1a: Pyroar|0 fnt","|faint|p1a: Pyroar","|","|","|switch|p1a: Claydol|Claydol, L81|230/230","|turn|4","|","|move|p2a: Rotom-Heat|Overheat|p1a: Claydol","|-damage|p1a: Claydol|121/230","|-unboost|p2a: Rotom-Heat|spa|2","|move|p1a: Claydol|Psychic|p2a: Rotom-Heat","|-damage|p2a: Rotom-Heat|66/203","|","|-heal|p1a: Claydol|135/230|[from] item: Leftovers","|turn|5","|","|move|p2a: Rotom-Heat|Thunderbolt|p1a: Claydol","|-immune|p1a: Claydol|[msg]","|move|p1a: Claydol|Psychic|p2a: Rotom-Heat","|-damage|p2a: Rotom-Heat|0 fnt","|faint|p2a: Rotom-Heat","|","|-heal|p1a: Claydol|149/230|[from] item: Leftovers","|","|switch|p2a: Pinsir|Pinsir, L81, M|238/238","|-ability|p2a: Pinsir|Mold Breaker","|turn|6","|","|move|p2a: Pinsir|X-Scissor|p1a: Claydol","|-supereffective|p1a: Claydol","|-damage|p1a: Claydol|0 fnt","|faint|p1a: Claydol","|","|","|switch|p1a: Moltres|Moltres, L78|268/268","|-ability|p1a: Moltres|Pressure","|turn|7","|","|move|p2a: Pinsir|X-Scissor|p1a: Moltres","|-resisted|p1a: Moltres","|-damage|p1a: Moltres|241/268","|move|p1a: Moltres|Fire Blast|p2a: Pinsir","|-supereffective|p2a: Pinsir","|-damage|p2a: Pinsir|0 fnt","|faint|p2a: Pinsir","|","|-heal|p1a: Moltres|257/268|[from] item: Leftovers","|","|switch|p2a: Ditto|Ditto, L83|215/215","|-transform|p2a: Ditto|p1a: Moltres","|-ability|p2a: Ditto|Pressure","|turn|8","|","|move|p2a: Ditto|Hurricane|p1a: Moltres","|-damage|p1a: Moltres|98/268","|move|p1a: Moltres|Hurricane|p2a: Ditto|[miss]","|-miss|p1a: Moltres|p2a: Ditto","|","|-heal|p1a: Moltres|114/268|[from] item: Leftovers","|turn|9","|","|move|p2a: Ditto|Hurricane|p1a: Moltres|[miss]","|-miss|p2a: Ditto|p1a: Moltres","|move|p1a: Moltres|Hurricane|p2a: Ditto|[miss]","|-miss|p1a: Moltres|p2a: Ditto","|","|-heal|p1a: Moltres|130/268|[from] item: Leftovers","|turn|10","|","|switch|p1a: Huntail|Huntail, L83, F|227/227","|move|p2a: Ditto|Hurricane|p1a: Huntail|[miss]","|-miss|p2a: Ditto|p1a: Huntail","|","|turn|11","|","|switch|p2a: Meloetta|Meloetta, L79|288/288","|move|p1a: Huntail|Waterfall|p2a: Meloetta","|-damage|p2a: Meloetta|192/288","|","|-heal|p2a: Meloetta|210/288|[from] item: Leftovers","|turn|12","|","|move|p1a: Huntail|Sucker Punch|p2a: Meloetta","|-supereffective|p2a: Meloetta","|-damage|p2a: Meloetta|82/288","|move|p2a: Meloetta|Hyper Voice|p1a: Huntail","|-damage|p1a: Huntail|107/227","|","|-heal|p2a: Meloetta|100/288|[from] item: Leftovers","|turn|13","|","|move|p1a: Huntail|Sucker Punch|p2a: Meloetta","|-supereffective|p2a: Meloetta","|-damage|p2a: Meloetta|0 fnt","|faint|p2a: Meloetta","|","|","|switch|p2a: Aggron|Aggron, L77, F|234/234","|turn|14","|","|move|p1a: Huntail|Waterfall|p2a: Aggron","|-supereffective|p2a: Aggron","|-damage|p2a: Aggron|120/234","|move|p2a: Aggron|Thunder Wave|p1a: Huntail","|-status|p1a: Huntail|par","|","|turn|15","|","|move|p2a: Aggron|Heavy Slam|p1a: Huntail","|-resisted|p1a: Huntail","|-damage|p1a: Huntail|56/227 par","|move|p1a: Huntail|Waterfall|p2a: Aggron","|-supereffective|p2a: Aggron","|-damage|p2a: Aggron|16/234","|","|turn|16","|","|move|p2a: Aggron|Heavy Slam|p1a: Huntail","|-resisted|p1a: Huntail","|-damage|p1a: Huntail|3/227 par","|move|p1a: Huntail|Waterfall|p2a: Aggron","|-supereffective|p2a: Aggron","|-damage|p2a: Aggron|0 fnt","|faint|p2a: Aggron","|","|","|switch|p2a: Ditto|Ditto, L83|215/215","|-transform|p2a: Ditto|p1a: Huntail","|turn|17","|","|move|p1a: Huntail|Sucker Punch|p2a: Ditto","|-damage|p2a: Ditto|161/215","|move|p2a: Ditto|Waterfall|p1a: Huntail","|-resisted|p1a: Huntail","|-damage|p1a: Huntail|0 fnt","|faint|p1a: Huntail","|","|","|switch|p1a: Jynx|Jynx, L81, F|238/238","|turn|18","|","|move|p2a: Ditto|Waterfall|p1a: Jynx","|-immune|p1a: Jynx|[msg]","|move|p1a: Jynx|Focus Blast|p2a: Ditto","|-damage|p2a: Ditto|52/215","|-unboost|p2a: Ditto|spd|1","|","|turn|19","|","|move|p1a: Jynx|Focus Blast|p2a: Ditto|[miss]","|-miss|p1a: Jynx|p2a: Ditto","|move|p2a: Ditto|Waterfall|p1a: Jynx","|-immune|p1a: Jynx|[msg]","|","|turn|20","|","|move|p1a: Jynx|Focus Blast|p2a: Ditto|[miss]","|-miss|p1a: Jynx|p2a: Ditto","|move|p2a: Ditto|Waterfall|p1a: Jynx","|-immune|p1a: Jynx|[msg]","|","|turn|21","|","|switch|p2a: Victini|Victini, L76|277/277","|move|p1a: Jynx|Focus Blast|p2a: Victini","|-resisted|p2a: Victini","|-damage|p2a: Victini|247/277","|-unboost|p2a: Victini|spd|1","|","|turn|22","|","|move|p1a: Jynx|Ice Beam|p2a: Victini","|-resisted|p2a: Victini","|-damage|p2a: Victini|196/277","|move|p2a: Victini|Blue Flare|p1a: Jynx","|-supereffective|p1a: Jynx","|-damage|p1a: Jynx|0 fnt","|faint|p1a: Jynx","|","|","|switch|p1a: Manectric|Manectric, L75, F|229/229","|turn|23","|","|detailschange|p1a: Manectric|Manectric-Mega, L75, F","|-mega|p1a: Manectric|Manectric|Manectite","|-ability|p1a: Manectric|Intimidate","|-unboost|p2a: Victini|atk|1","|move|p1a: Manectric|Thunderbolt|p2a: Victini","|-damage|p2a: Victini|103/277","|move|p2a: Victini|V-create|p1a: Manectric","|-damage|p1a: Manectric|111/229","|-unboost|p2a: Victini|spe|1","|-unboost|p2a: Victini|def|1","|-unboost|p2a: Victini|spd|1","|","|turn|24","|","|move|p1a: Manectric|Thunderbolt|p2a: Victini","|-damage|p2a: Victini|0 fnt","|faint|p2a: Victini","|","|","|switch|p2a: Ditto|Ditto, L83|52/215","|-transform|p2a: Ditto|p1a: Manectric","|-ability|p2a: Ditto|Intimidate","|-unboost|p1a: Manectric|atk|1","|turn|25","|","|move|p2a: Ditto|Hidden Power|p1a: Manectric","|-damage|p1a: Manectric|53/229","|move|p1a: Manectric|Hidden Power|p2a: Ditto","|-damage|p2a: Ditto|2/215","|","|turn|26","|","|move|p2a: Ditto|Hidden Power|p1a: Manectric","|-damage|p1a: Manectric|0 fnt","|faint|p1a: Manectric","|","|","|switch|p1a: Moltres|Moltres, L78|130/268","|-ability|p1a: Moltres|Pressure","|turn|27","|","|move|p2a: Ditto|Hidden Power|p1a: Moltres","|-damage|p1a: Moltres|74/268","|move|p1a: Moltres|Fire Blast|p2a: Ditto","|-crit|p2a: Ditto","|-damage|p2a: Ditto|0 fnt","|faint|p2a: Ditto","|","|win|mortal jordean"],"p1rating":{"entryid":"198097","serverid":"eos","formatid":"randombattle","userid":"mortaljordean","username":"mortal jordean","w":1,"l":"1","t":"0","gxe":51.2,"r":"1500","rd":"130","sigma":"0","rptime":"1440061200","rpr":1509.5369135,"rprd":116.76043059175,"rpsigma":"0","acre":1048.0520198596,"lacre":1048.0520198596,"oldacre":"1000"},"p2rating":{"entryid":"141534","serverid":"eos","formatid":"randombattle","userid":"estebandido888","username":"estebandido888","w":"8","l":7,"t":"0","gxe":52.4,"r":"1584.741736767","rd":"102.64229320419","sigma":"0","rptime":"1440061200","rpr":1518.5892736632,"rprd":78.276725050499,"rpsigma":"0","acre":1046.1171462403,"lacre":1046.1171462403,"oldacre":"1070.90729684"},"endType":"normal"}