{"seed":[15884,58054,59474,1100],"turns":39,"p1":"LatiosVsKillee","p2":"Crystal Mafetan","p1team":[{"name":"Carracosta","moves":["waterfall","shellsmash","aquajet","stoneedge"],"ability":"Sturdy","evs":{"hp":85,"atk":85,"def":85,"spa":85,"spd":85,"spe":85},"ivs":{"hp":31,"atk":31,"def":31,"spa":31,"spd":31,"spe":31},"item":"White Herb","level":83,"shiny":false},{"name":"Zangoose","moves":["quickattack","facade","knockoff","closecombat"],"ability":"Toxic Boost","evs":{"hp":85,"atk":85,"def":85,"spa":85,"spd":85,"spe":85},"ivs":{"hp":31,"atk":31,"def":31,"spa":31,"spd":31,"spe":31},"item":"Toxic Orb","level":81,"shiny":false},{"name":"Haxorus","moves":["outrage","substitute","dragondance","earthquake"],"ability":"Mold Breaker","evs":{"hp":85,"atk":85,"def":85,"spa":85,"spd":85,"spe":85},"ivs":{"hp":31,"atk":31,"def":31,"spa":31,"spd":31,"spe":31},"item":"Lum Berry","level":77,"shiny":false},{"name":"Volbeat","moves":["bugbuzz","substitute","tailwind","batonpass"],"ability":"Prankster","evs":{"hp":81,"atk":85,"def":85,"spa":89,"spd":85,"spe":85},"ivs":{"hp":31,"atk":31,"def":31,"spa":31,"spd":31,"spe":31},"item":"Leftovers","level":83,"shiny":false},{"name":"Alomomola","moves":["wish","protect","toxic","scald"],"ability":"Regenerator","evs":{"hp":85,"atk":85,"def":85,"spa":85,"spd":85,"spe":85},"ivs":{"hp":31,"atk":31,"def":31,"spa":31,"spd":31,"spe":31},"item":"Leftovers","level":79,"shiny":false},{"name":"Yanmega","moves":["bugbuzz","gigadrain","airslash","protect"],"ability":"Speed Boost","evs":{"hp":81,"atk":85,"def":85,"spa":89,"spd":85,"spe":85},"ivs":{"hp":31,"atk":31,"def":31,"spa":31,"spd":31,"spe":31},"item":"Life Orb","level":78,"shiny":false}],"p2team":[{"name":"Ludicolo","moves":["icebeam","scald","raindance","gigadrain"],"ability":"Swift Swim","evs":{"hp":85,"atk":85,"def":85,"spa":85,"spd":85,"spe":85},"ivs":{"hp":31,"atk":31,"def":31,"spa":31,"spd":31,"spe":31},"item":"Damp Rock","level":81,"shiny":false},{"name":"Whimsicott","moves":["moonblast","stunspore","memento","uturn"],"ability":"Prankster","evs":{"hp":85,"atk":85,"def":85,"spa":85,"spd":85,"spe":85},"ivs":{"hp":31,"atk":31,"def":31,"spa":31,"spd":31,"spe":31},"item":"Leftovers","level":77,"shiny":false},{"name":"Kyurem","moves":["earthpower","roost","dracometeor","icebeam"],"ability":"Pressure","evs":{"hp":85,"atk":85,"def":85,"spa":85,"spd":85,"spe":85},"ivs":{"hp":31,"atk":31,"def":31,"spa":31,"spd":31,"spe":31},"item":"Leftovers","level":78,"shiny":false},{"name":"Mewtwo","moves":["bulkup","earthquake","taunt","zenheadbutt"],"ability":"Pressure","evs":{"hp":85,"atk":85,"def":85,"spa":85,"spd":85,"spe":85},"ivs":{"hp":31,"atk":31,"def":31,"spa":31,"spd":31,"spe":31},"item":"Mewtwonite X","level":73,"shiny":false},{"name":"Stantler","moves":["jumpkick","earthquake","doubleedge","megahorn"],"ability":"Sap Sipper","evs":{"hp":85,"atk":85,"def":85,"spa":85,"spd":85,"spe":85},"ivs":{"hp":31,"atk":31,"def":31,"spa":31,"spd":31,"spe":31},"item":"Choice Scarf","level":83,"shiny":false},{"name":"Octillery","moves":["rockblast","waterspout","fireblast","energyball"],"ability":"Suction Cups","evs":{"hp":85,"atk":85,"def":85,"spa":85,"spd":85,"spe":85},"ivs":{"hp":31,"atk":31,"def":31,"spa":31,"spd":31,"spe":31},"item":"Expert Belt","level":83,"shiny":false}],"log":["|player|p1|LatiosVsKillee|79","|player|p2|Crystal Mafetan|199","|gametype|singles","|gen|6","|tier|Random Battle","|rated","|rule|Pokemon of the Day: off","|rule|Sleep Clause Mod: Limit one foe put to sleep","|rule|HP Percentage Mod: HP is shown in percentages","|","|start","|switch|p1a: Carracosta|Carracosta, L83, F|259/259","|switch|p2a: Ludicolo|Ludicolo, L81, M|262/262","|turn|1","|","|move|p2a: Ludicolo|Rain Dance|p2a: Ludicolo","|-weather|RainDance","|move|p1a: Carracosta|Shell Smash|p1a: Carracosta","|-unboost|p1a: Carracosta|def|1","|-unboost|p1a: Carracosta|spd|1","|-boost|p1a: Carracosta|atk|2","|-boost|p1a: Carracosta|spa|2","|-boost|p1a: Carracosta|spe|2","|-enditem|p1a: Carracosta|White Herb","|-restoreboost|p1a: Carracosta|[silent]","|","|-weather|RainDance|[upkeep]","|turn|2","|","|move|p1a: Carracosta|Aqua Jet|p2a: Ludicolo","|-resisted|p2a: Ludicolo","|-damage|p2a: Ludicolo|221/262","|move|p2a: Ludicolo|Giga Drain|p1a: Carracosta","|-supereffective|p1a: Carracosta","|-ability|p1a: Carracosta|Sturdy","|-damage|p1a: Carracosta|1/259","|-heal|p2a: Ludicolo|262/262|[from] drain|[of] p1a: Carracosta","|","|-weather|RainDance|[upkeep]","|turn|3","|","|move|p2a: Ludicolo|Giga Drain|p1a: Carracosta","|-supereffective|p1a: Carracosta","|-damage|p1a: Carracosta|0 fnt","|faint|p1a: Carracosta","|","|-weather|RainDance|[upkeep]","|","|switch|p1a: Volbeat|Volbeat, L83, M|243/243","|turn|4","|","|move|p2a: Ludicolo|Scald|p1a: Volbeat","|-damage|p1a: Volbeat|111/243","|-status|p1a: Volbeat|brn","|move|p1a: Volbeat|Bug Buzz|p2a: Ludicolo","|-supereffective|p2a: Ludicolo","|-damage|p2a: Ludicolo|154/262","|","|-weather|RainDance|[upkeep]","|-heal|p1a: Volbeat|126/243 brn|[from] item: Leftovers","|-damage|p1a: Volbeat|96/243 brn|[from] brn","|turn|5","|","|move|p2a: Ludicolo|Scald|p1a: Volbeat","|-damage|p1a: Volbeat|0 fnt","|faint|p1a: Volbeat","|","|-weather|RainDance|[upkeep]","|","|switch|p1a: Zangoose|Zangoose, L81, F|251/251","|turn|6","|","|move|p1a: Zangoose|Quick Attack|p2a: Ludicolo","|-damage|p2a: Ludicolo|94/262","|move|p2a: Ludicolo|Scald|p1a: Zangoose","|-crit|p1a: Zangoose","|-damage|p1a: Zangoose|17/251","|","|-weather|RainDance|[upkeep]","|-status|p1a: Zangoose|tox|[from] item: Toxic Orb","|turn|7","|","|move|p2a: Ludicolo|Scald|p1a: Zangoose","|-damage|p1a: Zangoose|0 fnt","|faint|p1a: Zangoose","|","|-weather|RainDance|[upkeep]","|","|switch|p1a: Yanmega|Yanmega, L78, F|261/261","|turn|8","|","|move|p1a: Yanmega|Protect|p1a: Yanmega","|-singleturn|p1a: Yanmega|Protect","|move|p2a: Ludicolo|Scald|p1a: Yanmega","|-activate|p1a: Yanmega|Protect","|","|-weather|none","|-boost|p1a: Yanmega|spe|1|[from] ability: Speed Boost","|turn|9","|","|move|p1a: Yanmega|Air Slash|p2a: Ludicolo","|-supereffective|p2a: Ludicolo","|-damage|p2a: Ludicolo|0 fnt","|-damage|p1a: Yanmega|235/261|[from] item: Life Orb","|faint|p2a: Ludicolo","|","|-boost|p1a: Yanmega|spe|1|[from] ability: Speed Boost","|","|switch|p2a: Octillery|Octillery, L83, M|260/260","|turn|10","|","|move|p1a: Yanmega|Giga Drain|p2a: Octillery","|-supereffective|p2a: Octillery","|-damage|p2a: Octillery|86/260","|-heal|p1a: Yanmega|261/261|[from] drain|[of] p2a: Octillery","|-damage|p1a: Yanmega|235/261|[from] item: Life Orb","|move|p2a: Octillery|Fire Blast|p1a: Yanmega","|-supereffective|p1a: Yanmega","|-damage|p1a: Yanmega|0 fnt","|faint|p1a: Yanmega","|","|","|switch|p1a: Haxorus|Haxorus, L77, F|244/244","|-ability|p1a: Haxorus|Mold Breaker","|turn|11","|","|move|p1a: Haxorus|Dragon Dance|p1a: Haxorus","|-boost|p1a: Haxorus|atk|1","|-boost|p1a: Haxorus|spe|1","|move|p2a: Octillery|Rock Blast|p1a: Haxorus|[miss]","|-miss|p2a: Octillery|p1a: Haxorus","|","|turn|12","|","|switch|p2a: Whimsicott|Whimsicott, L77, F|219/219","|move|p1a: Haxorus|Dragon Dance|p1a: Haxorus","|-boost|p1a: Haxorus|atk|1","|-boost|p1a: Haxorus|spe|1","|","|turn|13","|","|move|p2a: Whimsicott|Stun Spore|p1a: Haxorus","|-status|p1a: Haxorus|par","|-enditem|p1a: Haxorus|Lum Berry|[eat]","|-curestatus|p1a: Haxorus|par","|move|p1a: Haxorus|Earthquake|p2a: Whimsicott","|-resisted|p2a: Whimsicott","|-damage|p2a: Whimsicott|122/219","|","|-heal|p2a: Whimsicott|135/219|[from] item: Leftovers","|turn|14","|","|move|p1a: Haxorus|Earthquake|p2a: Whimsicott","|-resisted|p2a: Whimsicott","|-damage|p2a: Whimsicott|35/219","|move|p2a: Whimsicott|Moonblast|p1a: Haxorus","|-supereffective|p1a: Haxorus","|-damage|p1a: Haxorus|52/244","|","|-heal|p2a: Whimsicott|48/219|[from] item: Leftovers","|turn|15","|","|move|p1a: Haxorus|Earthquake|p2a: Whimsicott","|-resisted|p2a: Whimsicott","|-damage|p2a: Whimsicott|0 fnt","|faint|p2a: Whimsicott","|","|","|switch|p2a: Mewtwo|Mewtwo, L73|275/275","|-ability|p2a: Mewtwo|Pressure","|turn|16","|","|detailschange|p2a: Mewtwo|Mewtwo-Mega-X, L73","|-mega|p2a: Mewtwo|Mewtwo|Mewtwonite X","|move|p1a: Haxorus|Outrage|p2a: Mewtwo","|-damage|p2a: Mewtwo|0 fnt","|faint|p2a: Mewtwo","|","|","|switch|p2a: Octillery|Octillery, L83, M|86/260","|turn|17","|","|move|p1a: Haxorus|Outrage|p2a: Octillery|[from]lockedmove","|-damage|p2a: Octillery|0 fnt","|faint|p2a: Octillery","|","|","|switch|p2a: Stantler|Stantler, L83, M|257/257","|turn|18","|","|move|p1a: Haxorus|Outrage|p2a: Stantler|[from]lockedmove","|-damage|p2a: Stantler|0 fnt","|-start|p1a: Haxorus|confusion|[fatigue]","|faint|p2a: Stantler","|","|","|switch|p2a: Kyurem|Kyurem, L78|323/323","|-ability|p2a: Kyurem|Pressure","|turn|19","|","|-activate|p1a: Haxorus|confusion","|-damage|p1a: Haxorus|0 fnt|[from] confusion","|faint|p1a: Haxorus","|move|p2a: Kyurem|Ice Beam|p1: Haxorus|[notarget]","|-notarget","|","|","|switch|p1a: Alomomola|Alomomola, L79, F|390/390","|turn|20","|","|move|p2a: Kyurem|Earth Power|p1a: Alomomola","|-damage|p1a: Alomomola|263/390","|move|p1a: Alomomola|Scald|p2a: Kyurem","|-resisted|p2a: Kyurem","|-damage|p2a: Kyurem|302/323","|-status|p2a: Kyurem|brn","|","|-heal|p2a: Kyurem|322/323 brn|[from] item: Leftovers","|-heal|p1a: Alomomola|287/390|[from] item: Leftovers","|-damage|p2a: Kyurem|282/323 brn|[from] brn","|turn|21","|","|move|p2a: Kyurem|Earth Power|p1a: Alomomola","|-damage|p1a: Alomomola|160/390","|move|p1a: Alomomola|Wish|p1a: Alomomola","|","|-heal|p2a: Kyurem|302/323 brn|[from] item: Leftovers","|-heal|p1a: Alomomola|184/390|[from] item: Leftovers","|-damage|p2a: Kyurem|262/323 brn|[from] brn","|turn|22","|","|move|p1a: Alomomola|Protect|p1a: Alomomola","|-singleturn|p1a: Alomomola|Protect","|move|p2a: Kyurem|Draco Meteor|p1a: Alomomola","|-activate|p1a: Alomomola|Protect","|","|-heal|p1a: Alomomola|379/390|[from] move: Wish|[wisher] Alomomola","|-heal|p2a: Kyurem|282/323 brn|[from] item: Leftovers","|-heal|p1a: Alomomola|390/390|[from] item: Leftovers","|-damage|p2a: Kyurem|242/323 brn|[from] brn","|turn|23","|","|move|p2a: Kyurem|Earth Power|p1a: Alomomola","|-damage|p1a: Alomomola|276/390","|move|p1a: Alomomola|Wish|p1a: Alomomola","|","|-heal|p2a: Kyurem|262/323 brn|[from] item: Leftovers","|-heal|p1a: Alomomola|300/390|[from] item: Leftovers","|-damage|p2a: Kyurem|222/323 brn|[from] brn","|turn|24","|","|move|p2a: Kyurem|Earth Power|p1a: Alomomola","|-damage|p1a: Alomomola|176/390","|-unboost|p1a: Alomomola|spd|1","|move|p1a: Alomomola|Scald|p2a: Kyurem","|-resisted|p2a: Kyurem","|-damage|p2a: Kyurem|200/323 brn","|","|-heal|p1a: Alomomola|371/390|[from] move: Wish|[wisher] Alomomola","|-heal|p2a: Kyurem|220/323 brn|[from] item: Leftovers","|-heal|p1a: Alomomola|390/390|[from] item: Leftovers","|-damage|p2a: Kyurem|180/323 brn|[from] brn","|turn|25","|","|move|p2a: Kyurem|Roost|p2a: Kyurem","|-heal|p2a: Kyurem|323/323 brn","|move|p1a: Alomomola|Scald|p2a: Kyurem","|-resisted|p2a: Kyurem","|-damage|p2a: Kyurem|300/323 brn","|","|-heal|p2a: Kyurem|320/323 brn|[from] item: Leftovers","|-damage|p2a: Kyurem|280/323 brn|[from] brn","|turn|26","|","|move|p2a: Kyurem|Earth Power|p1a: Alomomola","|-damage|p1a: Alomomola|221/390","|move|p1a: Alomomola|Scald|p2a: Kyurem","|-resisted|p2a: Kyurem","|-damage|p2a: Kyurem|259/323 brn","|","|-heal|p2a: Kyurem|279/323 brn|[from] item: Leftovers","|-heal|p1a: Alomomola|245/390|[from] item: Leftovers","|-damage|p2a: Kyurem|239/323 brn|[from] brn","|turn|27","|","|move|p2a: Kyurem|Earth Power|p1a: Alomomola","|-damage|p1a: Alomomola|61/390","|move|p1a: Alomomola|Wish|p1a: Alomomola","|","|-heal|p2a: Kyurem|259/323 brn|[from] item: Leftovers","|-heal|p1a: Alomomola|85/390|[from] item: Leftovers","|-damage|p2a: Kyurem|219/323 brn|[from] brn","|turn|28","|","|move|p1a: Alomomola|Protect|p1a: Alomomola","|-singleturn|p1a: Alomomola|Protect","|move|p2a: Kyurem|Earth Power|p1a: Alomomola","|-activate|p1a: Alomomola|Protect","|","|-heal|p1a: Alomomola|280/390|[from] move: Wish|[wisher] Alomomola","|-heal|p2a: Kyurem|239/323 brn|[from] item: Leftovers","|-heal|p1a: Alomomola|304/390|[from] item: Leftovers","|-damage|p2a: Kyurem|199/323 brn|[from] brn","|turn|29","|","|move|p2a: Kyurem|Earth Power|p1a: Alomomola","|-damage|p1a: Alomomola|135/390","|move|p1a: Alomomola|Scald|p2a: Kyurem","|-resisted|p2a: Kyurem","|-damage|p2a: Kyurem|178/323 brn","|","|-heal|p2a: Kyurem|198/323 brn|[from] item: Leftovers","|-heal|p1a: Alomomola|159/390|[from] item: Leftovers","|-damage|p2a: Kyurem|158/323 brn|[from] brn","|turn|30","|","|move|p1a: Alomomola|Protect|p1a: Alomomola","|-singleturn|p1a: Alomomola|Protect","|move|p2a: Kyurem|Earth Power|p1a: Alomomola","|-activate|p1a: Alomomola|Protect","|","|-heal|p2a: Kyurem|178/323 brn|[from] item: Leftovers","|-heal|p1a: Alomomola|183/390|[from] item: Leftovers","|-damage|p2a: Kyurem|138/323 brn|[from] brn","|turn|31","|","|move|p2a: Kyurem|Roost|p2a: Kyurem","|-heal|p2a: Kyurem|300/323 brn","|move|p1a: Alomomola|Wish|p1a: Alomomola","|","|-heal|p2a: Kyurem|320/323 brn|[from] item: Leftovers","|-heal|p1a: Alomomola|207/390|[from] item: Leftovers","|-damage|p2a: Kyurem|280/323 brn|[from] brn","|turn|32","|","|move|p1a: Alomomola|Protect|p1a: Alomomola","|-singleturn|p1a: Alomomola|Protect","|move|p2a: Kyurem|Earth Power|p1a: Alomomola","|-activate|p1a: Alomomola|Protect","|","|-heal|p1a: Alomomola|390/390|[from] move: Wish|[wisher] Alomomola","|-heal|p2a: Kyurem|300/323 brn|[from] item: Leftovers","|-damage|p2a: Kyurem|260/323 brn|[from] brn","|turn|33","|","|move|p2a: Kyurem|Earth Power|p1a: Alomomola","|-damage|p1a: Alomomola|204/390","|move|p1a: Alomomola|Scald|p2a: Kyurem","|-resisted|p2a: Kyurem","|-damage|p2a: Kyurem|237/323 brn","|","|-heal|p2a: Kyurem|257/323 brn|[from] item: Leftovers","|-heal|p1a: Alomomola|228/390|[from] item: Leftovers","|-damage|p2a: Kyurem|217/323 brn|[from] brn","|turn|34","|","|move|p1a: Alomomola|Protect|p1a: Alomomola","|-singleturn|p1a: Alomomola|Protect","|move|p2a: Kyurem|Earth Power|p1a: Alomomola","|-activate|p1a: Alomomola|Protect","|","|-heal|p2a: Kyurem|237/323 brn|[from] item: Leftovers","|-heal|p1a: Alomomola|252/390|[from] item: Leftovers","|-damage|p2a: Kyurem|197/323 brn|[from] brn","|turn|35","|","|move|p2a: Kyurem|Earth Power|p1a: Alomomola","|-damage|p1a: Alomomola|64/390","|move|p1a: Alomomola|Wish|p1a: Alomomola","|","|-heal|p2a: Kyurem|217/323 brn|[from] item: Leftovers","|-heal|p1a: Alomomola|88/390|[from] item: Leftovers","|-damage|p2a: Kyurem|177/323 brn|[from] brn","|turn|36","|","|move|p1a: Alomomola|Protect|p1a: Alomomola","|-singleturn|p1a: Alomomola|Protect","|move|p2a: Kyurem|Roost|p2a: Kyurem","|-heal|p2a: Kyurem|323/323 brn","|","|-heal|p1a: Alomomola|283/390|[from] move: Wish|[wisher] Alomomola","|-heal|p1a: Alomomola|307/390|[from] item: Leftovers","|-damage|p2a: Kyurem|283/323 brn|[from] brn","|turn|37","|","|move|p2a: Kyurem|Earth Power|p1a: Alomomola","|-damage|p1a: Alomomola|131/390","|move|p1a: Alomomola|Scald|p2a: Kyurem","|-resisted|p2a: Kyurem","|-damage|p2a: Kyurem|259/323 brn","|","|-heal|p2a: Kyurem|279/323 brn|[from] item: Leftovers","|-heal|p1a: Alomomola|155/390|[from] item: Leftovers","|-damage|p2a: Kyurem|239/323 brn|[from] brn","|turn|38","|","|move|p1a: Alomomola|Protect|p1a: Alomomola","|-singleturn|p1a: Alomomola|Protect","|move|p2a: Kyurem|Draco Meteor|p1a: Alomomola","|-activate|p1a: Alomomola|Protect","|","|-heal|p2a: Kyurem|259/323 brn|[from] item: Leftovers","|-heal|p1a: Alomomola|179/390|[from] item: Leftovers","|-damage|p2a: Kyurem|219/323 brn|[from] brn","|turn|39","|","|move|p2a: Kyurem|Draco Meteor|p1a: Alomomola","|-damage|p1a: Alomomola|0 fnt","|-unboost|p2a: Kyurem|spa|2","|faint|p1a: Alomomola","|","|win|Crystal Mafetan"],"p1rating":{"entryid":"177848","serverid":"eos","formatid":"randombattle","userid":"latiosvskillee","username":"LatiosVsKillee","w":"1","l":1,"t":"0","gxe":49.5,"r":"1500","rd":"130","sigma":"0","rptime":"1440061200","rpr":1496.3636417808,"rprd":116.75444686792,"rpsigma":"0","acre":1022.1660277196,"lacre":1022.1660277196,"oldacre":"1040"},"p2rating":{"entryid":178420,"formatid":"randombattle","userid":"crystalmafetan","username":"Crystal Mafetan","r":1500,"rd":130,"sigma":0,"rpr":1540.1606143388,"rprd":122.8583080769,"rpsigma":0,"rptime":1440061200,"w":1,"l":0,"t":0,"gxe":55,"acre":1044.584930701,"lacre":1044.584930701,"oldacre":1000},"endType":"normal"}