{"seed":[42050,45691,60263,62666],"turns":19,"p1":"nerd.js","p2":"Ynfynyt Scroll","p1team":[{"name":"Regice","moves":["rest","sleeptalk","icebeam","thunderbolt"],"ability":"Ice Body","evs":{"hp":81,"atk":85,"def":85,"spa":89,"spd":85,"spe":85},"ivs":{"hp":31,"atk":31,"def":31,"spa":31,"spd":31,"spe":31},"item":"Leftovers","level":83,"shiny":false},{"name":"Greninja","moves":["icebeam","spikes","hydropump","gunkshot"],"ability":"Protean","evs":{"hp":85,"atk":85,"def":85,"spa":85,"spd":85,"spe":85},"ivs":{"hp":31,"atk":31,"def":31,"spa":31,"spd":31,"spe":31},"item":"Life Orb","level":74,"shiny":false},{"name":"Stoutland","moves":["return","crunch","superpower","icefang"],"ability":"Intimidate","evs":{"hp":85,"atk":85,"def":85,"spa":85,"spd":85,"spe":85},"ivs":{"hp":31,"atk":31,"def":31,"spa":31,"spd":31,"spe":31},"item":"Choice Band","level":83,"shiny":false},{"name":"Nidoqueen","moves":["fireblast","sludgewave","earthpower","stealthrock"],"ability":"Sheer Force","evs":{"hp":85,"atk":85,"def":85,"spa":85,"spd":85,"spe":85},"ivs":{"hp":31,"atk":31,"def":31,"spa":31,"spd":31,"spe":31},"item":"Life Orb","level":77,"shiny":false},{"name":"Swalot","moves":["painsplit","yawn","encore","sludgebomb"],"ability":"Sticky Hold","evs":{"hp":85,"atk":85,"def":85,"spa":85,"spd":85,"spe":85},"ivs":{"hp":31,"atk":31,"def":31,"spa":31,"spd":31,"spe":31},"item":"Black Sludge","level":83,"shiny":false},{"name":"Moltres","moves":["willowisp","fireblast","hurricane","substitute"],"ability":"Flame Body","evs":{"hp":81,"atk":85,"def":85,"spa":89,"spd":85,"spe":85},"ivs":{"hp":31,"atk":31,"def":31,"spa":31,"spd":31,"spe":31},"item":"Leftovers","level":78,"shiny":false}],"p2team":[{"name":"Regice","moves":["icebeam","rockpolish","focusblast","thunderbolt"],"ability":"Clear Body","evs":{"hp":81,"atk":85,"def":85,"spa":89,"spd":85,"spe":85},"ivs":{"hp":31,"atk":31,"def":31,"spa":31,"spd":31,"spe":31},"item":"Weakness Policy","level":83,"shiny":false},{"name":"Entei","moves":["flareblitz","extremespeed","bulldoze","stoneedge"],"ability":"Flash Fire","evs":{"hp":81,"atk":89,"def":85,"spa":85,"spd":85,"spe":85},"ivs":{"hp":31,"atk":31,"def":31,"spa":31,"spd":31,"spe":31},"item":"Choice Band","level":77,"shiny":false},{"name":"Pachirisu","moves":["thunderbolt","superfang","nuzzle","uturn"],"ability":"Volt Absorb","evs":{"hp":85,"atk":85,"def":85,"spa":85,"spd":85,"spe":85},"ivs":{"hp":31,"atk":31,"def":31,"spa":31,"spd":31,"spe":31},"item":"Life Orb","level":83,"shiny":false},{"name":"Infernape","moves":["grassknot","uturn","hiddenpowerice","closecombat"],"ability":"Blaze","evs":{"hp":85,"atk":85,"def":85,"spa":85,"spd":85,"spe":85},"ivs":{"hp":31,"atk":30,"def":30,"spa":31,"spd":31,"spe":31},"item":"Expert Belt","level":77,"shiny":false},{"name":"Metagross","moves":["zenheadbutt","agility","hammerarm","meteormash"],"ability":"Clear Body","evs":{"hp":85,"atk":85,"def":85,"spa":85,"spd":85,"spe":85},"ivs":{"hp":31,"atk":31,"def":31,"spa":31,"spd":31,"spe":31},"item":"Metagrossite","level":75,"shiny":false},{"name":"Cloyster","moves":["rockblast","rapidspin","spikes","hydropump"],"ability":"Skill Link","evs":{"hp":81,"atk":89,"def":85,"spa":85,"spd":85,"spe":85},"ivs":{"hp":31,"atk":31,"def":31,"spa":31,"spd":31,"spe":31},"item":"Life Orb","level":77,"shiny":false}],"log":["|player|p1|nerd.js|nerdjs.png","|player|p2|Ynfynyt Scroll|102","|gametype|singles","|gen|6","|tier|Random Battle","|rated","|rule|Sleep Clause Mod: Limit one foe put to sleep","|rule|HP Percentage Mod: HP is shown in percentages","|","|start","|switch|p1a: Regice|Regice, L83|268/268","|switch|p2a: Regice|Regice, L83|268/268","|turn|1","|","|switch|p1a: Swalot|Swalot, L83, F|302/302","|switch|p2a: Metagross|Metagross, L75|244/244","|","|turn|2","|","|detailschange|p2a: Metagross|Metagross-Mega, L75","|-mega|p2a: Metagross|Metagross|Metagrossite","|move|p2a: Metagross|Zen Headbutt|p1a: Swalot","|-supereffective|p1a: Swalot","|-damage|p1a: Swalot|50/302","|move|p1a: Swalot|Yawn|p2a: Metagross","|-start|p2a: Metagross|move: Yawn|[of] p1a: Swalot","|","|-heal|p1a: Swalot|68/302|[from] item: Black Sludge","|turn|3","|","|switch|p2a: Pachirisu|Pachirisu, L83, M|235/235","|switch|p1a: Greninja|Greninja, L74, M|229/229","|","|turn|4","|","|move|p1a: Greninja|Spikes|p2a: Pachirisu","|-start|p1a: Greninja|typechange|Ground|[from] Protean","|-sidestart|p2: Ynfynyt Scroll|Spikes","|move|p2a: Pachirisu|Nuzzle|p1a: Greninja","|-immune|p1a: Greninja|[msg]","|","|turn|5","|","|move|p1a: Greninja|Spikes|p2a: Pachirisu","|-sidestart|p2: Ynfynyt Scroll|Spikes","|move|p2a: Pachirisu|Super Fang|p1a: Greninja","|-damage|p1a: Greninja|115/229","|-damage|p2a: Pachirisu|212/235|[from] item: Life Orb","|","|turn|6","|","|move|p1a: Greninja|Spikes|p2a: Pachirisu","|-sidestart|p2: Ynfynyt Scroll|Spikes","|move|p2a: Pachirisu|Super Fang|p1a: Greninja","|-damage|p1a: Greninja|58/229","|-damage|p2a: Pachirisu|189/235|[from] item: Life Orb","|","|turn|7","|","|move|p1a: Greninja|Gunk Shot|p2a: Pachirisu","|-start|p1a: Greninja|typechange|Poison|[from] Protean","|-damage|p2a: Pachirisu|29/235","|-damage|p1a: Greninja|36/229|[from] item: Life Orb","|move|p2a: Pachirisu|Nuzzle|p1a: Greninja","|-damage|p1a: Greninja|9/229","|-status|p1a: Greninja|par","|-damage|p2a: Pachirisu|6/235|[from] item: Life Orb","|","|turn|8","|","|move|p2a: Pachirisu|Nuzzle|p1a: Greninja","|-damage|p1a: Greninja|0 fnt","|-damage|p2a: Pachirisu|0 fnt|[from] item: Life Orb","|faint|p1a: Greninja","|faint|p2a: Pachirisu","|","|","|switch|p2a: Cloyster|Cloyster, L77, F|203/203","|switch|p1a: Swalot|Swalot, L83, F|68/302","|-damage|p2a: Cloyster|153/203|[from] Spikes","|turn|9","|","|move|p2a: Cloyster|Rapid Spin|p1a: Swalot","|-damage|p1a: Swalot|51/302","|-sideend|p2: Ynfynyt Scroll|Spikes|[from] move: Rapid Spin|[of] p2a: Cloyster","|-damage|p2a: Cloyster|133/203|[from] item: Life Orb","|move|p1a: Swalot|Sludge Bomb|p2a: Cloyster","|-damage|p2a: Cloyster|0 fnt","|faint|p2a: Cloyster","|","|-heal|p1a: Swalot|69/302|[from] item: Black Sludge","|","|switch|p2a: Metagross|Metagross-Mega, L75|244/244","|turn|10","|","|move|p2a: Metagross|Zen Headbutt|p1a: Swalot","|-supereffective|p1a: Swalot","|-damage|p1a: Swalot|0 fnt","|faint|p1a: Swalot","|","|","|switch|p1a: Moltres|Moltres, L78|268/268","|turn|11","|","|switch|p2a: Entei|Entei, L77|303/303","|move|p1a: Moltres|Fire Blast|p2a: Entei","|-start|p2a: Entei|ability: Flash Fire","|","|turn|12","|","|switch|p1a: Nidoqueen|Nidoqueen, L77, F|265/265","|move|p2a: Entei|Flare Blitz|p1a: Nidoqueen","|-damage|p1a: Nidoqueen|0 fnt","|-damage|p2a: Entei|216/303|[from] recoil|[of] p1a: Nidoqueen","|faint|p1a: Nidoqueen","|","|","|switch|p1a: Stoutland|Stoutland, L83, F|277/277","|-ability|p1a: Stoutland|Intimidate","|-unboost|p2a: Entei|atk|1","|turn|13","|","|move|p2a: Entei|Flare Blitz|p1a: Stoutland","|-damage|p1a: Stoutland|103/277","|-damage|p2a: Entei|159/303|[from] recoil|[of] p1a: Stoutland","|move|p1a: Stoutland|Return|p2a: Entei","|-damage|p2a: Entei|0 fnt","|faint|p2a: Entei","|","|","|switch|p2a: Metagross|Metagross-Mega, L75|244/244","|turn|14","|","|switch|p1a: Regice|Regice, L83|268/268","|move|p2a: Metagross|Zen Headbutt|p1a: Regice","|-damage|p1a: Regice|159/268","|","|-heal|p1a: Regice|175/268|[from] item: Leftovers","|turn|15","|","|move|p2a: Metagross|Meteor Mash|p1a: Regice","|-supereffective|p1a: Regice","|-damage|p1a: Regice|0 fnt","|faint|p1a: Regice","|","|","|switch|p1a: Moltres|Moltres, L78|268/268","|turn|16","|","|move|p2a: Metagross|Zen Headbutt|p1a: Moltres","|-damage|p1a: Moltres|127/268","|move|p1a: Moltres|Fire Blast|p2a: Metagross","|-crit|p2a: Metagross","|-supereffective|p2a: Metagross","|-damage|p2a: Metagross|0 fnt","|faint|p2a: Metagross","|","|-heal|p1a: Moltres|143/268|[from] item: Leftovers","|","|switch|p2a: Regice|Regice, L83|268/268","|turn|17","|","|move|p1a: Moltres|Fire Blast|p2a: Regice","|-supereffective|p2a: Regice","|-damage|p2a: Regice|136/268","|-enditem|p2a: Regice|Weakness Policy","|-boost|p2a: Regice|atk|2|[from] item: Weakness Policy","|-boost|p2a: Regice|spa|2|[from] item: Weakness Policy","|move|p2a: Regice|Rock Polish|p2a: Regice","|-boost|p2a: Regice|spe|2","|","|-heal|p1a: Moltres|159/268|[from] item: Leftovers","|turn|18","|","|move|p2a: Regice|Thunderbolt|p1a: Moltres","|-supereffective|p1a: Moltres","|-damage|p1a: Moltres|0 fnt","|faint|p1a: Moltres","|","|","|switch|p1a: Stoutland|Stoutland, L83, F|103/277","|-ability|p1a: Stoutland|Intimidate","|-fail|p2a: Regice|unboost|[from] ability: Clear Body|[of] p2a: Regice","|turn|19","|","|win|Ynfynyt Scroll"],"p1rating":{"entryid":221128,"formatid":"randombattle","userid":"nerdjs","username":"nerd.js","r":1500,"rd":130,"sigma":0,"rpr":1467.1173042277,"rprd":122.92487921376,"rpsigma":0,"rptime":1440061200,"w":0,"l":1,"t":0,"gxe":45.9,"acre":1000,"lacre":1000,"oldacre":1000},"p2rating":{"entryid":"15269","serverid":"eos","formatid":"randombattle","userid":"ynfynytscroll","username":"Ynfynyt Scroll","w":3,"l":"0","t":"0","gxe":62.3,"r":"1572.6173197679","rd":"117.03211913794","sigma":"0","rptime":"1440061200","rpr":1599.5850440918,"rprd":111.92055099391,"rpsigma":"0","acre":1093.7176627926,"lacre":1093.7176627926,"oldacre":"1070.1028089042"},"endType":"forfeit"}