{"seed":[24383,44085,3491,36807],"turns":13,"p1":"steall1510","p2":"Guard Darkrai","p1team":[{"name":"Shaymin","moves":["substitute","leechseed","rest","seedflare"],"ability":"Natural Cure","evs":{"hp":85,"atk":85,"def":85,"spa":85,"spd":85,"spe":85},"ivs":{"hp":31,"atk":31,"def":31,"spa":31,"spd":31,"spe":31},"item":"Leftovers","level":77,"shiny":false},{"name":"Ariados","moves":["poisonjab","suckerpunch","toxicspikes","stickyweb"],"ability":"Insomnia","evs":{"hp":81,"atk":89,"def":85,"spa":85,"spd":85,"spe":85},"ivs":{"hp":31,"atk":31,"def":31,"spa":31,"spd":31,"spe":31},"item":"Black Sludge","level":83,"shiny":false},{"name":"Leavanny","moves":["knockoff","swordsdance","stickyweb","leafblade"],"ability":"Overcoat","evs":{"hp":81,"atk":89,"def":85,"spa":85,"spd":85,"spe":85},"ivs":{"hp":31,"atk":31,"def":31,"spa":31,"spd":31,"spe":31},"item":"Leftovers","level":83,"shiny":false},{"name":"Rotom","moves":["hiddenpowerice","shadowball","thunderbolt","substitute"],"ability":"Levitate","evs":{"hp":85,"atk":85,"def":85,"spa":85,"spd":85,"spe":85},"ivs":{"hp":31,"atk":30,"def":30,"spa":31,"spd":31,"spe":31},"item":"Leftovers","level":81,"shiny":false},{"name":"Cofagrigus","moves":["painsplit","haze","nastyplot","shadowball"],"ability":"Mummy","evs":{"hp":85,"atk":85,"def":85,"spa":85,"spd":85,"spe":85},"ivs":{"hp":31,"atk":31,"def":31,"spa":31,"spd":31,"spe":31},"item":"Leftovers","level":79,"shiny":false},{"name":"Emboar","moves":["superpower","stoneedge","flareblitz","wildcharge"],"ability":"Reckless","evs":{"hp":85,"atk":85,"def":85,"spa":85,"spd":85,"spe":85},"ivs":{"hp":31,"atk":31,"def":31,"spa":31,"spd":31,"spe":31},"item":"Choice Band","level":79,"shiny":false}],"p2team":[{"name":"Scrafty","moves":["rest","dragondance","drainpunch","knockoff"],"ability":"Shed Skin","evs":{"hp":85,"atk":85,"def":85,"spa":85,"spd":85,"spe":85},"ivs":{"hp":31,"atk":31,"def":31,"spa":31,"spd":31,"spe":31},"item":"Leftovers","level":79,"shiny":false},{"name":"Cryogonal","moves":["icebeam","hiddenpowerground","recover","toxic"],"ability":"Levitate","evs":{"hp":85,"atk":85,"def":85,"spa":85,"spd":85,"spe":85},"ivs":{"hp":31,"atk":31,"def":31,"spa":30,"spd":30,"spe":31},"item":"Leftovers","level":81,"shiny":false},{"name":"Kecleon","moves":["stealthrock","fakeout","shadowsneak","knockoff"],"ability":"Protean","evs":{"hp":85,"atk":85,"def":85,"spa":85,"spd":85,"spe":85},"ivs":{"hp":31,"atk":31,"def":31,"spa":31,"spd":31,"spe":31},"item":"Life Orb","level":81,"shiny":false},{"name":"Malamar","moves":["trickroom","psychocut","substitute","superpower"],"ability":"Contrary","evs":{"hp":170,"atk":85,"def":85,"spa":85,"spd":85,"spe":0},"ivs":{"hp":31,"atk":31,"def":31,"spa":31,"spd":31,"spe":0},"item":"Leftovers","level":81,"shiny":false},{"name":"Azelf","moves":["dazzlinggleam","explosion","psyshock","knockoff"],"ability":"Levitate","evs":{"hp":85,"atk":85,"def":85,"spa":85,"spd":85,"spe":85},"ivs":{"hp":31,"atk":31,"def":31,"spa":31,"spd":31,"spe":31},"item":"Life Orb","level":77,"shiny":false},{"name":"Seviper","moves":["suckerpunch","sludgewave","switcheroo","earthquake"],"ability":"Shed Skin","evs":{"hp":85,"atk":85,"def":85,"spa":85,"spd":85,"spe":85},"ivs":{"hp":31,"atk":31,"def":31,"spa":31,"spd":31,"spe":31},"item":"Choice Scarf","level":83,"shiny":false}],"log":["|player|p1|steall1510|2","|player|p2|Guard Darkrai|guarddarkrai.png","|gametype|singles","|gen|6","|tier|Random Battle","|rated","|rule|Sleep Clause Mod: Limit one foe put to sleep","|rule|HP Percentage Mod: HP is shown in percentages","|","|start","|switch|p1a: Shaymin|Shaymin, L77|281/281","|switch|p2a: Scrafty|Scrafty, L79, M|232/232","|turn|1","|","|move|p1a: Shaymin|Leech Seed|p2a: Scrafty","|-start|p2a: Scrafty|move: Leech Seed","|move|p2a: Scrafty|Dragon Dance|p2a: Scrafty","|-boost|p2a: Scrafty|atk|1","|-boost|p2a: Scrafty|spe|1","|","|-damage|p2a: Scrafty|203/232|[from] Leech Seed|[of] p1a: Shaymin","|turn|2","|","|move|p2a: Scrafty|Knock Off|p1a: Shaymin","|-damage|p1a: Shaymin|154/281","|-enditem|p1a: Shaymin|Leftovers|[from] move: Knock Off|[of] p2a: Scrafty","|move|p1a: Shaymin|Rest|p1a: Shaymin","|-status|p1a: Shaymin|slp","|-heal|p1a: Shaymin|281/281 slp|[silent]","|-status|p1a: Shaymin|slp|[from] move: Rest","|","|-heal|p2a: Scrafty|217/232|[from] item: Leftovers","|-damage|p2a: Scrafty|188/232|[from] Leech Seed|[of] p1a: Shaymin","|turn|3","|","|switch|p1a: Ariados|Ariados, L83, F|251/251","|move|p2a: Scrafty|Dragon Dance|p2a: Scrafty","|-boost|p2a: Scrafty|atk|1","|-boost|p2a: Scrafty|spe|1","|","|-heal|p2a: Scrafty|202/232|[from] item: Leftovers","|-damage|p2a: Scrafty|173/232|[from] Leech Seed|[of] p1a: Ariados","|turn|4","|","|move|p1a: Ariados|Sucker Punch|p2a: Scrafty","|-resisted|p2a: Scrafty","|-damage|p2a: Scrafty|162/232","|move|p2a: Scrafty|Knock Off|p1a: Ariados","|-damage|p1a: Ariados|32/251","|-enditem|p1a: Ariados|Black Sludge|[from] move: Knock Off|[of] p2a: Scrafty","|","|-heal|p2a: Scrafty|176/232|[from] item: Leftovers","|-damage|p2a: Scrafty|147/232|[from] Leech Seed|[of] p1a: Ariados","|-heal|p1a: Ariados|61/251|[silent]","|turn|5","|","|move|p2a: Scrafty|Knock Off|p1a: Ariados","|-damage|p1a: Ariados|0 fnt","|faint|p1a: Ariados","|","|-heal|p2a: Scrafty|161/232|[from] item: Leftovers","|","|switch|p1a: Cofagrigus|Cofagrigus, L79, F|221/221","|turn|6","|","|move|p2a: Scrafty|Knock Off|p1a: Cofagrigus","|-supereffective|p1a: Cofagrigus","|-damage|p1a: Cofagrigus|0 fnt","|-activate|p1a: Cofagrigus|ability: Mummy|shedskin|[of] p2a: Scrafty","|-enditem|p1a: Cofagrigus|Leftovers|[from] move: Knock Off|[of] p2a: Scrafty","|faint|p1a: Cofagrigus","|","|-heal|p2a: Scrafty|175/232|[from] item: Leftovers","|","|switch|p1a: Rotom|Rotom, L81|214/214","|turn|7","|","|move|p2a: Scrafty|Knock Off|p1a: Rotom","|-supereffective|p1a: Rotom","|-damage|p1a: Rotom|0 fnt","|-enditem|p1a: Rotom|Leftovers|[from] move: Knock Off|[of] p2a: Scrafty","|faint|p1a: Rotom","|","|-heal|p2a: Scrafty|189/232|[from] item: Leftovers","|","|switch|p1a: Emboar|Emboar, L79, F|303/303","|turn|8","|","|move|p2a: Scrafty|Drain Punch|p1a: Emboar","|-damage|p1a: Emboar|129/303","|-heal|p2a: Scrafty|232/232|[from] drain|[of] p1a: Emboar","|move|p1a: Emboar|Flare Blitz|p2a: Scrafty","|-damage|p2a: Scrafty|34/232","|-activate|p2a: Scrafty|ability: Mummy|reckless|[of] p1a: Emboar","|-damage|p1a: Emboar|64/303|[from] recoil|[of] p2a: Scrafty","|","|-heal|p2a: Scrafty|48/232|[from] item: Leftovers","|-damage|p2a: Scrafty|19/232|[from] Leech Seed|[of] p1a: Emboar","|-heal|p1a: Emboar|93/303|[silent]","|turn|9","|","|move|p2a: Scrafty|Drain Punch|p1a: Emboar","|-crit|p1a: Emboar","|-damage|p1a: Emboar|0 fnt","|-heal|p2a: Scrafty|66/232|[from] drain|[of] p1a: Emboar","|faint|p1a: Emboar","|","|-heal|p2a: Scrafty|80/232|[from] item: Leftovers","|","|switch|p1a: Leavanny|Leavanny, L83, F|259/259","|turn|10","|","|move|p2a: Scrafty|Drain Punch|p1a: Leavanny","|-resisted|p1a: Leavanny","|-damage|p1a: Leavanny|185/259","|-heal|p2a: Scrafty|117/232|[from] drain|[of] p1a: Leavanny","|move|p1a: Leavanny|Leaf Blade|p2a: Scrafty","|-damage|p2a: Scrafty|30/232","|-activate|p2a: Scrafty|ability: Mummy|overcoat|[of] p1a: Leavanny","|","|-heal|p2a: Scrafty|44/232|[from] item: Leftovers","|-heal|p1a: Leavanny|201/259|[from] item: Leftovers","|-damage|p2a: Scrafty|15/232|[from] Leech Seed|[of] p1a: Leavanny","|-heal|p1a: Leavanny|230/259|[silent]","|turn|11","|","|move|p2a: Scrafty|Knock Off|p1a: Leavanny","|-damage|p1a: Leavanny|35/259","|-enditem|p1a: Leavanny|Leftovers|[from] move: Knock Off|[of] p2a: Scrafty","|move|p1a: Leavanny|Swords Dance|p1a: Leavanny","|-boost|p1a: Leavanny|atk|2","|","|-heal|p2a: Scrafty|29/232|[from] item: Leftovers","|-damage|p2a: Scrafty|0 fnt|[from] Leech Seed|[of] p1a: Leavanny","|-heal|p1a: Leavanny|64/259|[silent]","|faint|p2a: Scrafty","|","|switch|p2a: Azelf|Azelf, L77|242/242","|turn|12","|","|switch|p1a: Shaymin|Shaymin, L77|281/281","|move|p2a: Azelf|Psyshock|p1a: Shaymin","|-damage|p1a: Shaymin|171/281","|-damage|p2a: Azelf|218/242|[from] item: Life Orb","|","|turn|13","|","|switch|p1a: Leavanny|Leavanny, L83, F|64/259","|move|p2a: Azelf|Explosion|p1a: Leavanny","|-damage|p1a: Leavanny|0 fnt","|faint|p2a: Azelf","|faint|p1a: Leavanny","|","|","|win|Guard Darkrai"],"p1rating":{"entryid":"210648","serverid":"eos","formatid":"randombattle","userid":"steall1510","username":"steall1510","w":"1","l":1,"t":"0","gxe":50,"r":"1500","rd":"130","sigma":"0","rptime":"1440061200","rpr":1500,"rprd":116.77753930647,"rpsigma":"0","acre":1022.1660277196,"lacre":1022.1660277196,"oldacre":"1040"},"p2rating":{"entryid":211351,"formatid":"randombattle","userid":"guarddarkrai","username":"Guard Darkrai","r":1500,"rd":130,"sigma":0,"rpr":1540.1606143388,"rprd":122.8583080769,"rpsigma":0,"rptime":1440061200,"w":1,"l":0,"t":0,"gxe":55,"acre":1044.584930701,"lacre":1044.584930701,"oldacre":1000},"endType":"forfeit"}