{"seed":[40277,24853,51155,22276],"turns":24,"p1":"estebandido888","p2":"GTX♅BlackVoid950","p1team":[{"name":"Wormadam-Trash","moves":["gyroball","toxic","protect","stealthrock"],"ability":"Overcoat","evs":{"hp":85,"atk":170,"def":85,"spa":85,"spd":85,"spe":0},"ivs":{"hp":31,"atk":31,"def":31,"spa":31,"spd":31,"spe":0},"item":"Leftovers","level":83,"shiny":false},{"name":"Dugtrio","moves":["stealthrock","stoneedge","earthquake","suckerpunch"],"ability":"Arena Trap","evs":{"hp":85,"atk":85,"def":85,"spa":85,"spd":85,"spe":85},"ivs":{"hp":31,"atk":31,"def":31,"spa":31,"spd":31,"spe":31},"item":"Life Orb","level":79,"shiny":false},{"name":"Venomoth","moves":["batonpass","quiverdance","bugbuzz","sleeppowder"],"ability":"Tinted Lens","evs":{"hp":81,"atk":85,"def":85,"spa":89,"spd":85,"spe":85},"ivs":{"hp":31,"atk":31,"def":31,"spa":31,"spd":31,"spe":31},"item":"Black Sludge","level":79,"shiny":false},{"name":"Medicham","moves":["zenheadbutt","fakeout","drainpunch","icepunch"],"ability":"Pure Power","evs":{"hp":85,"atk":85,"def":85,"spa":85,"spd":85,"spe":85},"ivs":{"hp":31,"atk":31,"def":31,"spa":31,"spd":31,"spe":31},"item":"Medichamite","level":76,"shiny":false},{"name":"Jumpluff","moves":["sleeppowder","uturn","encore","acrobatics"],"ability":"Infiltrator","evs":{"hp":81,"atk":89,"def":85,"spa":85,"spd":85,"spe":85},"ivs":{"hp":31,"atk":31,"def":31,"spa":31,"spd":31,"spe":31},"item":"Flying Gem","level":83,"shiny":false},{"name":"Krookodile","moves":["superpower","knockoff","pursuit","stoneedge"],"ability":"Moxie","evs":{"hp":85,"atk":85,"def":85,"spa":85,"spd":85,"spe":85},"ivs":{"hp":31,"atk":31,"def":31,"spa":31,"spd":31,"spe":31},"item":"Choice Scarf","level":77,"shiny":false}],"p2team":[{"name":"Gigalith","moves":["rockblast","earthquake","explosion","stealthrock"],"ability":"Sturdy","evs":{"hp":85,"atk":85,"def":85,"spa":85,"spd":85,"spe":85},"ivs":{"hp":31,"atk":31,"def":31,"spa":31,"spd":31,"spe":31},"item":"Custap Berry","level":83,"shiny":false},{"name":"Rotom-Wash","moves":["willowisp","voltswitch","hiddenpowerice","painsplit"],"ability":"Levitate","evs":{"hp":85,"atk":85,"def":85,"spa":85,"spd":85,"spe":85},"ivs":{"hp":31,"atk":30,"def":30,"spa":31,"spd":31,"spe":31},"item":"Leftovers","level":75,"shiny":false},{"name":"Giratina-Origin","moves":["shadowball","dragontail","toxic","shadowsneak"],"ability":"Levitate","evs":{"hp":85,"atk":85,"def":85,"spa":85,"spd":85,"spe":85},"ivs":{"hp":31,"atk":31,"def":31,"spa":31,"spd":31,"spe":31},"item":"Griseous Orb","level":73,"shiny":false},{"name":"Typhlosion","moves":["eruption","focusblast","hiddenpowergrass","extrasensory"],"ability":"Flash Fire","evs":{"hp":85,"atk":85,"def":85,"spa":85,"spd":85,"spe":85},"ivs":{"hp":31,"atk":30,"def":31,"spa":30,"spd":31,"spe":31},"item":"Choice Scarf","level":79,"shiny":false},{"name":"Excadrill","moves":["rockslide","swordsdance","ironhead","earthquake"],"ability":"Mold Breaker","evs":{"hp":85,"atk":85,"def":85,"spa":85,"spd":85,"spe":85},"ivs":{"hp":31,"atk":31,"def":31,"spa":31,"spd":31,"spe":31},"item":"Life Orb","level":75,"shiny":false},{"name":"Huntail","moves":["batonpass","shellsmash","suckerpunch","waterfall"],"ability":"Water Veil","evs":{"hp":85,"atk":85,"def":85,"spa":85,"spd":85,"spe":85},"ivs":{"hp":31,"atk":31,"def":31,"spa":31,"spd":31,"spe":31},"item":"White Herb","level":83,"shiny":false}],"log":["|player|p1|estebandido888|2","|player|p2|GTX♅BlackVoid950|284","|gametype|singles","|gen|6","|tier|Random Battle","|rated","|rule|Pokemon of the Day: off","|rule|Sleep Clause Mod: Limit one foe put to sleep","|rule|HP Percentage Mod: HP is shown in percentages","|","|start","|switch|p1a: Wormadam-Trash|Wormadam-Trash, L83, F|235/235","|switch|p2a: Gigalith|Gigalith, L83, M|277/277","|turn|1","|","|move|p2a: Gigalith|Stealth Rock|p1a: Wormadam-Trash","|-sidestart|p1: estebandido888|move: Stealth Rock","|move|p1a: Wormadam-Trash|Toxic|p2a: Gigalith","|-status|p2a: Gigalith|tox","|","|-damage|p2a: Gigalith|260/277 tox|[from] psn","|turn|2","|","|move|p2a: Gigalith|Rock Blast|p1a: Wormadam-Trash","|-damage|p1a: Wormadam-Trash|202/235","|-damage|p1a: Wormadam-Trash|168/235","|-hitcount|p1a: Wormadam-Trash|2","|move|p1a: Wormadam-Trash|Gyro Ball|p2a: Gigalith","|-supereffective|p2a: Gigalith","|-damage|p2a: Gigalith|210/277 tox","|","|-heal|p1a: Wormadam-Trash|182/235|[from] item: Leftovers","|-damage|p2a: Gigalith|176/277 tox|[from] psn","|turn|3","|","|move|p2a: Gigalith|Rock Blast|p1a: Wormadam-Trash","|-damage|p1a: Wormadam-Trash|148/235","|-damage|p1a: Wormadam-Trash|112/235","|-damage|p1a: Wormadam-Trash|78/235","|-hitcount|p1a: Wormadam-Trash|3","|move|p1a: Wormadam-Trash|Stealth Rock|p2a: Gigalith","|-sidestart|p2: GTX♅BlackVoid950|move: Stealth Rock","|","|-heal|p1a: Wormadam-Trash|92/235|[from] item: Leftovers","|-damage|p2a: Gigalith|125/277 tox|[from] psn","|turn|4","|","|move|p1a: Wormadam-Trash|Protect|p1a: Wormadam-Trash","|-singleturn|p1a: Wormadam-Trash|Protect","|move|p2a: Gigalith|Rock Blast|p1a: Wormadam-Trash","|-activate|p1a: Wormadam-Trash|Protect","|","|-heal|p1a: Wormadam-Trash|106/235|[from] item: Leftovers","|-damage|p2a: Gigalith|57/277 tox|[from] psn","|turn|5","|-enditem|p2a: Gigalith|Custap Berry|[eat]","|-activate|p2a: Gigalith|Custap Berry","|","|move|p1a: Wormadam-Trash|Protect|p1a: Wormadam-Trash","|-fail|p1a: Wormadam-Trash","|move|p2a: Gigalith|Rock Blast|p1a: Wormadam-Trash","|-damage|p1a: Wormadam-Trash|72/235","|-damage|p1a: Wormadam-Trash|38/235","|-damage|p1a: Wormadam-Trash|5/235","|-damage|p1a: Wormadam-Trash|0 fnt","|-hitcount|p1a: Wormadam-Trash|4","|faint|p1a: Wormadam-Trash","|","|-damage|p2a: Gigalith|0 fnt|[from] psn","|faint|p2a: Gigalith","|","|switch|p2a: Rotom-Wash|Rotom-Wash, L75|199/199","|switch|p1a: Medicham|Medicham, L76, M|216/216","|-damage|p2a: Rotom-Wash|175/199|[from] Stealth Rock","|-damage|p1a: Medicham|203/216|[from] Stealth Rock","|turn|6","|","|detailschange|p1a: Medicham|Medicham-Mega, L76, M","|-mega|p1a: Medicham|Medicham|Medichamite","|move|p2a: Rotom-Wash|Will-O-Wisp|p1a: Medicham|[miss]","|-miss|p2a: Rotom-Wash|p1a: Medicham","|move|p1a: Medicham|Drain Punch|p2a: Rotom-Wash","|-damage|p2a: Rotom-Wash|51/199","|-heal|p1a: Medicham|216/216|[from] drain|[of] p2a: Rotom-Wash","|","|-heal|p2a: Rotom-Wash|63/199|[from] item: Leftovers","|turn|7","|","|move|p1a: Medicham|Drain Punch|p2a: Rotom-Wash","|-damage|p2a: Rotom-Wash|0 fnt","|faint|p2a: Rotom-Wash","|","|","|switch|p2a: Giratina-Origin|Giratina-Origin, L73|339/339","|-damage|p2a: Giratina-Origin|297/339|[from] Stealth Rock","|turn|8","|","|move|p1a: Medicham|Drain Punch|p2a: Giratina-Origin","|-immune|p2a: Giratina-Origin|[msg]","|move|p2a: Giratina-Origin|Shadow Ball|p1a: Medicham","|-supereffective|p1a: Medicham","|-damage|p1a: Medicham|0 fnt","|faint|p1a: Medicham","|","|","|switch|p1a: Krookodile|Krookodile, L77, F|273/273","|-damage|p1a: Krookodile|256/273|[from] Stealth Rock","|turn|9","|","|move|p1a: Krookodile|Stone Edge|p2a: Giratina-Origin","|-damage|p2a: Giratina-Origin|219/339","|move|p2a: Giratina-Origin|Dragon Tail|p1a: Krookodile","|-damage|p1a: Krookodile|175/273","|drag|p1a: Jumpluff|Jumpluff, L83, F|259/259","|-damage|p1a: Jumpluff|195/259|[from] Stealth Rock","|","|turn|10","|","|move|p1a: Jumpluff|U-turn|p2a: Giratina-Origin","|-resisted|p2a: Giratina-Origin","|-damage|p2a: Giratina-Origin|201/339","|","|switch|p1a: Dugtrio|Dugtrio, L79, M|185/185","|-damage|p1a: Dugtrio|174/185|[from] Stealth Rock","|move|p2a: Giratina-Origin|Toxic|p1a: Dugtrio","|-status|p1a: Dugtrio|tox","|","|-damage|p1a: Dugtrio|163/185 tox|[from] psn","|turn|11","|","|move|p1a: Dugtrio|Sucker Punch|p2a: Giratina-Origin","|-supereffective|p2a: Giratina-Origin","|-damage|p2a: Giratina-Origin|87/339","|-damage|p1a: Dugtrio|145/185 tox|[from] item: Life Orb","|move|p2a: Giratina-Origin|Shadow Ball|p1a: Dugtrio","|-damage|p1a: Dugtrio|27/185 tox","|","|-damage|p1a: Dugtrio|5/185 tox|[from] psn","|turn|12","|","|switch|p2a: Huntail|Huntail, L83, M|227/227","|-damage|p2a: Huntail|199/227|[from] Stealth Rock","|move|p1a: Dugtrio|Sucker Punch|p2a: Huntail","|-fail|p1a: Dugtrio","|","|-damage|p1a: Dugtrio|0 fnt|[from] psn","|faint|p1a: Dugtrio","|","|switch|p1a: Venomoth|Venomoth, L79, M|239/239","|-damage|p1a: Venomoth|180/239|[from] Stealth Rock","|turn|13","|","|move|p1a: Venomoth|Sleep Powder|p2a: Huntail","|-status|p2a: Huntail|slp","|cant|p2a: Huntail|slp","|","|-heal|p1a: Venomoth|194/239|[from] item: Black Sludge","|turn|14","|","|move|p1a: Venomoth|Bug Buzz|p2a: Huntail","|-damage|p2a: Huntail|115/227 slp","|cant|p2a: Huntail|slp","|","|-heal|p1a: Venomoth|208/239|[from] item: Black Sludge","|turn|15","|","|move|p1a: Venomoth|Bug Buzz|p2a: Huntail","|-damage|p2a: Huntail|30/227 slp","|cant|p2a: Huntail|slp","|","|-heal|p1a: Venomoth|222/239|[from] item: Black Sludge","|turn|16","|","|move|p1a: Venomoth|Quiver Dance|p1a: Venomoth","|-boost|p1a: Venomoth|spa|1","|-boost|p1a: Venomoth|spd|1","|-boost|p1a: Venomoth|spe|1","|-curestatus|p2a: Huntail|slp","|move|p2a: Huntail|Shell Smash|p2a: Huntail","|-unboost|p2a: Huntail|def|1","|-unboost|p2a: Huntail|spd|1","|-boost|p2a: Huntail|atk|2","|-boost|p2a: Huntail|spa|2","|-boost|p2a: Huntail|spe|2","|-enditem|p2a: Huntail|White Herb","|-restoreboost|p2a: Huntail|[silent]","|","|-heal|p1a: Venomoth|236/239|[from] item: Black Sludge","|turn|17","|","|move|p1a: Venomoth|Bug Buzz|p2a: Huntail","|-damage|p2a: Huntail|0 fnt","|faint|p2a: Huntail","|","|-heal|p1a: Venomoth|239/239|[from] item: Black Sludge","|","|switch|p2a: Giratina-Origin|Giratina-Origin, L73|87/339","|-damage|p2a: Giratina-Origin|45/339|[from] Stealth Rock","|turn|18","|","|move|p2a: Giratina-Origin|Shadow Sneak|p1a: Venomoth","|-damage|p1a: Venomoth|173/239","|move|p1a: Venomoth|Bug Buzz|p2a: Giratina-Origin","|-resisted|p2a: Giratina-Origin","|-damage|p2a: Giratina-Origin|0 fnt","|faint|p2a: Giratina-Origin","|","|-heal|p1a: Venomoth|187/239|[from] item: Black Sludge","|","|switch|p2a: Typhlosion|Typhlosion, L79, F|253/253","|-damage|p2a: Typhlosion|190/253|[from] Stealth Rock","|turn|19","|","|move|p2a: Typhlosion|Eruption|p1a: Venomoth","|-supereffective|p1a: Venomoth","|-damage|p1a: Venomoth|7/239","|move|p1a: Venomoth|Sleep Powder|p2a: Typhlosion","|-status|p2a: Typhlosion|slp","|","|-heal|p1a: Venomoth|21/239|[from] item: Black Sludge","|turn|20","|","|cant|p2a: Typhlosion|slp","|move|p1a: Venomoth|Bug Buzz|p2a: Typhlosion","|-resisted|p2a: Typhlosion","|-damage|p2a: Typhlosion|52/253 slp","|","|-heal|p1a: Venomoth|35/239|[from] item: Black Sludge","|turn|21","|","|cant|p2a: Typhlosion|slp","|move|p1a: Venomoth|Bug Buzz|p2a: Typhlosion","|-resisted|p2a: Typhlosion","|-damage|p2a: Typhlosion|0 fnt","|faint|p2a: Typhlosion","|","|-heal|p1a: Venomoth|49/239|[from] item: Black Sludge","|","|switch|p2a: Excadrill|Excadrill, L75, F|289/289","|-damage|p2a: Excadrill|280/289|[from] Stealth Rock","|-ability|p2a: Excadrill|Mold Breaker","|turn|22","|","|move|p1a: Venomoth|Sleep Powder|p2a: Excadrill","|-status|p2a: Excadrill|slp","|cant|p2a: Excadrill|slp","|","|-heal|p1a: Venomoth|63/239|[from] item: Black Sludge","|turn|23","|","|move|p1a: Venomoth|Bug Buzz|p2a: Excadrill","|-resisted|p2a: Excadrill","|-damage|p2a: Excadrill|100/289 slp","|cant|p2a: Excadrill|slp","|","|-heal|p1a: Venomoth|77/239|[from] item: Black Sludge","|turn|24","|","|move|p1a: Venomoth|Bug Buzz|p2a: Excadrill","|-resisted|p2a: Excadrill","|-damage|p2a: Excadrill|0 fnt","|faint|p2a: Excadrill","|","|win|estebandido888"],"p1rating":{"entryid":"141534","serverid":"eos","formatid":"randombattle","userid":"estebandido888","username":"estebandido888","w":8,"l":"5","t":"0","gxe":57.2,"r":"1584.741736767","rd":"102.64229320419","sigma":"0","rptime":"1440061200","rpr":1556.0578009508,"rprd":81.719646882648,"rpsigma":"0","acre":1096.7429510102,"lacre":1096.7429510102,"oldacre":"1073.8839218642"},"p2rating":{"entryid":197216,"formatid":"randombattle","userid":"gtxblackvoid950","username":"GTX♅BlackVoid950","r":1500,"rd":130,"sigma":0,"rpr":1468.1140189138,"rprd":122.83838562354,"rpsigma":0,"rptime":1440061200,"w":0,"l":1,"t":0,"gxe":46,"acre":1000,"lacre":1000,"oldacre":1000},"endType":"normal"}