{"seed":[46378,33954,25061,49088],"turns":34,"p1":"Rain Dank Tank","p2":"BreadBites","p1team":[{"name":"Giga","species":"dragonite","item":"lumberry","ability":"Multiscale","moves":["firepunch","extremespeed","dragondance","dragonclaw"],"nature":"Mild","evs":{"hp":0,"atk":0,"def":0,"spa":252,"spd":4,"spe":252},"gender":"M","ivs":{"hp":31,"atk":31,"def":31,"spa":31,"spd":31,"spe":31}},{"name":"Goodra","species":"Goodra","item":"assaultvest","ability":"Gooey","moves":["muddywater","flamethrower","dracometeor","sludgewave"],"nature":"Modest","evs":{"hp":248,"atk":0,"def":0,"spa":252,"spd":8,"spe":0},"ivs":{"hp":31,"atk":31,"def":31,"spa":31,"spd":31,"spe":31}},{"name":"Druddigon","species":"Druddigon","item":"rockyhelmet","ability":"Rough Skin","moves":["glare","rockslide","stealthrock","roar"],"nature":"Impish","evs":{"hp":24,"atk":4,"def":252,"spa":0,"spd":0,"spe":0},"ivs":{"hp":31,"atk":31,"def":31,"spa":31,"spd":31,"spe":31}},{"name":"Latios","species":"Latios","item":"choicescarf","ability":"Levitate","moves":["trick","energyball","dracometeor","icebeam"],"nature":"Timid","evs":{"hp":0,"atk":0,"def":0,"spa":252,"spd":4,"spe":252},"ivs":{"hp":31,"atk":31,"def":31,"spa":31,"spd":31,"spe":31}},{"name":"Aeria","species":"altaria","item":"altarianite","ability":"Cloud Nine","moves":["dragondance","return","earthquake","dragonclaw"],"nature":"Jolly","evs":{"hp":0,"atk":252,"def":0,"spa":0,"spd":4,"spe":252},"gender":"F","shiny":true,"ivs":{"hp":31,"atk":31,"def":31,"spa":31,"spd":31,"spe":31}},{"name":"Power","species":"hydreigon","item":"choicescarf","ability":"Levitate","moves":["dracometeor","flashcannon","flamethrower","darkpulse"],"nature":"Timid","evs":{"hp":0,"atk":0,"def":0,"spa":252,"spd":4,"spe":252},"gender":"M","shiny":true,"ivs":{"hp":31,"atk":31,"def":31,"spa":31,"spd":31,"spe":31}}],"p2team":[{"name":"Ninetales","species":"Ninetales","item":"heatrock","ability":"Drought","moves":["energyball","extrasensory","nastyplot","fireblast"],"nature":"Timid","evs":{"hp":0,"atk":0,"def":0,"spa":252,"spd":4,"spe":252},"shiny":true,"ivs":{"hp":31,"atk":31,"def":31,"spa":31,"spd":31,"spe":31}},{"name":"Charizard","species":"Charizard","item":"charizarditey","ability":"Blaze","moves":["airslash","dragonpulse","flamethrower","solarbeam"],"nature":"Timid","evs":{"hp":0,"atk":0,"def":0,"spa":252,"spd":4,"spe":252},"shiny":true,"ivs":{"hp":31,"atk":31,"def":31,"spa":31,"spd":31,"spe":31}},{"name":"Scooby Doo","species":"arcanine","item":"weaknesspolicy","ability":"Intimidate","moves":["ironhead","flareblitz","extremespeed","wildcharge"],"nature":"Adamant","evs":{"hp":248,"atk":252,"def":0,"spa":0,"spd":8,"spe":0},"shiny":true,"ivs":{"hp":31,"atk":31,"def":31,"spa":31,"spd":31,"spe":31}},{"name":"Scooby Smacks","species":"torkoal","item":"leftovers","ability":"White Smoke","moves":["lavaplume","rapidspin","stealthrock","yawn"],"nature":"Bold","evs":{"hp":252,"atk":0,"def":252,"spa":4,"spd":0,"spe":0},"shiny":true,"ivs":{"hp":31,"atk":31,"def":31,"spa":31,"spd":31,"spe":31}},{"name":"Victini","species":"Victini","item":"choicescarf","ability":"Victory Star","moves":["vcreate","zenheadbutt","boltstrike","uturn"],"nature":"Jolly","evs":{"hp":0,"atk":252,"def":0,"spa":0,"spd":4,"spe":252},"ivs":{"hp":31,"atk":31,"def":31,"spa":31,"spd":31,"spe":31}},{"name":"Flareon","species":"Flareon","item":"leftovers","ability":"Guts","moves":["flareblitz","healbell","wish","roar"],"nature":"Careful","evs":{"hp":252,"atk":4,"def":0,"spa":0,"spd":252,"spe":0},"shiny":true,"ivs":{"hp":31,"atk":31,"def":31,"spa":31,"spd":31,"spe":31}}],"log":["|player|p1|Rain Dank Tank|233","|player|p2|BreadBites|52","|gametype|singles","|gen|6","|tier|Monotype","|rated","|rule|Baton Pass Clause: Limit one Baton Passer, can't pass Spe and other stats simultaneously","|rule|Swagger Clause: Swagger is banned","|rule|Same Type Clause: Pokémon in a team must share a type","|clearpoke","|poke|p1|Dragonite, M","|poke|p1|Goodra, M","|poke|p1|Druddigon, M","|poke|p1|Latios, M","|poke|p1|Altaria, F, shiny","|poke|p1|Hydreigon, M, shiny","|poke|p2|Ninetales, F, shiny","|poke|p2|Charizard, M, shiny","|poke|p2|Arcanine, F, shiny","|poke|p2|Torkoal, M, shiny","|poke|p2|Victini","|poke|p2|Flareon, M, shiny","|rule|Sleep Clause Mod: Limit one foe put to sleep","|rule|Species Clause: Limit one of each Pokémon","|rule|OHKO Clause: OHKO moves are banned","|rule|Moody Clause: Moody is banned","|rule|Evasion Moves Clause: Evasion moves are banned","|rule|Endless Battle Clause: Forcing endless battles is banned","|rule|HP Percentage Mod: HP is shown in percentages","|teampreview","|","|start","|switch|p1a: Druddigon|Druddigon, M|301/301","|switch|p2a: Scooby Smacks|Torkoal, M, shiny|344/344","|turn|1","|","|move|p1a: Druddigon|Glare|p2a: Scooby Smacks","|-status|p2a: Scooby Smacks|par","|move|p2a: Scooby Smacks|Yawn|p1a: Druddigon","|-start|p1a: Druddigon|move: Yawn|[of] p2a: Scooby Smacks","|","|turn|2","|","|move|p1a: Druddigon|Stealth Rock|p2a: Scooby Smacks","|-sidestart|p2: BreadBites|move: Stealth Rock","|move|p2a: Scooby Smacks|Stealth Rock|p1a: Druddigon","|-sidestart|p1: Rain Dank Tank|move: Stealth Rock","|","|-end|p1a: Druddigon|move: Yawn|[silent]","|-status|p1a: Druddigon|slp","|turn|3","|","|switch|p1a: Goodra|Goodra, M|383/383","|-damage|p1a: Goodra|336/383|[from] Stealth Rock","|move|p2a: Scooby Smacks|Rapid Spin|p1a: Goodra","|-damage|p1a: Goodra|320/383","|-fail|p2a: Scooby Smacks|unboost|[from] ability: White Smoke|[of] p2a: Scooby Smacks","|-sideend|p2: BreadBites|Stealth Rock|[from] move: Rapid Spin|[of] p2a: Scooby Smacks","|","|turn|4","|","|switch|p2a: Ninetales|Ninetales, F, shiny|287/287","|-weather|SunnyDay","|move|p1a: Goodra|Muddy Water|p2a: Ninetales","|-supereffective|p2a: Ninetales","|-damage|p2a: Ninetales|187/287","|","|-weather|SunnyDay|[upkeep]","|turn|5","|","|move|p2a: Ninetales|Nasty Plot|p2a: Ninetales","|-boost|p2a: Ninetales|spa|2","|move|p1a: Goodra|Sludge Wave|p2a: Ninetales","|-damage|p2a: Ninetales|78/287","|","|-weather|SunnyDay|[upkeep]","|turn|6","|","|move|p2a: Ninetales|Fire Blast|p1a: Goodra|[miss]","|-miss|p2a: Ninetales|p1a: Goodra","|move|p1a: Goodra|Sludge Wave|p2a: Ninetales","|-damage|p2a: Ninetales|0 fnt","|faint|p2a: Ninetales","|","|-weather|SunnyDay|[upkeep]","|","|switch|p2a: Charizard|Charizard, M, shiny|297/297","|turn|7","|","|detailschange|p2a: Charizard|Charizard-Mega-Y, M, shiny","|-mega|p2a: Charizard|Charizard|Charizardite Y","|move|p2a: Charizard|Dragon Pulse|p1a: Goodra","|-supereffective|p1a: Goodra","|-damage|p1a: Goodra|204/383","|move|p1a: Goodra|Draco Meteor|p2a: Charizard","|-damage|p2a: Charizard|83/297","|-unboost|p1a: Goodra|spa|2","|","|-weather|SunnyDay|[upkeep]","|turn|8","|","|switch|p2a: Flareon|Flareon, M, shiny|334/334","|move|p1a: Goodra|Draco Meteor|p2a: Flareon","|-damage|p2a: Flareon|255/334","|-unboost|p1a: Goodra|spa|2","|","|-weather|SunnyDay|[upkeep]","|-heal|p2a: Flareon|275/334|[from] item: Leftovers","|turn|9","|","|switch|p1a: Druddigon|Druddigon, M|301/301 slp","|-damage|p1a: Druddigon|264/301 slp|[from] Stealth Rock","|move|p2a: Flareon|Wish|p2a: Flareon","|","|-weather|SunnyDay|[upkeep]","|-heal|p2a: Flareon|295/334|[from] item: Leftovers","|turn|10","|","|switch|p2a: Charizard|Charizard-Mega-Y, M, shiny|83/297","|cant|p1a: Druddigon|slp","|","|-weather|SunnyDay|[upkeep]","|-heal|p2a: Charizard|250/297|[from] move: Wish|[wisher] Flareon","|turn|11","|","|move|p2a: Charizard|Dragon Pulse|p1a: Druddigon","|-supereffective|p1a: Druddigon","|-damage|p1a: Druddigon|6/301 slp","|-curestatus|p1a: Druddigon|slp","|move|p1a: Druddigon|Rock Slide|p2a: Charizard","|-supereffective|p2a: Charizard","|-damage|p2a: Charizard|0 fnt","|faint|p2a: Charizard","|","|-weather|none","|","|switch|p2a: Scooby Doo|Arcanine, F, shiny|383/383","|-ability|p2a: Scooby Doo|Intimidate","|-unboost|p1a: Druddigon|atk|1","|turn|12","|","|move|p2a: Scooby Doo|Extreme Speed|p1a: Druddigon","|-damage|p1a: Druddigon|0 fnt","|-damage|p2a: Scooby Doo|336/383|[from] ability: Rough Skin|[of] p1a: Druddigon","|-damage|p2a: Scooby Doo|273/383|[from] item: Rocky Helmet|[of] p1a: Druddigon","|faint|p1a: Druddigon","|","|","|switch|p1a: Goodra|Goodra, M|204/383","|-damage|p1a: Goodra|157/383|[from] Stealth Rock","|turn|13","|","|move|p2a: Scooby Doo|Iron Head|p1a: Goodra","|-damage|p1a: Goodra|24/383","|-unboost|p2a: Scooby Doo|spe|1","|move|p1a: Goodra|Muddy Water|p2a: Scooby Doo","|-miss|p1a: Goodra|p2a: Scooby Doo","|","|turn|14","|","|move|p2a: Scooby Doo|Extreme Speed|p1a: Goodra","|-damage|p1a: Goodra|0 fnt","|-unboost|p2a: Scooby Doo|spe|1","|faint|p1a: Goodra","|","|","|switch|p1a: Aeria|Altaria, F, shiny|291/291","|-damage|p1a: Aeria|219/291|[from] Stealth Rock","|-ability|p1a: Aeria|Cloud Nine","|turn|15","|","|switch|p2a: Scooby Smacks|Torkoal, M, shiny|344/344 par","|detailschange|p1a: Aeria|Altaria-Mega, F, shiny","|-mega|p1a: Aeria|Altaria|Altarianite","|move|p1a: Aeria|Earthquake|p2a: Scooby Smacks","|-supereffective|p2a: Scooby Smacks","|-damage|p2a: Scooby Smacks|218/344 par","|","|-heal|p2a: Scooby Smacks|239/344 par|[from] item: Leftovers","|turn|16","|","|switch|p1a: Latios|Latios, M|301/301","|-damage|p1a: Latios|264/301|[from] Stealth Rock","|move|p2a: Scooby Smacks|Yawn|p1a: Latios","|-start|p1a: Latios|move: Yawn|[of] p2a: Scooby Smacks","|","|-heal|p2a: Scooby Smacks|260/344 par|[from] item: Leftovers","|turn|17","|","|switch|p2a: Flareon|Flareon, M, shiny|295/334","|move|p1a: Latios|Trick|p2a: Flareon","|-activate|p1a: Latios|move: Trick|[of] p2a: Flareon","|-item|p2a: Flareon|Choice Scarf|[from] move: Trick","|-item|p1a: Latios|Leftovers|[from] move: Trick","|","|-end|p1a: Latios|move: Yawn|[silent]","|-status|p1a: Latios|slp","|-heal|p1a: Latios|282/301 slp|[from] item: Leftovers","|turn|18","|","|cant|p1a: Latios|slp","|move|p2a: Flareon|Heal Bell|p2a: Flareon","|-cureteam|p2a: Flareon|[from] move: HealBell","|","|-heal|p1a: Latios|300/301 slp|[from] item: Leftovers","|turn|19","|","|switch|p2a: Victini|Victini|341/341","|cant|p1a: Latios|slp","|","|-heal|p1a: Latios|301/301 slp|[from] item: Leftovers","|turn|20","|","|move|p2a: Victini|U-turn|p1a: Latios","|-supereffective|p1a: Latios","|-damage|p1a: Latios|141/301 slp","|","|switch|p2a: Flareon|Flareon, M, shiny|295/334","|-curestatus|p1a: Latios|slp","|move|p1a: Latios|Draco Meteor|p2a: Flareon","|-damage|p2a: Flareon|142/334","|-unboost|p1a: Latios|spa|2","|","|-heal|p1a: Latios|159/301|[from] item: Leftovers","|turn|21","|","|switch|p1a: Giga|Dragonite, M|323/323","|-damage|p1a: Giga|243/323|[from] Stealth Rock","|move|p2a: Flareon|Wish|p2a: Flareon","|","|turn|22","|","|switch|p2a: Scooby Smacks|Torkoal, M, shiny|260/344","|move|p1a: Giga|Dragon Dance|p1a: Giga","|-boost|p1a: Giga|atk|1","|-boost|p1a: Giga|spe|1","|","|-heal|p2a: Scooby Smacks|344/344|[from] move: Wish|[wisher] Flareon","|turn|23","|","|move|p1a: Giga|Dragon Claw|p2a: Scooby Smacks","|-damage|p2a: Scooby Smacks|241/344","|move|p2a: Scooby Smacks|Lava Plume|p1a: Giga","|-resisted|p1a: Giga","|-damage|p1a: Giga|204/323","|","|-heal|p2a: Scooby Smacks|262/344|[from] item: Leftovers","|turn|24","|","|move|p1a: Giga|Dragon Dance|p1a: Giga","|-boost|p1a: Giga|atk|1","|-boost|p1a: Giga|spe|1","|move|p2a: Scooby Smacks|Lava Plume|p1a: Giga","|-resisted|p1a: Giga","|-damage|p1a: Giga|164/323","|-status|p1a: Giga|brn","|-enditem|p1a: Giga|Lum Berry|[eat]","|-curestatus|p1a: Giga|brn","|","|-heal|p2a: Scooby Smacks|283/344|[from] item: Leftovers","|turn|25","|","|move|p1a: Giga|Dragon Claw|p2a: Scooby Smacks","|-damage|p2a: Scooby Smacks|153/344","|move|p2a: Scooby Smacks|Lava Plume|p1a: Giga","|-resisted|p1a: Giga","|-damage|p1a: Giga|123/323","|","|-heal|p2a: Scooby Smacks|174/344|[from] item: Leftovers","|turn|26","|","|move|p1a: Giga|Dragon Claw|p2a: Scooby Smacks","|-damage|p2a: Scooby Smacks|44/344","|move|p2a: Scooby Smacks|Lava Plume|p1a: Giga","|-resisted|p1a: Giga","|-damage|p1a: Giga|81/323","|","|-heal|p2a: Scooby Smacks|65/344|[from] item: Leftovers","|turn|27","|","|move|p1a: Giga|Dragon Claw|p2a: Scooby Smacks","|-damage|p2a: Scooby Smacks|0 fnt","|faint|p2a: Scooby Smacks","|","|","|switch|p2a: Scooby Doo|Arcanine, F, shiny|273/383","|-ability|p2a: Scooby Doo|Intimidate","|-unboost|p1a: Giga|atk|1","|turn|28","|","|move|p1a: Giga|Extreme Speed|p2a: Scooby Doo","|-damage|p2a: Scooby Doo|139/383","|move|p2a: Scooby Doo|Wild Charge|p1a: Giga","|-damage|p1a: Giga|0 fnt","|-damage|p2a: Scooby Doo|119/383|[from] recoil|[of] p1a: Giga","|faint|p1a: Giga","|","|","|switch|p1a: Power|Hydreigon, M, shiny|325/325","|-damage|p1a: Power|285/325|[from] Stealth Rock","|turn|29","|","|switch|p2a: Flareon|Flareon, M, shiny|142/334","|move|p1a: Power|Dark Pulse|p2a: Flareon","|-damage|p2a: Flareon|46/334","|","|turn|30","|","|move|p1a: Power|Dark Pulse|p2a: Flareon","|-damage|p2a: Flareon|0 fnt","|faint|p2a: Flareon","|","|","|switch|p2a: Victini|Victini|341/341","|turn|31","|","|move|p2a: Victini|U-turn|p1a: Power","|-supereffective|p1a: Power","|-damage|p1a: Power|135/325","|","|switch|p2a: Scooby Doo|Arcanine, F, shiny|119/383","|-ability|p2a: Scooby Doo|Intimidate","|-unboost|p1a: Power|atk|1","|move|p1a: Power|Dark Pulse|p2a: Scooby Doo","|-damage|p2a: Scooby Doo|0 fnt","|faint|p2a: Scooby Doo","|","|","|switch|p2a: Victini|Victini|341/341","|turn|32","|","|move|p2a: Victini|U-turn|p1a: Power","|-supereffective|p1a: Power","|-damage|p1a: Power|0 fnt","|faint|p1a: Power","|","|","|switch|p1a: Aeria|Altaria-Mega, F, shiny|219/291","|-damage|p1a: Aeria|183/291|[from] Stealth Rock","|turn|33","|","|move|p2a: Victini|U-turn|p1a: Aeria","|-resisted|p1a: Aeria","|-damage|p1a: Aeria|153/291","|move|p1a: Aeria|Earthquake|p2a: Victini","|-crit|p2a: Victini","|-supereffective|p2a: Victini","|-damage|p2a: Victini|29/341","|","|turn|34","|","|move|p2a: Victini|U-turn|p1a: Aeria","|-resisted|p1a: Aeria","|-damage|p1a: Aeria|121/291","|move|p1a: Aeria|Dragon Claw|p2a: Victini","|-damage|p2a: Victini|0 fnt","|faint|p2a: Victini","|","|win|Rain Dank Tank"],"p1rating":{"entryid":"44200","serverid":"eos","formatid":"monotype","userid":"raindanktank","username":"Rain Dank Tank","w":6,"l":"3","t":"0","gxe":58.5,"r":"1500","rd":"130","sigma":"0","rptime":"1439888400","rpr":1567.0789176277,"rprd":90.177524252654,"rpsigma":"0","acre":1086.7312310625,"lacre":1086.7312310625,"oldacre":"1058.8620120953"},"p2rating":{"entryid":"69014","serverid":"eos","formatid":"monotype","userid":"breadbites","username":"BreadBites","w":"1","l":3,"t":"0","gxe":42.7,"r":"1500","rd":"130","sigma":"0","rptime":"1439888400","rpr":1442.2447476345,"rprd":106.89392822416,"rpsigma":"0","acre":1010.0432620018,"lacre":1010.0432620018,"oldacre":"1021.9244447818"},"endType":"normal"}