{"seed":[45424,35610,7251,59196],"turns":26,"p1":"Alliance-Succubus","p2":"tboltrider","p1team":[{"name":"Wii-Unbound","species":"hoopaunbound","item":"choicescarf","ability":"Magician","moves":["psyshock","darkpulse","energyball","thunderbolt"],"nature":"Timid","evs":{"hp":0,"atk":0,"def":0,"spa":252,"spd":4,"spe":252},"ivs":{"hp":31,"atk":31,"def":31,"spa":31,"spd":31,"spe":31}},{"name":"Cacturne Mk. 3","species":"absol","item":"focussash","ability":"Super Luck","moves":["swordsdance","suckerpunch","playrough","batonpass"],"nature":"Adamant","evs":{"hp":0,"atk":252,"def":0,"spa":0,"spd":4,"spe":252},"gender":"F","ivs":{"hp":31,"atk":31,"def":31,"spa":31,"spd":31,"spe":31}},{"name":"Hoodlum","species":"scrafty","item":"leftovers","ability":"Shed Skin","moves":["bulkup","rest","knockoff","drainpunch"],"nature":"Adamant","evs":{"hp":252,"atk":252,"def":0,"spa":0,"spd":4,"spe":0},"gender":"M","ivs":{"hp":31,"atk":31,"def":31,"spa":31,"spd":31,"spe":31}},{"name":"Dino Dance","species":"tyranitar","item":"leftovers","ability":"Sand Stream","moves":["dragondance","icepunch","rockslide","crunch"],"nature":"Adamant","evs":{"hp":0,"atk":252,"def":0,"spa":0,"spd":4,"spe":252},"gender":"M","ivs":{"hp":31,"atk":31,"def":31,"spa":31,"spd":31,"spe":31}},{"name":"Sableye","species":"Sableye","item":"sablenite","ability":"Prankster","moves":["willowisp","recover","calmmind","powergem"],"nature":"Calm","evs":{"hp":248,"atk":0,"def":0,"spa":8,"spd":252,"spe":0},"gender":"F","ivs":{"hp":31,"atk":31,"def":31,"spa":31,"spd":31,"spe":31}},{"name":"Krooky Monster","species":"krookodile","item":"leftovers","ability":"Intimidate","moves":["stealthrock","knockoff","firefang","earthquake"],"nature":"Adamant","evs":{"hp":252,"atk":252,"def":0,"spa":0,"spd":4,"spe":0},"gender":"M","ivs":{"hp":31,"atk":31,"def":31,"spa":31,"spd":31,"spe":31}}],"p2team":[{"name":"Skarmory","species":"Skarmory","item":"rockyhelmet","ability":"Sturdy","moves":["roost","swordsdance","stealthrock","ironhead"],"nature":"Jolly","evs":{"hp":0,"atk":128,"def":0,"spa":0,"spd":248,"spe":132},"gender":"M","ivs":{"hp":31,"atk":31,"def":31,"spa":31,"spd":31,"spe":31}},{"name":"Togekiss","species":"Togekiss","item":"leftovers","ability":"Serene Grace","moves":["aurasphere","airslash","softboiled","thunderwave"],"nature":"Modest","evs":{"hp":0,"atk":0,"def":148,"spa":108,"spd":0,"spe":252},"gender":"F","ivs":{"hp":31,"atk":31,"def":31,"spa":31,"spd":31,"spe":31}},{"name":"Mandibuzz","species":"Mandibuzz","item":"leftovers","ability":"Overcoat","moves":["roost","defog","foulplay","taunt"],"nature":"Adamant","evs":{"hp":0,"atk":232,"def":0,"spa":0,"spd":156,"spe":120},"ivs":{"hp":31,"atk":31,"def":31,"spa":31,"spd":31,"spe":31}},{"name":"Hawlucha","species":"Hawlucha","item":"sitrusberry","ability":"Unburden","moves":["swordsdance","acrobatics","highjumpkick","substitute"],"nature":"Careful","evs":{"hp":12,"atk":252,"def":0,"spa":0,"spd":0,"spe":244},"ivs":{"hp":31,"atk":31,"def":31,"spa":31,"spd":31,"spe":31}},{"name":"Charizard","species":"Charizard","item":"charizarditex","ability":"Blaze","moves":["dragondance","dragonclaw","roost","flareblitz"],"nature":"Jolly","evs":{"hp":0,"atk":252,"def":4,"spa":0,"spd":0,"spe":252},"gender":"M","ivs":{"hp":31,"atk":31,"def":31,"spa":31,"spd":31,"spe":31}},{"name":"Gliscor","species":"Gliscor","item":"toxicorb","ability":"Poison Heal","moves":["earthquake","swordsdance","roost","facade"],"nature":"Careful","evs":{"hp":244,"atk":0,"def":8,"spa":0,"spd":200,"spe":56},"ivs":{"hp":31,"atk":31,"def":31,"spa":31,"spd":31,"spe":31}}],"log":["|player|p1|Alliance-Succubus|96","|player|p2|tboltrider|93","|gametype|singles","|gen|6","|tier|Monotype","|rated","|rule|Baton Pass Clause: Limit one Baton Passer, can't pass Spe and other stats simultaneously","|rule|Swagger Clause: Swagger is banned","|rule|Same Type Clause: Pokémon in a team must share a type","|clearpoke","|poke|p1|Hoopa-Unbound","|poke|p1|Absol, F","|poke|p1|Scrafty, M","|poke|p1|Tyranitar, M","|poke|p1|Sableye, F","|poke|p1|Krookodile, M","|poke|p2|Skarmory, M","|poke|p2|Togekiss, F","|poke|p2|Mandibuzz, F","|poke|p2|Hawlucha, M","|poke|p2|Charizard, M","|poke|p2|Gliscor, F","|rule|Sleep Clause Mod: Limit one foe put to sleep","|rule|Species Clause: Limit one of each Pokémon","|rule|OHKO Clause: OHKO moves are banned","|rule|Moody Clause: Moody is banned","|rule|Evasion Moves Clause: Evasion moves are banned","|rule|Endless Battle Clause: Forcing endless battles is banned","|rule|HP Percentage Mod: HP is shown in percentages","|teampreview","|","|start","|switch|p1a: Sableye|Sableye, F|303/303","|switch|p2a: Charizard|Charizard, M|297/297","|turn|1","|","|detailschange|p2a: Charizard|Charizard-Mega-X, M","|-mega|p2a: Charizard|Charizard|Charizardite X","|detailschange|p1a: Sableye|Sableye-Mega, F","|-mega|p1a: Sableye|Sableye|Sablenite","|move|p2a: Charizard|Dragon Dance|p2a: Charizard","|-boost|p2a: Charizard|atk|1","|-boost|p2a: Charizard|spe|1","|move|p1a: Sableye|Power Gem|p2a: Charizard","|-supereffective|p2a: Charizard","|-damage|p2a: Charizard|177/297","|","|turn|2","|","|switch|p1a: Krooky Monster|Krookodile, M|394/394","|-ability|p1a: Krooky Monster|Intimidate","|-unboost|p2a: Charizard|atk|1","|move|p2a: Charizard|Dragon Claw|p1a: Krooky Monster","|-damage|p1a: Krooky Monster|159/394","|","|-heal|p1a: Krooky Monster|183/394|[from] item: Leftovers","|turn|3","|","|move|p2a: Charizard|Dragon Claw|p1a: Krooky Monster","|-damage|p1a: Krooky Monster|0 fnt","|faint|p1a: Krooky Monster","|","|","|switch|p1a: Cacturne Mk. 3|Absol, F|271/271","|turn|4","|","|move|p2a: Charizard|Roost|p2a: Charizard","|-heal|p2a: Charizard|297/297","|move|p1a: Cacturne Mk. 3|Swords Dance|p1a: Cacturne Mk. 3","|-boost|p1a: Cacturne Mk. 3|atk|2","|","|turn|5","|","|move|p2a: Charizard|Flare Blitz|p1a: Cacturne Mk. 3","|-enditem|p1a: Cacturne Mk. 3|Focus Sash","|-damage|p1a: Cacturne Mk. 3|1/271","|-damage|p2a: Charizard|208/297|[from] recoil|[of] p1a: Cacturne Mk. 3","|move|p1a: Cacturne Mk. 3|Play Rough|p2a: Charizard","|-damage|p2a: Charizard|0 fnt","|faint|p2a: Charizard","|","|","|switch|p2a: Hawlucha|Hawlucha, M|300/300","|turn|6","|","|move|p1a: Cacturne Mk. 3|Sucker Punch|p2a: Hawlucha","|-resisted|p2a: Hawlucha","|-damage|p2a: Hawlucha|93/300","|-enditem|p2a: Hawlucha|Sitrus Berry|[eat]","|-heal|p2a: Hawlucha|168/300|[from] item: Sitrus Berry","|move|p2a: Hawlucha|Acrobatics|p1a: Cacturne Mk. 3","|-damage|p1a: Cacturne Mk. 3|0 fnt","|faint|p1a: Cacturne Mk. 3","|","|","|switch|p1a: Dino Dance|Tyranitar, M|341/341","|-weather|Sandstorm","|turn|7","|","|switch|p1a: Sableye|Sableye-Mega, F|303/303","|move|p2a: Hawlucha|High Jump Kick|p1a: Sableye","|-immune|p1a: Sableye|[msg]","|-damage|p2a: Hawlucha|18/300|[from] highjumpkick","|","|-weather|Sandstorm|[upkeep]","|-damage|p2a: Hawlucha|0 fnt|[from] sandstorm","|-damage|p1a: Sableye|285/303|[from] sandstorm","|faint|p2a: Hawlucha","|","|switch|p2a: Skarmory|Skarmory, M|271/271","|turn|8","|","|move|p2a: Skarmory|Swords Dance|p2a: Skarmory","|-boost|p2a: Skarmory|atk|2","|move|p1a: Sableye|Will-O-Wisp|p2a: Skarmory","|-status|p2a: Skarmory|brn","|","|-weather|Sandstorm|[upkeep]","|-damage|p1a: Sableye|267/303|[from] sandstorm","|-damage|p2a: Skarmory|238/271 brn|[from] brn","|turn|9","|","|move|p2a: Skarmory|Swords Dance|p2a: Skarmory","|-boost|p2a: Skarmory|atk|2","|move|p1a: Sableye|Power Gem|p2a: Skarmory","|-damage|p2a: Skarmory|178/271 brn","|","|-weather|Sandstorm|[upkeep]","|-damage|p1a: Sableye|249/303|[from] sandstorm","|-damage|p2a: Skarmory|145/271 brn|[from] brn","|turn|10","|","|move|p2a: Skarmory|Roost|p2a: Skarmory","|-heal|p2a: Skarmory|271/271 brn","|move|p1a: Sableye|Power Gem|p2a: Skarmory","|-resisted|p2a: Skarmory","|-damage|p2a: Skarmory|244/271 brn","|","|-weather|Sandstorm|[upkeep]","|-damage|p1a: Sableye|231/303|[from] sandstorm","|-damage|p2a: Skarmory|211/271 brn|[from] brn","|turn|11","|","|move|p2a: Skarmory|Iron Head|p1a: Sableye","|-damage|p1a: Sableye|119/303","|move|p1a: Sableye|Calm Mind|p1a: Sableye","|-boost|p1a: Sableye|spa|1","|-boost|p1a: Sableye|spd|1","|","|-weather|none","|-damage|p2a: Skarmory|178/271 brn|[from] brn","|turn|12","|","|move|p2a: Skarmory|Iron Head|p1a: Sableye","|-damage|p1a: Sableye|15/303","|move|p1a: Sableye|Recover|p1a: Sableye","|-heal|p1a: Sableye|167/303","|","|-damage|p2a: Skarmory|145/271 brn|[from] brn","|turn|13","|","|move|p2a: Skarmory|Swords Dance|p2a: Skarmory","|-boost|p2a: Skarmory|atk|2","|move|p1a: Sableye|Recover|p1a: Sableye","|-heal|p1a: Sableye|303/303","|","|-damage|p2a: Skarmory|112/271 brn|[from] brn","|turn|14","|","|move|p2a: Skarmory|Roost|p2a: Skarmory","|-heal|p2a: Skarmory|248/271 brn","|move|p1a: Sableye|Calm Mind|p1a: Sableye","|-boost|p1a: Sableye|spa|1","|-boost|p1a: Sableye|spd|1","|","|-damage|p2a: Skarmory|215/271 brn|[from] brn","|turn|15","|","|move|p2a: Skarmory|Iron Head|p1a: Sableye","|-damage|p1a: Sableye|155/303","|move|p1a: Sableye|Power Gem|p2a: Skarmory","|-damage|p2a: Skarmory|112/271 brn","|","|-damage|p2a: Skarmory|79/271 brn|[from] brn","|turn|16","|","|move|p2a: Skarmory|Iron Head|p1a: Sableye","|-damage|p1a: Sableye|5/303","|move|p1a: Sableye|Power Gem|p2a: Skarmory","|-damage|p2a: Skarmory|0 fnt","|faint|p2a: Skarmory","|","|","|switch|p2a: Togekiss|Togekiss, F|311/311","|turn|17","|","|move|p2a: Togekiss|Air Slash|p1a: Sableye","|-damage|p1a: Sableye|0 fnt","|faint|p1a: Sableye","|","|","|switch|p1a: Wii-Unbound|Hoopa-Unbound|301/301","|turn|18","|","|move|p1a: Wii-Unbound|Thunderbolt|p2a: Togekiss","|-supereffective|p2a: Togekiss","|-damage|p2a: Togekiss|97/311","|move|p2a: Togekiss|Thunder Wave|p1a: Wii-Unbound","|-status|p1a: Wii-Unbound|par","|","|-heal|p2a: Togekiss|116/311|[from] item: Leftovers","|turn|19","|","|move|p2a: Togekiss|Air Slash|p1a: Wii-Unbound","|-damage|p1a: Wii-Unbound|207/301 par","|cant|p1a: Wii-Unbound|flinch","|","|-heal|p2a: Togekiss|135/311|[from] item: Leftovers","|turn|20","|","|move|p2a: Togekiss|Air Slash|p1a: Wii-Unbound","|-damage|p1a: Wii-Unbound|99/301 par","|move|p1a: Wii-Unbound|Thunderbolt|p2a: Togekiss","|-supereffective|p2a: Togekiss","|-damage|p2a: Togekiss|0 fnt","|faint|p2a: Togekiss","|","|","|switch|p2a: Gliscor|Gliscor, F|352/352","|turn|21","|","|move|p2a: Gliscor|Swords Dance|p2a: Gliscor","|-boost|p2a: Gliscor|atk|2","|move|p1a: Wii-Unbound|Thunderbolt|p2a: Gliscor","|-immune|p2a: Gliscor|[msg]","|","|-status|p2a: Gliscor|tox|[from] item: Toxic Orb","|turn|22","|","|move|p2a: Gliscor|Swords Dance|p2a: Gliscor","|-boost|p2a: Gliscor|atk|2","|move|p1a: Wii-Unbound|Thunderbolt|p2a: Gliscor","|-immune|p2a: Gliscor|[msg]","|","|turn|23","|","|switch|p1a: Hoodlum|Scrafty, M|334/334","|move|p2a: Gliscor|Swords Dance|p2a: Gliscor","|-boost|p2a: Gliscor|atk|2","|","|turn|24","|","|move|p2a: Gliscor|Earthquake|p1a: Hoodlum","|-damage|p1a: Hoodlum|0 fnt","|faint|p1a: Hoodlum","|","|","|switch|p1a: Wii-Unbound|Hoopa-Unbound|99/301 par","|turn|25","|","|move|p2a: Gliscor|Facade|p1a: Wii-Unbound","|-damage|p1a: Wii-Unbound|0 fnt","|faint|p1a: Wii-Unbound","|","|","|switch|p1a: Dino Dance|Tyranitar, M|341/341","|-weather|Sandstorm","|turn|26","|","|move|p2a: Gliscor|Earthquake|p1a: Dino Dance","|-supereffective|p1a: Dino Dance","|-damage|p1a: Dino Dance|0 fnt","|faint|p1a: Dino Dance","|","|win|tboltrider"],"p1rating":{"entryid":"50240","serverid":"eos","formatid":"monotype","userid":"alliancesuccubus","username":"Alliance-Succubus","w":"3","l":4,"t":"0","gxe":46.1,"r":"1500","rd":"130","sigma":"0","rptime":"1439888400","rpr":1469.8679632188,"rprd":95.877746590725,"rpsigma":"0","acre":1034.950719904,"lacre":1034.950719904,"oldacre":"1049.8230726228"},"p2rating":{"entryid":"11792","serverid":"eos","formatid":"monotype","userid":"tboltrider","username":"tboltrider","w":6,"l":"3","t":"0","gxe":58.3,"r":"1459.8393856612","rd":"122.8583080769","sigma":"0","rptime":"1439888400","rpr":1565.4369453272,"rprd":90.44592956184,"rpsigma":"0","acre":1123.208181832,"lacre":1123.208181832,"oldacre":"1101.9296944025"},"endType":"normal"}