{"seed":[26128,23423,148,23959],"turns":24,"p1":"V SLootBoot","p2":"GTX♅Cool","p1team":[{"name":"Mandibuzz","species":"Mandibuzz","item":"leftovers","ability":"Overcoat","moves":["foulplay","roost","defog","taunt"],"nature":"Impish","evs":{"hp":248,"atk":0,"def":136,"spa":0,"spd":108,"spe":16},"ivs":{"hp":31,"atk":31,"def":31,"spa":31,"spd":31,"spe":31}},{"name":"Togekiss","species":"Togekiss","item":"leftovers","ability":"Serene Grace","moves":["thunderwave","airslash","nastyplot","roost"],"nature":"Calm","evs":{"hp":248,"atk":0,"def":0,"spa":0,"spd":216,"spe":44},"ivs":{"hp":31,"atk":31,"def":31,"spa":31,"spd":31,"spe":31}},{"name":"Dragonite","species":"Dragonite","item":"weaknesspolicy","ability":"Multiscale","moves":["earthquake","dragonclaw","extremespeed","dragondance"],"nature":"Adamant","evs":{"hp":0,"atk":252,"def":0,"spa":0,"spd":4,"spe":252},"ivs":{"hp":31,"atk":31,"def":31,"spa":31,"spd":31,"spe":31}},{"name":"Skarmory","species":"Skarmory","item":"rockyhelmet","ability":"Sturdy","moves":["roost","spikes","bravebird","stealthrock"],"nature":"Impish","evs":{"hp":252,"atk":0,"def":252,"spa":0,"spd":4,"spe":0},"ivs":{"hp":31,"atk":31,"def":31,"spa":31,"spd":31,"spe":31}},{"name":"Xatu","species":"Xatu","item":"lightclay","ability":"Magic Bounce","moves":["thunderwave","reflect","uturn","nightshade"],"nature":"Jolly","evs":{"hp":248,"atk":0,"def":0,"spa":0,"spd":8,"spe":252},"ivs":{"hp":31,"atk":31,"def":31,"spa":31,"spd":31,"spe":31}},{"name":"Gyarados","species":"Gyarados","item":"gyaradosite","ability":"Intimidate","moves":["dragondance","waterfall","earthquake","icefang"],"nature":"Adamant","evs":{"hp":0,"atk":252,"def":4,"spa":0,"spd":0,"spe":252},"ivs":{"hp":31,"atk":31,"def":31,"spa":31,"spd":31,"spe":31}}],"p2team":[{"name":"Ludicolo","species":"Ludicolo","item":"lifeorb","ability":"Swift Swim","moves":["surf","gigadrain","icebeam","focusblast"],"nature":"","evs":{"hp":0,"atk":0,"def":0,"spa":252,"spd":4,"spe":252},"ivs":{"hp":31,"atk":31,"def":31,"spa":31,"spd":31,"spe":31}},{"name":"Politoed","species":"Politoed","item":"leftovers","ability":"Drizzle","moves":["scald","icebeam","perishsong","protect"],"nature":"","evs":{"hp":252,"atk":0,"def":76,"spa":76,"spd":100,"spe":4},"ivs":{"hp":31,"atk":31,"def":31,"spa":31,"spd":31,"spe":31}},{"name":"Keldeo","species":"Keldeo","item":"choicescarf","ability":"Justified","moves":["scald","sacredsword","hydropump","icywind"],"nature":"Timid","evs":{"hp":0,"atk":0,"def":4,"spa":252,"spd":0,"spe":252},"ivs":{"hp":31,"atk":31,"def":31,"spa":31,"spd":31,"spe":31}},{"name":"Gyarados","species":"Gyarados","item":"choicescarf","ability":"Moxie","moves":["waterfall","earthquake","dragondance","protect"],"nature":"Adamant","evs":{"hp":12,"atk":252,"def":0,"spa":0,"spd":0,"spe":244},"ivs":{"hp":31,"atk":30,"def":31,"spa":30,"spd":31,"spe":30}},{"name":"Swampert","species":"Swampert","item":"swampertite","ability":"Damp","moves":["waterfall","earthquake","icepunch","poweruppunch"],"nature":"Adamant","evs":{"hp":0,"atk":252,"def":4,"spa":0,"spd":0,"spe":252},"ivs":{"hp":31,"atk":31,"def":31,"spa":31,"spd":31,"spe":31}},{"name":"Azumarill","species":"Azumarill","item":"sitrusberry","ability":"Sap Sipper","moves":["bellydrum","aquajet","playrough","knockoff"],"nature":"Adamant","evs":{"hp":92,"atk":252,"def":0,"spa":0,"spd":0,"spe":164},"ivs":{"hp":31,"atk":31,"def":31,"spa":31,"spd":31,"spe":31}}],"log":["|player|p1|V SLootBoot|102","|player|p2|GTX♅Cool|163","|gametype|singles","|gen|6","|tier|Monotype","|rated","|rule|Baton Pass Clause: Limit one Baton Passer, can't pass Spe and other stats simultaneously","|rule|Swagger Clause: Swagger is banned","|rule|Same Type Clause: Pokémon in a team must share a type","|clearpoke","|poke|p1|Mandibuzz, F","|poke|p1|Togekiss, M","|poke|p1|Dragonite, F","|poke|p1|Skarmory, M","|poke|p1|Xatu, M","|poke|p1|Gyarados, M","|poke|p2|Ludicolo, F","|poke|p2|Politoed, M","|poke|p2|Keldeo","|poke|p2|Gyarados, F","|poke|p2|Swampert, F","|poke|p2|Azumarill, F","|rule|Sleep Clause Mod: Limit one foe put to sleep","|rule|Species Clause: Limit one of each Pokémon","|rule|OHKO Clause: OHKO moves are banned","|rule|Moody Clause: Moody is banned","|rule|Evasion Moves Clause: Evasion moves are banned","|rule|Endless Battle Clause: Forcing endless battles is banned","|rule|HP Percentage Mod: HP is shown in percentages","|teampreview","|","|start","|switch|p1a: Gyarados|Gyarados, M|331/331","|switch|p2a: Politoed|Politoed, M|384/384","|-ability|p1a: Gyarados|Intimidate","|-unboost|p2a: Politoed|atk|1","|-weather|RainDance","|turn|1","|","|detailschange|p1a: Gyarados|Gyarados-Mega, M","|-mega|p1a: Gyarados|Gyarados|Gyaradosite","|-ability|p1a: Gyarados|Mold Breaker","|move|p1a: Gyarados|Dragon Dance|p1a: Gyarados","|-boost|p1a: Gyarados|atk|1","|-boost|p1a: Gyarados|spe|1","|move|p2a: Politoed|Ice Beam|p1a: Gyarados","|-crit|p1a: Gyarados","|-resisted|p1a: Gyarados","|-damage|p1a: Gyarados|285/331","|-status|p1a: Gyarados|frz","|","|-weather|RainDance|[upkeep]","|turn|2","|","|-curestatus|p1a: Gyarados|frz","|move|p1a: Gyarados|Waterfall|p2a: Politoed","|-resisted|p2a: Politoed","|-damage|p2a: Politoed|165/384","|cant|p2a: Politoed|flinch","|","|-weather|RainDance|[upkeep]","|-heal|p2a: Politoed|189/384|[from] item: Leftovers","|turn|3","|","|switch|p2a: Ludicolo|Ludicolo, F|301/301","|move|p1a: Gyarados|Waterfall|p2a: Ludicolo","|-resisted|p2a: Ludicolo","|-damage|p2a: Ludicolo|172/301","|","|-weather|RainDance|[upkeep]","|turn|4","|","|move|p2a: Ludicolo|Giga Drain|p1a: Gyarados","|-supereffective|p1a: Gyarados","|-damage|p1a: Gyarados|59/331","|-heal|p2a: Ludicolo|285/301|[from] drain|[of] p1a: Gyarados","|-damage|p2a: Ludicolo|255/301|[from] item: Life Orb","|move|p1a: Gyarados|Ice Fang|p2a: Ludicolo","|-damage|p2a: Ludicolo|69/301","|-status|p2a: Ludicolo|frz","|","|-weather|RainDance|[upkeep]","|turn|5","|","|switch|p1a: Skarmory|Skarmory, M|334/334","|cant|p2a: Ludicolo|frz","|","|-weather|none","|turn|6","|","|switch|p2a: Azumarill|Azumarill, F|364/364","|move|p1a: Skarmory|Stealth Rock|p2a: Azumarill","|-sidestart|p2: GTX♅Cool|move: Stealth Rock","|","|turn|7","|","|move|p2a: Azumarill|Belly Drum|p2a: Azumarill","|-damage|p2a: Azumarill|182/364","|-setboost|p2a: Azumarill|atk|6|[from] move: Belly Drum","|-enditem|p2a: Azumarill|Sitrus Berry|[eat]","|-heal|p2a: Azumarill|273/364|[from] item: Sitrus Berry","|move|p1a: Skarmory|Spikes|p2a: Azumarill","|-sidestart|p2: GTX♅Cool|Spikes","|","|turn|8","|","|move|p2a: Azumarill|Knock Off|p1a: Skarmory","|-damage|p1a: Skarmory|180/334","|-damage|p2a: Azumarill|213/364|[from] item: Rocky Helmet|[of] p1a: Skarmory","|-enditem|p1a: Skarmory|Rocky Helmet|[from] move: Knock Off|[of] p2a: Azumarill","|move|p1a: Skarmory|Brave Bird|p2a: Azumarill","|-damage|p2a: Azumarill|78/364","|-damage|p1a: Skarmory|135/334|[from] recoil|[of] p2a: Azumarill","|","|turn|9","|","|move|p2a: Azumarill|Play Rough|p1a: Skarmory","|-resisted|p1a: Skarmory","|-damage|p1a: Skarmory|27/334","|move|p1a: Skarmory|Roost|p1a: Skarmory","|-heal|p1a: Skarmory|194/334","|","|turn|10","|","|move|p2a: Azumarill|Aqua Jet|p1a: Skarmory","|-crit|p1a: Skarmory","|-damage|p1a: Skarmory|47/334","|move|p1a: Skarmory|Roost|p1a: Skarmory","|-heal|p1a: Skarmory|214/334","|","|turn|11","|","|move|p2a: Azumarill|Aqua Jet|p1a: Skarmory","|-damage|p1a: Skarmory|123/334","|move|p1a: Skarmory|Brave Bird|p2a: Azumarill","|-damage|p2a: Azumarill|0 fnt","|-damage|p1a: Skarmory|97/334|[from] recoil|[of] p2a: Azumarill","|faint|p2a: Azumarill","|","|","|switch|p2a: Politoed|Politoed, M|189/384","|-damage|p2a: Politoed|141/384|[from] Spikes","|-damage|p2a: Politoed|93/384|[from] Stealth Rock","|-weather|RainDance","|turn|12","|","|move|p2a: Politoed|Ice Beam|p1a: Skarmory","|-damage|p1a: Skarmory|1/334","|move|p1a: Skarmory|Spikes|p2a: Politoed","|-sidestart|p2: GTX♅Cool|Spikes","|","|-weather|RainDance|[upkeep]","|-heal|p2a: Politoed|117/384|[from] item: Leftovers","|turn|13","|","|move|p2a: Politoed|Ice Beam|p1a: Skarmory","|-damage|p1a: Skarmory|0 fnt","|faint|p1a: Skarmory","|","|-weather|RainDance|[upkeep]","|-heal|p2a: Politoed|141/384|[from] item: Leftovers","|","|switch|p1a: Togekiss|Togekiss, M|373/373","|turn|14","|","|move|p1a: Togekiss|Thunder Wave|p2a: Politoed","|-status|p2a: Politoed|par","|cant|p2a: Politoed|par","|","|-weather|RainDance|[upkeep]","|-heal|p2a: Politoed|165/384 par|[from] item: Leftovers","|turn|15","|","|move|p1a: Togekiss|Air Slash|p2a: Politoed","|-damage|p2a: Politoed|77/384 par","|cant|p2a: Politoed|flinch","|","|-weather|RainDance|[upkeep]","|-heal|p2a: Politoed|101/384 par|[from] item: Leftovers","|turn|16","|","|move|p1a: Togekiss|Air Slash|p2a: Politoed","|-damage|p2a: Politoed|5/384 par","|move|p2a: Politoed|Ice Beam|p1a: Togekiss","|-supereffective|p1a: Togekiss","|-damage|p1a: Togekiss|285/373","|","|-weather|none","|-heal|p1a: Togekiss|308/373|[from] item: Leftovers","|-heal|p2a: Politoed|29/384 par|[from] item: Leftovers","|turn|17","|","|switch|p2a: Swampert|Swampert, F|341/341","|-damage|p2a: Swampert|285/341|[from] Spikes","|-damage|p2a: Swampert|264/341|[from] Stealth Rock","|move|p1a: Togekiss|Air Slash|p2a: Swampert","|-damage|p2a: Swampert|155/341","|","|-heal|p1a: Togekiss|331/373|[from] item: Leftovers","|turn|18","|","|detailschange|p2a: Swampert|Swampert-Mega, F","|-mega|p2a: Swampert|Swampert|Swampertite","|move|p2a: Swampert|Ice Punch|p1a: Togekiss","|-supereffective|p1a: Togekiss","|-damage|p1a: Togekiss|103/373","|move|p1a: Togekiss|Air Slash|p2a: Swampert","|-damage|p2a: Swampert|64/341","|","|-heal|p1a: Togekiss|126/373|[from] item: Leftovers","|turn|19","|","|move|p2a: Swampert|Ice Punch|p1a: Togekiss","|-supereffective|p1a: Togekiss","|-damage|p1a: Togekiss|0 fnt","|faint|p1a: Togekiss","|","|","|switch|p1a: Gyarados|Gyarados-Mega, M|59/331","|-ability|p1a: Gyarados|Mold Breaker","|turn|20","|","|move|p1a: Gyarados|Waterfall|p2a: Swampert","|-damage|p2a: Swampert|0 fnt","|faint|p2a: Swampert","|","|","|switch|p2a: Gyarados|Gyarados, F|334/334","|-damage|p2a: Gyarados|251/334|[from] Stealth Rock","|turn|21","|","|move|p2a: Gyarados|Waterfall|p1a: Gyarados","|-resisted|p1a: Gyarados","|-damage|p1a: Gyarados|0 fnt","|faint|p1a: Gyarados","|-boost|p2a: Gyarados|atk|1|[from] ability: Moxie","|","|","|switch|p1a: Dragonite|Dragonite, F|323/323","|turn|22","|","|move|p2a: Gyarados|Waterfall|p1a: Dragonite","|-resisted|p1a: Dragonite","|-damage|p1a: Dragonite|259/323","|move|p1a: Dragonite|Dragon Dance|p1a: Dragonite","|-boost|p1a: Dragonite|atk|1","|-boost|p1a: Dragonite|spe|1","|","|turn|23","|","|move|p1a: Dragonite|Dragon Claw|p2a: Gyarados","|-damage|p2a: Gyarados|0 fnt","|faint|p2a: Gyarados","|","|","|switch|p2a: Keldeo|Keldeo|323/323","|-damage|p2a: Keldeo|303/323|[from] Stealth Rock","|-damage|p2a: Keldeo|250/323|[from] Spikes","|turn|24","|","|move|p2a: Keldeo|Icy Wind|p1a: Dragonite","|-supereffective|p1a: Dragonite","|-damage|p1a: Dragonite|19/323","|-enditem|p1a: Dragonite|Weakness Policy","|-boost|p1a: Dragonite|atk|2|[from] item: Weakness Policy","|-boost|p1a: Dragonite|spa|2|[from] item: Weakness Policy","|-unboost|p1a: Dragonite|spe|1","|move|p1a: Dragonite|Dragon Claw|p2a: Keldeo","|-damage|p2a: Keldeo|0 fnt","|faint|p2a: Keldeo","|","|","|switch|p2a: Ludicolo|Ludicolo, F|69/301 frz","|-damage|p2a: Ludicolo|32/301 frz|[from] Stealth Rock","|-damage|p2a: Ludicolo|0 fnt|[from] Spikes","|faint|p2a: Ludicolo","|","|switch|p2a: Politoed|Politoed, M|29/384 par","|-damage|p2a: Politoed|0 fnt|[from] Spikes","|faint|p2a: Politoed","|","|win|V SLootBoot"],"p1rating":{"entryid":97501,"formatid":"monotype","userid":"vslootboot","username":"V SLootBoot","r":1500,"rd":130,"sigma":0,"rpr":1524.8979839392,"rprd":123.59379405841,"rpsigma":0,"rptime":1439888400,"w":1,"l":0,"t":0,"gxe":53.1,"acre":1053.3735370133,"lacre":1053.3735370133,"oldacre":1000},"p2rating":{"entryid":"10847","serverid":"eos","formatid":"monotype","userid":"gtxcool","username":"GTX♅Cool","w":"6","l":21,"t":"0","gxe":29.7,"r":"1342.945816768","rd":"99.186710102519","sigma":"0","rptime":"1439888400","rpr":1334.7190928409,"rprd":66.357944664966,"rpsigma":"0","acre":1087.4465412444,"lacre":1087.4465412444,"oldacre":"1120.8050018777"},"endType":"normal"}