{"seed":[4624,24026,2723,22254],"turns":22,"p1":"Ex-FacHead Toxic","p2":"emforbes","p1team":[{"name":"Cradily","species":"Cradily","item":"leftovers","ability":"Suction Cups","moves":["grassknot","earthpower","sludgewave","substitute"],"nature":"Modest","evs":{"hp":248,"atk":0,"def":0,"spa":252,"spd":8,"spe":0},"gender":"F","ivs":{"hp":31,"atk":31,"def":31,"spa":31,"spd":31,"spe":31}},{"name":"Tyranitar","species":"Tyranitar","item":"tyranitarite","ability":"Sand Stream","moves":["icepunch","foulplay","stoneedge","dragondance"],"nature":"Adamant","evs":{"hp":0,"atk":252,"def":0,"spa":0,"spd":4,"spe":252},"gender":"M","ivs":{"hp":31,"atk":31,"def":31,"spa":31,"spd":31,"spe":31}},{"name":"Gigalith","species":"Gigalith","item":"focussash","ability":"Sand Force","moves":["heavyslam","earthquake","rockblast","rockpolish"],"nature":"Adamant","evs":{"hp":0,"atk":252,"def":0,"spa":0,"spd":4,"spe":252},"gender":"M","shiny":true,"ivs":{"hp":31,"atk":31,"def":31,"spa":31,"spd":31,"spe":31}},{"name":"Solrock","species":"Solrock","item":"powerherb","ability":"Levitate","moves":["acrobatics","solarbeam","calmmind","cosmicpower"],"nature":"Rash","evs":{"hp":248,"atk":8,"def":0,"spa":252,"spd":0,"spe":0},"ivs":{"hp":31,"atk":31,"def":31,"spa":31,"spd":31,"spe":0},"shiny":true},{"name":"Magcargo","species":"Magcargo","item":"focussash","ability":"Flame Body","moves":["overheat","stoneedge","shellsmash","recover"],"nature":"Rash","evs":{"hp":0,"atk":4,"def":0,"spa":252,"spd":0,"spe":252},"gender":"F","ivs":{"hp":31,"atk":31,"def":31,"spa":31,"spd":31,"spe":31}},{"name":"Shuckle","species":"Shuckle","item":"chestoberry","ability":"Sturdy","moves":["strugglebug","rockblast","rest","shellsmash"],"nature":"Lonely","evs":{"hp":0,"atk":252,"def":0,"spa":4,"spd":0,"spe":252},"gender":"F","shiny":true,"ivs":{"hp":31,"atk":31,"def":31,"spa":31,"spd":31,"spe":31}}],"p2team":[{"name":"Ampharos","species":"Ampharos","item":"ampharosite","ability":"Static","moves":["voltswitch","dragonpulse","hiddenpowergrass","agility"],"nature":"Modest","evs":{"hp":0,"atk":0,"def":0,"spa":252,"spd":4,"spe":252},"ivs":{"hp":31,"atk":30,"def":31,"spa":30,"spd":31,"spe":31},"shiny":true},{"name":"Rotom-Wash","species":"Rotom-Wash","item":"leftovers","ability":"Levitate","moves":["hydropump","voltswitch","willowisp","painsplit"],"nature":"Calm","evs":{"hp":252,"atk":0,"def":0,"spa":4,"spd":252,"spe":0},"shiny":true,"ivs":{"hp":31,"atk":31,"def":31,"spa":31,"spd":31,"spe":31}},{"name":"Zapdos","species":"Zapdos","item":"leftovers","ability":"Pressure","moves":["defog","roost","heatwave","thunderbolt"],"nature":"Modest","evs":{"hp":252,"atk":0,"def":0,"spa":252,"spd":4,"spe":0},"ivs":{"hp":31,"atk":31,"def":31,"spa":31,"spd":31,"spe":31}},{"name":"Magnezone","species":"Magnezone","item":"choicescarf","ability":"Magnet Pull","moves":["voltswitch","flashcannon","hiddenpowerfire","thunderbolt"],"nature":"Timid","evs":{"hp":0,"atk":0,"def":0,"spa":252,"spd":4,"spe":252},"ivs":{"hp":31,"atk":30,"def":31,"spa":30,"spd":31,"spe":30},"shiny":true},{"name":"Thundurus","species":"Thundurus","item":"lifeorb","ability":"Prankster","moves":["thunderbolt","thunderwave","hiddenpowerice","grassknot"],"nature":"Timid","evs":{"hp":0,"atk":0,"def":0,"spa":252,"spd":4,"spe":252},"ivs":{"hp":31,"atk":30,"def":30,"spa":31,"spd":31,"spe":31}},{"name":"Luxray","species":"Luxray","item":"toxicorb","ability":"Guts","moves":["facade","wildcharge","crunch","superpower"],"nature":"Jolly","evs":{"hp":0,"atk":252,"def":0,"spa":0,"spd":4,"spe":252},"shiny":true,"ivs":{"hp":31,"atk":31,"def":31,"spa":31,"spd":31,"spe":31}}],"log":["|player|p1|Ex-FacHead Toxic|238","|player|p2|emforbes|190","|gametype|singles","|gen|6","|tier|Monotype","|rated","|rule|Baton Pass Clause: Limit one Baton Passer, can't pass Spe and other stats simultaneously","|rule|Swagger Clause: Swagger is banned","|rule|Same Type Clause: Pokémon in a team must share a type","|clearpoke","|poke|p1|Cradily, F","|poke|p1|Tyranitar, M","|poke|p1|Gigalith, M, shiny","|poke|p1|Solrock, shiny","|poke|p1|Magcargo, F","|poke|p1|Shuckle, F, shiny","|poke|p2|Ampharos, F, shiny","|poke|p2|Rotom-Wash, shiny","|poke|p2|Zapdos","|poke|p2|Magnezone, shiny","|poke|p2|Thundurus, M","|poke|p2|Luxray, M, shiny","|rule|Sleep Clause Mod: Limit one foe put to sleep","|rule|Species Clause: Limit one of each Pokémon","|rule|OHKO Clause: OHKO moves are banned","|rule|Moody Clause: Moody is banned","|rule|Evasion Moves Clause: Evasion moves are banned","|rule|Endless Battle Clause: Forcing endless battles is banned","|rule|HP Percentage Mod: HP is shown in percentages","|teampreview","|","|start","|switch|p1a: Cradily|Cradily, F|375/375","|switch|p2a: Rotom-Wash|Rotom-Wash, shiny|304/304","|turn|1","|","|move|p2a: Rotom-Wash|Volt Switch|p1a: Cradily","|-crit|p1a: Cradily","|-resisted|p1a: Cradily","|-damage|p1a: Cradily|315/375","|","|switch|p2a: Zapdos|Zapdos|384/384","|-ability|p2a: Zapdos|Pressure","|move|p1a: Cradily|Substitute|p1a: Cradily","|-start|p1a: Cradily|Substitute","|-damage|p1a: Cradily|222/375","|","|-heal|p1a: Cradily|245/375|[from] item: Leftovers","|turn|2","|","|move|p2a: Zapdos|Thunderbolt|p1a: Cradily","|-resisted|p1a: Cradily","|-activate|p1a: Cradily|Substitute|[damage]","|move|p1a: Cradily|Sludge Wave|p2a: Zapdos","|-damage|p2a: Zapdos|279/384","|-status|p2a: Zapdos|psn","|","|-heal|p2a: Zapdos|303/384 psn|[from] item: Leftovers","|-heal|p1a: Cradily|268/375|[from] item: Leftovers","|-damage|p2a: Zapdos|255/384 psn|[from] psn","|turn|3","|","|move|p2a: Zapdos|Thunderbolt|p1a: Cradily","|-resisted|p1a: Cradily","|-end|p1a: Cradily|Substitute","|move|p1a: Cradily|Sludge Wave|p2a: Zapdos","|-damage|p2a: Zapdos|160/384 psn","|","|-heal|p2a: Zapdos|184/384 psn|[from] item: Leftovers","|-heal|p1a: Cradily|291/375|[from] item: Leftovers","|-damage|p2a: Zapdos|136/384 psn|[from] psn","|turn|4","|","|move|p2a: Zapdos|Heat Wave|p1a: Cradily","|-damage|p1a: Cradily|175/375","|move|p1a: Cradily|Substitute|p1a: Cradily","|-start|p1a: Cradily|Substitute","|-damage|p1a: Cradily|82/375","|","|-heal|p2a: Zapdos|160/384 psn|[from] item: Leftovers","|-heal|p1a: Cradily|105/375|[from] item: Leftovers","|-damage|p2a: Zapdos|112/384 psn|[from] psn","|turn|5","|","|move|p2a: Zapdos|Heat Wave|p1a: Cradily","|-end|p1a: Cradily|Substitute","|move|p1a: Cradily|Sludge Wave|p2a: Zapdos","|-damage|p2a: Zapdos|11/384 psn","|","|-heal|p2a: Zapdos|35/384 psn|[from] item: Leftovers","|-heal|p1a: Cradily|128/375|[from] item: Leftovers","|-damage|p2a: Zapdos|0 fnt|[from] psn","|faint|p2a: Zapdos","|","|switch|p2a: Magnezone|Magnezone, shiny|281/281","|turn|6","|","|move|p2a: Magnezone|Flash Cannon|p1a: Cradily","|-supereffective|p1a: Cradily","|-damage|p1a: Cradily|0 fnt","|faint|p1a: Cradily","|","|","|switch|p1a: Tyranitar|Tyranitar, M|341/341","|-weather|Sandstorm","|turn|7","|","|switch|p2a: Rotom-Wash|Rotom-Wash, shiny|304/304","|detailschange|p1a: Tyranitar|Tyranitar-Mega, M","|-mega|p1a: Tyranitar|Tyranitar|Tyranitarite","|move|p1a: Tyranitar|Dragon Dance|p1a: Tyranitar","|-boost|p1a: Tyranitar|atk|1","|-boost|p1a: Tyranitar|spe|1","|","|-weather|Sandstorm|[upkeep]","|-damage|p2a: Rotom-Wash|285/304|[from] sandstorm","|-heal|p2a: Rotom-Wash|304/304|[from] item: Leftovers","|turn|8","|","|move|p1a: Tyranitar|Stone Edge|p2a: Rotom-Wash","|-damage|p2a: Rotom-Wash|1/304","|move|p2a: Rotom-Wash|Will-O-Wisp|p1a: Tyranitar","|-status|p1a: Tyranitar|brn","|","|-weather|Sandstorm|[upkeep]","|-damage|p2a: Rotom-Wash|0 fnt|[from] sandstorm","|-damage|p1a: Tyranitar|299/341 brn|[from] brn","|faint|p2a: Rotom-Wash","|","|switch|p2a: Thundurus|Thundurus, M|299/299","|turn|9","|","|switch|p2a: Magnezone|Magnezone, shiny|281/281","|move|p1a: Tyranitar|Ice Punch|p2a: Magnezone","|-resisted|p2a: Magnezone","|-damage|p2a: Magnezone|242/281","|","|-weather|Sandstorm|[upkeep]","|-damage|p1a: Tyranitar|257/341 brn|[from] brn","|turn|10","|","|switch|p2a: Thundurus|Thundurus, M|299/299","|move|p1a: Tyranitar|Foul Play|p2a: Thundurus","|-damage|p2a: Thundurus|225/299","|","|-weather|Sandstorm|[upkeep]","|-damage|p2a: Thundurus|207/299|[from] sandstorm","|-damage|p1a: Tyranitar|215/341 brn|[from] brn","|turn|11","|","|switch|p2a: Ampharos|Ampharos, F, shiny|321/321","|move|p1a: Tyranitar|Stone Edge|p2a: Ampharos|[miss]","|-miss|p1a: Tyranitar|p2a: Ampharos","|","|-weather|none","|-damage|p1a: Tyranitar|173/341 brn|[from] brn","|turn|12","|","|detailschange|p2a: Ampharos|Ampharos-Mega, F, shiny","|-mega|p2a: Ampharos|Ampharos|Ampharosite","|-ability|p2a: Ampharos|Mold Breaker","|move|p1a: Tyranitar|Stone Edge|p2a: Ampharos","|-damage|p2a: Ampharos|146/321","|move|p2a: Ampharos|Dragon Pulse|p1a: Tyranitar","|-damage|p1a: Tyranitar|2/341 brn","|","|-damage|p1a: Tyranitar|0 fnt|[from] brn","|faint|p1a: Tyranitar","|","|switch|p1a: Gigalith|Gigalith, M, shiny|311/311","|turn|13","|","|move|p2a: Ampharos|Dragon Pulse|p1a: Gigalith","|-damage|p1a: Gigalith|88/311","|move|p1a: Gigalith|Rock Polish|p1a: Gigalith","|-boost|p1a: Gigalith|spe|2","|","|turn|14","|","|move|p1a: Gigalith|Earthquake|p2a: Ampharos","|-supereffective|p2a: Ampharos","|-damage|p2a: Ampharos|0 fnt","|faint|p2a: Ampharos","|","|","|switch|p2a: Thundurus|Thundurus, M|207/299","|turn|15","|","|move|p2a: Thundurus|Thunderbolt|p1a: Gigalith","|-damage|p1a: Gigalith|0 fnt","|-damage|p2a: Thundurus|178/299|[from] item: Life Orb","|faint|p1a: Gigalith","|","|","|switch|p1a: Shuckle|Shuckle, F, shiny|181/181","|turn|16","|","|move|p2a: Thundurus|Thunderbolt|p1a: Shuckle","|-damage|p1a: Shuckle|76/181","|-damage|p2a: Thundurus|149/299|[from] item: Life Orb","|move|p1a: Shuckle|Shell Smash|p1a: Shuckle","|-unboost|p1a: Shuckle|def|1","|-unboost|p1a: Shuckle|spd|1","|-boost|p1a: Shuckle|atk|2","|-boost|p1a: Shuckle|spa|2","|-boost|p1a: Shuckle|spe|2","|","|turn|17","|","|move|p2a: Thundurus|Thunderbolt|p1a: Shuckle","|-damage|p1a: Shuckle|0 fnt","|-damage|p2a: Thundurus|120/299|[from] item: Life Orb","|faint|p1a: Shuckle","|","|","|switch|p1a: Magcargo|Magcargo, F|241/241","|turn|18","|","|move|p2a: Thundurus|Thunderbolt|p1a: Magcargo","|-enditem|p1a: Magcargo|Focus Sash","|-damage|p1a: Magcargo|1/241","|-damage|p2a: Thundurus|91/299|[from] item: Life Orb","|move|p1a: Magcargo|Shell Smash|p1a: Magcargo","|-unboost|p1a: Magcargo|def|1","|-unboost|p1a: Magcargo|spd|1","|-boost|p1a: Magcargo|atk|2","|-boost|p1a: Magcargo|spa|2","|-boost|p1a: Magcargo|spe|2","|","|turn|19","|","|move|p2a: Thundurus|Thunder Wave|p1a: Magcargo","|-status|p1a: Magcargo|par","|move|p1a: Magcargo|Stone Edge|p2a: Thundurus","|-crit|p2a: Thundurus","|-supereffective|p2a: Thundurus","|-damage|p2a: Thundurus|0 fnt","|faint|p2a: Thundurus","|","|","|switch|p2a: Luxray|Luxray, M, shiny|301/301","|turn|20","|","|move|p2a: Luxray|Crunch|p1a: Magcargo","|-damage|p1a: Magcargo|0 fnt","|-status|p2a: Luxray|brn","|faint|p1a: Magcargo","|","|-damage|p2a: Luxray|264/301 brn|[from] brn","|","|switch|p1a: Solrock|Solrock, shiny|343/343","|turn|21","|","|move|p2a: Luxray|Crunch|p1a: Solrock","|-supereffective|p1a: Solrock","|-damage|p1a: Solrock|23/343","|move|p1a: Solrock|Cosmic Power|p1a: Solrock","|-boost|p1a: Solrock|def|1","|-boost|p1a: Solrock|spd|1","|","|-damage|p2a: Luxray|227/301 brn|[from] brn","|turn|22","|","|move|p2a: Luxray|Crunch|p1a: Solrock","|-supereffective|p1a: Solrock","|-damage|p1a: Solrock|0 fnt","|faint|p1a: Solrock","|","|win|emforbes"],"p1rating":{"entryid":"60105","serverid":"eos","formatid":"monotype","userid":"exfacheadtoxic","username":"Ex-FacHead Toxic","w":"0","l":3,"t":"0","gxe":37.7,"r":"1500","rd":"130","sigma":"0","rptime":"1439888400","rpr":1400.7324649166,"rprd":111.51861011339,"rpsigma":"0","acre":1000,"lacre":1000,"oldacre":"1000"},"p2rating":{"entryid":"58456","serverid":"eos","formatid":"monotype","userid":"emforbes","username":"emforbes","w":4,"l":"1","t":"0","gxe":60.2,"r":"1500","rd":"130","sigma":"0","rptime":"1439888400","rpr":1581.5596506704,"rprd":102.81642976596,"rpsigma":"0","acre":1103.4902210097,"lacre":1103.4902210097,"oldacre":"1082.2583199127"},"endType":"normal"}