{"seed":[45158,10828,19451,29414],"turns":40,"p1":"Seven Swell","p2":"Mind Trainer Yang","p1team":[{"name":"Mew","species":"Mew","item":"leftovers","ability":"Synchronize","moves":["roost","toxic","healbell","aurasphere"],"nature":"Calm","evs":{"hp":252,"atk":0,"def":0,"spa":4,"spd":252,"spe":0},"ivs":{"hp":31,"atk":31,"def":31,"spa":31,"spd":31,"spe":31}},{"name":"Slowbro","species":"Slowbro","item":"rockyhelmet","ability":"Regenerator","moves":["scald","yawn","flamethrower","slackoff"],"nature":"Bold","evs":{"hp":252,"atk":0,"def":252,"spa":4,"spd":0,"spe":0},"ivs":{"hp":31,"atk":31,"def":31,"spa":31,"spd":31,"spe":31}},{"name":"Deoxys-Speed","species":"Deoxys-Speed","item":"focussash","ability":"Pressure","moves":["stealthrock","thunderbolt","thunderwave","icebeam"],"nature":"Timid","evs":{"hp":252,"atk":0,"def":0,"spa":44,"spd":0,"spe":212},"ivs":{"hp":31,"atk":31,"def":31,"spa":31,"spd":31,"spe":31}},{"name":"Latias","species":"Latias","item":"leftovers","ability":"Levitate","moves":["dracometeor","psyshock","roost","defog"],"nature":"Timid","evs":{"hp":252,"atk":0,"def":0,"spa":4,"spd":0,"spe":252},"ivs":{"hp":31,"atk":31,"def":31,"spa":31,"spd":31,"spe":31}},{"name":"Hoopa-Unbound","species":"Hoopa-Unbound","item":"focussash","ability":"Magician","moves":["hyperspacefury","drainpunch","firepunch","gunkshot"],"nature":"Adamant","evs":{"hp":0,"atk":252,"def":0,"spa":0,"spd":4,"spe":252},"ivs":{"hp":31,"atk":31,"def":31,"spa":31,"spd":31,"spe":31}},{"name":"Gardevoir","species":"Gardevoir","item":"gardevoirite","ability":"Trace","moves":["hypervoice","psyshock","shadowball","taunt"],"nature":"Timid","evs":{"hp":0,"atk":0,"def":0,"spa":252,"spd":4,"spe":252},"ivs":{"hp":31,"atk":31,"def":31,"spa":31,"spd":31,"spe":31}}],"p2team":[{"name":"Gallient","species":"gallade","item":"focussash","ability":"Steadfast","moves":["psychocut","poisonjab","drainpunch","magiccoat"],"nature":"Adamant","evs":{"hp":248,"atk":252,"def":0,"spa":0,"spd":8,"spe":0},"shiny":true,"ivs":{"hp":31,"atk":31,"def":31,"spa":31,"spd":31,"spe":31}},{"name":"Graceful","species":"gardevoir","item":"gardevoirite","ability":"Synchronize","moves":["psychic","hypervoice","shadowball","calmmind"],"nature":"Modest","evs":{"hp":248,"atk":0,"def":0,"spa":252,"spd":8,"spe":0},"gender":"F","shiny":true,"ivs":{"hp":31,"atk":31,"def":31,"spa":31,"spd":31,"spe":31}},{"name":"Mind Shell","species":"slowking","item":"leftovers","ability":"Regenerator","moves":["scald","psychic","shadowball","slackoff"],"nature":"Bold","evs":{"hp":252,"atk":0,"def":252,"spa":4,"spd":0,"spe":0},"gender":"M","ivs":{"hp":31,"atk":31,"def":31,"spa":31,"spd":31,"spe":31}},{"name":"Tail Shell","species":"slowbro","item":"colburberry","ability":"Regenerator","moves":["scald","psychic","slackoff","toxic"],"nature":"Bold","evs":{"hp":248,"atk":0,"def":252,"spa":8,"spd":0,"spe":0},"gender":"F","ivs":{"hp":31,"atk":31,"def":31,"spa":31,"spd":31,"spe":31}},{"name":"Meteor-X","species":"metagross","item":"lifeorb","ability":"Light Metal","moves":["meteormash","zenheadbutt","earthquake","lightscreen"],"nature":"Jolly","evs":{"hp":0,"atk":252,"def":0,"spa":0,"spd":4,"spe":252},"ivs":{"hp":31,"atk":31,"def":31,"spa":31,"spd":31,"spe":31}},{"name":"Yin","species":"espeon","item":"leftovers","ability":"Magic Bounce","moves":["psychic","shadowball","grassknot","calmmind"],"nature":"Timid","evs":{"hp":0,"atk":0,"def":0,"spa":252,"spd":4,"spe":252},"gender":"F","ivs":{"hp":31,"atk":31,"def":31,"spa":31,"spd":31,"spe":31}}],"log":["|player|p1|Seven Swell|sevenswell.png","|player|p2|Mind Trainer Yang|50","|gametype|singles","|gen|6","|tier|Monotype","|rated","|rule|Baton Pass Clause: Limit one Baton Passer, can't pass Spe and other stats simultaneously","|rule|Swagger Clause: Swagger is banned","|rule|Same Type Clause: Pokémon in a team must share a type","|clearpoke","|poke|p1|Mew","|poke|p1|Slowbro, M","|poke|p1|Deoxys-Speed","|poke|p1|Latias, F","|poke|p1|Hoopa-Unbound","|poke|p1|Gardevoir, M","|poke|p2|Gallade, M, shiny","|poke|p2|Gardevoir, F, shiny","|poke|p2|Slowking, M","|poke|p2|Slowbro, F","|poke|p2|Metagross","|poke|p2|Espeon, F","|rule|Sleep Clause Mod: Limit one foe put to sleep","|rule|Species Clause: Limit one of each Pokémon","|rule|OHKO Clause: OHKO moves are banned","|rule|Moody Clause: Moody is banned","|rule|Evasion Moves Clause: Evasion moves are banned","|rule|Endless Battle Clause: Forcing endless battles is banned","|rule|HP Percentage Mod: HP is shown in percentages","|teampreview","|","|start","|switch|p1a: Hoopa-Unbound|Hoopa-Unbound|301/301","|switch|p2a: Yin|Espeon, F|271/271","|turn|1","|","|move|p2a: Yin|Shadow Ball|p1a: Hoopa-Unbound","|-damage|p1a: Hoopa-Unbound|222/301","|move|p1a: Hoopa-Unbound|Hyperspace Fury|p2a: Yin","|-supereffective|p2a: Yin","|-damage|p2a: Yin|0 fnt","|-unboost|p1a: Hoopa-Unbound|def|1","|faint|p2a: Yin","|","|","|switch|p2a: Meteor-X|Metagross|301/301","|turn|2","|","|switch|p1a: Slowbro|Slowbro, M|394/394","|move|p2a: Meteor-X|Meteor Mash|p1a: Slowbro","|-resisted|p1a: Slowbro","|-damage|p1a: Slowbro|320/394","|-damage|p2a: Meteor-X|251/301|[from] item: Rocky Helmet|[of] p1a: Slowbro","|-damage|p2a: Meteor-X|221/301|[from] item: Life Orb","|","|turn|3","|","|move|p2a: Meteor-X|Earthquake|p1a: Slowbro","|-damage|p1a: Slowbro|219/394","|-damage|p2a: Meteor-X|191/301|[from] item: Life Orb","|move|p1a: Slowbro|Scald|p2a: Meteor-X","|-damage|p2a: Meteor-X|94/301","|","|turn|4","|","|move|p2a: Meteor-X|Light Screen|p2a: Meteor-X","|-sidestart|p2: Mind Trainer Yang|move: Light Screen","|move|p1a: Slowbro|Slack Off|p1a: Slowbro","|-heal|p1a: Slowbro|394/394","|","|turn|5","|","|move|p2a: Meteor-X|Earthquake|p1a: Slowbro","|-damage|p1a: Slowbro|281/394","|-damage|p2a: Meteor-X|64/301|[from] item: Life Orb","|move|p1a: Slowbro|Yawn|p2a: Meteor-X","|-start|p2a: Meteor-X|move: Yawn|[of] p1a: Slowbro","|","|turn|6","|","|switch|p1a: Mew|Mew|404/404","|move|p2a: Meteor-X|Earthquake|p1a: Mew","|-damage|p1a: Mew|247/404","|-damage|p2a: Meteor-X|34/301|[from] item: Life Orb","|","|-end|p2a: Meteor-X|move: Yawn|[silent]","|-status|p2a: Meteor-X|slp","|-heal|p1a: Mew|272/404|[from] item: Leftovers","|turn|7","|","|cant|p2a: Meteor-X|slp","|move|p1a: Mew|Roost|p1a: Mew","|-heal|p1a: Mew|404/404","|","|turn|8","|","|cant|p2a: Meteor-X|slp","|move|p1a: Mew|Aura Sphere|p2a: Meteor-X","|-damage|p2a: Meteor-X|1/301 slp","|","|-sideend|p2: Mind Trainer Yang|move: Light Screen","|turn|9","|","|switch|p1a: Slowbro|Slowbro, M|394/394","|cant|p2a: Meteor-X|slp","|","|turn|10","|","|-curestatus|p2a: Meteor-X|slp","|move|p2a: Meteor-X|Light Screen|p2a: Meteor-X","|-sidestart|p2: Mind Trainer Yang|move: Light Screen","|move|p1a: Slowbro|Slack Off|p1a: Slowbro","|-fail|p1a: Slowbro","|","|turn|11","|","|move|p2a: Meteor-X|Earthquake|p1a: Slowbro","|-damage|p1a: Slowbro|295/394","|-damage|p2a: Meteor-X|0 fnt|[from] item: Life Orb","|faint|p2a: Meteor-X","|move|p1a: Slowbro|Scald|p2: Meteor-X|[notarget]","|-notarget","|","|","|switch|p2a: Tail Shell|Slowbro, F|393/393","|turn|12","|","|switch|p1a: Mew|Mew|404/404","|move|p2a: Tail Shell|Toxic|p1a: Mew|[miss]","|-miss|p2a: Tail Shell|p1a: Mew","|","|turn|13","|","|move|p1a: Mew|Toxic|p2a: Tail Shell","|-status|p2a: Tail Shell|tox","|move|p2a: Tail Shell|Scald|p1a: Mew","|-damage|p1a: Mew|335/404","|","|-heal|p1a: Mew|360/404|[from] item: Leftovers","|-damage|p2a: Tail Shell|369/393 tox|[from] psn","|turn|14","|","|move|p1a: Mew|Toxic|p2a: Tail Shell","|-fail|p2a: Tail Shell|tox","|move|p2a: Tail Shell|Scald|p1a: Mew","|-damage|p1a: Mew|287/404","|","|-heal|p1a: Mew|312/404|[from] item: Leftovers","|-damage|p2a: Tail Shell|321/393 tox|[from] psn","|-sideend|p2: Mind Trainer Yang|move: Light Screen","|turn|15","|","|move|p1a: Mew|Toxic|p2a: Tail Shell","|-fail|p2a: Tail Shell|tox","|move|p2a: Tail Shell|Scald|p1a: Mew","|-damage|p1a: Mew|243/404","|-status|p1a: Mew|brn","|","|-heal|p1a: Mew|268/404 brn|[from] item: Leftovers","|-damage|p1a: Mew|218/404 brn|[from] brn","|-damage|p2a: Tail Shell|249/393 tox|[from] psn","|turn|16","|","|move|p1a: Mew|Roost|p1a: Mew","|-heal|p1a: Mew|404/404 brn","|move|p2a: Tail Shell|Slack Off|p2a: Tail Shell","|-heal|p2a: Tail Shell|393/393 tox","|","|-damage|p1a: Mew|354/404 brn|[from] brn","|-damage|p2a: Tail Shell|297/393 tox|[from] psn","|turn|17","|","|move|p1a: Mew|Heal Bell|p1a: Mew","|-cureteam|p1a: Mew|[from] move: HealBell","|move|p2a: Tail Shell|Slack Off|p2a: Tail Shell","|-heal|p2a: Tail Shell|393/393 tox","|","|-heal|p1a: Mew|379/404|[from] item: Leftovers","|-damage|p2a: Tail Shell|273/393 tox|[from] psn","|turn|18","|","|switch|p1a: Gardevoir|Gardevoir, M|277/277","|-ability|p1a: Gardevoir|Regenerator|[from] ability: Trace|[of] p2a: Tail Shell","|move|p2a: Tail Shell|Scald|p1a: Gardevoir","|-damage|p1a: Gardevoir|193/277","|","|-damage|p2a: Tail Shell|129/393 tox|[from] psn","|turn|19","|","|detailschange|p1a: Gardevoir|Gardevoir-Mega, M","|-mega|p1a: Gardevoir|Gardevoir|Gardevoirite","|move|p1a: Gardevoir|Shadow Ball|p2a: Tail Shell","|-supereffective|p2a: Tail Shell","|-damage|p2a: Tail Shell|0 fnt","|faint|p2a: Tail Shell","|","|","|switch|p2a: Gallient|Gallade, M, shiny|339/339","|turn|20","|","|move|p1a: Gardevoir|Shadow Ball|p2a: Gallient","|-supereffective|p2a: Gallient","|-damage|p2a: Gallient|131/339","|-unboost|p2a: Gallient|spd|1","|move|p2a: Gallient|Poison Jab|p1a: Gardevoir","|-supereffective|p1a: Gardevoir","|-damage|p1a: Gardevoir|0 fnt","|faint|p1a: Gardevoir","|","|","|switch|p1a: Latias|Latias, F|364/364","|turn|21","|","|move|p1a: Latias|Psyshock|p2a: Gallient","|-damage|p2a: Gallient|0 fnt","|faint|p2a: Gallient","|","|","|switch|p2a: Mind Shell|Slowking, M|394/394","|turn|22","|","|switch|p1a: Mew|Mew|379/404","|move|p2a: Mind Shell|Shadow Ball|p1a: Mew","|-supereffective|p1a: Mew","|-damage|p1a: Mew|285/404","|-unboost|p1a: Mew|spd|1","|","|-heal|p1a: Mew|310/404|[from] item: Leftovers","|turn|23","|","|move|p1a: Mew|Toxic|p2a: Mind Shell","|-status|p2a: Mind Shell|tox","|move|p2a: Mind Shell|Shadow Ball|p1a: Mew","|-supereffective|p1a: Mew","|-damage|p1a: Mew|172/404","|","|-heal|p1a: Mew|197/404|[from] item: Leftovers","|-damage|p2a: Mind Shell|370/394 tox|[from] psn","|turn|24","|","|move|p1a: Mew|Roost|p1a: Mew","|-heal|p1a: Mew|399/404","|move|p2a: Mind Shell|Shadow Ball|p1a: Mew","|-supereffective|p1a: Mew","|-damage|p1a: Mew|267/404","|-unboost|p1a: Mew|spd|1","|","|-heal|p1a: Mew|292/404|[from] item: Leftovers","|-heal|p2a: Mind Shell|394/394 tox|[from] item: Leftovers","|-damage|p2a: Mind Shell|346/394 tox|[from] psn","|turn|25","|","|switch|p1a: Hoopa-Unbound|Hoopa-Unbound|222/301","|move|p2a: Mind Shell|Shadow Ball|p1a: Hoopa-Unbound","|-damage|p1a: Hoopa-Unbound|173/301","|","|-heal|p2a: Mind Shell|370/394 tox|[from] item: Leftovers","|-damage|p2a: Mind Shell|298/394 tox|[from] psn","|turn|26","|","|move|p1a: Hoopa-Unbound|Hyperspace Fury|p2a: Mind Shell","|-supereffective|p2a: Mind Shell","|-damage|p2a: Mind Shell|0 fnt","|-unboost|p1a: Hoopa-Unbound|def|1","|faint|p2a: Mind Shell","|","|","|switch|p2a: Graceful|Gardevoir, F, shiny|339/339","|turn|27","|","|detailschange|p2a: Graceful|Gardevoir-Mega, F, shiny","|-mega|p2a: Graceful|Gardevoir|Gardevoirite","|move|p1a: Hoopa-Unbound|Gunk Shot|p2a: Graceful|[miss]","|-miss|p1a: Hoopa-Unbound|p2a: Graceful","|move|p2a: Graceful|Hyper Voice|p1a: Hoopa-Unbound","|-supereffective|p1a: Hoopa-Unbound","|-damage|p1a: Hoopa-Unbound|0 fnt","|faint|p1a: Hoopa-Unbound","|","|","|switch|p1a: Deoxys-Speed|Deoxys-Speed|304/304","|-ability|p1a: Deoxys-Speed|Pressure","|turn|28","|","|move|p1a: Deoxys-Speed|Ice Beam|p2a: Graceful","|-damage|p2a: Graceful|288/339","|move|p2a: Graceful|Shadow Ball|p1a: Deoxys-Speed","|-crit|p1a: Deoxys-Speed","|-supereffective|p1a: Deoxys-Speed","|-enditem|p1a: Deoxys-Speed|Focus Sash","|-damage|p1a: Deoxys-Speed|1/304","|","|turn|29","|","|move|p1a: Deoxys-Speed|Thunder Wave|p2a: Graceful","|-status|p2a: Graceful|par","|move|p2a: Graceful|Shadow Ball|p1a: Deoxys-Speed","|-supereffective|p1a: Deoxys-Speed","|-damage|p1a: Deoxys-Speed|0 fnt","|faint|p1a: Deoxys-Speed","|","|","|switch|p1a: Latias|Latias, F|364/364","|turn|30","|","|move|p1a: Latias|Psyshock|p2a: Graceful","|-resisted|p2a: Graceful","|-damage|p2a: Graceful|212/339 par","|move|p2a: Graceful|Hyper Voice|p1a: Latias","|-supereffective|p1a: Latias","|-damage|p1a: Latias|0 fnt","|faint|p1a: Latias","|","|","|switch|p1a: Slowbro|Slowbro, M|394/394","|turn|31","|","|move|p1a: Slowbro|Scald|p2a: Graceful","|-damage|p2a: Graceful|145/339 par","|move|p2a: Graceful|Shadow Ball|p1a: Slowbro","|-supereffective|p1a: Slowbro","|-damage|p1a: Slowbro|118/394","|","|turn|32","|","|move|p1a: Slowbro|Scald|p2a: Graceful","|-damage|p2a: Graceful|66/339 par","|move|p2a: Graceful|Shadow Ball|p1a: Slowbro","|-supereffective|p1a: Slowbro","|-damage|p1a: Slowbro|0 fnt","|faint|p1a: Slowbro","|","|","|switch|p1a: Mew|Mew|292/404","|turn|33","|","|move|p1a: Mew|Roost|p1a: Mew","|-heal|p1a: Mew|404/404","|move|p2a: Graceful|Shadow Ball|p1a: Mew","|-supereffective|p1a: Mew","|-damage|p1a: Mew|218/404","|","|-heal|p1a: Mew|243/404|[from] item: Leftovers","|turn|34","|","|move|p1a: Mew|Aura Sphere|p2a: Graceful","|-resisted|p2a: Graceful","|-damage|p2a: Graceful|54/339 par","|cant|p2a: Graceful|par","|","|-heal|p1a: Mew|268/404|[from] item: Leftovers","|turn|35","|","|move|p1a: Mew|Aura Sphere|p2a: Graceful","|-resisted|p2a: Graceful","|-damage|p2a: Graceful|42/339 par","|move|p2a: Graceful|Shadow Ball|p1a: Mew","|-supereffective|p1a: Mew","|-damage|p1a: Mew|100/404","|","|-heal|p1a: Mew|125/404|[from] item: Leftovers","|turn|36","|","|move|p1a: Mew|Roost|p1a: Mew","|-heal|p1a: Mew|327/404","|move|p2a: Graceful|Shadow Ball|p1a: Mew","|-supereffective|p1a: Mew","|-damage|p1a: Mew|145/404","|-unboost|p1a: Mew|spd|1","|","|-heal|p1a: Mew|170/404|[from] item: Leftovers","|turn|37","|","|move|p1a: Mew|Roost|p1a: Mew","|-heal|p1a: Mew|372/404","|cant|p2a: Graceful|par","|","|-heal|p1a: Mew|397/404|[from] item: Leftovers","|turn|38","|","|move|p1a: Mew|Aura Sphere|p2a: Graceful","|-resisted|p2a: Graceful","|-damage|p2a: Graceful|30/339 par","|cant|p2a: Graceful|par","|","|-heal|p1a: Mew|404/404|[from] item: Leftovers","|turn|39","|","|move|p1a: Mew|Aura Sphere|p2a: Graceful","|-resisted|p2a: Graceful","|-damage|p2a: Graceful|19/339 par","|move|p2a: Graceful|Shadow Ball|p1a: Mew","|-supereffective|p1a: Mew","|-damage|p1a: Mew|122/404","|-unboost|p1a: Mew|spd|1","|","|-heal|p1a: Mew|147/404|[from] item: Leftovers","|turn|40","|","|move|p1a: Mew|Aura Sphere|p2a: Graceful","|-resisted|p2a: Graceful","|-damage|p2a: Graceful|8/339 par","|move|p2a: Graceful|Shadow Ball|p1a: Mew","|-supereffective|p1a: Mew","|-damage|p1a: Mew|0 fnt","|faint|p1a: Mew","|","|win|Mind Trainer Yang"],"p1rating":{"entryid":"86214","serverid":"eos","formatid":"monotype","userid":"sevenswell","username":"Seven Swell","w":"1","l":1,"t":"0","gxe":50,"r":"1500","rd":"130","sigma":"0","rptime":"1439888400","rpr":1500,"rprd":116.77753930647,"rpsigma":"0","acre":1024.2143136944,"lacre":1024.2143136944,"oldacre":"1040"},"p2rating":{"entryid":"81784","serverid":"eos","formatid":"monotype","userid":"mindtraineryang","username":"Mind Trainer Yang","w":2,"l":"3","t":"0","gxe":45,"r":"1500","rd":"130","sigma":"0","rptime":"1439888400","rpr":1460.6381494716,"rprd":103.26230939587,"rpsigma":"0","acre":1077.5098691845,"lacre":1077.5098691845,"oldacre":"1044.6540410918"},"endType":"normal"}