{"seed":[15834,5437,2140,46280],"turns":24,"p1":"Dragotic","p2":"emforbes","p1team":[{"name":"Charizard","species":"Charizard","item":"charizarditey","ability":"Blaze","moves":["airslash","focusblast","flamethrower","solarbeam"],"nature":"Timid","evs":{"hp":0,"atk":0,"def":0,"spa":252,"spd":4,"spe":252},"ivs":{"hp":31,"atk":31,"def":31,"spa":31,"spd":31,"spe":31}},{"name":"Volcarona","species":"Volcarona","item":"focussash","ability":"Flame Body","moves":["quiverdance","gigadrain","bugbuzz","fierydance"],"nature":"Modest","evs":{"hp":0,"atk":0,"def":0,"spa":252,"spd":4,"spe":252},"ivs":{"hp":31,"atk":31,"def":31,"spa":31,"spd":31,"spe":31}},{"name":"Infernape","species":"Infernape","item":"choiceband","ability":"Iron Fist","moves":["stoneedge","closecombat","flareblitz","thunderpunch"],"nature":"Jolly","evs":{"hp":0,"atk":252,"def":0,"spa":0,"spd":4,"spe":252},"ivs":{"hp":31,"atk":31,"def":31,"spa":31,"spd":31,"spe":31}},{"name":"Entei","species":"Entei","item":"choicescarf","ability":"Pressure","moves":["extremespeed","sacredfire","stoneedge","ironhead"],"nature":"Adamant","evs":{"hp":0,"atk":252,"def":0,"spa":0,"spd":4,"spe":252},"shiny":true,"ivs":{"hp":31,"atk":31,"def":31,"spa":31,"spd":31,"spe":31}},{"name":"Heatran","species":"Heatran","item":"airballoon","ability":"Flash Fire","moves":["hiddenpowerice","flashcannon","earthpower","lavaplume"],"nature":"Modest","evs":{"hp":204,"atk":0,"def":28,"spa":252,"spd":24,"spe":0},"ivs":{"hp":31,"atk":30,"def":30,"spa":31,"spd":31,"spe":31}},{"name":"Torkoal","species":"Torkoal","item":"passhoberry","ability":"Shell Armor","moves":["yawn","stealthrock","rapidspin","lavaplume"],"nature":"Bold","evs":{"hp":248,"atk":0,"def":252,"spa":8,"spd":0,"spe":0},"ivs":{"hp":31,"atk":31,"def":31,"spa":31,"spd":31,"spe":31}}],"p2team":[{"name":"Charizard","species":"Charizard","item":"charizarditey","ability":"Blaze","moves":["fireblast","solarbeam","roost","earthquake"],"nature":"Timid","evs":{"hp":0,"atk":4,"def":0,"spa":252,"spd":0,"spe":252},"shiny":true,"ivs":{"hp":31,"atk":31,"def":31,"spa":31,"spd":31,"spe":31}},{"name":"Heatran","species":"Heatran","item":"choicescarf","ability":"Flash Fire","moves":["flashcannon","stoneedge","overheat","dragonpulse"],"nature":"Timid","evs":{"hp":0,"atk":4,"def":0,"spa":252,"spd":0,"spe":252},"ivs":{"hp":31,"atk":31,"def":31,"spa":31,"spd":31,"spe":31}},{"name":"Torkoal","species":"Torkoal","item":"leftovers","ability":"Shell Armor","moves":["stealthrock","rapidspin","toxic","clearsmog"],"nature":"Bold","evs":{"hp":252,"atk":0,"def":252,"spa":4,"spd":0,"spe":0},"ivs":{"hp":31,"atk":31,"def":31,"spa":31,"spd":31,"spe":31}},{"name":"Infernape","species":"Infernape","item":"focussash","ability":"Iron Fist","moves":["closecombat","firepunch","machpunch","grassknot"],"nature":"Hasty","evs":{"hp":0,"atk":252,"def":0,"spa":4,"spd":0,"spe":252},"ivs":{"hp":31,"atk":31,"def":31,"spa":31,"spd":31,"spe":31}},{"name":"Rotom-Heat","species":"Rotom-Heat","item":"leftovers","ability":"Levitate","moves":["overheat","voltswitch","willowisp","painsplit"],"nature":"Calm","evs":{"hp":252,"atk":0,"def":0,"spa":4,"spd":252,"spe":0},"shiny":true,"ivs":{"hp":31,"atk":31,"def":31,"spa":31,"spd":31,"spe":31}},{"name":"Typhlosion","species":"Typhlosion","item":"choicescarf","ability":"Flash Fire","moves":["eruption","fireblast","focusblast","solarbeam"],"nature":"Timid","evs":{"hp":0,"atk":0,"def":0,"spa":252,"spd":4,"spe":252},"shiny":true,"ivs":{"hp":31,"atk":31,"def":31,"spa":31,"spd":31,"spe":31}}],"log":["|player|p1|Dragotic|169","|player|p2|emforbes|143","|gametype|singles","|gen|6","|tier|Monotype","|rated","|rule|Baton Pass Clause: Limit one Baton Passer, can't pass Spe and other stats simultaneously","|rule|Swagger Clause: Swagger is banned","|rule|Same Type Clause: Pokémon in a team must share a type","|clearpoke","|poke|p1|Charizard, F","|poke|p1|Volcarona, F","|poke|p1|Infernape, F","|poke|p1|Entei, shiny","|poke|p1|Heatran, F","|poke|p1|Torkoal, F","|poke|p2|Charizard, F, shiny","|poke|p2|Heatran, F","|poke|p2|Torkoal, F","|poke|p2|Infernape, M","|poke|p2|Rotom-Heat, shiny","|poke|p2|Typhlosion, F, shiny","|rule|Sleep Clause Mod: Limit one foe put to sleep","|rule|Species Clause: Limit one of each Pokémon","|rule|OHKO Clause: OHKO moves are banned","|rule|Moody Clause: Moody is banned","|rule|Evasion Moves Clause: Evasion moves are banned","|rule|Endless Battle Clause: Forcing endless battles is banned","|rule|HP Percentage Mod: HP is shown in percentages","|teampreview","|","|start","|switch|p1a: Torkoal|Torkoal, F|343/343","|switch|p2a: Rotom-Heat|Rotom-Heat, shiny|304/304","|turn|1","|","|move|p2a: Rotom-Heat|Volt Switch|p1a: Torkoal","|-damage|p1a: Torkoal|225/343","|","|switch|p2a: Torkoal|Torkoal, F|344/344","|move|p1a: Torkoal|Stealth Rock|p2a: Torkoal","|-sidestart|p2: emforbes|move: Stealth Rock","|","|turn|2","|","|move|p2a: Torkoal|Stealth Rock|p1a: Torkoal","|-sidestart|p1: Dragotic|move: Stealth Rock","|move|p1a: Torkoal|Yawn|p2a: Torkoal","|-start|p2a: Torkoal|move: Yawn|[of] p1a: Torkoal","|","|turn|3","|","|move|p2a: Torkoal|Toxic|p1a: Torkoal","|-status|p1a: Torkoal|tox","|move|p1a: Torkoal|Rapid Spin|p2a: Torkoal","|-damage|p2a: Torkoal|336/344","|-sideend|p1: Dragotic|Stealth Rock|[from] move: Rapid Spin|[of] p1a: Torkoal","|","|-end|p2a: Torkoal|move: Yawn|[silent]","|-status|p2a: Torkoal|slp","|-heal|p2a: Torkoal|344/344 slp|[from] item: Leftovers","|-damage|p1a: Torkoal|204/343 tox|[from] psn","|turn|4","|","|switch|p1a: Heatran|Heatran, F|374/374","|-item|p1a: Heatran|Air Balloon","|cant|p2a: Torkoal|slp","|","|turn|5","|","|move|p1a: Heatran|Earth Power|p2a: Torkoal","|-supereffective|p2a: Torkoal","|-damage|p2a: Torkoal|38/344 slp","|-curestatus|p2a: Torkoal|slp","|move|p2a: Torkoal|Rapid Spin|p1a: Heatran","|-resisted|p1a: Heatran","|-damage|p1a: Heatran|368/374","|-enditem|p1a: Heatran|Air Balloon","|-sideend|p2: emforbes|Stealth Rock|[from] move: Rapid Spin|[of] p2a: Torkoal","|","|-heal|p2a: Torkoal|59/344|[from] item: Leftovers","|turn|6","|","|switch|p2a: Charizard|Charizard, F, shiny|297/297","|move|p1a: Heatran|Earth Power|p2a: Charizard","|-immune|p2a: Charizard|[msg]","|","|turn|7","|","|switch|p1a: Entei|Entei, shiny|371/371","|-ability|p1a: Entei|Pressure","|move|p2a: Charizard|Earthquake|p1a: Entei","|-supereffective|p1a: Entei","|-damage|p1a: Entei|239/371","|","|turn|8","|","|switch|p2a: Torkoal|Torkoal, F|59/344","|move|p1a: Entei|Stone Edge|p2a: Torkoal|[miss]","|-miss|p1a: Entei|p2a: Torkoal","|","|-heal|p2a: Torkoal|80/344|[from] item: Leftovers","|turn|9","|","|move|p1a: Entei|Stone Edge|p2a: Torkoal|[miss]","|-miss|p1a: Entei|p2a: Torkoal","|move|p2a: Torkoal|Toxic|p1a: Entei","|-status|p1a: Entei|tox","|","|-heal|p2a: Torkoal|101/344|[from] item: Leftovers","|-damage|p1a: Entei|216/371 tox|[from] psn","|turn|10","|","|move|p1a: Entei|Stone Edge|p2a: Torkoal","|-supereffective|p2a: Torkoal","|-damage|p2a: Torkoal|0 fnt","|faint|p2a: Torkoal","|","|-damage|p1a: Entei|170/371 tox|[from] psn","|","|switch|p2a: Infernape|Infernape, M|293/293","|turn|11","|","|switch|p1a: Torkoal|Torkoal, F|204/343 tox","|move|p2a: Infernape|Close Combat|p1a: Torkoal","|-damage|p1a: Torkoal|90/343 tox","|-unboost|p2a: Infernape|def|1","|-unboost|p2a: Infernape|spd|1","|","|-damage|p1a: Torkoal|69/343 tox|[from] psn","|turn|12","|","|move|p2a: Infernape|Close Combat|p1a: Torkoal","|-damage|p1a: Torkoal|0 fnt","|-unboost|p2a: Infernape|def|1","|-unboost|p2a: Infernape|spd|1","|faint|p1a: Torkoal","|","|","|switch|p1a: Charizard|Charizard, F|297/297","|turn|13","|","|switch|p2a: Heatran|Heatran, F|323/323","|detailschange|p1a: Charizard|Charizard-Mega-Y, F","|-mega|p1a: Charizard|Charizard|Charizardite Y","|-weather|SunnyDay","|move|p1a: Charizard|Air Slash|p2a: Heatran","|-resisted|p2a: Heatran","|-damage|p2a: Heatran|245/323","|","|-weather|SunnyDay|[upkeep]","|turn|14","|","|move|p2a: Heatran|Stone Edge|p1a: Charizard","|-crit|p1a: Charizard","|-supereffective|p1a: Charizard","|-damage|p1a: Charizard|0 fnt","|faint|p1a: Charizard","|","|-weather|SunnyDay|[upkeep]","|","|switch|p1a: Infernape|Infernape, F|293/293","|turn|15","|","|switch|p2a: Rotom-Heat|Rotom-Heat, shiny|304/304","|move|p1a: Infernape|Close Combat|p2a: Rotom-Heat","|-damage|p2a: Rotom-Heat|61/304","|-unboost|p1a: Infernape|def|1","|-unboost|p1a: Infernape|spd|1","|","|-weather|SunnyDay|[upkeep]","|-heal|p2a: Rotom-Heat|80/304|[from] item: Leftovers","|turn|16","|","|move|p1a: Infernape|Close Combat|p2a: Rotom-Heat","|-damage|p2a: Rotom-Heat|0 fnt","|-unboost|p1a: Infernape|def|1","|-unboost|p1a: Infernape|spd|1","|faint|p2a: Rotom-Heat","|","|-weather|SunnyDay|[upkeep]","|","|switch|p2a: Charizard|Charizard, F, shiny|297/297","|turn|17","|","|switch|p1a: Entei|Entei, shiny|170/371 tox","|-ability|p1a: Entei|Pressure","|detailschange|p2a: Charizard|Charizard-Mega-Y, F, shiny","|-mega|p2a: Charizard|Charizard|Charizardite Y","|move|p2a: Charizard|Earthquake|p1a: Entei","|-supereffective|p1a: Entei","|-damage|p1a: Entei|0 fnt","|faint|p1a: Entei","|","|-weather|none","|","|switch|p1a: Infernape|Infernape, F|293/293","|turn|18","|","|move|p1a: Infernape|Stone Edge|p2a: Charizard","|-supereffective|p2a: Charizard","|-damage|p2a: Charizard|0 fnt","|faint|p2a: Charizard","|","|","|switch|p2a: Infernape|Infernape, M|293/293","|turn|19","|","|switch|p1a: Volcarona|Volcarona, F|311/311","|move|p2a: Infernape|Close Combat|p1a: Volcarona","|-resisted|p1a: Volcarona","|-damage|p1a: Volcarona|173/311","|-unboost|p2a: Infernape|def|1","|-unboost|p2a: Infernape|spd|1","|","|turn|20","|","|move|p2a: Infernape|Fire Punch|p1a: Volcarona","|-damage|p1a: Volcarona|0 fnt","|faint|p1a: Volcarona","|","|","|switch|p1a: Infernape|Infernape, F|293/293","|turn|21","|","|move|p1a: Infernape|Stone Edge|p2a: Infernape","|-enditem|p2a: Infernape|Focus Sash","|-damage|p2a: Infernape|1/293","|move|p2a: Infernape|Close Combat|p1a: Infernape","|-damage|p1a: Infernape|50/293","|-unboost|p2a: Infernape|def|1","|-unboost|p2a: Infernape|spd|1","|","|turn|22","|","|move|p2a: Infernape|Mach Punch|p1a: Infernape","|-damage|p1a: Infernape|0 fnt","|faint|p1a: Infernape","|","|","|switch|p1a: Heatran|Heatran, F|368/374","|turn|23","|","|move|p2a: Infernape|Close Combat|p1a: Heatran","|-supereffective|p1a: Heatran","|-damage|p1a: Heatran|44/374","|-unboost|p2a: Infernape|def|1","|-unboost|p2a: Infernape|spd|1","|move|p1a: Heatran|Earth Power|p2a: Infernape","|-supereffective|p2a: Infernape","|-damage|p2a: Infernape|0 fnt","|faint|p2a: Infernape","|","|","|switch|p2a: Heatran|Heatran, F|245/323","|turn|24","|","|move|p2a: Heatran|Stone Edge|p1a: Heatran","|-damage|p1a: Heatran|0 fnt","|faint|p1a: Heatran","|","|win|emforbes"],"p1rating":{"entryid":"11726","serverid":"eos","formatid":"monotype","userid":"dragotic","username":"Dragotic","w":"2","l":2,"t":"0","gxe":50,"r":"1459.8393856612","rd":"122.8583080769","sigma":"0","rptime":"1439888400","rpr":1500.0737369072,"rprd":107.05899313815,"rpsigma":"0","acre":1059.1163511857,"lacre":1059.1163511857,"oldacre":"1088.0933648602"},"p2rating":{"entryid":58456,"formatid":"monotype","userid":"emforbes","username":"emforbes","r":1500,"rd":130,"sigma":0,"rpr":1536.1182879878,"rprd":122.83141802352,"rpsigma":0,"rptime":1439888400,"w":1,"l":0,"t":0,"gxe":54.5,"acre":1049.9302279168,"lacre":1049.9302279168,"oldacre":1000},"endType":"normal"}