{"seed":[56043,25157,39983,21045],"turns":26,"p1":"Emg E4 Bit","p2":"Seven Swell","p1team":[{"name":"Rock God","species":"tyranitar","item":"tyranitarite","ability":"Sand Stream","moves":["dragondance","crunch","icepunch","earthquake"],"nature":"Jolly","evs":{"hp":0,"atk":252,"def":0,"spa":0,"spd":4,"spe":252},"gender":"M","shiny":true,"ivs":{"hp":31,"atk":31,"def":31,"spa":31,"spd":31,"spe":31}},{"name":"Last Thing You See","species":"terrakion","item":"choiceband","ability":"Justified","moves":["stoneedge","closecombat","earthquake","quickattack"],"nature":"Jolly","evs":{"hp":0,"atk":252,"def":4,"spa":0,"spd":0,"spe":252},"shiny":true,"ivs":{"hp":31,"atk":31,"def":31,"spa":31,"spd":31,"spe":31}},{"name":"Blown Back","species":"cradily","item":"leftovers","ability":"Storm Drain","moves":["gigadrain","recover","toxic","mirrorcoat"],"nature":"Calm","evs":{"hp":252,"atk":0,"def":36,"spa":0,"spd":220,"spe":0},"gender":"F","ivs":{"hp":31,"atk":31,"def":31,"spa":31,"spd":31,"spe":31}},{"name":"Unkillable","species":"rhyperior","item":"weaknesspolicy","ability":"Solid Rock","moves":["earthquake","stoneedge","firepunch","icepunch"],"nature":"Adamant","evs":{"hp":212,"atk":40,"def":252,"spa":0,"spd":0,"spe":0},"gender":"M","shiny":true,"ivs":{"hp":31,"atk":31,"def":31,"spa":31,"spd":31,"spe":31}},{"name":"Comeback","species":"omastar","item":"focussash","ability":"Weak Armor","moves":["surf","icebeam","hiddenpowergrass","shellsmash"],"nature":"Timid","evs":{"hp":0,"atk":0,"def":4,"spa":252,"spd":0,"spe":252},"gender":"F","ivs":{"hp":31,"atk":30,"def":31,"spa":30,"spd":31,"spe":31}},{"name":"Mah Boy","species":"shuckle","item":"leftovers","ability":"Sturdy","moves":["stickyweb","stealthrock","encore","knockoff"],"nature":"Impish","evs":{"hp":252,"atk":0,"def":156,"spa":0,"spd":100,"spe":0},"gender":"M","shiny":true,"ivs":{"hp":31,"atk":31,"def":31,"spa":31,"spd":31,"spe":31}}],"p2team":[{"name":"Mew","species":"Mew","item":"leftovers","ability":"Synchronize","moves":["roost","toxic","healbell","aurasphere"],"nature":"Calm","evs":{"hp":252,"atk":0,"def":0,"spa":4,"spd":252,"spe":0},"ivs":{"hp":31,"atk":31,"def":31,"spa":31,"spd":31,"spe":31}},{"name":"Slowbro","species":"Slowbro","item":"rockyhelmet","ability":"Regenerator","moves":["scald","yawn","flamethrower","slackoff"],"nature":"Bold","evs":{"hp":252,"atk":0,"def":252,"spa":4,"spd":0,"spe":0},"ivs":{"hp":31,"atk":31,"def":31,"spa":31,"spd":31,"spe":31}},{"name":"Deoxys-Speed","species":"Deoxys-Speed","item":"focussash","ability":"Pressure","moves":["stealthrock","thunderbolt","thunderwave","icebeam"],"nature":"Timid","evs":{"hp":252,"atk":0,"def":0,"spa":44,"spd":0,"spe":212},"ivs":{"hp":31,"atk":31,"def":31,"spa":31,"spd":31,"spe":31}},{"name":"Latias","species":"Latias","item":"leftovers","ability":"Levitate","moves":["dracometeor","psyshock","roost","defog"],"nature":"Timid","evs":{"hp":252,"atk":0,"def":0,"spa":4,"spd":0,"spe":252},"ivs":{"hp":31,"atk":31,"def":31,"spa":31,"spd":31,"spe":31}},{"name":"Hoopa-Unbound","species":"Hoopa-Unbound","item":"focussash","ability":"Magician","moves":["hyperspacefury","drainpunch","firepunch","gunkshot"],"nature":"Adamant","evs":{"hp":0,"atk":252,"def":0,"spa":0,"spd":4,"spe":252},"ivs":{"hp":31,"atk":31,"def":31,"spa":31,"spd":31,"spe":31}},{"name":"Gardevoir","species":"Gardevoir","item":"gardevoirite","ability":"Trace","moves":["hypervoice","psyshock","shadowball","taunt"],"nature":"Timid","evs":{"hp":0,"atk":0,"def":0,"spa":252,"spd":4,"spe":252},"ivs":{"hp":31,"atk":31,"def":31,"spa":31,"spd":31,"spe":31}}],"log":["|player|p1|Emg E4 Bit|154","|player|p2|Seven Swell|sevenswell.png","|gametype|singles","|gen|6","|tier|Monotype","|rated","|rule|Baton Pass Clause: Limit one Baton Passer, can't pass Spe and other stats simultaneously","|rule|Swagger Clause: Swagger is banned","|rule|Same Type Clause: Pokémon in a team must share a type","|clearpoke","|poke|p1|Tyranitar, M, shiny","|poke|p1|Terrakion, shiny","|poke|p1|Cradily, F","|poke|p1|Rhyperior, M, shiny","|poke|p1|Omastar, F","|poke|p1|Shuckle, M, shiny","|poke|p2|Mew","|poke|p2|Slowbro, M","|poke|p2|Deoxys-Speed","|poke|p2|Latias, F","|poke|p2|Hoopa-Unbound","|poke|p2|Gardevoir, M","|rule|Sleep Clause Mod: Limit one foe put to sleep","|rule|Species Clause: Limit one of each Pokémon","|rule|OHKO Clause: OHKO moves are banned","|rule|Moody Clause: Moody is banned","|rule|Evasion Moves Clause: Evasion moves are banned","|rule|Endless Battle Clause: Forcing endless battles is banned","|rule|HP Percentage Mod: HP is shown in percentages","|teampreview","|","|start","|switch|p1a: Rock God|Tyranitar, M, shiny|341/341","|switch|p2a: Gardevoir|Gardevoir, M|277/277","|-ability|p2a: Gardevoir|Sand Stream|[from] ability: Trace|[of] p1a: Rock God","|-weather|Sandstorm","|turn|1","|","|switch|p1a: Mah Boy|Shuckle, M, shiny|244/244","|detailschange|p2a: Gardevoir|Gardevoir-Mega, M","|-mega|p2a: Gardevoir|Gardevoir|Gardevoirite","|move|p2a: Gardevoir|Hyper Voice|p1a: Mah Boy","|-damage|p1a: Mah Boy|169/244","|","|-weather|Sandstorm|[upkeep]","|-damage|p2a: Gardevoir|260/277|[from] sandstorm","|-heal|p1a: Mah Boy|184/244|[from] item: Leftovers","|turn|2","|","|move|p2a: Gardevoir|Taunt|p1a: Mah Boy","|-start|p1a: Mah Boy|move: Taunt","|cant|p1a: Mah Boy|move: Taunt|Sticky Web","|","|-weather|Sandstorm|[upkeep]","|-damage|p2a: Gardevoir|243/277|[from] sandstorm","|-heal|p1a: Mah Boy|199/244|[from] item: Leftovers","|turn|3","|","|switch|p1a: Blown Back|Cradily, F|376/376","|move|p2a: Gardevoir|Psyshock|p1a: Blown Back","|-damage|p1a: Blown Back|196/376","|","|-weather|Sandstorm|[upkeep]","|-damage|p2a: Gardevoir|226/277|[from] sandstorm","|-heal|p1a: Blown Back|219/376|[from] item: Leftovers","|turn|4","|","|switch|p2a: Mew|Mew|404/404","|move|p1a: Blown Back|Toxic|p2a: Mew","|-status|p2a: Mew|tox","|-status|p1a: Blown Back|tox","|","|-weather|Sandstorm|[upkeep]","|-damage|p2a: Mew|379/404 tox|[from] sandstorm","|-heal|p2a: Mew|404/404 tox|[from] item: Leftovers","|-heal|p1a: Blown Back|242/376 tox|[from] item: Leftovers","|-damage|p2a: Mew|379/404 tox|[from] psn","|-damage|p1a: Blown Back|219/376 tox|[from] psn","|turn|5","|","|switch|p1a: Mah Boy|Shuckle, M, shiny|199/244","|move|p2a: Mew|Aura Sphere|p1a: Mah Boy","|-damage|p1a: Mah Boy|179/244","|","|-weather|none","|-heal|p2a: Mew|404/404 tox|[from] item: Leftovers","|-heal|p1a: Mah Boy|194/244|[from] item: Leftovers","|-damage|p2a: Mew|354/404 tox|[from] psn","|turn|6","|","|move|p2a: Mew|Toxic|p1a: Mah Boy","|-status|p1a: Mah Boy|tox","|move|p1a: Mah Boy|Sticky Web|p2a: Mew","|-sidestart|p2: Seven Swell|move: Sticky Web","|","|-heal|p2a: Mew|379/404 tox|[from] item: Leftovers","|-heal|p1a: Mah Boy|209/244 tox|[from] item: Leftovers","|-damage|p2a: Mew|304/404 tox|[from] psn","|-damage|p1a: Mah Boy|194/244 tox|[from] psn","|turn|7","|","|move|p2a: Mew|Heal Bell|p2a: Mew","|-cureteam|p2a: Mew|[from] move: HealBell","|move|p1a: Mah Boy|Stealth Rock|p2a: Mew","|-sidestart|p2: Seven Swell|move: Stealth Rock","|","|-heal|p2a: Mew|329/404|[from] item: Leftovers","|-heal|p1a: Mah Boy|209/244 tox|[from] item: Leftovers","|-damage|p1a: Mah Boy|179/244 tox|[from] psn","|turn|8","|","|move|p2a: Mew|Aura Sphere|p1a: Mah Boy","|-damage|p1a: Mah Boy|149/244 tox","|move|p1a: Mah Boy|Knock Off|p2a: Mew","|-supereffective|p2a: Mew","|-damage|p2a: Mew|289/404","|-enditem|p2a: Mew|Leftovers|[from] move: Knock Off|[of] p1a: Mah Boy","|","|-heal|p1a: Mah Boy|164/244 tox|[from] item: Leftovers","|-damage|p1a: Mah Boy|119/244 tox|[from] psn","|turn|9","|","|switch|p2a: Latias|Latias, F|364/364","|-damage|p2a: Latias|319/364|[from] Stealth Rock","|move|p1a: Mah Boy|Encore|p2a: Latias","|-fail|p2a: Latias","|","|-heal|p2a: Latias|341/364|[from] item: Leftovers","|-heal|p1a: Mah Boy|134/244 tox|[from] item: Leftovers","|-damage|p1a: Mah Boy|74/244 tox|[from] psn","|turn|10","|","|switch|p1a: Rock God|Tyranitar, M, shiny|341/341","|-weather|Sandstorm","|move|p2a: Latias|Defog|p1a: Rock God","|-unboost|p1a: Rock God|evasion|1","|-sideend|p2: Seven Swell|Stealth Rock|[from] move: Defog|[of] p2a: Latias","|-sideend|p2: Seven Swell|Sticky Web|[from] move: Defog|[of] p2a: Latias","|","|-weather|Sandstorm|[upkeep]","|-damage|p2a: Latias|319/364|[from] sandstorm","|-heal|p2a: Latias|341/364|[from] item: Leftovers","|turn|11","|","|detailschange|p1a: Rock God|Tyranitar-Mega, M, shiny","|-mega|p1a: Rock God|Tyranitar|Tyranitarite","|move|p2a: Latias|Draco Meteor|p1a: Rock God","|-damage|p1a: Rock God|254/341","|-unboost|p2a: Latias|spa|2","|move|p1a: Rock God|Crunch|p2a: Latias","|-supereffective|p2a: Latias","|-damage|p2a: Latias|0 fnt","|faint|p2a: Latias","|","|-weather|Sandstorm|[upkeep]","|","|switch|p2a: Gardevoir|Gardevoir-Mega, M|226/277","|turn|12","|","|switch|p1a: Mah Boy|Shuckle, M, shiny|74/244 tox","|move|p2a: Gardevoir|Hyper Voice|p1a: Mah Boy","|-damage|p1a: Mah Boy|0 fnt","|faint|p1a: Mah Boy","|","|-weather|Sandstorm|[upkeep]","|-damage|p2a: Gardevoir|209/277|[from] sandstorm","|","|switch|p1a: Last Thing You See|Terrakion, shiny|323/323","|turn|13","|","|switch|p2a: Slowbro|Slowbro, M|394/394","|move|p1a: Last Thing You See|Stone Edge|p2a: Slowbro","|-damage|p2a: Slowbro|229/394","|","|-weather|Sandstorm|[upkeep]","|-damage|p2a: Slowbro|205/394|[from] sandstorm","|turn|14","|","|switch|p1a: Comeback|Omastar, F|281/281","|move|p2a: Slowbro|Slack Off|p2a: Slowbro","|-heal|p2a: Slowbro|394/394","|","|-weather|none","|turn|15","|","|move|p1a: Comeback|Shell Smash|p1a: Comeback","|-unboost|p1a: Comeback|def|1","|-unboost|p1a: Comeback|spd|1","|-boost|p1a: Comeback|atk|2","|-boost|p1a: Comeback|spa|2","|-boost|p1a: Comeback|spe|2","|move|p2a: Slowbro|Yawn|p1a: Comeback","|-start|p1a: Comeback|move: Yawn|[of] p2a: Slowbro","|","|turn|16","|","|switch|p1a: Blown Back|Cradily, F|219/376 tox","|switch|p2a: Mew|Mew|289/404","|","|-heal|p1a: Blown Back|242/376 tox|[from] item: Leftovers","|-damage|p1a: Blown Back|219/376 tox|[from] psn","|turn|17","|","|move|p2a: Mew|Aura Sphere|p1a: Blown Back","|-supereffective|p1a: Blown Back","|-damage|p1a: Blown Back|129/376 tox","|move|p1a: Blown Back|Mirror Coat|p2a: Mew","|-damage|p2a: Mew|109/404","|","|-heal|p1a: Blown Back|152/376 tox|[from] item: Leftovers","|-damage|p1a: Blown Back|106/376 tox|[from] psn","|turn|18","|","|move|p2a: Mew|Roost|p2a: Mew","|-heal|p2a: Mew|311/404","|move|p1a: Blown Back|Recover|p1a: Blown Back","|-heal|p1a: Blown Back|294/376 tox","|","|-heal|p1a: Blown Back|317/376 tox|[from] item: Leftovers","|-damage|p1a: Blown Back|248/376 tox|[from] psn","|turn|19","|","|switch|p1a: Last Thing You See|Terrakion, shiny|323/323","|move|p2a: Mew|Aura Sphere|p1a: Last Thing You See","|-supereffective|p1a: Last Thing You See","|-damage|p1a: Last Thing You See|195/323","|","|turn|20","|","|switch|p2a: Slowbro|Slowbro, M|394/394","|move|p1a: Last Thing You See|Stone Edge|p2a: Slowbro","|-damage|p2a: Slowbro|217/394","|","|turn|21","|","|switch|p1a: Blown Back|Cradily, F|248/376 tox","|move|p2a: Slowbro|Scald|p1a: Blown Back","|-boost|p1a: Blown Back|spa|1|[from] ability: Storm Drain","|","|-heal|p1a: Blown Back|271/376 tox|[from] item: Leftovers","|-damage|p1a: Blown Back|248/376 tox|[from] psn","|turn|22","|","|switch|p1a: Last Thing You See|Terrakion, shiny|195/323","|switch|p2a: Deoxys-Speed|Deoxys-Speed|304/304","|-ability|p2a: Deoxys-Speed|Pressure","|","|turn|23","|","|switch|p1a: Rock God|Tyranitar-Mega, M, shiny|254/341","|-weather|Sandstorm","|move|p2a: Deoxys-Speed|Thunder Wave|p1a: Rock God","|-status|p1a: Rock God|par","|","|-weather|Sandstorm|[upkeep]","|-damage|p2a: Deoxys-Speed|285/304|[from] sandstorm","|turn|24","|","|move|p2a: Deoxys-Speed|Stealth Rock|p1a: Rock God","|-sidestart|p1: Emg E4 Bit|move: Stealth Rock","|move|p1a: Rock God|Crunch|p2a: Deoxys-Speed","|-supereffective|p2a: Deoxys-Speed","|-damage|p2a: Deoxys-Speed|0 fnt","|faint|p2a: Deoxys-Speed","|","|-weather|Sandstorm|[upkeep]","|","|switch|p2a: Gardevoir|Gardevoir-Mega, M|209/277","|turn|25","|","|move|p2a: Gardevoir|Hyper Voice|p1a: Rock God","|-supereffective|p1a: Rock God","|-damage|p1a: Rock God|0 fnt","|faint|p1a: Rock God","|","|-weather|Sandstorm|[upkeep]","|-damage|p2a: Gardevoir|192/277|[from] sandstorm","|","|switch|p1a: Last Thing You See|Terrakion, shiny|195/323","|-damage|p1a: Last Thing You See|175/323|[from] Stealth Rock","|turn|26","|","|move|p1a: Last Thing You See|Stone Edge|p2a: Gardevoir|[miss]","|-miss|p1a: Last Thing You See|p2a: Gardevoir","|move|p2a: Gardevoir|Hyper Voice|p1a: Last Thing You See","|-supereffective|p1a: Last Thing You See","|-damage|p1a: Last Thing You See|0 fnt","|faint|p1a: Last Thing You See","|","|-weather|Sandstorm|[upkeep]","|-damage|p2a: Gardevoir|175/277|[from] sandstorm","|","|win|Seven Swell"],"p1rating":{"entryid":86213,"formatid":"monotype","userid":"emge4bit","username":"Emg E4 Bit","r":1500,"rd":130,"sigma":0,"rpr":1459.8393856612,"rprd":122.8583080769,"rpsigma":0,"rptime":1439888400,"w":0,"l":1,"t":0,"gxe":45,"acre":1000,"lacre":1000,"oldacre":1000},"p2rating":{"entryid":86214,"formatid":"monotype","userid":"sevenswell","username":"Seven Swell","r":1500,"rd":130,"sigma":0,"rpr":1540.1606143388,"rprd":122.8583080769,"rpsigma":0,"rptime":1439888400,"w":1,"l":0,"t":0,"gxe":55,"acre":1040,"lacre":1040,"oldacre":1000},"endType":"forfeit"}