{"seed":[26211,19184,4476,6369],"turns":22,"p1":"TIL4-Emil","p2":"V ProdigyMatt","p1team":[{"name":"Pinsir","species":"Pinsir","item":"pinsirite","ability":"Hyper Cutter","moves":["quickattack","swordsdance","stormthrow","return"],"nature":"Jolly","evs":{"hp":0,"atk":252,"def":0,"spa":0,"spd":4,"spe":252},"ivs":{"hp":31,"atk":31,"def":31,"spa":31,"spd":31,"spe":31}},{"name":"Volcarona","species":"Volcarona","item":"focussash","ability":"Flame Body","moves":["fierydance","bugbuzz","hiddenpowerice","quiverdance"],"nature":"Timid","evs":{"hp":0,"atk":0,"def":4,"spa":252,"spd":0,"spe":252},"gender":"F","ivs":{"hp":31,"atk":30,"def":30,"spa":31,"spd":31,"spe":31}},{"name":"Galvantula","species":"Galvantula","item":"focussash","ability":"Compound Eyes","moves":["thunder","bugbuzz","stickyweb","thunderwave"],"nature":"Timid","evs":{"hp":4,"atk":0,"def":0,"spa":252,"spd":0,"spe":252},"gender":"M","shiny":true,"ivs":{"hp":31,"atk":31,"def":31,"spa":31,"spd":31,"spe":31}},{"name":"Genesect","species":"Genesect","item":"choicescarf","ability":"Download","moves":["gigadrain","extremespeed","flamethrower","thunderbolt"],"nature":"Hasty","evs":{"hp":0,"atk":0,"def":4,"spa":252,"spd":0,"spe":252},"shiny":true,"ivs":{"hp":31,"atk":31,"def":31,"spa":31,"spd":31,"spe":31}},{"name":"Forretress","species":"Forretress","item":"custapberry","ability":"Sturdy","moves":["stealthrock","rapidspin","endure","explosion"],"nature":"Careful","evs":{"hp":252,"atk":4,"def":0,"spa":0,"spd":252,"spe":0},"ivs":{"hp":31,"atk":31,"def":31,"spa":31,"spd":31,"spe":31}},{"name":"Scizor","species":"Scizor","item":"lifeorb","ability":"Technician","moves":["swordsdance","bulletpunch","superpower","aerialace"],"nature":"Adamant","evs":{"hp":96,"atk":252,"def":0,"spa":0,"spd":160,"spe":0},"ivs":{"hp":31,"atk":31,"def":31,"spa":31,"spd":31,"spe":31}}],"p2team":[{"name":"Sableye","species":"Sableye","item":"leftovers","ability":"Prankster","moves":["willowisp","recover","taunt","knockoff"],"nature":"Careful","evs":{"hp":248,"atk":0,"def":8,"spa":0,"spd":252,"spe":0},"ivs":{"hp":31,"atk":31,"def":31,"spa":31,"spd":31,"spe":31}},{"name":"Mandibuzz","species":"Mandibuzz","item":"rockyhelmet","ability":"Overcoat","moves":["roost","defog","foulplay","uturn"],"nature":"Impish","evs":{"hp":248,"atk":0,"def":252,"spa":0,"spd":8,"spe":0},"ivs":{"hp":31,"atk":31,"def":31,"spa":31,"spd":31,"spe":31}},{"name":"Hoopa-Unbound","species":"Hoopa-Unbound","item":"choicescarf","ability":"Magician","moves":["gunkshot","grassknot","psychic","hyperspacefury"],"nature":"Hasty","evs":{"hp":0,"atk":128,"def":0,"spa":128,"spd":0,"spe":252},"ivs":{"hp":31,"atk":31,"def":31,"spa":31,"spd":31,"spe":31}},{"name":"Hydreigon","species":"Hydreigon","item":"choicescarf","ability":"Levitate","moves":["dracometeor","darkpulse","fireblast","uturn"],"nature":"Timid","evs":{"hp":0,"atk":0,"def":0,"spa":252,"spd":4,"spe":252},"ivs":{"hp":31,"atk":0,"def":31,"spa":31,"spd":31,"spe":31}},{"name":"Weavile","species":"Weavile","item":"lifeorb","ability":"Pressure","moves":["lowkick","iceshard","knockoff","iciclecrash"],"nature":"Jolly","evs":{"hp":0,"atk":252,"def":0,"spa":0,"spd":4,"spe":252},"ivs":{"hp":31,"atk":31,"def":31,"spa":31,"spd":31,"spe":31}},{"name":"Krookodile","species":"Krookodile","item":"leftovers","ability":"Intimidate","moves":["stealthrock","stoneedge","earthquake","roar"],"nature":"Impish","evs":{"hp":248,"atk":8,"def":252,"spa":0,"spd":0,"spe":0},"ivs":{"hp":31,"atk":31,"def":31,"spa":31,"spd":31,"spe":31}}],"log":["|player|p1|TIL4-Emil|til4emil.gif","|player|p2|V ProdigyMatt|40","|gametype|singles","|gen|6","|tier|Monotype","|rated","|rule|Baton Pass Clause: Limit one Baton Passer, can't pass Spe and other stats simultaneously","|rule|Swagger Clause: Swagger is banned","|rule|Same Type Clause: Pokémon in a team must share a type","|clearpoke","|poke|p1|Pinsir, F","|poke|p1|Volcarona, F","|poke|p1|Galvantula, M, shiny","|poke|p1|Genesect-*, shiny","|poke|p1|Forretress, M","|poke|p1|Scizor, M","|poke|p2|Sableye, M","|poke|p2|Mandibuzz, F","|poke|p2|Hoopa-Unbound","|poke|p2|Hydreigon, M","|poke|p2|Weavile, M","|poke|p2|Krookodile, M","|rule|Sleep Clause Mod: Limit one foe put to sleep","|rule|Species Clause: Limit one of each Pokémon","|rule|OHKO Clause: OHKO moves are banned","|rule|Moody Clause: Moody is banned","|rule|Evasion Moves Clause: Evasion moves are banned","|rule|Endless Battle Clause: Forcing endless battles is banned","|rule|HP Percentage Mod: HP is shown in percentages","|teampreview","|","|start","|switch|p1a: Galvantula|Galvantula, M, shiny|282/282","|switch|p2a: Sableye|Sableye, M|303/303","|turn|1","|","|move|p1a: Galvantula|Thunder|p2a: Sableye","|-damage|p2a: Sableye|164/303","|move|p2a: Sableye|Knock Off|p1a: Galvantula","|-damage|p1a: Galvantula|137/282","|-enditem|p1a: Galvantula|Focus Sash|[from] move: Knock Off|[of] p2a: Sableye","|","|-heal|p2a: Sableye|182/303|[from] item: Leftovers","|turn|2","|","|switch|p2a: Hydreigon|Hydreigon, M|325/325","|move|p1a: Galvantula|Thunder|p2a: Hydreigon","|-resisted|p2a: Hydreigon","|-damage|p2a: Hydreigon|245/325","|","|turn|3","|","|move|p2a: Hydreigon|Dark Pulse|p1a: Galvantula","|-damage|p1a: Galvantula|0 fnt","|faint|p1a: Galvantula","|","|","|switch|p1a: Forretress|Forretress, M|354/354","|turn|4","|","|switch|p2a: Sableye|Sableye, M|182/303","|move|p1a: Forretress|Stealth Rock|p2a: Sableye","|-sidestart|p2: V ProdigyMatt|move: Stealth Rock","|","|-heal|p2a: Sableye|200/303|[from] item: Leftovers","|turn|5","|","|switch|p1a: Genesect|Genesect, shiny|283/283","|-boost|p1a: Genesect|atk|1|[from] ability: Download","|move|p2a: Sableye|Knock Off|p1a: Genesect","|-damage|p1a: Genesect|186/283","|-enditem|p1a: Genesect|Choice Scarf|[from] move: Knock Off|[of] p2a: Sableye","|","|-heal|p2a: Sableye|218/303|[from] item: Leftovers","|turn|6","|","|move|p2a: Sableye|Will-O-Wisp|p1a: Genesect","|-status|p1a: Genesect|brn","|move|p1a: Genesect|Flamethrower|p2a: Sableye","|-damage|p2a: Sableye|124/303","|","|-heal|p2a: Sableye|142/303|[from] item: Leftovers","|-damage|p1a: Genesect|151/283 brn|[from] brn","|turn|7","|","|move|p2a: Sableye|Recover|p2a: Sableye","|-heal|p2a: Sableye|294/303","|move|p1a: Genesect|Flamethrower|p2a: Sableye","|-damage|p2a: Sableye|194/303","|","|-heal|p2a: Sableye|212/303|[from] item: Leftovers","|-damage|p1a: Genesect|116/283 brn|[from] brn","|turn|8","|","|move|p1a: Genesect|Flamethrower|p2a: Sableye","|-damage|p2a: Sableye|124/303","|move|p2a: Sableye|Knock Off|p1a: Genesect","|-damage|p1a: Genesect|46/283 brn","|","|-heal|p2a: Sableye|142/303|[from] item: Leftovers","|-damage|p1a: Genesect|11/283 brn|[from] brn","|turn|9","|","|move|p2a: Sableye|Recover|p2a: Sableye","|-heal|p2a: Sableye|294/303","|move|p1a: Genesect|Flamethrower|p2a: Sableye","|-damage|p2a: Sableye|199/303","|","|-heal|p2a: Sableye|217/303|[from] item: Leftovers","|-damage|p1a: Genesect|0 fnt|[from] brn","|faint|p1a: Genesect","|","|switch|p1a: Pinsir|Pinsir, F|271/271","|turn|10","|","|detailschange|p1a: Pinsir|Pinsir-Mega, F","|-mega|p1a: Pinsir|Pinsir|Pinsirite","|move|p2a: Sableye|Will-O-Wisp|p1a: Pinsir","|-status|p1a: Pinsir|brn","|move|p1a: Pinsir|Swords Dance|p1a: Pinsir","|-boost|p1a: Pinsir|atk|2","|","|-heal|p2a: Sableye|235/303|[from] item: Leftovers","|-damage|p1a: Pinsir|238/271 brn|[from] brn","|turn|11","|","|move|p2a: Sableye|Taunt|p1a: Pinsir","|-start|p1a: Pinsir|move: Taunt","|move|p1a: Pinsir|Return|p2a: Sableye","|-damage|p2a: Sableye|0 fnt","|faint|p2a: Sableye","|","|-damage|p1a: Pinsir|205/271 brn|[from] brn","|","|switch|p2a: Mandibuzz|Mandibuzz, F|423/423","|-damage|p2a: Mandibuzz|318/423|[from] Stealth Rock","|turn|12","|","|move|p1a: Pinsir|Storm Throw|p2a: Mandibuzz","|-crit|p2a: Mandibuzz","|-damage|p2a: Mandibuzz|236/423","|-damage|p1a: Pinsir|160/271 brn|[from] item: Rocky Helmet|[of] p2a: Mandibuzz","|move|p2a: Mandibuzz|Roost|p2a: Mandibuzz","|-heal|p2a: Mandibuzz|423/423","|","|-damage|p1a: Pinsir|127/271 brn|[from] brn","|turn|13","|","|move|p1a: Pinsir|Return|p2a: Mandibuzz","|-crit|p2a: Mandibuzz","|-damage|p2a: Mandibuzz|162/423","|-damage|p1a: Pinsir|82/271 brn|[from] item: Rocky Helmet|[of] p2a: Mandibuzz","|move|p2a: Mandibuzz|Roost|p2a: Mandibuzz","|-heal|p2a: Mandibuzz|374/423","|","|-damage|p1a: Pinsir|49/271 brn|[from] brn","|-end|p1a: Pinsir|move: Taunt","|turn|14","|","|move|p1a: Pinsir|Return|p2a: Mandibuzz","|-damage|p2a: Mandibuzz|185/423","|-damage|p1a: Pinsir|4/271 brn|[from] item: Rocky Helmet|[of] p2a: Mandibuzz","|move|p2a: Mandibuzz|Foul Play|p1a: Pinsir","|-damage|p1a: Pinsir|0 fnt","|faint|p1a: Pinsir","|","|","|switch|p1a: Scizor|Scizor, M|305/305","|turn|15","|","|move|p2a: Mandibuzz|Foul Play|p1a: Scizor","|-damage|p1a: Scizor|122/305","|move|p1a: Scizor|Superpower|p2a: Mandibuzz","|-damage|p2a: Mandibuzz|54/423","|-damage|p1a: Scizor|72/305|[from] item: Rocky Helmet|[of] p2a: Mandibuzz","|-unboost|p1a: Scizor|atk|1","|-unboost|p1a: Scizor|def|1","|-damage|p1a: Scizor|42/305|[from] item: Life Orb","|","|turn|16","|","|move|p1a: Scizor|Bullet Punch|p2a: Mandibuzz","|-damage|p2a: Mandibuzz|0 fnt","|-damage|p1a: Scizor|0 fnt|[from] item: Rocky Helmet|[of] p2a: Mandibuzz","|faint|p1a: Scizor","|faint|p2a: Mandibuzz","|","|","|switch|p2a: Weavile|Weavile, M|281/281","|switch|p1a: Forretress|Forretress, M|354/354","|-damage|p2a: Weavile|211/281|[from] Stealth Rock","|-ability|p2a: Weavile|Pressure","|turn|17","|","|switch|p2a: Hydreigon|Hydreigon, M|245/325","|-damage|p2a: Hydreigon|205/325|[from] Stealth Rock","|move|p1a: Forretress|Rapid Spin|p2a: Hydreigon","|-damage|p2a: Hydreigon|189/325","|","|turn|18","|","|move|p2a: Hydreigon|Fire Blast|p1a: Forretress","|-supereffective|p1a: Forretress","|-ability|p1a: Forretress|Sturdy","|-damage|p1a: Forretress|1/354","|move|p1a: Forretress|Explosion|p2a: Hydreigon","|-damage|p2a: Hydreigon|0 fnt","|faint|p1a: Forretress","|faint|p2a: Hydreigon","|","|","|switch|p1a: Volcarona|Volcarona, F|311/311","|switch|p2a: Hoopa-Unbound|Hoopa-Unbound|301/301","|-damage|p2a: Hoopa-Unbound|264/301|[from] Stealth Rock","|turn|19","|","|move|p2a: Hoopa-Unbound|Psychic|p1a: Volcarona","|-damage|p1a: Volcarona|121/311","|move|p1a: Volcarona|Quiver Dance|p1a: Volcarona","|-boost|p1a: Volcarona|spa|1","|-boost|p1a: Volcarona|spd|1","|-boost|p1a: Volcarona|spe|1","|","|turn|20","|","|move|p1a: Volcarona|Bug Buzz|p2a: Hoopa-Unbound","|-supereffective|p2a: Hoopa-Unbound","|-damage|p2a: Hoopa-Unbound|0 fnt","|faint|p2a: Hoopa-Unbound","|","|","|switch|p2a: Krookodile|Krookodile, M|393/393","|-damage|p2a: Krookodile|369/393|[from] Stealth Rock","|-ability|p2a: Krookodile|Intimidate","|-unboost|p1a: Volcarona|atk|1","|turn|21","|","|move|p1a: Volcarona|Bug Buzz|p2a: Krookodile","|-supereffective|p2a: Krookodile","|-damage|p2a: Krookodile|0 fnt","|faint|p2a: Krookodile","|","|","|switch|p2a: Weavile|Weavile, M|211/281","|-damage|p2a: Weavile|141/281|[from] Stealth Rock","|-ability|p2a: Weavile|Pressure","|turn|22","|","|move|p2a: Weavile|Ice Shard|p1a: Volcarona","|-resisted|p1a: Volcarona","|-damage|p1a: Volcarona|63/311","|-damage|p2a: Weavile|113/281|[from] item: Life Orb","|move|p1a: Volcarona|Fiery Dance|p2a: Weavile","|-supereffective|p2a: Weavile","|-damage|p2a: Weavile|0 fnt","|-boost|p1a: Volcarona|spa|1","|faint|p2a: Weavile","|","|win|TIL4-Emil"],"p1rating":{"entryid":"32190","serverid":"eos","formatid":"monotype","userid":"til4emil","username":"TIL4-Emil","w":3,"l":"1","t":"0","gxe":57.7,"r":"1500","rd":"130","sigma":"0","rptime":"1439888400","rpr":1560.8234906758,"rprd":106.91164920561,"rpsigma":"0","acre":1085.9524353007,"lacre":1085.9524353007,"oldacre":"1060.3210330451"},"p2rating":{"entryid":54564,"formatid":"monotype","userid":"vprodigymatt","username":"V ProdigyMatt","r":1500,"rd":130,"sigma":0,"rpr":1459.8393856612,"rprd":122.8583080769,"rpsigma":0,"rptime":1439888400,"w":0,"l":1,"t":0,"gxe":45,"acre":1000,"lacre":1000,"oldacre":1000},"endType":"normal"}