{"seed":[26570,36083,59907,42863],"turns":30,"p1":"Pixie~Games","p2":"V ProdigyMatt","p1team":[{"name":"Alomomola","species":"Alomomola","item":"rockyhelmet","ability":"Regenerator","moves":["wish","protect","toxic","mirrorcoat"],"nature":"Bold","evs":{"hp":252,"atk":0,"def":252,"spa":0,"spd":4,"spe":0},"ivs":{"hp":31,"atk":0,"def":31,"spa":31,"spd":31,"spe":31}},{"name":"Azumarill","species":"Azumarill","item":"leftovers","ability":"Sap Sipper","moves":["toxic","scald","perishsong","knockoff"],"nature":"Impish","evs":{"hp":252,"atk":0,"def":252,"spa":0,"spd":4,"spe":0},"ivs":{"hp":31,"atk":31,"def":31,"spa":31,"spd":31,"spe":31}},{"name":"Lanturn","species":"Lanturn","item":"leftovers","ability":"Volt Absorb","moves":["voltswitch","toxic","healbell","scald"],"nature":"Calm","evs":{"hp":252,"atk":0,"def":4,"spa":0,"spd":252,"spe":0},"ivs":{"hp":31,"atk":0,"def":31,"spa":31,"spd":31,"spe":31}},{"name":"Keldeo","species":"Keldeo","item":"choicespecs","ability":"Justified","moves":["scald","hydropump","secretsword","icywind"],"nature":"Timid","evs":{"hp":4,"atk":0,"def":0,"spa":252,"spd":0,"spe":252},"ivs":{"hp":31,"atk":0,"def":31,"spa":31,"spd":31,"spe":31}},{"name":"Quagsire","species":"Quagsire","item":"leftovers","ability":"Unaware","moves":["recover","toxic","earthquake","waterfall"],"nature":"Impish","evs":{"hp":252,"atk":4,"def":252,"spa":0,"spd":0,"spe":0},"ivs":{"hp":31,"atk":31,"def":31,"spa":31,"spd":31,"spe":31}},{"name":"Empoleon","species":"Empoleon","item":"leftovers","ability":"Torrent","moves":["roar","stealthrock","defog","flashcannon"],"nature":"Calm","evs":{"hp":252,"atk":0,"def":0,"spa":4,"spd":252,"spe":0},"ivs":{"hp":31,"atk":31,"def":31,"spa":31,"spd":31,"spe":31}}],"p2team":[{"name":"Sableye","species":"Sableye","item":"leftovers","ability":"Prankster","moves":["willowisp","recover","taunt","knockoff"],"nature":"Careful","evs":{"hp":248,"atk":0,"def":8,"spa":0,"spd":252,"spe":0},"ivs":{"hp":31,"atk":31,"def":31,"spa":31,"spd":31,"spe":31}},{"name":"Mandibuzz","species":"Mandibuzz","item":"rockyhelmet","ability":"Overcoat","moves":["roost","defog","foulplay","tailwind"],"nature":"Impish","evs":{"hp":248,"atk":0,"def":252,"spa":0,"spd":8,"spe":0},"ivs":{"hp":31,"atk":31,"def":31,"spa":31,"spd":31,"spe":31}},{"name":"Hoopa-Unbound","species":"Hoopa-Unbound","item":"choicescarf","ability":"Magician","moves":["gunkshot","grassknot","psychic","hyperspacefury"],"nature":"Hasty","evs":{"hp":0,"atk":128,"def":0,"spa":128,"spd":0,"spe":252},"ivs":{"hp":31,"atk":31,"def":31,"spa":31,"spd":31,"spe":31}},{"name":"Hydreigon","species":"Hydreigon","item":"choicescarf","ability":"Levitate","moves":["dracometeor","darkpulse","fireblast","superpower"],"nature":"Hasty","evs":{"hp":0,"atk":4,"def":0,"spa":252,"spd":0,"spe":252},"ivs":{"hp":31,"atk":0,"def":31,"spa":31,"spd":31,"spe":31}},{"name":"Weavile","species":"Weavile","item":"lifeorb","ability":"Pressure","moves":["aerialace","iceshard","knockoff","iciclecrash"],"nature":"Jolly","evs":{"hp":0,"atk":252,"def":0,"spa":0,"spd":4,"spe":252},"ivs":{"hp":31,"atk":31,"def":31,"spa":31,"spd":31,"spe":31}},{"name":"Krookodile","species":"Krookodile","item":"lumberry","ability":"Intimidate","moves":["stealthrock","stoneedge","earthquake","roar"],"nature":"Adamant","evs":{"hp":0,"atk":252,"def":4,"spa":0,"spd":0,"spe":252},"ivs":{"hp":31,"atk":31,"def":31,"spa":31,"spd":31,"spe":31}}],"log":["|player|p1|Pixie~Games|138","|player|p2|V ProdigyMatt|40","|gametype|singles","|gen|6","|tier|Monotype","|rated","|rule|Baton Pass Clause: Limit one Baton Passer, can't pass Spe and other stats simultaneously","|rule|Swagger Clause: Swagger is banned","|rule|Same Type Clause: Pokémon in a team must share a type","|clearpoke","|poke|p1|Alomomola, M","|poke|p1|Azumarill, F","|poke|p1|Lanturn, M","|poke|p1|Keldeo","|poke|p1|Quagsire, M","|poke|p1|Empoleon, F","|poke|p2|Sableye, M","|poke|p2|Mandibuzz, F","|poke|p2|Hoopa-Unbound","|poke|p2|Hydreigon, F","|poke|p2|Weavile, M","|poke|p2|Krookodile, M","|rule|Sleep Clause Mod: Limit one foe put to sleep","|rule|Species Clause: Limit one of each Pokémon","|rule|OHKO Clause: OHKO moves are banned","|rule|Moody Clause: Moody is banned","|rule|Evasion Moves Clause: Evasion moves are banned","|rule|Endless Battle Clause: Forcing endless battles is banned","|rule|HP Percentage Mod: HP is shown in percentages","|teampreview","|","|start","|switch|p1a: Alomomola|Alomomola, M|534/534","|switch|p2a: Sableye|Sableye, M|303/303","|turn|1","|","|move|p1a: Alomomola|Protect|p1a: Alomomola","|-singleturn|p1a: Alomomola|Protect","|move|p2a: Sableye|Taunt|p1a: Alomomola","|-activate|p1a: Alomomola|Protect","|","|turn|2","|","|switch|p1a: Quagsire|Quagsire, M|394/394","|move|p2a: Sableye|Knock Off|p1a: Quagsire","|-damage|p1a: Quagsire|327/394","|-enditem|p1a: Quagsire|Leftovers|[from] move: Knock Off|[of] p2a: Sableye","|","|turn|3","|","|move|p2a: Sableye|Taunt|p1a: Quagsire","|-start|p1a: Quagsire|move: Taunt","|move|p1a: Quagsire|Earthquake|p2a: Sableye","|-damage|p2a: Sableye|165/303","|","|-heal|p2a: Sableye|183/303|[from] item: Leftovers","|turn|4","|","|move|p2a: Sableye|Will-O-Wisp|p1a: Quagsire","|-status|p1a: Quagsire|brn","|move|p1a: Quagsire|Waterfall|p2a: Sableye","|-damage|p2a: Sableye|127/303","|","|-heal|p2a: Sableye|145/303|[from] item: Leftovers","|-damage|p1a: Quagsire|278/394 brn|[from] brn","|turn|5","|","|switch|p1a: Azumarill|Azumarill, F|404/404","|move|p2a: Sableye|Recover|p2a: Sableye","|-heal|p2a: Sableye|297/303","|","|-heal|p2a: Sableye|303/303|[from] item: Leftovers","|turn|6","|","|move|p2a: Sableye|Will-O-Wisp|p1a: Azumarill","|-status|p1a: Azumarill|brn","|move|p1a: Azumarill|Toxic|p2a: Sableye","|-status|p2a: Sableye|tox","|","|-damage|p2a: Sableye|285/303 tox|[from] psn","|-damage|p1a: Azumarill|354/404 brn|[from] brn","|turn|7","|","|move|p1a: Azumarill|Knock Off|p2a: Sableye","|-damage|p2a: Sableye|259/303 tox","|-enditem|p2a: Sableye|Leftovers|[from] move: Knock Off|[of] p1a: Azumarill","|move|p2a: Sableye|Knock Off|p1a: Azumarill","|-resisted|p1a: Azumarill","|-damage|p1a: Azumarill|315/404 brn","|-enditem|p1a: Azumarill|Leftovers|[from] move: Knock Off|[of] p2a: Sableye","|","|-damage|p2a: Sableye|223/303 tox|[from] psn","|-damage|p1a: Azumarill|265/404 brn|[from] brn","|turn|8","|","|switch|p2a: Krookodile|Krookodile, M|331/331","|-ability|p2a: Krookodile|Intimidate","|-unboost|p1a: Azumarill|atk|1","|move|p1a: Azumarill|Perish Song|p1a: Azumarill","|-start|p1a: Azumarill|perish3|[silent]","|-start|p2a: Krookodile|perish3|[silent]","|-fieldactivate|move: Perish Song","|","|-start|p2a: Krookodile|perish3","|-start|p1a: Azumarill|perish3","|-damage|p1a: Azumarill|215/404 brn|[from] brn","|turn|9","|","|move|p2a: Krookodile|Stealth Rock|p1a: Azumarill","|-sidestart|p1: Pixie~Games|move: Stealth Rock","|move|p1a: Azumarill|Scald|p2a: Krookodile","|-crit|p2a: Krookodile","|-supereffective|p2a: Krookodile","|-damage|p2a: Krookodile|97/331","|","|-start|p2a: Krookodile|perish2","|-start|p1a: Azumarill|perish2","|-damage|p1a: Azumarill|165/404 brn|[from] brn","|turn|10","|","|move|p2a: Krookodile|Earthquake|p1a: Azumarill","|-damage|p1a: Azumarill|11/404 brn","|move|p1a: Azumarill|Scald|p2a: Krookodile","|-supereffective|p2a: Krookodile","|-damage|p2a: Krookodile|0 fnt","|faint|p2a: Krookodile","|","|-start|p1a: Azumarill|perish1","|-damage|p1a: Azumarill|0 fnt|[from] brn","|faint|p1a: Azumarill","|","|switch|p2a: Sableye|Sableye, M|223/303 tox","|switch|p1a: Quagsire|Quagsire, M|278/394 brn","|-damage|p1a: Quagsire|254/394 brn|[from] Stealth Rock","|turn|11","|","|switch|p1a: Keldeo|Keldeo|324/324","|-damage|p1a: Keldeo|304/324|[from] Stealth Rock","|move|p2a: Sableye|Taunt|p1a: Keldeo","|-start|p1a: Keldeo|move: Taunt","|","|-damage|p2a: Sableye|205/303 tox|[from] psn","|turn|12","|","|switch|p2a: Hydreigon|Hydreigon, F|325/325","|move|p1a: Keldeo|Scald|p2a: Hydreigon","|-resisted|p2a: Hydreigon","|-damage|p2a: Hydreigon|201/325","|","|turn|13","|","|switch|p1a: Alomomola|Alomomola, M|534/534","|-damage|p1a: Alomomola|468/534|[from] Stealth Rock","|move|p2a: Hydreigon|Dark Pulse|p1a: Alomomola","|-damage|p1a: Alomomola|221/534","|","|turn|14","|","|move|p2a: Hydreigon|Dark Pulse|p1a: Alomomola","|-crit|p1a: Alomomola","|-damage|p1a: Alomomola|0 fnt","|faint|p1a: Alomomola","|","|","|switch|p1a: Lanturn|Lanturn, M|454/454","|-damage|p1a: Lanturn|398/454|[from] Stealth Rock","|turn|15","|","|move|p2a: Hydreigon|Dark Pulse|p1a: Lanturn","|-damage|p1a: Lanturn|283/454","|move|p1a: Lanturn|Heal Bell|p1a: Lanturn","|-cureteam|p1a: Lanturn|[from] move: HealBell","|","|-heal|p1a: Lanturn|311/454|[from] item: Leftovers","|turn|16","|","|move|p2a: Hydreigon|Dark Pulse|p1a: Lanturn","|-damage|p1a: Lanturn|184/454","|move|p1a: Lanturn|Toxic|p2a: Hydreigon","|-status|p2a: Hydreigon|tox","|","|-heal|p1a: Lanturn|212/454|[from] item: Leftovers","|-damage|p2a: Hydreigon|181/325 tox|[from] psn","|turn|17","|","|move|p2a: Hydreigon|Dark Pulse|p1a: Lanturn","|-damage|p1a: Lanturn|97/454","|move|p1a: Lanturn|Volt Switch|p2a: Hydreigon","|-resisted|p2a: Hydreigon","|-damage|p2a: Hydreigon|144/325 tox","|","|switch|p1a: Empoleon|Empoleon, F|372/372","|-damage|p1a: Empoleon|349/372|[from] Stealth Rock","|","|-heal|p1a: Empoleon|372/372|[from] item: Leftovers","|-damage|p2a: Hydreigon|104/325 tox|[from] psn","|turn|18","|","|switch|p2a: Mandibuzz|Mandibuzz, F|423/423","|move|p1a: Empoleon|Defog|p2a: Mandibuzz","|-unboost|p2a: Mandibuzz|evasion|1","|-sideend|p1: Pixie~Games|Stealth Rock|[from] move: Defog|[of] p1a: Empoleon","|","|turn|19","|","|switch|p2a: Hydreigon|Hydreigon, F|104/325 tox","|move|p1a: Empoleon|Roar|p2a: Hydreigon","|drag|p2a: Hoopa-Unbound|Hoopa-Unbound|301/301","|","|turn|20","|","|switch|p2a: Hydreigon|Hydreigon, F|104/325 tox","|move|p1a: Empoleon|Stealth Rock|p2a: Hydreigon","|-sidestart|p2: V ProdigyMatt|move: Stealth Rock","|","|-damage|p2a: Hydreigon|84/325 tox|[from] psn","|turn|21","|","|move|p2a: Hydreigon|Superpower|p1a: Empoleon","|-supereffective|p1a: Empoleon","|-damage|p1a: Empoleon|168/372","|-unboost|p2a: Hydreigon|atk|1","|-unboost|p2a: Hydreigon|def|1","|move|p1a: Empoleon|Flash Cannon|p2a: Hydreigon","|-damage|p2a: Hydreigon|0 fnt","|faint|p2a: Hydreigon","|","|-heal|p1a: Empoleon|191/372|[from] item: Leftovers","|","|switch|p2a: Hoopa-Unbound|Hoopa-Unbound|301/301","|-damage|p2a: Hoopa-Unbound|264/301|[from] Stealth Rock","|turn|22","|","|move|p2a: Hoopa-Unbound|Grass Knot|p1a: Empoleon","|-damage|p1a: Empoleon|119/372","|move|p1a: Empoleon|Flash Cannon|p2a: Hoopa-Unbound","|-damage|p2a: Hoopa-Unbound|186/301","|","|-heal|p1a: Empoleon|142/372|[from] item: Leftovers","|turn|23","|","|move|p2a: Hoopa-Unbound|Grass Knot|p1a: Empoleon","|-damage|p1a: Empoleon|66/372","|move|p1a: Empoleon|Roar|p2a: Hoopa-Unbound","|drag|p2a: Sableye|Sableye, M|205/303 tox","|-damage|p2a: Sableye|168/303 tox|[from] Stealth Rock","|","|-heal|p1a: Empoleon|89/372|[from] item: Leftovers","|-damage|p2a: Sableye|150/303 tox|[from] psn","|turn|24","|","|switch|p2a: Weavile|Weavile, M|281/281","|-damage|p2a: Weavile|211/281|[from] Stealth Rock","|-ability|p2a: Weavile|Pressure","|move|p1a: Empoleon|Flash Cannon|p2a: Weavile","|-supereffective|p2a: Weavile","|-damage|p2a: Weavile|0 fnt","|faint|p2a: Weavile","|","|-heal|p1a: Empoleon|112/372|[from] item: Leftovers","|","|switch|p2a: Hoopa-Unbound|Hoopa-Unbound|186/301","|-damage|p2a: Hoopa-Unbound|149/301|[from] Stealth Rock","|turn|25","|","|move|p2a: Hoopa-Unbound|Grass Knot|p1a: Empoleon","|-crit|p1a: Empoleon","|-damage|p1a: Empoleon|0 fnt","|faint|p1a: Empoleon","|","|","|switch|p1a: Keldeo|Keldeo|304/324","|turn|26","|","|switch|p2a: Mandibuzz|Mandibuzz, F|423/423","|-damage|p2a: Mandibuzz|318/423|[from] Stealth Rock","|move|p1a: Keldeo|Scald|p2a: Mandibuzz","|-damage|p2a: Mandibuzz|98/423","|-status|p2a: Mandibuzz|brn","|","|-damage|p2a: Mandibuzz|46/423 brn|[from] brn","|turn|27","|","|move|p1a: Keldeo|Scald|p2a: Mandibuzz","|-damage|p2a: Mandibuzz|0 fnt","|faint|p2a: Mandibuzz","|","|","|switch|p2a: Sableye|Sableye, M|150/303 tox","|-damage|p2a: Sableye|113/303 tox|[from] Stealth Rock","|turn|28","|","|move|p2a: Sableye|Recover|p2a: Sableye","|-heal|p2a: Sableye|265/303 tox","|move|p1a: Keldeo|Scald|p2a: Sableye","|-damage|p2a: Sableye|52/303 tox","|","|-damage|p2a: Sableye|34/303 tox|[from] psn","|turn|29","|","|move|p2a: Sableye|Will-O-Wisp|p1a: Keldeo","|-status|p1a: Keldeo|brn","|move|p1a: Keldeo|Scald|p2a: Sableye","|-damage|p2a: Sableye|0 fnt","|faint|p2a: Sableye","|","|-damage|p1a: Keldeo|264/324 brn|[from] brn","|","|switch|p2a: Hoopa-Unbound|Hoopa-Unbound|149/301","|-damage|p2a: Hoopa-Unbound|112/301|[from] Stealth Rock","|turn|30","|","|move|p2a: Hoopa-Unbound|Grass Knot|p1a: Keldeo","|-supereffective|p1a: Keldeo","|-damage|p1a: Keldeo|70/324 brn","|move|p1a: Keldeo|Scald|p2a: Hoopa-Unbound","|-damage|p2a: Hoopa-Unbound|0 fnt","|faint|p2a: Hoopa-Unbound","|","|win|Pixie~Games"],"p1rating":{"entryid":"6068","serverid":"eos","formatid":"monotype","userid":"pixiegames","username":"Pixie~Games","w":2,"l":"3","t":"0","gxe":46.4,"r":"1427.4328741711","rd":"116.77753930647","sigma":"0","rptime":"1439888400","rpr":1472.0295699114,"rprd":103.25476413516,"rpsigma":"0","acre":1083.8266126707,"lacre":1083.8266126707,"oldacre":"1045.8312157597"},"p2rating":{"entryid":"54564","serverid":"eos","formatid":"monotype","userid":"vprodigymatt","username":"V ProdigyMatt","w":"6","l":6,"t":"0","gxe":49.2,"r":"1500","rd":"130","sigma":"0","rptime":"1439888400","rpr":1493.9709915583,"rprd":83.309363195143,"rpsigma":"0","acre":1069.0758160565,"lacre":1069.0758160565,"oldacre":"1097.284019872"},"endType":"normal"}