{"seed":[52206,29540,44480,13804],"turns":21,"p1":"SWL Neßki","p2":"V SLootBoot","p1team":[{"name":"Azumarill","species":"Azumarill","item":"sitrusberry","ability":"Huge Power","moves":["aquajet","playrough","knockoff","bellydrum"],"nature":"Adamant","evs":{"hp":244,"atk":252,"def":0,"spa":0,"spd":0,"spe":12},"ivs":{"hp":31,"atk":31,"def":31,"spa":31,"spd":31,"spe":31}},{"name":"Ludicolo","species":"Ludicolo","item":"assaultvest","ability":"Swift Swim","moves":["scald","icebeam","gigadrain","focusblast"],"nature":"Timid","evs":{"hp":0,"atk":0,"def":0,"spa":252,"spd":4,"spe":252},"ivs":{"hp":31,"atk":0,"def":31,"spa":31,"spd":31,"spe":31}},{"name":"Keldeo","species":"Keldeo","item":"focussash","ability":"Justified","moves":["taunt","scald","secretsword","endeavor"],"nature":"Timid","evs":{"hp":0,"atk":0,"def":0,"spa":252,"spd":4,"spe":252},"ivs":{"hp":31,"atk":0,"def":31,"spa":31,"spd":31,"spe":31}},{"name":"Seismitoad","species":"Seismitoad","item":"lifeorb","ability":"Swift Swim","moves":["stealthrock","earthquake","knockoff","scald"],"nature":"Adamant","evs":{"hp":0,"atk":252,"def":0,"spa":4,"spd":0,"spe":252},"ivs":{"hp":31,"atk":31,"def":31,"spa":31,"spd":31,"spe":31}},{"name":"Politoed","species":"Politoed","item":"choicescarf","ability":"Drizzle","moves":["hiddenpowerrock","icebeam","psychic","scald"],"nature":"Modest","evs":{"hp":0,"atk":0,"def":0,"spa":252,"spd":4,"spe":252},"ivs":{"hp":31,"atk":31,"def":30,"spa":31,"spd":30,"spe":30}},{"name":"Gyarados","species":"Gyarados","item":"gyaradosite","ability":"Intimidate","moves":["dragondance","earthquake","icefang","crunch"],"nature":"Adamant","evs":{"hp":0,"atk":252,"def":0,"spa":0,"spd":4,"spe":252},"ivs":{"hp":31,"atk":31,"def":31,"spa":31,"spd":31,"spe":31}}],"p2team":[{"name":"Mandibuzz","species":"Mandibuzz","item":"leftovers","ability":"Overcoat","moves":["foulplay","roost","defog","taunt"],"nature":"Impish","evs":{"hp":248,"atk":0,"def":136,"spa":0,"spd":108,"spe":16},"ivs":{"hp":31,"atk":31,"def":31,"spa":31,"spd":31,"spe":31}},{"name":"Togekiss","species":"Togekiss","item":"leftovers","ability":"Serene Grace","moves":["thunderwave","airslash","nastyplot","roost"],"nature":"Calm","evs":{"hp":248,"atk":0,"def":0,"spa":0,"spd":216,"spe":44},"ivs":{"hp":31,"atk":31,"def":31,"spa":31,"spd":31,"spe":31}},{"name":"Dragonite","species":"Dragonite","item":"weaknesspolicy","ability":"Multiscale","moves":["earthquake","dragonclaw","extremespeed","dragondance"],"nature":"Adamant","evs":{"hp":0,"atk":252,"def":0,"spa":0,"spd":4,"spe":252},"ivs":{"hp":31,"atk":31,"def":31,"spa":31,"spd":31,"spe":31}},{"name":"Skarmory","species":"Skarmory","item":"rockyhelmet","ability":"Sturdy","moves":["roost","spikes","bravebird","stealthrock"],"nature":"Impish","evs":{"hp":252,"atk":0,"def":252,"spa":0,"spd":4,"spe":0},"ivs":{"hp":31,"atk":31,"def":31,"spa":31,"spd":31,"spe":31}},{"name":"Xatu","species":"Xatu","item":"lightclay","ability":"Magic Bounce","moves":["thunderwave","reflect","uturn","nightshade"],"nature":"Jolly","evs":{"hp":248,"atk":0,"def":0,"spa":0,"spd":8,"spe":252},"ivs":{"hp":31,"atk":31,"def":31,"spa":31,"spd":31,"spe":31}},{"name":"Gyarados","species":"Gyarados","item":"gyaradosite","ability":"Intimidate","moves":["dragondance","waterfall","earthquake","icefang"],"nature":"Adamant","evs":{"hp":0,"atk":252,"def":4,"spa":0,"spd":0,"spe":252},"ivs":{"hp":31,"atk":31,"def":31,"spa":31,"spd":31,"spe":31}}],"log":["|player|p1|SWL Neßki|swlneki.png","|player|p2|V SLootBoot|102","|gametype|singles","|gen|6","|tier|Monotype","|rated","|rule|Baton Pass Clause: Limit one Baton Passer, can't pass Spe and other stats simultaneously","|rule|Swagger Clause: Swagger is banned","|rule|Same Type Clause: Pokémon in a team must share a type","|clearpoke","|poke|p1|Azumarill, M","|poke|p1|Ludicolo, F","|poke|p1|Keldeo","|poke|p1|Seismitoad, M","|poke|p1|Politoed, F","|poke|p1|Gyarados, M","|poke|p2|Mandibuzz, F","|poke|p2|Togekiss, M","|poke|p2|Dragonite, F","|poke|p2|Skarmory, M","|poke|p2|Xatu, F","|poke|p2|Gyarados, F","|rule|Sleep Clause Mod: Limit one foe put to sleep","|rule|Species Clause: Limit one of each Pokémon","|rule|OHKO Clause: OHKO moves are banned","|rule|Moody Clause: Moody is banned","|rule|Evasion Moves Clause: Evasion moves are banned","|rule|Endless Battle Clause: Forcing endless battles is banned","|rule|HP Percentage Mod: HP is shown in percentages","|teampreview","|","|start","|switch|p1a: Politoed|Politoed, F|321/321","|switch|p2a: Gyarados|Gyarados, F|331/331","|-weather|RainDance","|-ability|p2a: Gyarados|Intimidate","|-unboost|p1a: Politoed|atk|1","|turn|1","|","|detailschange|p2a: Gyarados|Gyarados-Mega, F","|-mega|p2a: Gyarados|Gyarados|Gyaradosite","|-ability|p2a: Gyarados|Mold Breaker","|move|p1a: Politoed|Scald|p2a: Gyarados","|-resisted|p2a: Gyarados","|-damage|p2a: Gyarados|253/331","|-status|p2a: Gyarados|brn","|move|p2a: Gyarados|Dragon Dance|p2a: Gyarados","|-boost|p2a: Gyarados|atk|1","|-boost|p2a: Gyarados|spe|1","|","|-weather|RainDance|[upkeep]","|-damage|p2a: Gyarados|212/331 brn|[from] brn","|turn|2","|","|switch|p1a: Seismitoad|Seismitoad, M|351/351","|move|p2a: Gyarados|Waterfall|p1a: Seismitoad","|-damage|p1a: Seismitoad|113/351","|","|-weather|RainDance|[upkeep]","|-damage|p2a: Gyarados|171/331 brn|[from] brn","|turn|3","|","|move|p1a: Seismitoad|Stealth Rock|p2a: Gyarados","|-sidestart|p2: V SLootBoot|move: Stealth Rock","|move|p2a: Gyarados|Ice Fang|p1a: Seismitoad","|-damage|p1a: Seismitoad|15/351","|","|-weather|RainDance|[upkeep]","|-damage|p2a: Gyarados|130/331 brn|[from] brn","|turn|4","|","|move|p1a: Seismitoad|Earthquake|p2a: Gyarados","|-damage|p2a: Gyarados|0 fnt","|-damage|p1a: Seismitoad|0 fnt|[from] item: Life Orb","|faint|p2a: Gyarados","|faint|p1a: Seismitoad","|","|-weather|RainDance|[upkeep]","|","|switch|p2a: Mandibuzz|Mandibuzz, F|423/423","|switch|p1a: Azumarill|Azumarill, M|402/402","|-damage|p2a: Mandibuzz|318/423|[from] Stealth Rock","|turn|5","|","|move|p2a: Mandibuzz|Defog|p1a: Azumarill","|-unboost|p1a: Azumarill|evasion|1","|-sideend|p2: V SLootBoot|Stealth Rock|[from] move: Defog|[of] p2a: Mandibuzz","|move|p1a: Azumarill|Play Rough|p2a: Mandibuzz","|-supereffective|p2a: Mandibuzz","|-damage|p2a: Mandibuzz|42/423","|","|-weather|none","|-heal|p2a: Mandibuzz|68/423|[from] item: Leftovers","|turn|6","|","|move|p2a: Mandibuzz|Foul Play|p1a: Azumarill","|-crit|p1a: Azumarill","|-resisted|p1a: Azumarill","|-damage|p1a: Azumarill|315/402","|move|p1a: Azumarill|Belly Drum|p1a: Azumarill","|-damage|p1a: Azumarill|114/402","|-setboost|p1a: Azumarill|atk|6|[from] move: Belly Drum","|-enditem|p1a: Azumarill|Sitrus Berry|[eat]","|-heal|p1a: Azumarill|214/402|[from] item: Sitrus Berry","|","|-heal|p2a: Mandibuzz|94/423|[from] item: Leftovers","|turn|7","|","|switch|p2a: Skarmory|Skarmory, M|334/334","|move|p1a: Azumarill|Aqua Jet|p2a: Skarmory","|-damage|p2a: Skarmory|130/334","|-damage|p1a: Azumarill|147/402|[from] item: Rocky Helmet|[of] p2a: Skarmory","|","|turn|8","|","|switch|p2a: Mandibuzz|Mandibuzz, F|94/423","|move|p1a: Azumarill|Aqua Jet|p2a: Mandibuzz","|-damage|p2a: Mandibuzz|0 fnt","|faint|p2a: Mandibuzz","|","|","|switch|p2a: Dragonite|Dragonite, F|323/323","|turn|9","|","|move|p2a: Dragonite|Extreme Speed|p1a: Azumarill","|-damage|p1a: Azumarill|23/402","|move|p1a: Azumarill|Play Rough|p2a: Dragonite","|-supereffective|p2a: Dragonite","|-damage|p2a: Dragonite|0 fnt","|faint|p2a: Dragonite","|","|","|switch|p2a: Skarmory|Skarmory, M|130/334","|turn|10","|","|move|p1a: Azumarill|Aqua Jet|p2a: Skarmory","|-damage|p2a: Skarmory|0 fnt","|-damage|p1a: Azumarill|0 fnt|[from] item: Rocky Helmet|[of] p2a: Skarmory","|faint|p1a: Azumarill","|faint|p2a: Skarmory","|","|","|switch|p1a: Politoed|Politoed, F|321/321","|switch|p2a: Togekiss|Togekiss, M|373/373","|-weather|RainDance","|turn|11","|","|move|p1a: Politoed|Scald|p2a: Togekiss","|-damage|p2a: Togekiss|255/373","|move|p2a: Togekiss|Thunder Wave|p1a: Politoed","|-status|p1a: Politoed|par","|","|-weather|RainDance|[upkeep]","|-heal|p2a: Togekiss|278/373|[from] item: Leftovers","|turn|12","|","|move|p2a: Togekiss|Air Slash|p1a: Politoed|[miss]","|-miss|p2a: Togekiss|p1a: Politoed","|cant|p1a: Politoed|par","|","|-weather|RainDance|[upkeep]","|-heal|p2a: Togekiss|301/373|[from] item: Leftovers","|turn|13","|","|move|p2a: Togekiss|Nasty Plot|p2a: Togekiss","|-boost|p2a: Togekiss|spa|2","|move|p1a: Politoed|Scald|p2a: Togekiss","|-damage|p2a: Togekiss|181/373","|","|-weather|RainDance|[upkeep]","|-heal|p2a: Togekiss|204/373|[from] item: Leftovers","|turn|14","|","|move|p2a: Togekiss|Air Slash|p1a: Politoed","|-damage|p1a: Politoed|125/321 par","|cant|p1a: Politoed|flinch","|","|-weather|RainDance|[upkeep]","|-heal|p2a: Togekiss|227/373|[from] item: Leftovers","|turn|15","|","|move|p2a: Togekiss|Air Slash|p1a: Politoed","|-damage|p1a: Politoed|0 fnt","|faint|p1a: Politoed","|","|-weather|none","|-heal|p2a: Togekiss|250/373|[from] item: Leftovers","|","|switch|p1a: Keldeo|Keldeo|323/323","|turn|16","|","|move|p1a: Keldeo|Taunt|p2a: Togekiss","|-start|p2a: Togekiss|move: Taunt","|cant|p2a: Togekiss|move: Taunt|Thunder Wave","|","|-heal|p2a: Togekiss|273/373|[from] item: Leftovers","|turn|17","|","|move|p1a: Keldeo|Scald|p2a: Togekiss","|-damage|p2a: Togekiss|179/373","|move|p2a: Togekiss|Air Slash|p1a: Keldeo","|-supereffective|p1a: Keldeo","|-enditem|p1a: Keldeo|Focus Sash","|-damage|p1a: Keldeo|1/323","|","|-heal|p2a: Togekiss|202/373|[from] item: Leftovers","|turn|18","|","|move|p1a: Keldeo|Endeavor|p2a: Togekiss","|-damage|p2a: Togekiss|1/373","|move|p2a: Togekiss|Air Slash|p1a: Keldeo","|-crit|p1a: Keldeo","|-supereffective|p1a: Keldeo","|-damage|p1a: Keldeo|0 fnt","|faint|p1a: Keldeo","|","|-heal|p2a: Togekiss|24/373|[from] item: Leftovers","|-end|p2a: Togekiss|move: Taunt","|","|switch|p1a: Ludicolo|Ludicolo, F|301/301","|turn|19","|","|move|p1a: Ludicolo|Ice Beam|p2a: Togekiss","|-supereffective|p2a: Togekiss","|-damage|p2a: Togekiss|0 fnt","|faint|p2a: Togekiss","|","|","|switch|p2a: Xatu|Xatu, F|333/333","|turn|20","|","|move|p2a: Xatu|Thunder Wave|p1a: Ludicolo","|-status|p1a: Ludicolo|par","|move|p1a: Ludicolo|Ice Beam|p2a: Xatu","|-supereffective|p2a: Xatu","|-damage|p2a: Xatu|115/333","|-status|p2a: Xatu|frz","|","|turn|21","|","|cant|p2a: Xatu|frz","|move|p1a: Ludicolo|Scald|p2a: Xatu","|-damage|p2a: Xatu|0 fnt","|faint|p2a: Xatu","|","|win|SWL Neßki"],"p1rating":{"entryid":"388","serverid":"eos","formatid":"monotype","userid":"swlneki","username":"SWL Neßki","w":7,"l":"2","t":"0","gxe":63.6,"r":"1591.9017989562","rd":"92.92581250605","sigma":"0","rptime":"1439888400","rpr":1608.4170865144,"rprd":90.359194785861,"rpsigma":"0","acre":1132.5672745381,"lacre":1132.5672745381,"oldacre":"1115.2663809826"},"p2rating":{"entryid":"97501","serverid":"eos","formatid":"monotype","userid":"vslootboot","username":"V SLootBoot","w":"1","l":4,"t":"0","gxe":39.1,"r":"1500","rd":"130","sigma":"0","rptime":"1439888400","rpr":1413.0801125127,"rprd":103.20680450514,"rpsigma":"0","acre":1000,"lacre":1000,"oldacre":"1004.6794406194"},"endType":"normal"}