{"seed":[56345,26811,51513,10956],"turns":29,"p1":"V SLootBoot","p2":"Sjado","p1team":[{"name":"Mandibuzz","species":"Mandibuzz","item":"leftovers","ability":"Overcoat","moves":["foulplay","roost","defog","taunt"],"nature":"Impish","evs":{"hp":248,"atk":0,"def":136,"spa":0,"spd":108,"spe":16},"ivs":{"hp":31,"atk":31,"def":31,"spa":31,"spd":31,"spe":31}},{"name":"Togekiss","species":"Togekiss","item":"leftovers","ability":"Serene Grace","moves":["thunderwave","airslash","nastyplot","roost"],"nature":"Calm","evs":{"hp":248,"atk":0,"def":0,"spa":0,"spd":216,"spe":44},"ivs":{"hp":31,"atk":31,"def":31,"spa":31,"spd":31,"spe":31}},{"name":"Dragonite","species":"Dragonite","item":"weaknesspolicy","ability":"Multiscale","moves":["earthquake","dragonclaw","extremespeed","dragondance"],"nature":"Adamant","evs":{"hp":0,"atk":252,"def":0,"spa":0,"spd":4,"spe":252},"ivs":{"hp":31,"atk":31,"def":31,"spa":31,"spd":31,"spe":31}},{"name":"Skarmory","species":"Skarmory","item":"rockyhelmet","ability":"Sturdy","moves":["roost","spikes","bravebird","stealthrock"],"nature":"Impish","evs":{"hp":252,"atk":0,"def":252,"spa":0,"spd":4,"spe":0},"ivs":{"hp":31,"atk":31,"def":31,"spa":31,"spd":31,"spe":31}},{"name":"Xatu","species":"Xatu","item":"lightclay","ability":"Magic Bounce","moves":["thunderwave","reflect","uturn","nightshade"],"nature":"Jolly","evs":{"hp":248,"atk":0,"def":0,"spa":0,"spd":8,"spe":252},"ivs":{"hp":31,"atk":31,"def":31,"spa":31,"spd":31,"spe":31}},{"name":"Gyarados","species":"Gyarados","item":"gyaradosite","ability":"Intimidate","moves":["dragondance","waterfall","earthquake","icefang"],"nature":"Adamant","evs":{"hp":0,"atk":252,"def":4,"spa":0,"spd":0,"spe":252},"ivs":{"hp":31,"atk":31,"def":31,"spa":31,"spd":31,"spe":31}}],"p2team":[{"name":"Sableye","species":"Sableye","item":"sablenite","ability":"Prankster","moves":["recover","willowisp","calmmind","darkpulse"],"nature":"Bold","evs":{"hp":252,"atk":0,"def":252,"spa":0,"spd":4,"spe":0},"ivs":{"hp":31,"atk":31,"def":31,"spa":31,"spd":31,"spe":31}},{"name":"Umbreon","species":"Umbreon","item":"leftovers","ability":"Synchronize","moves":["toxic","wish","protect","darkpulse"],"nature":"Calm","evs":{"hp":252,"atk":0,"def":0,"spa":4,"spd":252,"spe":0},"ivs":{"hp":31,"atk":31,"def":31,"spa":31,"spd":31,"spe":31}},{"name":"Bisharp","species":"Bisharp","item":"lifeorb","ability":"Defiant","moves":["ironhead","suckerpunch","knockoff","swordsdance"],"nature":"Adamant","evs":{"hp":0,"atk":252,"def":0,"spa":0,"spd":4,"spe":252},"shiny":true,"ivs":{"hp":31,"atk":31,"def":31,"spa":31,"spd":31,"spe":31}},{"name":"Mandibuzz","species":"Mandibuzz","item":"rockyhelmet","ability":"Overcoat","moves":["roost","foulplay","defog","toxic"],"nature":"Bold","evs":{"hp":252,"atk":0,"def":252,"spa":0,"spd":4,"spe":0},"ivs":{"hp":31,"atk":31,"def":31,"spa":31,"spd":31,"spe":31}},{"name":"Tyranitar","species":"Tyranitar","item":"leftovers","ability":"Sand Stream","moves":["stoneedge","stealthrock","earthquake","fireblast"],"nature":"Sassy","evs":{"hp":244,"atk":8,"def":0,"spa":4,"spd":252,"spe":0},"ivs":{"hp":31,"atk":31,"def":31,"spa":31,"spd":31,"spe":31}},{"name":"Hydreigon","species":"Hydreigon","item":"lifeorb","ability":"Levitate","moves":["darkpulse","dracometeor","fireblast","earthpower"],"nature":"Timid","evs":{"hp":0,"atk":0,"def":0,"spa":252,"spd":4,"spe":252},"ivs":{"hp":31,"atk":31,"def":31,"spa":31,"spd":31,"spe":31}}],"log":["|player|p1|V SLootBoot|102","|player|p2|Sjado|168","|gametype|singles","|gen|6","|tier|Monotype","|rated","|rule|Baton Pass Clause: Limit one Baton Passer, can't pass Spe and other stats simultaneously","|rule|Swagger Clause: Swagger is banned","|rule|Same Type Clause: Pokémon in a team must share a type","|clearpoke","|poke|p1|Mandibuzz, F","|poke|p1|Togekiss, M","|poke|p1|Dragonite, F","|poke|p1|Skarmory, F","|poke|p1|Xatu, M","|poke|p1|Gyarados, F","|poke|p2|Sableye, M","|poke|p2|Umbreon, F","|poke|p2|Bisharp, M, shiny","|poke|p2|Mandibuzz, F","|poke|p2|Tyranitar, M","|poke|p2|Hydreigon, F","|rule|Sleep Clause Mod: Limit one foe put to sleep","|rule|Species Clause: Limit one of each Pokémon","|rule|OHKO Clause: OHKO moves are banned","|rule|Moody Clause: Moody is banned","|rule|Evasion Moves Clause: Evasion moves are banned","|rule|Endless Battle Clause: Forcing endless battles is banned","|rule|HP Percentage Mod: HP is shown in percentages","|teampreview","|","|start","|switch|p1a: Gyarados|Gyarados, F|331/331","|switch|p2a: Sableye|Sableye, M|304/304","|-ability|p1a: Gyarados|Intimidate","|-unboost|p2a: Sableye|atk|1","|turn|1","|","|switch|p1a: Xatu|Xatu, M|333/333","|detailschange|p2a: Sableye|Sableye-Mega, M","|-mega|p2a: Sableye|Sableye|Sablenite","|move|p2a: Sableye|Will-O-Wisp|p1a: Xatu","|move|p1a: Xatu|Will-O-Wisp|p2a: Sableye|[from]Magic Bounce","|-status|p2a: Sableye|brn","|","|-damage|p2a: Sableye|266/304 brn|[from] brn","|turn|2","|","|move|p1a: Xatu|Reflect|p1a: Xatu","|-sidestart|p1: V SLootBoot|Reflect","|move|p2a: Sableye|Dark Pulse|p1a: Xatu","|-supereffective|p1a: Xatu","|-damage|p1a: Xatu|111/333","|","|-damage|p2a: Sableye|228/304 brn|[from] brn","|turn|3","|","|switch|p1a: Mandibuzz|Mandibuzz, F|423/423","|move|p2a: Sableye|Dark Pulse|p1a: Mandibuzz","|-resisted|p1a: Mandibuzz","|-damage|p1a: Mandibuzz|383/423","|","|-heal|p1a: Mandibuzz|409/423|[from] item: Leftovers","|-damage|p2a: Sableye|190/304 brn|[from] brn","|turn|4","|","|switch|p1a: Xatu|Xatu, M|111/333","|switch|p2a: Tyranitar|Tyranitar, M|402/402","|-weather|Sandstorm","|","|-weather|Sandstorm|[upkeep]","|-damage|p1a: Xatu|91/333|[from] sandstorm","|turn|5","|","|switch|p1a: Skarmory|Skarmory, F|334/334","|move|p2a: Tyranitar|Stone Edge|p1a: Skarmory","|-damage|p1a: Skarmory|292/334","|","|-weather|Sandstorm|[upkeep]","|turn|6","|","|switch|p2a: Sableye|Sableye-Mega, M|190/304 brn","|move|p1a: Skarmory|Stealth Rock|p2a: Sableye","|move|p2a: Sableye|Stealth Rock|p1a: Skarmory|[from]Magic Bounce","|-sidestart|p1: V SLootBoot|move: Stealth Rock","|","|-weather|Sandstorm|[upkeep]","|-damage|p2a: Sableye|171/304 brn|[from] sandstorm","|-damage|p2a: Sableye|133/304 brn|[from] brn","|turn|7","|","|move|p1a: Skarmory|Brave Bird|p2a: Sableye","|-damage|p2a: Sableye|63/304 brn","|-damage|p1a: Skarmory|269/334|[from] recoil|[of] p2a: Sableye","|move|p2a: Sableye|Recover|p2a: Sableye","|-heal|p2a: Sableye|215/304 brn","|","|-weather|Sandstorm|[upkeep]","|-damage|p2a: Sableye|196/304 brn|[from] sandstorm","|-damage|p2a: Sableye|158/304 brn|[from] brn","|turn|8","|","|switch|p1a: Togekiss|Togekiss, M|373/373","|-damage|p1a: Togekiss|280/373|[from] Stealth Rock","|move|p2a: Sableye|Will-O-Wisp|p1a: Togekiss","|-status|p1a: Togekiss|brn","|","|-weather|none","|-heal|p1a: Togekiss|303/373 brn|[from] item: Leftovers","|-damage|p1a: Togekiss|257/373 brn|[from] brn","|-damage|p2a: Sableye|120/304 brn|[from] brn","|turn|9","|","|switch|p2a: Umbreon|Umbreon, F|394/394","|move|p1a: Togekiss|Nasty Plot|p1a: Togekiss","|-boost|p1a: Togekiss|spa|2","|","|-heal|p1a: Togekiss|280/373 brn|[from] item: Leftovers","|-damage|p1a: Togekiss|234/373 brn|[from] brn","|-sideend|p1: V SLootBoot|Reflect","|turn|10","|","|move|p1a: Togekiss|Thunder Wave|p2a: Umbreon","|-status|p2a: Umbreon|par","|move|p2a: Umbreon|Wish|p2a: Umbreon","|","|-heal|p1a: Togekiss|257/373 brn|[from] item: Leftovers","|-damage|p1a: Togekiss|211/373 brn|[from] brn","|turn|11","|","|move|p1a: Togekiss|Roost|p1a: Togekiss","|-heal|p1a: Togekiss|373/373 brn","|move|p2a: Umbreon|Dark Pulse|p1a: Togekiss","|-resisted|p1a: Togekiss","|-damage|p1a: Togekiss|351/373 brn","|","|-heal|p1a: Togekiss|373/373 brn|[from] item: Leftovers","|-damage|p1a: Togekiss|327/373 brn|[from] brn","|turn|12","|","|move|p1a: Togekiss|Nasty Plot|p1a: Togekiss","|-boost|p1a: Togekiss|spa|2","|cant|p2a: Umbreon|par","|","|-heal|p1a: Togekiss|350/373 brn|[from] item: Leftovers","|-damage|p1a: Togekiss|304/373 brn|[from] brn","|turn|13","|","|move|p1a: Togekiss|Air Slash|p2a: Umbreon","|-damage|p2a: Umbreon|222/394 par","|cant|p2a: Umbreon|flinch","|","|-heal|p1a: Togekiss|327/373 brn|[from] item: Leftovers","|-heal|p2a: Umbreon|246/394 par|[from] item: Leftovers","|-damage|p1a: Togekiss|281/373 brn|[from] brn","|turn|14","|","|move|p1a: Togekiss|Air Slash|p2a: Umbreon","|-damage|p2a: Umbreon|71/394 par","|move|p2a: Umbreon|Wish|p2a: Umbreon","|","|-heal|p1a: Togekiss|304/373 brn|[from] item: Leftovers","|-heal|p2a: Umbreon|95/394 par|[from] item: Leftovers","|-damage|p1a: Togekiss|258/373 brn|[from] brn","|turn|15","|","|switch|p2a: Tyranitar|Tyranitar, M|402/402","|-weather|Sandstorm","|move|p1a: Togekiss|Nasty Plot|p1a: Togekiss","|-boost|p1a: Togekiss|spa|2","|","|-weather|Sandstorm|[upkeep]","|-damage|p1a: Togekiss|235/373 brn|[from] sandstorm","|-heal|p1a: Togekiss|258/373 brn|[from] item: Leftovers","|-damage|p1a: Togekiss|212/373 brn|[from] brn","|turn|16","|","|move|p1a: Togekiss|Air Slash|p2a: Tyranitar","|-resisted|p2a: Tyranitar","|-damage|p2a: Tyranitar|297/402","|move|p2a: Tyranitar|Stone Edge|p1a: Togekiss","|-supereffective|p1a: Togekiss","|-damage|p1a: Togekiss|0 fnt","|faint|p1a: Togekiss","|","|-weather|Sandstorm|[upkeep]","|-heal|p2a: Tyranitar|322/402|[from] item: Leftovers","|","|switch|p1a: Mandibuzz|Mandibuzz, F|409/423","|-damage|p1a: Mandibuzz|304/423|[from] Stealth Rock","|turn|17","|","|move|p1a: Mandibuzz|Defog|p2a: Tyranitar","|-unboost|p2a: Tyranitar|evasion|1","|-sideend|p1: V SLootBoot|Stealth Rock|[from] move: Defog|[of] p1a: Mandibuzz","|move|p2a: Tyranitar|Stealth Rock|p1a: Mandibuzz","|-sidestart|p1: V SLootBoot|move: Stealth Rock","|","|-weather|Sandstorm|[upkeep]","|-heal|p1a: Mandibuzz|330/423|[from] item: Leftovers","|-heal|p2a: Tyranitar|347/402|[from] item: Leftovers","|turn|18","|","|move|p1a: Mandibuzz|Defog|p2a: Tyranitar","|-unboost|p2a: Tyranitar|evasion|1","|-sideend|p1: V SLootBoot|Stealth Rock|[from] move: Defog|[of] p1a: Mandibuzz","|move|p2a: Tyranitar|Stone Edge|p1a: Mandibuzz","|-crit|p1a: Mandibuzz","|-supereffective|p1a: Mandibuzz","|-damage|p1a: Mandibuzz|0 fnt","|faint|p1a: Mandibuzz","|","|-weather|Sandstorm|[upkeep]","|-heal|p2a: Tyranitar|372/402|[from] item: Leftovers","|","|switch|p1a: Skarmory|Skarmory, F|269/334","|turn|19","|","|switch|p1a: Xatu|Xatu, M|91/333","|switch|p2a: Sableye|Sableye-Mega, M|120/304 brn","|","|-weather|none","|-damage|p2a: Sableye|82/304 brn|[from] brn","|turn|20","|","|move|p1a: Xatu|Night Shade|p2a: Sableye","|-damage|p2a: Sableye|0 fnt","|faint|p2a: Sableye","|","|","|switch|p2a: Hydreigon|Hydreigon, F|325/325","|turn|21","|","|move|p2a: Hydreigon|Dark Pulse|p1a: Xatu","|-supereffective|p1a: Xatu","|-damage|p1a: Xatu|0 fnt","|-damage|p2a: Hydreigon|293/325|[from] item: Life Orb","|faint|p1a: Xatu","|","|","|switch|p1a: Gyarados|Gyarados, F|331/331","|-ability|p1a: Gyarados|Intimidate","|-unboost|p2a: Hydreigon|atk|1","|turn|22","|","|detailschange|p1a: Gyarados|Gyarados-Mega, F","|-mega|p1a: Gyarados|Gyarados|Gyaradosite","|-ability|p1a: Gyarados|Mold Breaker","|move|p2a: Hydreigon|Draco Meteor|p1a: Gyarados","|-damage|p1a: Gyarados|115/331","|-unboost|p2a: Hydreigon|spa|2","|-damage|p2a: Hydreigon|261/325|[from] item: Life Orb","|move|p1a: Gyarados|Ice Fang|p2a: Hydreigon","|-supereffective|p2a: Hydreigon","|-damage|p2a: Hydreigon|57/325","|","|turn|23","|","|switch|p2a: Tyranitar|Tyranitar, M|372/402","|-weather|Sandstorm","|switch|p1a: Skarmory|Skarmory, F|269/334","|","|-weather|Sandstorm|[upkeep]","|-heal|p2a: Tyranitar|397/402|[from] item: Leftovers","|turn|24","|","|switch|p2a: Hydreigon|Hydreigon, F|57/325","|move|p1a: Skarmory|Stealth Rock|p2a: Hydreigon","|-sidestart|p2: Sjado|move: Stealth Rock","|","|-weather|Sandstorm|[upkeep]","|-damage|p2a: Hydreigon|37/325|[from] sandstorm","|turn|25","|","|move|p2a: Hydreigon|Fire Blast|p1a: Skarmory","|-supereffective|p1a: Skarmory","|-damage|p1a: Skarmory|0 fnt","|-damage|p2a: Hydreigon|5/325|[from] item: Life Orb","|faint|p1a: Skarmory","|","|-weather|Sandstorm|[upkeep]","|-damage|p2a: Hydreigon|0 fnt|[from] sandstorm","|faint|p2a: Hydreigon","|","|switch|p1a: Gyarados|Gyarados-Mega, F|115/331","|switch|p2a: Mandibuzz|Mandibuzz, F|424/424","|-ability|p1a: Gyarados|Mold Breaker","|-damage|p2a: Mandibuzz|318/424|[from] Stealth Rock","|turn|26","|","|move|p1a: Gyarados|Ice Fang|p2a: Mandibuzz","|-supereffective|p2a: Mandibuzz","|-damage|p2a: Mandibuzz|180/424","|-damage|p1a: Gyarados|60/331|[from] item: Rocky Helmet|[of] p2a: Mandibuzz","|move|p2a: Mandibuzz|Toxic|p1a: Gyarados|[miss]","|-miss|p2a: Mandibuzz|p1a: Gyarados","|","|-weather|Sandstorm|[upkeep]","|-damage|p1a: Gyarados|40/331|[from] sandstorm","|turn|27","|","|move|p1a: Gyarados|Ice Fang|p2a: Mandibuzz","|-supereffective|p2a: Mandibuzz","|-damage|p2a: Mandibuzz|52/424","|-damage|p1a: Gyarados|0 fnt|[from] item: Rocky Helmet|[of] p2a: Mandibuzz","|faint|p1a: Gyarados","|move|p2a: Mandibuzz|Roost|p2a: Mandibuzz","|-heal|p2a: Mandibuzz|264/424","|","|-weather|none","|","|switch|p1a: Dragonite|Dragonite, F|323/323","|turn|28","|","|move|p1a: Dragonite|Dragon Dance|p1a: Dragonite","|-boost|p1a: Dragonite|atk|1","|-boost|p1a: Dragonite|spe|1","|move|p2a: Mandibuzz|Toxic|p1a: Dragonite","|-status|p1a: Dragonite|tox","|","|-damage|p1a: Dragonite|303/323 tox|[from] psn","|turn|29","|","|move|p1a: Dragonite|Dragon Dance|p1a: Dragonite","|-boost|p1a: Dragonite|atk|1","|-boost|p1a: Dragonite|spe|1","|move|p2a: Mandibuzz|Foul Play|p1a: Dragonite","|-crit|p1a: Dragonite","|-damage|p1a: Dragonite|0 fnt","|faint|p1a: Dragonite","|","|win|Sjado"],"p1rating":{"entryid":"97501","serverid":"eos","formatid":"monotype","userid":"vslootboot","username":"V SLootBoot","w":"1","l":5,"t":"0","gxe":36.6,"r":"1500","rd":"130","sigma":"0","rptime":"1439888400","rpr":1392.8213712732,"rprd":99.522743087203,"rpsigma":"0","acre":1000,"lacre":1000,"oldacre":"1000"},"p2rating":{"entryid":"97728","serverid":"eos","formatid":"monotype","userid":"sjado","username":"Sjado","w":3,"l":"1","t":"0","gxe":58,"r":"1500","rd":"130","sigma":"0","rptime":"1439888400","rpr":1563.8514054993,"rprd":106.89392822416,"rpsigma":"0","acre":1091.6612859792,"lacre":1091.6612859792,"oldacre":"1067.5232166719"},"endType":"normal"}