{"seed":[46713,48439,9655,16409],"turns":22,"p1":"Shining Yin","p2":"Alliance-Succubus","p1team":[{"name":"Infernape","species":"Infernape","item":"focussash","ability":"Iron Fist","moves":["overheat","closecombat","stealthrock","taunt"],"nature":"Naive","evs":{"hp":0,"atk":168,"def":0,"spa":88,"spd":0,"spe":252},"ivs":{"hp":31,"atk":31,"def":31,"spa":31,"spd":31,"spe":31}},{"name":"Charizard","species":"Charizard","item":"charizarditey","ability":"Blaze","moves":["fireblast","defog","solarbeam","roost"],"nature":"Timid","evs":{"hp":0,"atk":0,"def":0,"spa":252,"spd":4,"spe":252},"ivs":{"hp":31,"atk":31,"def":31,"spa":31,"spd":31,"spe":31}},{"name":"Darmanitan","species":"Darmanitan","item":"choicescarf","ability":"Sheer Force","moves":["flareblitz","superpower","uturn","rockslide"],"nature":"Jolly","evs":{"hp":0,"atk":252,"def":0,"spa":0,"spd":4,"spe":252},"ivs":{"hp":31,"atk":31,"def":31,"spa":31,"spd":31,"spe":31}},{"name":"Fletchinder","species":"Fletchinder","item":"","ability":"Gale Wings","moves":["acrobatics","swordsdance","willowisp","tailwind"],"nature":"Adamant","evs":{"hp":0,"atk":252,"def":4,"spa":0,"spd":0,"spe":252},"shiny":true,"ivs":{"hp":31,"atk":31,"def":31,"spa":31,"spd":31,"spe":31}},{"name":"Rotom-Heat","species":"Rotom-Heat","item":"choicespecs","ability":"Levitate","moves":["discharge","voltswitch","overheat","trick"],"nature":"Modest","evs":{"hp":0,"atk":0,"def":0,"spa":252,"spd":4,"spe":252},"ivs":{"hp":31,"atk":31,"def":31,"spa":31,"spd":31,"spe":31}},{"name":"Victini","species":"Victini","item":"choicescarf","ability":"Victory Star","moves":["vcreate","boltstrike","uturn","zenheadbutt"],"nature":"Jolly","evs":{"hp":0,"atk":252,"def":0,"spa":0,"spd":4,"spe":252},"ivs":{"hp":31,"atk":31,"def":31,"spa":31,"spd":31,"spe":31}}],"p2team":[{"name":"Wii-Unbound","species":"hoopaunbound","item":"choicescarf","ability":"Magician","moves":["psyshock","darkpulse","energyball","thunderbolt"],"nature":"Timid","evs":{"hp":0,"atk":0,"def":0,"spa":252,"spd":4,"spe":252},"ivs":{"hp":31,"atk":31,"def":31,"spa":31,"spd":31,"spe":31}},{"name":"Cacturne Mk. 3","species":"absol","item":"focussash","ability":"Super Luck","moves":["swordsdance","suckerpunch","playrough","batonpass"],"nature":"Adamant","evs":{"hp":0,"atk":252,"def":0,"spa":0,"spd":4,"spe":252},"gender":"F","ivs":{"hp":31,"atk":31,"def":31,"spa":31,"spd":31,"spe":31}},{"name":"Hoodlum","species":"scrafty","item":"leftovers","ability":"Shed Skin","moves":["bulkup","rest","knockoff","drainpunch"],"nature":"Adamant","evs":{"hp":252,"atk":252,"def":0,"spa":0,"spd":4,"spe":0},"gender":"M","ivs":{"hp":31,"atk":31,"def":31,"spa":31,"spd":31,"spe":31}},{"name":"Dino Dance","species":"tyranitar","item":"leftovers","ability":"Sand Stream","moves":["dragondance","icepunch","rockslide","crunch"],"nature":"Adamant","evs":{"hp":0,"atk":252,"def":0,"spa":0,"spd":4,"spe":252},"gender":"M","ivs":{"hp":31,"atk":31,"def":31,"spa":31,"spd":31,"spe":31}},{"name":"Sableye","species":"Sableye","item":"sablenite","ability":"Prankster","moves":["willowisp","recover","calmmind","darkpulse"],"nature":"Calm","evs":{"hp":248,"atk":0,"def":0,"spa":8,"spd":252,"spe":0},"gender":"F","ivs":{"hp":31,"atk":31,"def":31,"spa":31,"spd":31,"spe":31}},{"name":"Krooky Monster","species":"krookodile","item":"leftovers","ability":"Intimidate","moves":["stealthrock","knockoff","firefang","earthquake"],"nature":"Adamant","evs":{"hp":252,"atk":252,"def":0,"spa":0,"spd":4,"spe":0},"gender":"M","ivs":{"hp":31,"atk":31,"def":31,"spa":31,"spd":31,"spe":31}}],"log":["|player|p1|Shining Yin|277","|player|p2|Alliance-Succubus|96","|gametype|singles","|gen|6","|tier|Monotype","|rated","|rule|Baton Pass Clause: Limit one Baton Passer, can't pass Spe and other stats simultaneously","|rule|Swagger Clause: Swagger is banned","|rule|Same Type Clause: Pokémon in a team must share a type","|clearpoke","|poke|p1|Infernape, M","|poke|p1|Charizard, F","|poke|p1|Darmanitan, M","|poke|p1|Fletchinder, F, shiny","|poke|p1|Rotom-Heat","|poke|p1|Victini","|poke|p2|Hoopa-Unbound","|poke|p2|Absol, F","|poke|p2|Scrafty, M","|poke|p2|Tyranitar, M","|poke|p2|Sableye, F","|poke|p2|Krookodile, M","|rule|Sleep Clause Mod: Limit one foe put to sleep","|rule|Species Clause: Limit one of each Pokémon","|rule|OHKO Clause: OHKO moves are banned","|rule|Moody Clause: Moody is banned","|rule|Evasion Moves Clause: Evasion moves are banned","|rule|Endless Battle Clause: Forcing endless battles is banned","|rule|HP Percentage Mod: HP is shown in percentages","|teampreview","|","|start","|switch|p1a: Infernape|Infernape, M|293/293","|switch|p2a: Dino Dance|Tyranitar, M|341/341","|-weather|Sandstorm","|turn|1","|","|switch|p2a: Sableye|Sableye, F|303/303","|move|p1a: Infernape|Taunt|p2a: Sableye","|-start|p2a: Sableye|move: Taunt","|","|-weather|Sandstorm|[upkeep]","|-damage|p1a: Infernape|275/293|[from] sandstorm","|-damage|p2a: Sableye|285/303|[from] sandstorm","|turn|2","|","|switch|p1a: Charizard|Charizard, F|297/297","|detailschange|p2a: Sableye|Sableye-Mega, F","|-mega|p2a: Sableye|Sableye|Sablenite","|move|p2a: Sableye|Dark Pulse|p1a: Charizard","|-damage|p1a: Charizard|198/297","|","|-weather|Sandstorm|[upkeep]","|-damage|p1a: Charizard|180/297|[from] sandstorm","|-damage|p2a: Sableye|267/303|[from] sandstorm","|turn|3","|","|switch|p1a: Darmanitan|Darmanitan, M|351/351","|switch|p2a: Wii-Unbound|Hoopa-Unbound|301/301","|","|-weather|Sandstorm|[upkeep]","|-damage|p1a: Darmanitan|330/351|[from] sandstorm","|-damage|p2a: Wii-Unbound|283/301|[from] sandstorm","|turn|4","|","|move|p1a: Darmanitan|U-turn|p2a: Wii-Unbound","|-supereffective|p2a: Wii-Unbound","|-damage|p2a: Wii-Unbound|0 fnt","|faint|p2a: Wii-Unbound","|","|switch|p1a: Infernape|Infernape, M|275/293","|","|-weather|Sandstorm|[upkeep]","|-damage|p1a: Infernape|257/293|[from] sandstorm","|","|switch|p2a: Krooky Monster|Krookodile, M|394/394","|-ability|p2a: Krooky Monster|Intimidate","|-unboost|p1a: Infernape|atk|1","|turn|5","|","|switch|p2a: Sableye|Sableye-Mega, F|267/303","|move|p1a: Infernape|Taunt|p2a: Sableye","|move|p2a: Sableye|Taunt|p1a: Infernape|[from]Magic Bounce","|-start|p1a: Infernape|move: Taunt","|","|-weather|none","|turn|6","|","|switch|p1a: Charizard|Charizard, F|180/297","|move|p2a: Sableye|Calm Mind|p2a: Sableye","|-boost|p2a: Sableye|spa|1","|-boost|p2a: Sableye|spd|1","|","|turn|7","|","|detailschange|p1a: Charizard|Charizard-Mega-Y, F","|-mega|p1a: Charizard|Charizard|Charizardite Y","|-weather|SunnyDay","|move|p1a: Charizard|Fire Blast|p2a: Sableye","|-damage|p2a: Sableye|117/303","|move|p2a: Sableye|Dark Pulse|p1a: Charizard","|-damage|p1a: Charizard|66/297","|","|-weather|SunnyDay|[upkeep]","|turn|8","|","|move|p1a: Charizard|Roost|p1a: Charizard","|-heal|p1a: Charizard|215/297","|move|p2a: Sableye|Recover|p2a: Sableye","|-heal|p2a: Sableye|269/303","|","|-weather|SunnyDay|[upkeep]","|turn|9","|","|switch|p1a: Darmanitan|Darmanitan, M|330/351","|move|p2a: Sableye|Dark Pulse|p1a: Darmanitan","|-damage|p1a: Darmanitan|143/351","|","|-weather|SunnyDay|[upkeep]","|turn|10","|","|move|p1a: Darmanitan|U-turn|p2a: Sableye","|-damage|p2a: Sableye|202/303","|","|switch|p1a: Rotom-Heat|Rotom-Heat|241/241","|move|p2a: Sableye|Dark Pulse|p1a: Rotom-Heat","|-damage|p1a: Rotom-Heat|115/241","|","|-weather|SunnyDay|[upkeep]","|turn|11","|","|move|p1a: Rotom-Heat|Overheat|p2a: Sableye","|-damage|p2a: Sableye|0 fnt","|-unboost|p1a: Rotom-Heat|spa|2","|faint|p2a: Sableye","|","|-weather|none","|","|switch|p2a: Dino Dance|Tyranitar, M|341/341","|-weather|Sandstorm","|turn|12","|","|switch|p1a: Darmanitan|Darmanitan, M|143/351","|move|p2a: Dino Dance|Rock Slide|p1a: Darmanitan","|-supereffective|p1a: Darmanitan","|-damage|p1a: Darmanitan|0 fnt","|faint|p1a: Darmanitan","|","|-weather|Sandstorm|[upkeep]","|","|switch|p1a: Infernape|Infernape, M|257/293","|turn|13","|","|switch|p2a: Hoodlum|Scrafty, M|334/334","|move|p1a: Infernape|Close Combat|p2a: Hoodlum","|-supereffective|p2a: Hoodlum","|-damage|p2a: Hoodlum|10/334","|-unboost|p1a: Infernape|def|1","|-unboost|p1a: Infernape|spd|1","|","|-weather|Sandstorm|[upkeep]","|-damage|p1a: Infernape|239/293|[from] sandstorm","|-damage|p2a: Hoodlum|0 fnt|[from] sandstorm","|faint|p2a: Hoodlum","|","|switch|p2a: Krooky Monster|Krookodile, M|394/394","|-ability|p2a: Krooky Monster|Intimidate","|-unboost|p1a: Infernape|atk|1","|turn|14","|","|switch|p1a: Fletchinder|Fletchinder, F, shiny|265/265","|move|p2a: Krooky Monster|Earthquake|p1a: Fletchinder","|-immune|p1a: Fletchinder|[msg]","|","|-weather|Sandstorm|[upkeep]","|-damage|p1a: Fletchinder|249/265|[from] sandstorm","|turn|15","|","|move|p1a: Fletchinder|Will-O-Wisp|p2a: Krooky Monster","|-status|p2a: Krooky Monster|brn","|move|p2a: Krooky Monster|Knock Off|p1a: Fletchinder","|-damage|p1a: Fletchinder|152/265","|","|-weather|Sandstorm|[upkeep]","|-damage|p1a: Fletchinder|136/265|[from] sandstorm","|-damage|p2a: Krooky Monster|345/394 brn|[from] brn","|turn|16","|","|move|p1a: Fletchinder|Swords Dance|p1a: Fletchinder","|-boost|p1a: Fletchinder|atk|2","|move|p2a: Krooky Monster|Stealth Rock|p1a: Fletchinder","|-sidestart|p1: Shining Yin|move: Stealth Rock","|","|-weather|none","|-heal|p2a: Krooky Monster|369/394 brn|[from] item: Leftovers","|-damage|p2a: Krooky Monster|320/394 brn|[from] brn","|turn|17","|","|move|p1a: Fletchinder|Acrobatics|p2a: Krooky Monster","|-damage|p2a: Krooky Monster|0 fnt","|faint|p2a: Krooky Monster","|","|","|switch|p2a: Cacturne Mk. 3|Absol, F|271/271","|turn|18","|","|move|p1a: Fletchinder|Tailwind|p1a: Fletchinder","|-sidestart|p1: Shining Yin|move: Tailwind","|move|p2a: Cacturne Mk. 3|Swords Dance|p2a: Cacturne Mk. 3","|-boost|p2a: Cacturne Mk. 3|atk|2","|","|turn|19","|","|move|p1a: Fletchinder|Acrobatics|p2a: Cacturne Mk. 3","|-crit|p2a: Cacturne Mk. 3","|-enditem|p2a: Cacturne Mk. 3|Focus Sash","|-damage|p2a: Cacturne Mk. 3|1/271","|move|p2a: Cacturne Mk. 3|Swords Dance|p2a: Cacturne Mk. 3","|-boost|p2a: Cacturne Mk. 3|atk|2","|","|turn|20","|","|move|p1a: Fletchinder|Acrobatics|p2a: Cacturne Mk. 3","|-damage|p2a: Cacturne Mk. 3|0 fnt","|faint|p2a: Cacturne Mk. 3","|","|","|switch|p2a: Dino Dance|Tyranitar, M|341/341","|-weather|Sandstorm","|turn|21","|","|move|p1a: Fletchinder|Acrobatics|p2a: Dino Dance","|-resisted|p2a: Dino Dance","|-damage|p2a: Dino Dance|200/341","|move|p2a: Dino Dance|Rock Slide|p1a: Fletchinder","|-supereffective|p1a: Fletchinder","|-damage|p1a: Fletchinder|0 fnt","|faint|p1a: Fletchinder","|","|-weather|Sandstorm|[upkeep]","|-heal|p2a: Dino Dance|221/341|[from] item: Leftovers","|-sideend|p1: Shining Yin|move: Tailwind","|","|switch|p1a: Infernape|Infernape, M|239/293","|-damage|p1a: Infernape|203/293|[from] Stealth Rock","|turn|22","|","|move|p1a: Infernape|Close Combat|p2a: Dino Dance","|-supereffective|p2a: Dino Dance","|-damage|p2a: Dino Dance|0 fnt","|-unboost|p1a: Infernape|def|1","|-unboost|p1a: Infernape|spd|1","|faint|p2a: Dino Dance","|","|win|Shining Yin"],"p1rating":{"entryid":71235,"formatid":"monotype","userid":"shiningyin","username":"Shining Yin","r":1500,"rd":130,"sigma":0,"rpr":1540.1606143388,"rprd":122.8583080769,"rpsigma":0,"rptime":1439888400,"w":1,"l":0,"t":0,"gxe":55,"acre":1048.5884320574,"lacre":1048.5884320574,"oldacre":1000},"p2rating":{"entryid":"50240","serverid":"eos","formatid":"monotype","userid":"alliancesuccubus","username":"Alliance-Succubus","w":"3","l":3,"t":"0","gxe":49.6,"r":"1500","rd":"130","sigma":"0","rptime":"1439888400","rpr":1496.9648248115,"rprd":99.172559068326,"rpsigma":"0","acre":1049.8230726228,"lacre":1049.8230726228,"oldacre":"1075.777307776"},"endType":"normal"}