{"seed":[50477,15193,25267,7007],"turns":25,"p1":"Jake1079","p2":"V ProdigyMatt","p1team":[{"name":"Staraptor","species":"Staraptor","item":"choicescarf","ability":"Reckless","moves":["bravebird","closecombat","doubleedge","uturn"],"nature":"Adamant","evs":{"hp":0,"atk":252,"def":0,"spa":0,"spd":4,"spe":252},"ivs":{"hp":31,"atk":31,"def":31,"spa":31,"spd":31,"spe":31}},{"name":"Porygon2","species":"Porygon2","item":"eviolite","ability":"Download","moves":["icebeam","thunderbolt","recover","toxic"],"nature":"Calm","evs":{"hp":248,"atk":0,"def":0,"spa":8,"spd":252,"spe":0},"ivs":{"hp":31,"atk":31,"def":31,"spa":31,"spd":31,"spe":31}},{"name":"Cinccino","species":"Cinccino","item":"lifeorb","ability":"Skill Link","moves":["bulletseed","rockblast","tailslap","uturn"],"nature":"Adamant","evs":{"hp":0,"atk":252,"def":0,"spa":0,"spd":4,"spe":252},"ivs":{"hp":31,"atk":31,"def":31,"spa":31,"spd":31,"spe":31}},{"name":"Braviary","species":"Braviary","item":"leftovers","ability":"Sheer Force","moves":["superpower","defog","bravebird","roost"],"nature":"Careful","evs":{"hp":252,"atk":252,"def":0,"spa":0,"spd":4,"spe":0},"ivs":{"hp":31,"atk":31,"def":31,"spa":31,"spd":31,"spe":31}},{"name":"Chansey","species":"Chansey","item":"eviolite","ability":"Natural Cure","moves":["seismictoss","stealthrock","thunderwave","softboiled"],"nature":"Bold","evs":{"hp":248,"atk":0,"def":252,"spa":0,"spd":8,"spe":0},"ivs":{"hp":31,"atk":31,"def":31,"spa":31,"spd":31,"spe":31}},{"name":"Pidgeot","species":"Pidgeot","item":"pidgeotite","ability":"Big Pecks","moves":["heatwave","hurricane","whirlwind","protect"],"nature":"Modest","evs":{"hp":0,"atk":0,"def":0,"spa":252,"spd":4,"spe":252},"ivs":{"hp":31,"atk":30,"def":30,"spa":31,"spd":31,"spe":31}}],"p2team":[{"name":"Sableye","species":"Sableye","item":"leftovers","ability":"Prankster","moves":["willowisp","recover","taunt","knockoff"],"nature":"Careful","evs":{"hp":248,"atk":0,"def":8,"spa":0,"spd":252,"spe":0},"ivs":{"hp":31,"atk":31,"def":31,"spa":31,"spd":31,"spe":31}},{"name":"Mandibuzz","species":"Mandibuzz","item":"rockyhelmet","ability":"Overcoat","moves":["roost","defog","foulplay","uturn"],"nature":"Impish","evs":{"hp":248,"atk":0,"def":252,"spa":0,"spd":8,"spe":0},"ivs":{"hp":31,"atk":31,"def":31,"spa":31,"spd":31,"spe":31}},{"name":"Hoopa-Unbound","species":"Hoopa-Unbound","item":"choicescarf","ability":"Magician","moves":["gunkshot","grassknot","psychic","hyperspacefury"],"nature":"Hasty","evs":{"hp":0,"atk":128,"def":0,"spa":128,"spd":0,"spe":252},"ivs":{"hp":31,"atk":31,"def":31,"spa":31,"spd":31,"spe":31}},{"name":"Hydreigon","species":"Hydreigon","item":"choicescarf","ability":"Levitate","moves":["dracometeor","darkpulse","fireblast","superpower"],"nature":"Timid","evs":{"hp":0,"atk":0,"def":0,"spa":252,"spd":4,"spe":252},"ivs":{"hp":31,"atk":0,"def":31,"spa":31,"spd":31,"spe":31}},{"name":"Weavile","species":"Weavile","item":"lifeorb","ability":"Pressure","moves":["lowkick","iceshard","knockoff","iciclecrash"],"nature":"Jolly","evs":{"hp":0,"atk":252,"def":0,"spa":0,"spd":4,"spe":252},"ivs":{"hp":31,"atk":31,"def":31,"spa":31,"spd":31,"spe":31}},{"name":"Krookodile","species":"Krookodile","item":"leftovers","ability":"Intimidate","moves":["stealthrock","stoneedge","earthquake","roar"],"nature":"Impish","evs":{"hp":248,"atk":8,"def":252,"spa":0,"spd":0,"spe":0},"ivs":{"hp":31,"atk":31,"def":31,"spa":31,"spd":31,"spe":31}}],"log":["|player|p1|Jake1079|281","|player|p2|V ProdigyMatt|40","|gametype|singles","|gen|6","|tier|Monotype","|rated","|rule|Baton Pass Clause: Limit one Baton Passer, can't pass Spe and other stats simultaneously","|rule|Swagger Clause: Swagger is banned","|rule|Same Type Clause: Pokémon in a team must share a type","|clearpoke","|poke|p1|Staraptor, F","|poke|p1|Porygon2","|poke|p1|Cinccino, F","|poke|p1|Braviary, M","|poke|p1|Chansey, F","|poke|p1|Pidgeot, M","|poke|p2|Sableye, F","|poke|p2|Mandibuzz, F","|poke|p2|Hoopa-Unbound","|poke|p2|Hydreigon, F","|poke|p2|Weavile, F","|poke|p2|Krookodile, M","|rule|Sleep Clause Mod: Limit one foe put to sleep","|rule|Species Clause: Limit one of each Pokémon","|rule|OHKO Clause: OHKO moves are banned","|rule|Moody Clause: Moody is banned","|rule|Evasion Moves Clause: Evasion moves are banned","|rule|Endless Battle Clause: Forcing endless battles is banned","|rule|HP Percentage Mod: HP is shown in percentages","|teampreview","|","|start","|switch|p1a: Staraptor|Staraptor, F|311/311","|switch|p2a: Sableye|Sableye, F|303/303","|turn|1","|","|switch|p1a: Porygon2|Porygon2|373/373","|-boost|p1a: Porygon2|atk|1|[from] ability: Download","|move|p2a: Sableye|Knock Off|p1a: Porygon2","|-damage|p1a: Porygon2|309/373","|-enditem|p1a: Porygon2|Eviolite|[from] move: Knock Off|[of] p2a: Sableye","|","|turn|2","|","|switch|p2a: Krookodile|Krookodile, M|393/393","|-ability|p2a: Krookodile|Intimidate","|-unboost|p1a: Porygon2|atk|1","|move|p1a: Porygon2|Toxic|p2a: Krookodile","|-status|p2a: Krookodile|tox","|","|-damage|p2a: Krookodile|369/393 tox|[from] psn","|turn|3","|","|move|p2a: Krookodile|Stealth Rock|p1a: Porygon2","|-sidestart|p1: Jake1079|move: Stealth Rock","|move|p1a: Porygon2|Ice Beam|p2a: Krookodile","|-supereffective|p2a: Krookodile","|-damage|p2a: Krookodile|183/393 tox","|","|-heal|p2a: Krookodile|207/393 tox|[from] item: Leftovers","|-damage|p2a: Krookodile|159/393 tox|[from] psn","|turn|4","|","|move|p1a: Porygon2|Ice Beam|p2a: Krookodile","|-supereffective|p2a: Krookodile","|-damage|p2a: Krookodile|0 fnt","|faint|p2a: Krookodile","|","|","|switch|p2a: Hydreigon|Hydreigon, F|325/325","|turn|5","|","|switch|p2a: Weavile|Weavile, F|281/281","|-ability|p2a: Weavile|Pressure","|move|p1a: Porygon2|Ice Beam|p2a: Weavile","|-resisted|p2a: Weavile","|-damage|p2a: Weavile|242/281","|","|turn|6","|","|move|p2a: Weavile|Icicle Crash|p1a: Porygon2","|-damage|p1a: Porygon2|106/373","|-damage|p2a: Weavile|214/281|[from] item: Life Orb","|cant|p1a: Porygon2|flinch","|","|turn|7","|","|move|p2a: Weavile|Icicle Crash|p1a: Porygon2","|-damage|p1a: Porygon2|0 fnt","|-damage|p2a: Weavile|186/281|[from] item: Life Orb","|faint|p1a: Porygon2","|","|","|switch|p1a: Chansey|Chansey, F|703/703","|-damage|p1a: Chansey|616/703|[from] Stealth Rock","|turn|8","|","|move|p2a: Weavile|Knock Off|p1a: Chansey","|-damage|p1a: Chansey|353/703","|-enditem|p1a: Chansey|Eviolite|[from] move: Knock Off|[of] p2a: Weavile","|-damage|p2a: Weavile|158/281|[from] item: Life Orb","|move|p1a: Chansey|Thunder Wave|p2a: Weavile","|-status|p2a: Weavile|par","|","|turn|9","|","|move|p1a: Chansey|Soft-Boiled|p1a: Chansey","|-heal|p1a: Chansey|703/703","|cant|p2a: Weavile|par","|","|turn|10","|","|move|p1a: Chansey|Stealth Rock|p2a: Weavile","|-sidestart|p2: V ProdigyMatt|move: Stealth Rock","|move|p2a: Weavile|Icicle Crash|p1a: Chansey","|-damage|p1a: Chansey|364/703","|-damage|p2a: Weavile|130/281 par|[from] item: Life Orb","|","|turn|11","|","|move|p1a: Chansey|Seismic Toss|p2a: Weavile","|-damage|p2a: Weavile|30/281 par","|move|p2a: Weavile|Icicle Crash|p1a: Chansey","|-damage|p1a: Chansey|0 fnt","|-damage|p2a: Weavile|2/281 par|[from] item: Life Orb","|faint|p1a: Chansey","|","|","|switch|p1a: Cinccino|Cinccino, F|291/291","|-damage|p1a: Cinccino|255/291|[from] Stealth Rock","|turn|12","|","|switch|p2a: Mandibuzz|Mandibuzz, F|423/423","|-damage|p2a: Mandibuzz|318/423|[from] Stealth Rock","|move|p1a: Cinccino|Bullet Seed|p2a: Mandibuzz","|-resisted|p2a: Mandibuzz","|-damage|p2a: Mandibuzz|306/423","|-resisted|p2a: Mandibuzz","|-damage|p2a: Mandibuzz|293/423","|-crit|p2a: Mandibuzz","|-resisted|p2a: Mandibuzz","|-damage|p2a: Mandibuzz|275/423","|-resisted|p2a: Mandibuzz","|-damage|p2a: Mandibuzz|263/423","|-resisted|p2a: Mandibuzz","|-damage|p2a: Mandibuzz|250/423","|-hitcount|p2a: Mandibuzz|5","|-damage|p1a: Cinccino|226/291|[from] item: Life Orb","|","|turn|13","|","|move|p1a: Cinccino|Rock Blast|p2a: Mandibuzz|[miss]","|-miss|p1a: Cinccino|p2a: Mandibuzz","|move|p2a: Mandibuzz|Roost|p2a: Mandibuzz","|-heal|p2a: Mandibuzz|423/423","|","|turn|14","|","|move|p1a: Cinccino|Rock Blast|p2a: Mandibuzz","|-supereffective|p2a: Mandibuzz","|-damage|p2a: Mandibuzz|371/423","|-supereffective|p2a: Mandibuzz","|-damage|p2a: Mandibuzz|322/423","|-supereffective|p2a: Mandibuzz","|-damage|p2a: Mandibuzz|275/423","|-supereffective|p2a: Mandibuzz","|-damage|p2a: Mandibuzz|228/423","|-crit|p2a: Mandibuzz","|-supereffective|p2a: Mandibuzz","|-damage|p2a: Mandibuzz|150/423","|-hitcount|p2a: Mandibuzz|5","|-damage|p1a: Cinccino|197/291|[from] item: Life Orb","|move|p2a: Mandibuzz|Foul Play|p1a: Cinccino","|-damage|p1a: Cinccino|0 fnt","|faint|p1a: Cinccino","|","|","|switch|p1a: Braviary|Braviary, M|404/404","|-damage|p1a: Braviary|303/404|[from] Stealth Rock","|turn|15","|","|move|p2a: Mandibuzz|Foul Play|p1a: Braviary","|-damage|p1a: Braviary|87/404","|move|p1a: Braviary|Defog|p2a: Mandibuzz","|-unboost|p2a: Mandibuzz|evasion|1","|-sideend|p2: V ProdigyMatt|Stealth Rock|[from] move: Defog|[of] p2a: Mandibuzz","|-sideend|p1: Jake1079|Stealth Rock|[from] move: Defog|[of] p1a: Braviary","|","|-heal|p1a: Braviary|112/404|[from] item: Leftovers","|turn|16","|","|move|p2a: Mandibuzz|Foul Play|p1a: Braviary","|-damage|p1a: Braviary|0 fnt","|faint|p1a: Braviary","|","|","|switch|p1a: Staraptor|Staraptor, F|311/311","|turn|17","|","|move|p1a: Staraptor|Double-Edge|p2a: Mandibuzz","|-damage|p2a: Mandibuzz|0 fnt","|-damage|p1a: Staraptor|260/311|[from] item: Rocky Helmet|[of] p2a: Mandibuzz","|-damage|p1a: Staraptor|210/311|[from] recoil|[of] p2a: Mandibuzz","|faint|p2a: Mandibuzz","|","|","|switch|p2a: Sableye|Sableye, F|303/303","|turn|18","|","|move|p2a: Sableye|Will-O-Wisp|p1a: Staraptor","|-status|p1a: Staraptor|brn","|move|p1a: Staraptor|Double-Edge|p2a: Sableye","|-immune|p2a: Sableye|[msg]","|","|-damage|p1a: Staraptor|172/311 brn|[from] brn","|turn|19","|","|switch|p1a: Pidgeot|Pidgeot, M|307/307","|move|p2a: Sableye|Knock Off|p1a: Pidgeot","|-crit|p1a: Pidgeot","|-damage|p1a: Pidgeot|184/307","|","|turn|20","|","|detailschange|p1a: Pidgeot|Pidgeot-Mega, M","|-mega|p1a: Pidgeot|Pidgeot|Pidgeotite","|move|p1a: Pidgeot|Protect|p1a: Pidgeot","|-singleturn|p1a: Pidgeot|Protect","|move|p2a: Sableye|Will-O-Wisp|p1a: Pidgeot","|-activate|p1a: Pidgeot|Protect","|","|turn|21","|","|move|p2a: Sableye|Will-O-Wisp|p1a: Pidgeot","|-status|p1a: Pidgeot|brn","|move|p1a: Pidgeot|Hurricane|p2a: Sableye","|-damage|p2a: Sableye|77/303","|-start|p2a: Sableye|confusion","|","|-heal|p2a: Sableye|95/303|[from] item: Leftovers","|-damage|p1a: Pidgeot|146/307 brn|[from] brn","|turn|22","|","|switch|p2a: Hoopa-Unbound|Hoopa-Unbound|301/301","|move|p1a: Pidgeot|Hurricane|p2a: Hoopa-Unbound","|-damage|p2a: Hoopa-Unbound|133/301","|","|-damage|p1a: Pidgeot|108/307 brn|[from] brn","|turn|23","|","|move|p2a: Hoopa-Unbound|Psychic|p1a: Pidgeot","|-damage|p1a: Pidgeot|0 fnt","|faint|p1a: Pidgeot","|","|","|switch|p1a: Staraptor|Staraptor, F|172/311 brn","|turn|24","|","|move|p1a: Staraptor|Brave Bird|p2a: Hoopa-Unbound","|-damage|p2a: Hoopa-Unbound|0 fnt","|-damage|p1a: Staraptor|128/311 brn|[from] recoil|[of] p2a: Hoopa-Unbound","|faint|p2a: Hoopa-Unbound","|","|-damage|p1a: Staraptor|90/311 brn|[from] brn","|","|switch|p2a: Weavile|Weavile, F|2/281 par","|-ability|p2a: Weavile|Pressure","|turn|25","|","|move|p2a: Weavile|Ice Shard|p1a: Staraptor","|-supereffective|p1a: Staraptor","|-damage|p1a: Staraptor|0 fnt","|-damage|p2a: Weavile|0 fnt|[from] item: Life Orb","|faint|p1a: Staraptor","|faint|p2a: Weavile","|","|win|V ProdigyMatt"],"p1rating":{"entryid":56288,"formatid":"monotype","userid":"jake1079","username":"Jake1079","r":1500,"rd":130,"sigma":0,"rpr":1459.8393856612,"rprd":122.8583080769,"rpsigma":0,"rptime":1439888400,"w":0,"l":1,"t":0,"gxe":45,"acre":1000,"lacre":1000,"oldacre":1000},"p2rating":{"entryid":"54564","serverid":"eos","formatid":"monotype","userid":"vprodigymatt","username":"V ProdigyMatt","w":1,"l":"1","t":"0","gxe":50,"r":"1500","rd":"130","sigma":"0","rptime":"1439888400","rpr":1500,"rprd":116.77753930647,"rpsigma":"0","acre":1040,"lacre":1040,"oldacre":"1000"},"endType":"normal"}