{"seed":[19576,31002,11820,54384],"turns":25,"p1":"Pixie_Games","p2":"GTX♅Bzumzum","p1team":[{"name":"Alomomola","species":"Alomomola","item":"rockyhelmet","ability":"Regenerator","moves":["wish","protect","toxic","mirrorcoat"],"nature":"Bold","evs":{"hp":252,"atk":0,"def":252,"spa":0,"spd":4,"spe":0},"ivs":{"hp":31,"atk":0,"def":31,"spa":31,"spd":31,"spe":31}},{"name":"Azumarill","species":"Azumarill","item":"leftovers","ability":"Sap Sipper","moves":["toxic","scald","perishsong","knockoff"],"nature":"Impish","evs":{"hp":252,"atk":0,"def":252,"spa":0,"spd":4,"spe":0},"ivs":{"hp":31,"atk":31,"def":31,"spa":31,"spd":31,"spe":31}},{"name":"Lanturn","species":"Lanturn","item":"leftovers","ability":"Volt Absorb","moves":["voltswitch","toxic","healbell","scald"],"nature":"Calm","evs":{"hp":252,"atk":0,"def":4,"spa":0,"spd":252,"spe":0},"ivs":{"hp":31,"atk":0,"def":31,"spa":31,"spd":31,"spe":31}},{"name":"Keldeo","species":"Keldeo","item":"choicespecs","ability":"Justified","moves":["scald","hydropump","secretsword","icywind"],"nature":"Timid","evs":{"hp":4,"atk":0,"def":0,"spa":252,"spd":0,"spe":252},"ivs":{"hp":31,"atk":0,"def":31,"spa":31,"spd":31,"spe":31}},{"name":"Quagsire","species":"Quagsire","item":"leftovers","ability":"Unaware","moves":["recover","toxic","earthquake","waterfall"],"nature":"Impish","evs":{"hp":252,"atk":4,"def":252,"spa":0,"spd":0,"spe":0},"ivs":{"hp":31,"atk":31,"def":31,"spa":31,"spd":31,"spe":31}},{"name":"Empoleon","species":"Empoleon","item":"leftovers","ability":"Torrent","moves":["roar","stealthrock","defog","flashcannon"],"nature":"Calm","evs":{"hp":252,"atk":0,"def":0,"spa":4,"spd":252,"spe":0},"ivs":{"hp":31,"atk":31,"def":31,"spa":31,"spd":31,"spe":31}}],"p2team":[{"name":"Elec","species":"manectric","item":"manectite","ability":"Lightning Rod","moves":["thunderbolt","hiddenpowerice","flamethrower","voltswitch"],"nature":"Timid","evs":{"hp":0,"atk":0,"def":0,"spa":252,"spd":4,"spe":252},"gender":"M","ivs":{"hp":31,"atk":30,"def":30,"spa":31,"spd":31,"spe":31}},{"name":"Breezer","species":"rotomfrost","item":"leftovers","ability":"Levitate","moves":["blizzard","painsplit","protect","willowisp"],"nature":"Bold","evs":{"hp":252,"atk":0,"def":28,"spa":228,"spd":0,"spe":0},"ivs":{"hp":31,"atk":31,"def":30,"spa":30,"spd":30,"spe":30},"shiny":true},{"name":"MY ZONE!!!","species":"magnezone","item":"choicespecs","ability":"Sturdy","moves":["hiddenpowerice","flashcannon","triattack","signalbeam"],"nature":"Timid","evs":{"hp":248,"atk":0,"def":0,"spa":252,"spd":0,"spe":8},"ivs":{"hp":31,"atk":30,"def":30,"spa":31,"spd":31,"spe":31},"shiny":true},{"name":"Thundurus","species":"Thundurus","item":"lifeorb","ability":"Prankster","moves":["grassknot","psychic","embargo","raindance"],"nature":"Timid","evs":{"hp":0,"atk":0,"def":4,"spa":252,"spd":0,"spe":252},"ivs":{"hp":31,"atk":30,"def":30,"spa":31,"spd":31,"spe":31},"shiny":true},{"name":"Zapz","species":"zapdos","item":"leftovers","ability":"Pressure","moves":["heatwave","roost","extrasensory","defog"],"nature":"Modest","evs":{"hp":252,"atk":0,"def":0,"spa":252,"spd":4,"spe":0},"shiny":true,"ivs":{"hp":31,"atk":31,"def":31,"spa":31,"spd":31,"spe":31}},{"name":"Plugg-in Failure","species":"electivire","item":"choicescarf","ability":"Vital Spirit","moves":["firepunch","earthquake","icepunch","rockslide"],"nature":"Jolly","evs":{"hp":0,"atk":252,"def":0,"spa":0,"spd":4,"spe":252},"gender":"M","shiny":true,"ivs":{"hp":31,"atk":31,"def":31,"spa":31,"spd":31,"spe":31}}],"log":["|player|p1|Pixie_Games|138","|player|p2|GTX♅Bzumzum|225","|gametype|singles","|gen|6","|tier|Monotype","|rated","|rule|Baton Pass Clause: Limit one Baton Passer, can't pass Spe and other stats simultaneously","|rule|Swagger Clause: Swagger is banned","|rule|Same Type Clause: Pokémon in a team must share a type","|clearpoke","|poke|p1|Alomomola, F","|poke|p1|Azumarill, F","|poke|p1|Lanturn, F","|poke|p1|Keldeo","|poke|p1|Quagsire, F","|poke|p1|Empoleon, F","|poke|p2|Manectric, M","|poke|p2|Rotom-Frost, shiny","|poke|p2|Magnezone, shiny","|poke|p2|Thundurus, M, shiny","|poke|p2|Zapdos, shiny","|poke|p2|Electivire, M, shiny","|rule|Sleep Clause Mod: Limit one foe put to sleep","|rule|Species Clause: Limit one of each Pokémon","|rule|OHKO Clause: OHKO moves are banned","|rule|Moody Clause: Moody is banned","|rule|Evasion Moves Clause: Evasion moves are banned","|rule|Endless Battle Clause: Forcing endless battles is banned","|rule|HP Percentage Mod: HP is shown in percentages","|teampreview","|","|start","|switch|p1a: Empoleon|Empoleon, F|372/372","|switch|p2a: Breezer|Rotom-Frost, shiny|304/304","|turn|1","|","|move|p2a: Breezer|Will-O-Wisp|p1a: Empoleon","|-status|p1a: Empoleon|brn","|move|p1a: Empoleon|Stealth Rock|p2a: Breezer","|-sidestart|p2: GTX♅Bzumzum|move: Stealth Rock","|","|-damage|p1a: Empoleon|326/372 brn|[from] brn","|turn|2","|","|move|p2a: Breezer|Protect|p2a: Breezer","|-singleturn|p2a: Breezer|Protect","|move|p1a: Empoleon|Flash Cannon|p2a: Breezer","|-activate|p2a: Breezer|Protect","|","|-heal|p1a: Empoleon|349/372 brn|[from] item: Leftovers","|-damage|p1a: Empoleon|303/372 brn|[from] brn","|turn|3","|","|switch|p2a: Zapz|Zapdos, shiny|384/384","|-damage|p2a: Zapz|288/384|[from] Stealth Rock","|-ability|p2a: Zapz|Pressure","|move|p1a: Empoleon|Roar|p2a: Zapz","|drag|p2a: Thundurus|Thundurus, M, shiny|299/299","|-damage|p2a: Thundurus|225/299|[from] Stealth Rock","|","|-heal|p1a: Empoleon|326/372 brn|[from] item: Leftovers","|-damage|p1a: Empoleon|280/372 brn|[from] brn","|turn|4","|","|move|p2a: Thundurus|Grass Knot|p1a: Empoleon","|-crit|p1a: Empoleon","|-damage|p1a: Empoleon|151/372 brn","|-damage|p2a: Thundurus|196/299|[from] item: Life Orb","|move|p1a: Empoleon|Roar|p2a: Thundurus","|drag|p2a: Elec|Manectric, M|281/281","|-damage|p2a: Elec|246/281|[from] Stealth Rock","|","|-heal|p1a: Empoleon|174/372 brn|[from] item: Leftovers","|-damage|p1a: Empoleon|128/372 brn|[from] brn","|turn|5","|","|detailschange|p2a: Elec|Manectric-Mega, M","|-mega|p2a: Elec|Manectric|Manectite","|-ability|p2a: Elec|Intimidate","|-unboost|p1a: Empoleon|atk|1","|move|p2a: Elec|Thunderbolt|p1a: Empoleon","|-supereffective|p1a: Empoleon","|-damage|p1a: Empoleon|0 fnt","|faint|p1a: Empoleon","|","|","|switch|p1a: Alomomola|Alomomola, F|534/534","|turn|6","|","|move|p2a: Elec|Volt Switch|p1a: Alomomola","|-crit|p1a: Alomomola","|-supereffective|p1a: Alomomola","|-damage|p1a: Alomomola|0 fnt","|faint|p1a: Alomomola","|","|switch|p2a: Zapz|Zapdos, shiny|288/384","|-damage|p2a: Zapz|192/384|[from] Stealth Rock","|-ability|p2a: Zapz|Pressure","|","|-heal|p2a: Zapz|216/384|[from] item: Leftovers","|","|switch|p1a: Azumarill|Azumarill, F|404/404","|turn|7","|","|move|p2a: Zapz|Extrasensory|p1a: Azumarill","|-damage|p1a: Azumarill|274/404","|cant|p1a: Azumarill|flinch","|","|-heal|p2a: Zapz|240/384|[from] item: Leftovers","|-heal|p1a: Azumarill|299/404|[from] item: Leftovers","|turn|8","|","|move|p2a: Zapz|Extrasensory|p1a: Azumarill","|-damage|p1a: Azumarill|181/404","|move|p1a: Azumarill|Toxic|p2a: Zapz","|-status|p2a: Zapz|tox","|","|-heal|p2a: Zapz|264/384 tox|[from] item: Leftovers","|-heal|p1a: Azumarill|206/404|[from] item: Leftovers","|-damage|p2a: Zapz|240/384 tox|[from] psn","|turn|9","|","|move|p2a: Zapz|Extrasensory|p1a: Azumarill","|-damage|p1a: Azumarill|93/404","|move|p1a: Azumarill|Knock Off|p2a: Zapz","|-damage|p2a: Zapz|187/384 tox","|-enditem|p2a: Zapz|Leftovers|[from] move: Knock Off|[of] p1a: Azumarill","|","|-heal|p1a: Azumarill|118/404|[from] item: Leftovers","|-damage|p2a: Zapz|139/384 tox|[from] psn","|turn|10","|","|move|p2a: Zapz|Roost|p2a: Zapz","|-heal|p2a: Zapz|331/384 tox","|move|p1a: Azumarill|Perish Song|p1a: Azumarill","|-start|p1a: Azumarill|perish3|[silent]","|-start|p2a: Zapz|perish3|[silent]","|-fieldactivate|move: Perish Song","|","|-start|p2a: Zapz|perish3","|-start|p1a: Azumarill|perish3","|-heal|p1a: Azumarill|143/404|[from] item: Leftovers","|-damage|p2a: Zapz|259/384 tox|[from] psn","|turn|11","|","|move|p2a: Zapz|Defog|p1a: Azumarill","|-unboost|p1a: Azumarill|evasion|1","|-sideend|p2: GTX♅Bzumzum|Stealth Rock|[from] move: Defog|[of] p2a: Zapz","|move|p1a: Azumarill|Scald|p2a: Zapz","|-damage|p2a: Zapz|196/384 tox","|","|-start|p2a: Zapz|perish2","|-start|p1a: Azumarill|perish2","|-heal|p1a: Azumarill|168/404|[from] item: Leftovers","|-damage|p2a: Zapz|100/384 tox|[from] psn","|turn|12","|","|switch|p1a: Lanturn|Lanturn, F|454/454","|move|p2a: Zapz|Extrasensory|p1a: Lanturn","|-damage|p1a: Lanturn|363/454","|","|-start|p2a: Zapz|perish1","|-heal|p1a: Lanturn|391/454|[from] item: Leftovers","|-damage|p2a: Zapz|0 fnt|[from] psn","|faint|p2a: Zapz","|","|switch|p2a: Plugg-in Failure|Electivire, M, shiny|291/291","|turn|13","|","|move|p2a: Plugg-in Failure|Earthquake|p1a: Lanturn","|-supereffective|p1a: Lanturn","|-damage|p1a: Lanturn|41/454","|move|p1a: Lanturn|Toxic|p2a: Plugg-in Failure","|-status|p2a: Plugg-in Failure|tox","|","|-heal|p1a: Lanturn|69/454|[from] item: Leftovers","|-damage|p2a: Plugg-in Failure|273/291 tox|[from] psn","|turn|14","|","|switch|p1a: Azumarill|Azumarill, F|168/404","|move|p2a: Plugg-in Failure|Earthquake|p1a: Azumarill","|-damage|p1a: Azumarill|79/404","|","|-heal|p1a: Azumarill|104/404|[from] item: Leftovers","|-damage|p2a: Plugg-in Failure|237/291 tox|[from] psn","|turn|15","|","|move|p2a: Plugg-in Failure|Earthquake|p1a: Azumarill","|-damage|p1a: Azumarill|8/404","|move|p1a: Azumarill|Knock Off|p2a: Plugg-in Failure","|-damage|p2a: Plugg-in Failure|177/291 tox","|-enditem|p2a: Plugg-in Failure|Choice Scarf|[from] move: Knock Off|[of] p1a: Azumarill","|","|-heal|p1a: Azumarill|33/404|[from] item: Leftovers","|-damage|p2a: Plugg-in Failure|123/291 tox|[from] psn","|turn|16","|","|move|p2a: Plugg-in Failure|Ice Punch|p1a: Azumarill","|-resisted|p1a: Azumarill","|-damage|p1a: Azumarill|0 fnt","|faint|p1a: Azumarill","|","|-damage|p2a: Plugg-in Failure|51/291 tox|[from] psn","|","|switch|p1a: Keldeo|Keldeo|324/324","|turn|17","|","|switch|p2a: Breezer|Rotom-Frost, shiny|304/304","|move|p1a: Keldeo|Secret Sword|p2a: Breezer","|-supereffective|p2a: Breezer","|-damage|p2a: Breezer|0 fnt","|faint|p2a: Breezer","|","|","|switch|p2a: MY ZONE!!!|Magnezone, shiny|343/343","|turn|18","|","|switch|p1a: Lanturn|Lanturn, F|69/454","|move|p2a: MY ZONE!!!|Tri Attack|p1a: Lanturn","|-damage|p1a: Lanturn|0 fnt","|faint|p1a: Lanturn","|","|","|switch|p1a: Quagsire|Quagsire, F|394/394","|turn|19","|","|move|p2a: MY ZONE!!!|Tri Attack|p1a: Quagsire","|-damage|p1a: Quagsire|180/394","|move|p1a: Quagsire|Earthquake|p2a: MY ZONE!!!","|-supereffective|p2a: MY ZONE!!!","|-damage|p2a: MY ZONE!!!|3/343","|","|-heal|p1a: Quagsire|204/394|[from] item: Leftovers","|turn|20","|","|move|p2a: MY ZONE!!!|Tri Attack|p1a: Quagsire","|-damage|p1a: Quagsire|5/394","|move|p1a: Quagsire|Recover|p1a: Quagsire","|-heal|p1a: Quagsire|202/394","|","|-heal|p1a: Quagsire|226/394|[from] item: Leftovers","|turn|21","|","|move|p2a: MY ZONE!!!|Tri Attack|p1a: Quagsire","|-damage|p1a: Quagsire|14/394","|move|p1a: Quagsire|Recover|p1a: Quagsire","|-heal|p1a: Quagsire|211/394","|","|-heal|p1a: Quagsire|235/394|[from] item: Leftovers","|turn|22","|","|switch|p1a: Keldeo|Keldeo|324/324","|move|p2a: MY ZONE!!!|Tri Attack|p1a: Keldeo","|-damage|p1a: Keldeo|162/324","|","|turn|23","|","|move|p1a: Keldeo|Secret Sword|p2a: MY ZONE!!!","|-supereffective|p2a: MY ZONE!!!","|-damage|p2a: MY ZONE!!!|0 fnt","|faint|p2a: MY ZONE!!!","|","|","|switch|p2a: Thundurus|Thundurus, M, shiny|196/299","|turn|24","|","|move|p2a: Thundurus|Psychic|p1a: Keldeo","|-supereffective|p1a: Keldeo","|-damage|p1a: Keldeo|0 fnt","|-damage|p2a: Thundurus|167/299|[from] item: Life Orb","|faint|p1a: Keldeo","|","|","|switch|p1a: Quagsire|Quagsire, F|235/394","|turn|25","|","|move|p2a: Thundurus|Grass Knot|p1a: Quagsire","|-supereffective|p1a: Quagsire","|-damage|p1a: Quagsire|0 fnt","|-damage|p2a: Thundurus|138/299|[from] item: Life Orb","|faint|p1a: Quagsire","|","|win|GTX♅Bzumzum"],"p1rating":{"entryid":"6068","serverid":"eos","formatid":"monotype","userid":"pixiegames","username":"Pixie~Games","w":"2","l":4,"t":"0","gxe":42.7,"r":"1427.4328741711","rd":"116.77753930647","sigma":"0","rptime":"1439888400","rpr":1442.115556982,"rprd":99.464942186453,"rpsigma":"0","acre":1055.9094198573,"lacre":1055.9094198573,"oldacre":"1083.8266126707"},"p2rating":{"entryid":"1463","serverid":"eos","formatid":"monotype","userid":"gtxbzumzum","username":"GTX♅Bzumzum","w":1,"l":"3","t":"0","gxe":41.7,"r":"1427.4328741711","rd":"116.77753930647","sigma":"0","rptime":"1439888400","rpr":1433.6728486502,"rprd":106.94399413419,"rpsigma":"0","acre":1049.4678884201,"lacre":1049.4678884201,"oldacre":"1000"},"endType":"normal"}