{"seed":[14736,61726,48746,53092],"turns":21,"p1":"Void Wiley","p2":"Alpha알파α큐레무Kyurem","p1team":[{"name":"Tuba","species":"slurpuff","item":"sitrusberry","ability":"Unburden","moves":["bellydrum","drainpunch","playrough","aromatherapy"],"nature":"Jolly","evs":{"hp":4,"atk":252,"def":0,"spa":0,"spd":0,"spe":252},"ivs":{"hp":31,"atk":31,"def":31,"spa":31,"spd":31,"spe":31}},{"name":"Clarinet","species":"azumarill","item":"sitrusberry","ability":"Huge Power","moves":["bellydrum","aquajet","brickbreak","playrough"],"nature":"Adamant","evs":{"hp":252,"atk":252,"def":0,"spa":0,"spd":4,"spe":0},"ivs":{"hp":31,"atk":31,"def":31,"spa":31,"spd":31,"spe":31}},{"name":"Flute","species":"gardevoir","item":"gardevoirite","ability":"Synchronize","moves":["psyshock","hypervoice","energyball","focusblast"],"nature":"Modest","evs":{"hp":248,"atk":0,"def":0,"spa":252,"spd":8,"spe":0},"ivs":{"hp":31,"atk":31,"def":31,"spa":31,"spd":31,"spe":31}},{"name":"Alto","species":"togekiss","item":"choicescarf","ability":"Serene Grace","moves":["airslash","flamethrower","aurasphere","dazzlinggleam"],"nature":"Timid","evs":{"hp":0,"atk":0,"def":0,"spa":252,"spd":4,"spe":252},"ivs":{"hp":31,"atk":31,"def":31,"spa":31,"spd":31,"spe":31}},{"name":"Sax","species":"klefki","item":"lightclay","ability":"Prankster","moves":["thunderwave","lightscreen","reflect","foulplay"],"nature":"Bold","evs":{"hp":248,"atk":0,"def":252,"spa":0,"spd":8,"spe":0},"ivs":{"hp":31,"atk":31,"def":31,"spa":31,"spd":31,"spe":31}},{"name":"Trumpet","species":"sylveon","item":"leftovers","ability":"Pixilate","moves":["hypervoice","wish","protect","calmmind"],"nature":"Bold","evs":{"hp":252,"atk":0,"def":252,"spa":4,"spd":0,"spe":0},"ivs":{"hp":31,"atk":31,"def":31,"spa":31,"spd":31,"spe":31}}],"p2team":[{"name":"Tornadus-Therian","species":"Tornadus-Therian","item":"assaultvest","ability":"Regenerator","moves":["hurricane","heatwave","knockoff","uturn"],"nature":"Modest","evs":{"hp":112,"atk":0,"def":0,"spa":200,"spd":0,"spe":196},"shiny":true,"ivs":{"hp":31,"atk":31,"def":31,"spa":31,"spd":31,"spe":31}},{"name":"Landorus-Therian","species":"Landorus-Therian","item":"choicescarf","ability":"Intimidate","moves":["uturn","knockoff","earthquake","rockslide"],"nature":"Jolly","evs":{"hp":4,"atk":252,"def":0,"spa":0,"spd":0,"spe":252},"ivs":{"hp":31,"atk":31,"def":31,"spa":31,"spd":31,"spe":31}},{"name":"Skarmory","species":"Skarmory","item":"rockyhelmet","ability":"Sturdy","moves":["ironhead","roost","defog","stealthrock"],"nature":"Impish","evs":{"hp":252,"atk":0,"def":212,"spa":0,"spd":44,"spe":0},"shiny":true,"ivs":{"hp":31,"atk":31,"def":31,"spa":31,"spd":31,"spe":31}},{"name":"Thundurus-Therian","species":"Thundurus-Therian","item":"lifeorb","ability":"Volt Absorb","moves":["hiddenpowerice","thunderbolt","focusblast","voltswitch"],"nature":"Timid","evs":{"hp":4,"atk":0,"def":0,"spa":252,"spd":0,"spe":252},"ivs":{"hp":31,"atk":30,"def":30,"spa":31,"spd":31,"spe":31}},{"name":"Gyarados","species":"Gyarados","item":"gyaradosite","ability":"Intimidate","moves":["dragondance","earthquake","waterfall","icefang"],"nature":"Adamant","evs":{"hp":0,"atk":252,"def":0,"spa":0,"spd":4,"spe":252},"ivs":{"hp":31,"atk":31,"def":31,"spa":31,"spd":31,"spe":31}},{"name":"Dragonite","species":"Dragonite","item":"weaknesspolicy","ability":"Multiscale","moves":["extremespeed","dragondance","earthquake","dragonclaw"],"nature":"Adamant","evs":{"hp":4,"atk":252,"def":0,"spa":0,"spd":0,"spe":252},"ivs":{"hp":31,"atk":31,"def":31,"spa":31,"spd":31,"spe":31}}],"log":["|player|p1|Void Wiley|voidwiley.png","|player|p2|Alpha알파α큐레무Kyurem|alphakyurem.gif","|gametype|singles","|gen|6","|tier|Monotype","|rated","|rule|Baton Pass Clause: Limit one Baton Passer, can't pass Spe and other stats simultaneously","|rule|Swagger Clause: Swagger is banned","|rule|Same Type Clause: Pokémon in a team must share a type","|clearpoke","|poke|p1|Slurpuff, F","|poke|p1|Azumarill, F","|poke|p1|Gardevoir, F","|poke|p1|Togekiss, M","|poke|p1|Klefki, M","|poke|p1|Sylveon, F","|poke|p2|Tornadus-Therian, M, shiny","|poke|p2|Landorus-Therian, M","|poke|p2|Skarmory, F, shiny","|poke|p2|Thundurus-Therian, M","|poke|p2|Gyarados, M","|poke|p2|Dragonite, M","|rule|Sleep Clause Mod: Limit one foe put to sleep","|rule|Species Clause: Limit one of each Pokémon","|rule|OHKO Clause: OHKO moves are banned","|rule|Moody Clause: Moody is banned","|rule|Evasion Moves Clause: Evasion moves are banned","|rule|Endless Battle Clause: Forcing endless battles is banned","|rule|HP Percentage Mod: HP is shown in percentages","|teampreview","|","|start","|switch|p1a: Alto|Togekiss, M|311/311","|switch|p2a: Landorus-Therian|Landorus-Therian, M|320/320","|-ability|p2a: Landorus-Therian|Intimidate","|-unboost|p1a: Alto|atk|1","|turn|1","|","|move|p2a: Landorus-Therian|Knock Off|p1a: Alto","|-resisted|p1a: Alto","|-damage|p1a: Alto|245/311","|-enditem|p1a: Alto|Choice Scarf|[from] move: Knock Off|[of] p2a: Landorus-Therian","|move|p1a: Alto|Air Slash|p2a: Landorus-Therian","|-damage|p2a: Landorus-Therian|172/320","|","|turn|2","|","|switch|p2a: Skarmory|Skarmory, F, shiny|334/334","|move|p1a: Alto|Air Slash|p2a: Skarmory","|-resisted|p2a: Skarmory","|-damage|p2a: Skarmory|255/334","|","|turn|3","|","|move|p1a: Alto|Flamethrower|p2a: Skarmory","|-supereffective|p2a: Skarmory","|-damage|p2a: Skarmory|0 fnt","|faint|p2a: Skarmory","|","|","|switch|p2a: Thundurus-Therian|Thundurus-Therian, M|300/300","|turn|4","|","|switch|p1a: Sax|Klefki, M|317/317","|move|p2a: Thundurus-Therian|Thunderbolt|p1a: Sax","|-crit|p1a: Sax","|-damage|p1a: Sax|0 fnt","|-damage|p2a: Thundurus-Therian|270/300|[from] item: Life Orb","|faint|p1a: Sax","|","|","|switch|p1a: Flute|Gardevoir, F|339/339","|turn|5","|","|switch|p2a: Dragonite|Dragonite, M|324/324","|detailschange|p1a: Flute|Gardevoir-Mega, F","|-mega|p1a: Flute|Gardevoir|Gardevoirite","|move|p1a: Flute|Hyper Voice|p2a: Dragonite","|-supereffective|p2a: Dragonite","|-damage|p2a: Dragonite|66/324","|-enditem|p2a: Dragonite|Weakness Policy","|-boost|p2a: Dragonite|atk|2|[from] item: Weakness Policy","|-boost|p2a: Dragonite|spa|2|[from] item: Weakness Policy","|","|turn|6","|","|move|p2a: Dragonite|Extreme Speed|p1a: Flute","|-damage|p1a: Flute|41/339","|move|p1a: Flute|Hyper Voice|p2a: Dragonite","|-supereffective|p2a: Dragonite","|-damage|p2a: Dragonite|0 fnt","|faint|p2a: Dragonite","|","|","|switch|p2a: Landorus-Therian|Landorus-Therian, M|172/320","|-ability|p2a: Landorus-Therian|Intimidate","|-unboost|p1a: Flute|atk|1","|turn|7","|","|move|p2a: Landorus-Therian|U-turn|p1a: Flute","|-damage|p1a: Flute|0 fnt","|faint|p1a: Flute","|","|switch|p2a: Thundurus-Therian|Thundurus-Therian, M|270/300","|","|","|switch|p1a: Tuba|Slurpuff, F|306/306","|turn|8","|","|move|p2a: Thundurus-Therian|Thunderbolt|p1a: Tuba","|-crit|p1a: Tuba","|-damage|p1a: Tuba|0 fnt","|-damage|p2a: Thundurus-Therian|240/300|[from] item: Life Orb","|faint|p1a: Tuba","|","|","|switch|p1a: Trumpet|Sylveon, F|394/394","|turn|9","|","|move|p2a: Thundurus-Therian|Volt Switch|p1a: Trumpet","|-damage|p1a: Trumpet|260/394","|-damage|p2a: Thundurus-Therian|210/300|[from] item: Life Orb","|","|switch|p2a: Tornadus-Therian|Tornadus-Therian, M, shiny|327/327","|move|p1a: Trumpet|Hyper Voice|p2a: Tornadus-Therian","|-damage|p2a: Tornadus-Therian|221/327","|","|-heal|p1a: Trumpet|284/394|[from] item: Leftovers","|turn|10","|","|move|p2a: Tornadus-Therian|Knock Off|p1a: Trumpet","|-resisted|p1a: Trumpet","|-damage|p1a: Trumpet|254/394","|-enditem|p1a: Trumpet|Leftovers|[from] move: Knock Off|[of] p2a: Tornadus-Therian","|move|p1a: Trumpet|Hyper Voice|p2a: Tornadus-Therian","|-damage|p2a: Tornadus-Therian|103/327","|","|turn|11","|","|move|p2a: Tornadus-Therian|U-turn|p1a: Trumpet","|-resisted|p1a: Trumpet","|-damage|p1a: Trumpet|231/394","|","|switch|p2a: Landorus-Therian|Landorus-Therian, M|172/320","|-ability|p2a: Landorus-Therian|Intimidate","|-unboost|p1a: Trumpet|atk|1","|move|p1a: Trumpet|Wish|p1a: Trumpet","|","|turn|12","|","|move|p2a: Landorus-Therian|Rock Slide|p1a: Trumpet","|-damage|p1a: Trumpet|136/394","|move|p1a: Trumpet|Hyper Voice|p2a: Landorus-Therian","|-damage|p2a: Landorus-Therian|0 fnt","|faint|p2a: Landorus-Therian","|","|-heal|p1a: Trumpet|333/394|[from] move: Wish|[wisher] Trumpet","|","|switch|p2a: Tornadus-Therian|Tornadus-Therian, M, shiny|212/327","|turn|13","|","|move|p2a: Tornadus-Therian|Hurricane|p1a: Trumpet","|-damage|p1a: Trumpet|198/394","|move|p1a: Trumpet|Wish|p1a: Trumpet","|","|turn|14","|","|move|p2a: Tornadus-Therian|Hurricane|p1a: Trumpet|[miss]","|-miss|p2a: Tornadus-Therian|p1a: Trumpet","|move|p1a: Trumpet|Hyper Voice|p2a: Tornadus-Therian","|-damage|p2a: Tornadus-Therian|112/327","|","|-heal|p1a: Trumpet|394/394|[from] move: Wish|[wisher] Trumpet","|turn|15","|","|move|p2a: Tornadus-Therian|Hurricane|p1a: Trumpet","|-damage|p1a: Trumpet|243/394","|-start|p1a: Trumpet|confusion","|-activate|p1a: Trumpet|confusion","|-damage|p1a: Trumpet|230/394|[from] confusion","|","|turn|16","|","|move|p2a: Tornadus-Therian|U-turn|p1a: Trumpet","|-resisted|p1a: Trumpet","|-damage|p1a: Trumpet|208/394","|","|switch|p2a: Gyarados|Gyarados, M|331/331","|-ability|p2a: Gyarados|Intimidate","|-unboost|p1a: Trumpet|atk|1","|-end|p1a: Trumpet|confusion","|move|p1a: Trumpet|Wish|p1a: Trumpet","|","|turn|17","|","|move|p2a: Gyarados|Dragon Dance|p2a: Gyarados","|-boost|p2a: Gyarados|atk|1","|-boost|p2a: Gyarados|spe|1","|move|p1a: Trumpet|Hyper Voice|p2a: Gyarados","|-damage|p2a: Gyarados|172/331","|","|-heal|p1a: Trumpet|394/394|[from] move: Wish|[wisher] Trumpet","|turn|18","|","|move|p2a: Gyarados|Waterfall|p1a: Trumpet","|-damage|p1a: Trumpet|169/394","|move|p1a: Trumpet|Hyper Voice|p2a: Gyarados","|-crit|p2a: Gyarados","|-damage|p2a: Gyarados|0 fnt","|faint|p2a: Gyarados","|","|","|switch|p2a: Thundurus-Therian|Thundurus-Therian, M|210/300","|turn|19","|","|move|p2a: Thundurus-Therian|Thunderbolt|p1a: Trumpet","|-damage|p1a: Trumpet|0 fnt","|-damage|p2a: Thundurus-Therian|180/300|[from] item: Life Orb","|faint|p1a: Trumpet","|","|","|switch|p1a: Alto|Togekiss, M|245/311","|turn|20","|","|move|p2a: Thundurus-Therian|Thunderbolt|p1a: Alto","|-supereffective|p1a: Alto","|-damage|p1a: Alto|0 fnt","|-damage|p2a: Thundurus-Therian|150/300|[from] item: Life Orb","|faint|p1a: Alto","|","|","|switch|p1a: Clarinet|Azumarill, F|404/404","|turn|21","|","|move|p2a: Thundurus-Therian|Thunderbolt|p1a: Clarinet","|-supereffective|p1a: Clarinet","|-damage|p1a: Clarinet|0 fnt","|-damage|p2a: Thundurus-Therian|120/300|[from] item: Life Orb","|faint|p1a: Clarinet","|","|win|Alpha알파α큐레무Kyurem"],"p1rating":{"entryid":"91212","serverid":"eos","formatid":"monotype","userid":"voidwiley","username":"Void Wiley","w":"3","l":1,"t":"0","gxe":56.6,"r":"1500","rd":"130","sigma":"0","rptime":"1439888400","rpr":1552.5459193415,"rprd":107.37728926856,"rpsigma":"0","acre":1084.3548850831,"lacre":1084.3548850831,"oldacre":"1103.0963526705"},"p2rating":{"entryid":"22404","serverid":"eos","formatid":"monotype","userid":"alphakyurem","username":"Alpha알파α큐레무Kyurem","w":9,"l":"0","t":"0","gxe":73.2,"r":"1540.1606143388","rd":"122.8583080769","sigma":"0","rptime":"1439888400","rpr":1695.7494709127,"rprd":90.44592956184,"rpsigma":"0","acre":1210.7038154108,"lacre":1210.7038154108,"oldacre":"1191.9623478234"},"endType":"normal"}