{"seed":[40880,22977,46503,15949],"turns":23,"p1":"GTX♅Cool","p2":"DOBBY IS DANK","p1team":[{"name":"Ludicolo","species":"Ludicolo","item":"","ability":"Swift Swim","moves":["surf","gigadrain","icebeam","focusblast"],"nature":"","evs":{"hp":0,"atk":0,"def":0,"spa":252,"spd":4,"spe":252},"ivs":{"hp":31,"atk":31,"def":31,"spa":31,"spd":31,"spe":31}},{"name":"Politoed","species":"Politoed","item":"leftovers","ability":"Drizzle","moves":["scald","icebeam","perishsong","protect"],"nature":"","evs":{"hp":252,"atk":0,"def":76,"spa":76,"spd":100,"spe":4},"ivs":{"hp":31,"atk":31,"def":31,"spa":31,"spd":31,"spe":31}},{"name":"Keldeo","species":"Keldeo","item":"choicescarf","ability":"Justified","moves":["scald","sacredsword","hydropump","icywind"],"nature":"Timid","evs":{"hp":0,"atk":0,"def":4,"spa":252,"spd":0,"spe":252},"ivs":{"hp":31,"atk":31,"def":31,"spa":31,"spd":31,"spe":31}},{"name":"Gyarados","species":"Gyarados","item":"lumberry","ability":"Moxie","moves":["waterfall","earthquake","dragondance","protect"],"nature":"Adamant","evs":{"hp":12,"atk":252,"def":0,"spa":0,"spd":0,"spe":244},"ivs":{"hp":31,"atk":31,"def":31,"spa":31,"spd":31,"spe":31}},{"name":"Swampert","species":"Swampert","item":"swampertite","ability":"Damp","moves":["waterfall","earthquake","icepunch","poweruppunch"],"nature":"Adamant","evs":{"hp":0,"atk":252,"def":4,"spa":0,"spd":0,"spe":252},"ivs":{"hp":31,"atk":31,"def":31,"spa":31,"spd":31,"spe":31}},{"name":"Azumarill","species":"Azumarill","item":"sitrusberry","ability":"Sap Sipper","moves":["bellydrum","aquajet","playrough","knockoff"],"nature":"Adamant","evs":{"hp":92,"atk":252,"def":0,"spa":0,"spd":0,"spe":164},"ivs":{"hp":31,"atk":31,"def":31,"spa":31,"spd":31,"spe":31}}],"p2team":[{"name":"Keldeo","species":"Keldeo","item":"leftovers","ability":"Justified","moves":["scald","secretsword","icywind","calmmind"],"nature":"Timid","evs":{"hp":48,"atk":0,"def":0,"spa":232,"spd":0,"spe":228},"ivs":{"hp":31,"atk":30,"def":30,"spa":31,"spd":31,"spe":31}},{"name":"Hawlucha","species":"Hawlucha","item":"powerherb","ability":"Unburden","moves":["skyattack","acrobatics","highjumpkick","uturn"],"nature":"Jolly","evs":{"hp":4,"atk":252,"def":0,"spa":0,"spd":0,"spe":252},"ivs":{"hp":31,"atk":31,"def":31,"spa":31,"spd":31,"spe":31}},{"name":"Heracross","species":"Heracross","item":"choicescarf","ability":"Moxie","moves":["closecombat","stoneedge","knockoff","megahorn"],"nature":"Jolly","evs":{"hp":4,"atk":252,"def":0,"spa":0,"spd":0,"spe":252},"ivs":{"hp":31,"atk":31,"def":31,"spa":31,"spd":31,"spe":31}},{"name":"Cobalion","species":"Cobalion","item":"sitrusberry","ability":"Justified","moves":["ironhead","thunderwave","reflect","stealthrock"],"nature":"Careful","evs":{"hp":148,"atk":0,"def":108,"spa":0,"spd":0,"spe":252},"ivs":{"hp":31,"atk":31,"def":31,"spa":31,"spd":31,"spe":31}},{"name":"Breloom","species":"Breloom","item":"focussash","ability":"Technician","moves":["machpunch","spore","swordsdance","rocktomb"],"nature":"Jolly","evs":{"hp":0,"atk":252,"def":0,"spa":0,"spd":0,"spe":252},"ivs":{"hp":31,"atk":31,"def":31,"spa":31,"spd":31,"spe":31}},{"name":"Medicham","species":"Medicham","item":"medichamite","ability":"Pure Power","moves":["highjumpkick","icepunch","fakeout","bulletpunch"],"nature":"Jolly","evs":{"hp":4,"atk":252,"def":0,"spa":0,"spd":0,"spe":252},"shiny":true,"ivs":{"hp":31,"atk":31,"def":31,"spa":31,"spd":31,"spe":31}}],"log":["|player|p1|GTX♅Cool|163","|player|p2|DOBBY IS DANK|170","|gametype|singles","|gen|6","|tier|Monotype","|rated","|rule|Baton Pass Clause: Limit one Baton Passer, can't pass Spe and other stats simultaneously","|rule|Swagger Clause: Swagger is banned","|rule|Same Type Clause: Pokémon in a team must share a type","|clearpoke","|poke|p1|Ludicolo, M","|poke|p1|Politoed, M","|poke|p1|Keldeo","|poke|p1|Gyarados, M","|poke|p1|Swampert, F","|poke|p1|Azumarill, F","|poke|p2|Keldeo","|poke|p2|Hawlucha, F","|poke|p2|Heracross, M","|poke|p2|Cobalion","|poke|p2|Breloom, F","|poke|p2|Medicham, M, shiny","|rule|Sleep Clause Mod: Limit one foe put to sleep","|rule|Species Clause: Limit one of each Pokémon","|rule|OHKO Clause: OHKO moves are banned","|rule|Moody Clause: Moody is banned","|rule|Evasion Moves Clause: Evasion moves are banned","|rule|Endless Battle Clause: Forcing endless battles is banned","|rule|HP Percentage Mod: HP is shown in percentages","|teampreview","|","|start","|switch|p1a: Politoed|Politoed, M|384/384","|switch|p2a: Keldeo|Keldeo|335/335","|-weather|RainDance","|turn|1","|","|move|p1a: Politoed|Protect|p1a: Politoed","|-singleturn|p1a: Politoed|Protect","|move|p2a: Keldeo|Calm Mind|p2a: Keldeo","|-boost|p2a: Keldeo|spa|1","|-boost|p2a: Keldeo|spd|1","|","|-weather|RainDance|[upkeep]","|turn|2","|","|move|p2a: Keldeo|Secret Sword|p1a: Politoed","|-damage|p1a: Politoed|138/384","|move|p1a: Politoed|Scald|p2a: Keldeo","|-resisted|p2a: Keldeo","|-damage|p2a: Keldeo|282/335","|-status|p2a: Keldeo|brn","|","|-weather|RainDance|[upkeep]","|-heal|p2a: Keldeo|302/335 brn|[from] item: Leftovers","|-heal|p1a: Politoed|162/384|[from] item: Leftovers","|-damage|p2a: Keldeo|261/335 brn|[from] brn","|turn|3","|","|move|p2a: Keldeo|Secret Sword|p1a: Politoed","|-damage|p1a: Politoed|0 fnt","|faint|p1a: Politoed","|","|-weather|RainDance|[upkeep]","|-heal|p2a: Keldeo|281/335 brn|[from] item: Leftovers","|-damage|p2a: Keldeo|240/335 brn|[from] brn","|","|switch|p1a: Swampert|Swampert, F|341/341","|turn|4","|","|detailschange|p1a: Swampert|Swampert-Mega, F","|-mega|p1a: Swampert|Swampert|Swampertite","|move|p2a: Keldeo|Calm Mind|p2a: Keldeo","|-boost|p2a: Keldeo|spa|1","|-boost|p2a: Keldeo|spd|1","|move|p1a: Swampert|Power-Up Punch|p2a: Keldeo","|-damage|p2a: Keldeo|179/335 brn","|-boost|p1a: Swampert|atk|1","|","|-weather|RainDance|[upkeep]","|-heal|p2a: Keldeo|199/335 brn|[from] item: Leftovers","|-damage|p2a: Keldeo|158/335 brn|[from] brn","|turn|5","|","|move|p1a: Swampert|Earthquake|p2a: Keldeo","|-damage|p2a: Keldeo|0 fnt","|faint|p2a: Keldeo","|","|-weather|none","|","|switch|p2a: Medicham|Medicham, M, shiny|262/262","|turn|6","|","|detailschange|p2a: Medicham|Medicham-Mega, M, shiny","|-mega|p2a: Medicham|Medicham|Medichamite","|move|p2a: Medicham|Fake Out|p1a: Swampert","|-damage|p1a: Swampert|264/341","|cant|p1a: Swampert|flinch","|","|turn|7","|","|move|p2a: Medicham|High Jump Kick|p1a: Swampert|[miss]","|-miss|p2a: Medicham|p1a: Swampert","|-damage|p2a: Medicham|131/262|[from] highjumpkick","|move|p1a: Swampert|Power-Up Punch|p2a: Medicham","|-resisted|p2a: Medicham","|-damage|p2a: Medicham|84/262","|-boost|p1a: Swampert|atk|1","|","|turn|8","|","|move|p2a: Medicham|High Jump Kick|p1a: Swampert","|-damage|p1a: Swampert|0 fnt","|faint|p1a: Swampert","|","|","|switch|p1a: Ludicolo|Ludicolo, M|301/301","|turn|9","|","|move|p2a: Medicham|Ice Punch|p1a: Ludicolo","|-damage|p1a: Ludicolo|94/301","|move|p1a: Ludicolo|Surf|p2a: Medicham","|-damage|p2a: Medicham|0 fnt","|faint|p2a: Medicham","|","|","|switch|p2a: Heracross|Heracross, M|302/302","|turn|10","|","|move|p2a: Heracross|Knock Off|p1a: Ludicolo","|-damage|p1a: Ludicolo|1/301","|move|p1a: Ludicolo|Ice Beam|p2a: Heracross","|-damage|p2a: Heracross|213/302","|","|turn|11","|","|move|p2a: Heracross|Knock Off|p1a: Ludicolo","|-damage|p1a: Ludicolo|0 fnt","|faint|p1a: Ludicolo","|-boost|p2a: Heracross|atk|1|[from] ability: Moxie","|","|","|switch|p1a: Azumarill|Azumarill, F|364/364","|turn|12","|","|move|p2a: Heracross|Knock Off|p1a: Azumarill","|-resisted|p1a: Azumarill","|-damage|p1a: Azumarill|258/364","|-enditem|p1a: Azumarill|Sitrus Berry|[from] move: Knock Off|[of] p2a: Heracross","|move|p1a: Azumarill|Belly Drum|p1a: Azumarill","|-damage|p1a: Azumarill|76/364","|-setboost|p1a: Azumarill|atk|6|[from] move: Belly Drum","|","|turn|13","|","|move|p1a: Azumarill|Aqua Jet|p2a: Heracross","|-damage|p2a: Heracross|0 fnt","|faint|p2a: Heracross","|","|","|switch|p2a: Cobalion|Cobalion|360/360","|turn|14","|","|move|p2a: Cobalion|Reflect|p2a: Cobalion","|-sidestart|p2: DOBBY IS DANK|Reflect","|move|p1a: Azumarill|Knock Off|p2a: Cobalion","|-resisted|p2a: Cobalion","|-damage|p2a: Cobalion|306/360","|-boost|p2a: Cobalion|atk|1|[from] ability: Justified","|-enditem|p2a: Cobalion|Sitrus Berry|[from] move: Knock Off|[of] p1a: Azumarill","|","|turn|15","|","|move|p2a: Cobalion|Thunder Wave|p1a: Azumarill","|-status|p1a: Azumarill|par","|move|p1a: Azumarill|Play Rough|p2a: Cobalion","|-damage|p2a: Cobalion|161/360","|","|turn|16","|","|move|p1a: Azumarill|Aqua Jet|p2a: Cobalion","|-damage|p2a: Cobalion|92/360","|move|p2a: Cobalion|Iron Head|p1a: Azumarill","|-damage|p1a: Azumarill|0 fnt","|faint|p1a: Azumarill","|","|","|switch|p1a: Gyarados|Gyarados, M|334/334","|turn|17","|","|move|p2a: Cobalion|Thunder Wave|p1a: Gyarados","|-status|p1a: Gyarados|par","|-enditem|p1a: Gyarados|Lum Berry|[eat]","|-curestatus|p1a: Gyarados|par","|move|p1a: Gyarados|Waterfall|p2a: Cobalion","|-damage|p2a: Cobalion|35/360","|","|turn|18","|","|move|p2a: Cobalion|Thunder Wave|p1a: Gyarados","|-status|p1a: Gyarados|par","|cant|p1a: Gyarados|par","|","|-sideend|p2: DOBBY IS DANK|Reflect","|turn|19","|","|move|p2a: Cobalion|Iron Head|p1a: Gyarados","|-crit|p1a: Gyarados","|-resisted|p1a: Gyarados","|-damage|p1a: Gyarados|209/334 par","|move|p1a: Gyarados|Earthquake|p2a: Cobalion","|-supereffective|p2a: Cobalion","|-damage|p2a: Cobalion|0 fnt","|faint|p2a: Cobalion","|-boost|p1a: Gyarados|atk|1|[from] ability: Moxie","|","|","|switch|p2a: Breloom|Breloom, F|261/261","|turn|20","|","|move|p2a: Breloom|Rock Tomb|p1a: Gyarados|[miss]","|-miss|p2a: Breloom|p1a: Gyarados","|move|p1a: Gyarados|Earthquake|p2a: Breloom","|-crit|p2a: Breloom","|-resisted|p2a: Breloom","|-damage|p2a: Breloom|98/261","|","|turn|21","|","|move|p2a: Breloom|Rock Tomb|p1a: Gyarados","|-supereffective|p1a: Gyarados","|-damage|p1a: Gyarados|0 fnt","|faint|p1a: Gyarados","|","|","|switch|p1a: Keldeo|Keldeo|323/323","|turn|22","|","|move|p2a: Breloom|Mach Punch|p1a: Keldeo","|-damage|p1a: Keldeo|199/323","|move|p1a: Keldeo|Scald|p2a: Breloom","|-resisted|p2a: Breloom","|-damage|p2a: Breloom|0 fnt","|faint|p2a: Breloom","|","|","|switch|p2a: Hawlucha|Hawlucha, F|298/298","|turn|23","|","|move|p1a: Keldeo|Scald|p2a: Hawlucha","|-damage|p2a: Hawlucha|108/298","|-status|p2a: Hawlucha|brn","|move|p2a: Hawlucha|Sky Attack|p1a: Keldeo|[still]","|-prepare|p2a: Hawlucha|Sky Attack|p1a: Keldeo","|-enditem|p2a: Hawlucha|Power Herb","|-anim|p2a: Hawlucha|Sky Attack|p1a: Keldeo","|-crit|p1a: Keldeo","|-supereffective|p1a: Keldeo","|-damage|p1a: Keldeo|0 fnt","|faint|p1a: Keldeo","|","|win|DOBBY IS DANK"],"p1rating":{"entryid":"10847","serverid":"eos","formatid":"monotype","userid":"gtxcool","username":"GTX♅Cool","w":"1","l":7,"t":"0","gxe":32.9,"r":"1342.945816768","rd":"99.186710102519","sigma":"0","rptime":"1439888400","rpr":1361.4559202217,"rprd":93.825628087519,"rpsigma":"0","acre":1024,"lacre":1024,"oldacre":"1040"},"p2rating":{"entryid":"81776","serverid":"eos","formatid":"monotype","userid":"dobbyisdank","username":"DOBBY IS DANK","w":2,"l":"1","t":"0","gxe":52.6,"r":"1500","rd":"130","sigma":"0","rptime":"1439888400","rpr":1520.4706898037,"rprd":112.06779107254,"rpsigma":"0","acre":1074,"lacre":1074,"oldacre":"1040"},"endType":"normal"}