{"seed":[2670,44432,46712,39900],"turns":33,"p1":"Rain Dank Tank","p2":"V Photon - ⓈⓁⒺⒺⓅ","p1team":[{"name":"Massacrebringer","species":"bisharp","item":"choicescarf","ability":"Defiant","moves":["brickbreak","suckerpunch","knockoff","ironhead"],"nature":"Jolly","evs":{"hp":0,"atk":252,"def":0,"spa":0,"spd":4,"spe":252},"gender":"M","shiny":true,"ivs":{"hp":31,"atk":31,"def":31,"spa":31,"spd":31,"spe":31}},{"name":"Icebringer","species":"weavile","item":"choicescarf","ability":"Pressure","moves":["iceshard","iciclecrash","knockoff","brickbreak"],"nature":"Adamant","evs":{"hp":0,"atk":252,"def":0,"spa":0,"spd":4,"spe":252},"gender":"F","ivs":{"hp":31,"atk":31,"def":31,"spa":31,"spd":31,"spe":31}},{"name":"Hellbringer","species":"mandibuzz","item":"leftovers","ability":"Overcoat","moves":["toxic","roost","foulplay","whirlwind"],"nature":"Bold","evs":{"hp":252,"atk":0,"def":252,"spa":0,"spd":4,"spe":0},"shiny":true,"ivs":{"hp":31,"atk":31,"def":31,"spa":31,"spd":31,"spe":31}},{"name":"Nightbringer","species":"zoroark","item":"choicespecs","ability":"Illusion","moves":["darkpulse","flamethrower","trick","extrasensory"],"nature":"Timid","evs":{"hp":0,"atk":0,"def":0,"spa":252,"spd":4,"spe":252},"gender":"F","shiny":true,"ivs":{"hp":31,"atk":31,"def":31,"spa":31,"spd":31,"spe":31}},{"name":"Deathbringer","species":"absol","item":"absolite","ability":"Super Luck","moves":["darkpulse","thunderbolt","flamethrower","icebeam"],"nature":"Timid","evs":{"hp":0,"atk":0,"def":0,"spa":252,"spd":4,"spe":252},"gender":"F","shiny":true,"ivs":{"hp":31,"atk":31,"def":31,"spa":31,"spd":31,"spe":31}},{"name":"Chaosbringer","species":"hydreigon","item":"choicescarf","ability":"Levitate","moves":["dracometeor","flamethrower","flashcannon","darkpulse"],"nature":"Timid","evs":{"hp":0,"atk":0,"def":0,"spa":252,"spd":4,"spe":252},"gender":"M","shiny":true,"ivs":{"hp":31,"atk":31,"def":31,"spa":31,"spd":31,"spe":31}}],"p2team":[{"name":"Cradily","species":"Cradily","item":"leftovers","ability":"Storm Drain","moves":["rockslide","stockpile","recover","stealthrock"],"nature":"Careful","evs":{"hp":252,"atk":4,"def":0,"spa":0,"spd":252,"spe":0},"ivs":{"hp":31,"atk":30,"def":31,"spa":30,"spd":31,"spe":30}},{"name":"Ferrothorn","species":"Ferrothorn","item":"rockyhelmet","ability":"Iron Barbs","moves":["curse","gyroball","leechseed","thunderwave"],"nature":"Relaxed","evs":{"hp":252,"atk":0,"def":120,"spa":0,"spd":136,"spe":0},"ivs":{"hp":31,"atk":31,"def":31,"spa":31,"spd":31,"spe":0}},{"name":"Rotom-Mow","species":"Rotom-Mow","item":"weaknesspolicy","ability":"Levitate","moves":["thunderbolt","willowisp","rest","sleeptalk"],"nature":"Calm","evs":{"hp":248,"atk":0,"def":0,"spa":8,"spd":252,"spe":0},"ivs":{"hp":31,"atk":31,"def":31,"spa":31,"spd":31,"spe":31}},{"name":"Venusaur","species":"Venusaur","item":"venusaurite","ability":"Overgrow","moves":["earthquake","petalblizzard","synthesis","curse"],"nature":"Adamant","evs":{"hp":248,"atk":252,"def":0,"spa":0,"spd":8,"spe":0},"ivs":{"hp":31,"atk":31,"def":31,"spa":31,"spd":31,"spe":31}},{"name":"Celebi","species":"Celebi","item":"choicescarf","ability":"Natural Cure","moves":["psychic","dazzlinggleam","ancientpower","earthpower"],"nature":"Timid","evs":{"hp":4,"atk":0,"def":0,"spa":252,"spd":0,"spe":252},"ivs":{"hp":31,"atk":31,"def":31,"spa":31,"spd":31,"spe":31}},{"name":"Serperior","species":"Serperior","item":"lifeorb","ability":"Contrary","moves":["leafstorm","hiddenpowerrock","dragonpulse","glare"],"nature":"Timid","evs":{"hp":0,"atk":0,"def":0,"spa":252,"spd":4,"spe":252},"ivs":{"hp":31,"atk":31,"def":30,"spa":31,"spd":30,"spe":30}}],"log":["|player|p1|Rain Dank Tank|blankayrus.png","|player|p2|V Photon - ⓈⓁⒺⒺⓅ|66","|gametype|singles","|gen|6","|tier|Monotype","|rated","|rule|Baton Pass Clause: Limit one Baton Passer, can't pass Spe and other stats simultaneously","|rule|Swagger Clause: Swagger is banned","|rule|Same Type Clause: Pokémon in a team must share a type","|clearpoke","|poke|p1|Bisharp, M, shiny","|poke|p1|Weavile, F","|poke|p1|Mandibuzz, F, shiny","|poke|p1|Zoroark, F, shiny","|poke|p1|Absol, F, shiny","|poke|p1|Hydreigon, M, shiny","|poke|p2|Cradily, M","|poke|p2|Ferrothorn, M","|poke|p2|Rotom-Mow","|poke|p2|Venusaur, F","|poke|p2|Celebi","|poke|p2|Serperior, F","|rule|Sleep Clause Mod: Limit one foe put to sleep","|rule|Species Clause: Limit one of each Pokémon","|rule|OHKO Clause: OHKO moves are banned","|rule|Moody Clause: Moody is banned","|rule|Evasion Moves Clause: Evasion moves are banned","|rule|Endless Battle Clause: Forcing endless battles is banned","|rule|HP Percentage Mod: HP is shown in percentages","|teampreview","|","|start","|switch|p1a: Hellbringer|Mandibuzz, F, shiny|424/424","|switch|p2a: Rotom-Mow|Rotom-Mow|303/303","|turn|1","|","|move|p2a: Rotom-Mow|Will-O-Wisp|p1a: Hellbringer","|-status|p1a: Hellbringer|brn","|move|p1a: Hellbringer|Toxic|p2a: Rotom-Mow","|-status|p2a: Rotom-Mow|tox","|","|-damage|p2a: Rotom-Mow|285/303 tox|[from] psn","|-damage|p1a: Hellbringer|371/424 brn|[from] brn","|turn|2","|","|switch|p2a: Ferrothorn|Ferrothorn, M|352/352","|move|p1a: Hellbringer|Roost|p1a: Hellbringer","|-heal|p1a: Hellbringer|424/424 brn","|","|-damage|p1a: Hellbringer|371/424 brn|[from] brn","|turn|3","|","|move|p2a: Ferrothorn|Thunder Wave|p1a: Hellbringer","|-fail|p1a: Hellbringer","|move|p1a: Hellbringer|Whirlwind|p2a: Ferrothorn","|drag|p2a: Venusaur|Venusaur, F|363/363","|","|-heal|p1a: Hellbringer|397/424 brn|[from] item: Leftovers","|-damage|p1a: Hellbringer|344/424 brn|[from] brn","|turn|4","|","|detailschange|p2a: Venusaur|Venusaur-Mega, F","|-mega|p2a: Venusaur|Venusaur|Venusaurite","|move|p2a: Venusaur|Petal Blizzard|p1a: Hellbringer","|-resisted|p1a: Hellbringer","|-damage|p1a: Hellbringer|291/424 brn","|move|p1a: Hellbringer|Foul Play|p2a: Venusaur","|-damage|p2a: Venusaur|295/363","|","|-heal|p1a: Hellbringer|317/424 brn|[from] item: Leftovers","|-damage|p1a: Hellbringer|264/424 brn|[from] brn","|turn|5","|","|switch|p2a: Ferrothorn|Ferrothorn, M|352/352","|move|p1a: Hellbringer|Foul Play|p2a: Ferrothorn","|-damage|p2a: Ferrothorn|318/352","|-damage|p1a: Hellbringer|211/424 brn|[from] ability: Iron Barbs|[of] p2a: Ferrothorn","|-damage|p1a: Hellbringer|141/424 brn|[from] item: Rocky Helmet|[of] p2a: Ferrothorn","|","|-heal|p1a: Hellbringer|167/424 brn|[from] item: Leftovers","|-damage|p1a: Hellbringer|114/424 brn|[from] brn","|turn|6","|","|move|p1a: Hellbringer|Roost|p1a: Hellbringer","|-heal|p1a: Hellbringer|326/424 brn","|move|p2a: Ferrothorn|Gyro Ball|p1a: Hellbringer","|-damage|p1a: Hellbringer|226/424 brn","|","|-heal|p1a: Hellbringer|252/424 brn|[from] item: Leftovers","|-damage|p1a: Hellbringer|199/424 brn|[from] brn","|turn|7","|","|move|p2a: Ferrothorn|Leech Seed|p1a: Hellbringer","|-start|p1a: Hellbringer|move: Leech Seed","|move|p1a: Hellbringer|Whirlwind|p2a: Ferrothorn","|drag|p2a: Rotom-Mow|Rotom-Mow|285/303 tox","|","|-heal|p1a: Hellbringer|225/424 brn|[from] item: Leftovers","|-damage|p1a: Hellbringer|172/424 brn|[from] Leech Seed|[of] p2a: Rotom-Mow","|-heal|p2a: Rotom-Mow|303/303 tox|[silent]","|-damage|p2a: Rotom-Mow|285/303 tox|[from] psn","|-damage|p1a: Hellbringer|119/424 brn|[from] brn","|turn|8","|","|move|p2a: Rotom-Mow|Thunderbolt|p1a: Hellbringer","|-supereffective|p1a: Hellbringer","|-damage|p1a: Hellbringer|0 fnt","|faint|p1a: Hellbringer","|","|-damage|p2a: Rotom-Mow|249/303 tox|[from] psn","|","|switch|p1a: Chaosbringer|Hydreigon, M, shiny|325/325","|turn|9","|","|switch|p2a: Cradily|Cradily, M|376/376","|move|p1a: Chaosbringer|Draco Meteor|p2a: Cradily","|-damage|p2a: Cradily|228/376","|-unboost|p1a: Chaosbringer|spa|2","|","|-heal|p2a: Cradily|251/376|[from] item: Leftovers","|turn|10","|","|switch|p1a: Massacrebringer|Bisharp, M, shiny|271/271","|move|p2a: Cradily|Stealth Rock|p1a: Massacrebringer","|-sidestart|p1: Rain Dank Tank|move: Stealth Rock","|","|-heal|p2a: Cradily|274/376|[from] item: Leftovers","|turn|11","|","|switch|p2a: Venusaur|Venusaur-Mega, F|295/363","|move|p1a: Massacrebringer|Knock Off|p2a: Venusaur","|-damage|p2a: Venusaur|202/363","|","|turn|12","|","|switch|p1a: Chaosbringer|Hydreigon, M, shiny|325/325","|-damage|p1a: Chaosbringer|285/325|[from] Stealth Rock","|move|p2a: Venusaur|Synthesis|p2a: Venusaur","|-heal|p2a: Venusaur|363/363","|","|turn|13","|","|switch|p2a: Cradily|Cradily, M|274/376","|move|p1a: Chaosbringer|Dark Pulse|p2a: Cradily","|-damage|p2a: Cradily|169/376","|","|-heal|p2a: Cradily|192/376|[from] item: Leftovers","|turn|14","|","|move|p1a: Chaosbringer|Dark Pulse|p2a: Cradily","|-damage|p2a: Cradily|101/376","|move|p2a: Cradily|Recover|p2a: Cradily","|-heal|p2a: Cradily|289/376","|","|-heal|p2a: Cradily|312/376|[from] item: Leftovers","|turn|15","|","|move|p1a: Chaosbringer|Dark Pulse|p2a: Cradily","|-damage|p2a: Cradily|218/376","|move|p2a: Cradily|Rock Slide|p1a: Chaosbringer","|-damage|p1a: Chaosbringer|204/325","|","|-heal|p2a: Cradily|241/376|[from] item: Leftovers","|turn|16","|","|move|p1a: Chaosbringer|Dark Pulse|p2a: Cradily","|-damage|p2a: Cradily|147/376","|move|p2a: Cradily|Recover|p2a: Cradily","|-heal|p2a: Cradily|335/376","|","|-heal|p2a: Cradily|358/376|[from] item: Leftovers","|turn|17","|","|switch|p1a: Deathbringer|Absol, F, shiny|261/261","|-damage|p1a: Deathbringer|229/261|[from] Stealth Rock","|move|p2a: Cradily|Rock Slide|p1a: Deathbringer","|replace|p1a: Nightbringer|Zoroark, F, shiny|229/261","|-damage|p1a: Nightbringer|115/261","|","|-heal|p2a: Cradily|376/376|[from] item: Leftovers","|turn|18","|","|move|p1a: Nightbringer|Dark Pulse|p2a: Cradily","|-damage|p2a: Cradily|229/376","|move|p2a: Cradily|Rock Slide|p1a: Nightbringer","|-damage|p1a: Nightbringer|3/261","|","|-heal|p2a: Cradily|252/376|[from] item: Leftovers","|turn|19","|","|move|p1a: Nightbringer|Dark Pulse|p2a: Cradily","|-crit|p2a: Cradily","|-damage|p2a: Cradily|41/376","|move|p2a: Cradily|Rock Slide|p1a: Nightbringer","|-damage|p1a: Nightbringer|0 fnt","|faint|p1a: Nightbringer","|","|-heal|p2a: Cradily|64/376|[from] item: Leftovers","|","|switch|p1a: Chaosbringer|Hydreigon, M, shiny|204/325","|-damage|p1a: Chaosbringer|164/325|[from] Stealth Rock","|turn|20","|","|switch|p2a: Ferrothorn|Ferrothorn, M|318/352","|move|p1a: Chaosbringer|Flamethrower|p2a: Ferrothorn","|-supereffective|p2a: Ferrothorn","|-damage|p2a: Ferrothorn|2/352","|","|turn|21","|","|move|p1a: Chaosbringer|Flamethrower|p2a: Ferrothorn","|-supereffective|p2a: Ferrothorn","|-damage|p2a: Ferrothorn|0 fnt","|faint|p2a: Ferrothorn","|","|","|switch|p2a: Celebi|Celebi|342/342","|turn|22","|","|move|p2a: Celebi|Dazzling Gleam|p1a: Chaosbringer","|-supereffective|p1a: Chaosbringer","|-damage|p1a: Chaosbringer|0 fnt","|faint|p1a: Chaosbringer","|","|","|switch|p1a: Icebringer|Weavile, F|281/281","|-damage|p1a: Icebringer|211/281|[from] Stealth Rock","|-ability|p1a: Icebringer|Pressure","|turn|23","|","|move|p1a: Icebringer|Icicle Crash|p2a: Celebi","|-supereffective|p2a: Celebi","|-damage|p2a: Celebi|10/342","|move|p2a: Celebi|Dazzling Gleam|p1a: Icebringer","|-supereffective|p1a: Icebringer","|-damage|p1a: Icebringer|35/281","|","|turn|24","|","|switch|p2a: Cradily|Cradily, M|64/376","|move|p1a: Icebringer|Icicle Crash|p2a: Cradily|[miss]","|-miss|p1a: Icebringer|p2a: Cradily","|","|-heal|p2a: Cradily|87/376|[from] item: Leftovers","|turn|25","|","|move|p1a: Icebringer|Icicle Crash|p2a: Cradily","|-supereffective|p2a: Cradily","|-damage|p2a: Cradily|0 fnt","|faint|p2a: Cradily","|","|","|switch|p2a: Venusaur|Venusaur-Mega, F|363/363","|turn|26","|","|move|p1a: Icebringer|Icicle Crash|p2a: Venusaur","|-supereffective|p2a: Venusaur","|-damage|p2a: Venusaur|223/363","|move|p2a: Venusaur|Earthquake|p1a: Icebringer","|-damage|p1a: Icebringer|0 fnt","|faint|p1a: Icebringer","|","|","|switch|p1a: Deathbringer|Absol, F, shiny|271/271","|-damage|p1a: Deathbringer|238/271|[from] Stealth Rock","|turn|27","|","|detailschange|p1a: Deathbringer|Absol-Mega, F, shiny","|-mega|p1a: Deathbringer|Absol|Absolite","|move|p1a: Deathbringer|Dark Pulse|p2a: Venusaur","|-damage|p2a: Venusaur|102/363","|cant|p2a: Venusaur|flinch","|","|turn|28","|","|move|p1a: Deathbringer|Dark Pulse|p2a: Venusaur","|-damage|p2a: Venusaur|0 fnt","|faint|p2a: Venusaur","|","|","|switch|p2a: Serperior|Serperior, F|291/291","|turn|29","|","|move|p1a: Deathbringer|Ice Beam|p2a: Serperior","|-supereffective|p2a: Serperior","|-damage|p2a: Serperior|75/291","|move|p2a: Serperior|Leaf Storm|p1a: Deathbringer","|-damage|p1a: Deathbringer|0 fnt","|-boost|p2a: Serperior|spa|2","|-damage|p2a: Serperior|46/291|[from] item: Life Orb","|faint|p1a: Deathbringer","|","|","|switch|p1a: Massacrebringer|Bisharp, M, shiny|271/271","|-damage|p1a: Massacrebringer|255/271|[from] Stealth Rock","|turn|30","|","|move|p1a: Massacrebringer|Knock Off|p2a: Serperior","|-damage|p2a: Serperior|0 fnt","|-enditem|p2a: Serperior|Life Orb|[from] move: Knock Off|[of] p1a: Massacrebringer","|faint|p2a: Serperior","|","|","|switch|p2a: Rotom-Mow|Rotom-Mow|249/303 tox","|turn|31","|","|move|p1a: Massacrebringer|Knock Off|p2a: Rotom-Mow","|-damage|p2a: Rotom-Mow|77/303 tox","|-enditem|p2a: Rotom-Mow|Weakness Policy|[from] move: Knock Off|[of] p1a: Massacrebringer","|move|p2a: Rotom-Mow|Will-O-Wisp|p1a: Massacrebringer|[miss]","|-miss|p2a: Rotom-Mow|p1a: Massacrebringer","|","|-damage|p2a: Rotom-Mow|59/303 tox|[from] psn","|turn|32","|","|move|p1a: Massacrebringer|Knock Off|p2a: Rotom-Mow","|-damage|p2a: Rotom-Mow|0 fnt","|faint|p2a: Rotom-Mow","|","|","|switch|p2a: Celebi|Celebi|10/342","|turn|33","|","|move|p2a: Celebi|Earth Power|p1a: Massacrebringer","|-supereffective|p1a: Massacrebringer","|-damage|p1a: Massacrebringer|11/271","|move|p1a: Massacrebringer|Knock Off|p2a: Celebi","|-supereffective|p2a: Celebi","|-damage|p2a: Celebi|0 fnt","|-enditem|p2a: Celebi|Choice Scarf|[from] move: Knock Off|[of] p1a: Massacrebringer","|faint|p2a: Celebi","|","|win|Rain Dank Tank"],"p1rating":{"entryid":"44200","serverid":"eos","formatid":"monotype","userid":"raindanktank","username":"Rain Dank Tank","w":2,"l":"0","t":"0","gxe":59.5,"r":"1500","rd":"130","sigma":"0","rptime":"1439888400","rpr":1576.7451873025,"rprd":116.75444686792,"rpsigma":"0","acre":1072.8490505032,"lacre":1072.8490505032,"oldacre":"1041.2919849419"},"p2rating":{"entryid":"24749","serverid":"eos","formatid":"monotype","userid":"vphoton","username":"V Photon - ⓈⓁⒺⒺⓅ","w":"1","l":3,"t":"0","gxe":42.3,"r":"1540.1606143388","rd":"122.8583080769","sigma":"0","rptime":"1439888400","rpr":1438.9350049567,"rprd":107.05899313815,"rpsigma":"0","acre":1006.2677370161,"lacre":1006.2677370161,"oldacre":"1018.1427966946"},"endType":"normal"}