{"seed":[43583,1289,38625,37800],"turns":27,"p1":"Dragotic","p2":"Guard Wanderer","p1team":[{"name":"Charizard","species":"Charizard","item":"charizarditey","ability":"Blaze","moves":["airslash","dragonpulse","flamethrower","solarbeam"],"nature":"Timid","evs":{"hp":0,"atk":0,"def":0,"spa":252,"spd":4,"spe":252},"ivs":{"hp":31,"atk":31,"def":31,"spa":31,"spd":31,"spe":31}},{"name":"Volcarona","species":"Volcarona","item":"focussash","ability":"Flame Body","moves":["quiverdance","gigadrain","bugbuzz","fierydance"],"nature":"Modest","evs":{"hp":0,"atk":0,"def":0,"spa":252,"spd":4,"spe":252},"ivs":{"hp":31,"atk":31,"def":31,"spa":31,"spd":31,"spe":31}},{"name":"Infernape","species":"Infernape","item":"choiceband","ability":"Iron Fist","moves":["stoneedge","closecombat","flareblitz","thunderpunch"],"nature":"Jolly","evs":{"hp":0,"atk":252,"def":0,"spa":0,"spd":4,"spe":252},"ivs":{"hp":31,"atk":31,"def":31,"spa":31,"spd":31,"spe":31}},{"name":"Entei","species":"Entei","item":"choicescarf","ability":"Pressure","moves":["extremespeed","sacredfire","stoneedge","ironhead"],"nature":"Adamant","evs":{"hp":0,"atk":252,"def":0,"spa":0,"spd":4,"spe":252},"shiny":true,"ivs":{"hp":31,"atk":31,"def":31,"spa":31,"spd":31,"spe":31}},{"name":"Heatran","species":"Heatran","item":"airballoon","ability":"Flash Fire","moves":["hiddenpowerice","flashcannon","earthpower","lavaplume"],"nature":"Modest","evs":{"hp":204,"atk":0,"def":28,"spa":252,"spd":24,"spe":0},"ivs":{"hp":31,"atk":30,"def":30,"spa":31,"spd":31,"spe":31}},{"name":"Torkoal","species":"Torkoal","item":"passhoberry","ability":"Shell Armor","moves":["yawn","stealthrock","rapidspin","lavaplume"],"nature":"Bold","evs":{"hp":248,"atk":0,"def":252,"spa":8,"spd":0,"spe":0},"ivs":{"hp":31,"atk":31,"def":31,"spa":31,"spd":31,"spe":31}}],"p2team":[{"name":"Weezing","species":"Weezing","item":"sitrusberry","ability":"Levitate","moves":["toxicspikes","willowisp","memento","thief"],"nature":"Careful","evs":{"hp":248,"atk":8,"def":0,"spa":0,"spd":252,"spe":0},"ivs":{"hp":31,"atk":31,"def":31,"spa":31,"spd":31,"spe":31}},{"name":"Tentacruel","species":"Tentacruel","item":"assaultvest","ability":"Liquid Ooze","moves":["scald","acidspray","gigadrain","hex"],"nature":"Timid","evs":{"hp":0,"atk":0,"def":4,"spa":252,"spd":0,"spe":252},"ivs":{"hp":31,"atk":31,"def":31,"spa":31,"spd":31,"spe":31}},{"name":"Skuntank","species":"Skuntank","item":"","ability":"Stench","moves":["snatch","thief","suckerpunch","poisonjab"],"nature":"Adamant","evs":{"hp":248,"atk":252,"def":0,"spa":0,"spd":8,"spe":0},"ivs":{"hp":31,"atk":31,"def":31,"spa":31,"spd":31,"spe":31}},{"name":"Crobat","species":"Crobat","item":"whiteherb","ability":"Infiltrator","moves":["curse","acrobatics","roost","hypnosis"],"nature":"Jolly","evs":{"hp":248,"atk":8,"def":0,"spa":0,"spd":0,"spe":252},"ivs":{"hp":31,"atk":31,"def":31,"spa":31,"spd":31,"spe":31}},{"name":"Gengar","species":"Gengar","item":"choicescarf","ability":"Levitate","moves":["trick","destinybond","venoshock","hex"],"nature":"Timid","evs":{"hp":0,"atk":0,"def":0,"spa":252,"spd":4,"spe":252},"ivs":{"hp":31,"atk":31,"def":31,"spa":31,"spd":31,"spe":31}},{"name":"Amoonguss","species":"Amoonguss","item":"blacksludge","ability":"Regenerator","moves":["spore","gigadrain","gastroacid","stunspore"],"nature":"Calm","evs":{"hp":248,"atk":0,"def":0,"spa":8,"spd":252,"spe":0},"shiny":true,"ivs":{"hp":31,"atk":31,"def":31,"spa":31,"spd":31,"spe":31}}],"log":["|player|p1|Dragotic|169","|player|p2|Guard Wanderer|235","|gametype|singles","|gen|6","|tier|Monotype","|rated","|rule|Baton Pass Clause: Limit one Baton Passer, can't pass Spe and other stats simultaneously","|rule|Swagger Clause: Swagger is banned","|rule|Same Type Clause: Pokémon in a team must share a type","|clearpoke","|poke|p1|Charizard, F","|poke|p1|Volcarona, F","|poke|p1|Infernape, F","|poke|p1|Entei, shiny","|poke|p1|Heatran, F","|poke|p1|Torkoal, F","|poke|p2|Weezing, F","|poke|p2|Tentacruel, F","|poke|p2|Skuntank, F","|poke|p2|Crobat, F","|poke|p2|Gengar, M","|poke|p2|Amoonguss, M, shiny","|rule|Sleep Clause Mod: Limit one foe put to sleep","|rule|Species Clause: Limit one of each Pokémon","|rule|OHKO Clause: OHKO moves are banned","|rule|Moody Clause: Moody is banned","|rule|Evasion Moves Clause: Evasion moves are banned","|rule|Endless Battle Clause: Forcing endless battles is banned","|rule|HP Percentage Mod: HP is shown in percentages","|teampreview","|","|start","|switch|p1a: Torkoal|Torkoal, F|343/343","|switch|p2a: Amoonguss|Amoonguss, M, shiny|431/431","|turn|1","|","|move|p2a: Amoonguss|Spore|p1a: Torkoal","|-status|p1a: Torkoal|slp","|cant|p1a: Torkoal|slp","|","|turn|2","|","|switch|p2a: Weezing|Weezing, F|333/333","|switch|p1a: Volcarona|Volcarona, F|311/311","|","|turn|3","|","|move|p1a: Volcarona|Quiver Dance|p1a: Volcarona","|-boost|p1a: Volcarona|spa|1","|-boost|p1a: Volcarona|spd|1","|-boost|p1a: Volcarona|spe|1","|move|p2a: Weezing|Toxic Spikes|p1a: Volcarona","|-sidestart|p1: Dragotic|move: Toxic Spikes","|","|turn|4","|","|switch|p2a: Tentacruel|Tentacruel, F|301/301","|move|p1a: Volcarona|Fiery Dance|p2a: Tentacruel","|-resisted|p2a: Tentacruel","|-damage|p2a: Tentacruel|236/301","|-boost|p1a: Volcarona|spa|1","|","|turn|5","|","|move|p1a: Volcarona|Giga Drain|p2a: Tentacruel","|-damage|p2a: Tentacruel|119/301","|-damage|p1a: Volcarona|252/311|[from] ability: Liquid Ooze|[of] p2a: Tentacruel","|move|p2a: Tentacruel|Acid Spray|p1a: Volcarona","|-damage|p1a: Volcarona|219/311","|-unboost|p1a: Volcarona|spd|2","|","|turn|6","|","|move|p1a: Volcarona|Bug Buzz|p2a: Tentacruel","|-resisted|p2a: Tentacruel","|-damage|p2a: Tentacruel|16/301","|move|p2a: Tentacruel|Scald|p1a: Volcarona","|-crit|p1a: Volcarona","|-supereffective|p1a: Volcarona","|-damage|p1a: Volcarona|0 fnt","|faint|p1a: Volcarona","|","|","|switch|p1a: Charizard|Charizard, F|297/297","|turn|7","|","|detailschange|p1a: Charizard|Charizard-Mega-Y, F","|-mega|p1a: Charizard|Charizard|Charizardite Y","|-weather|SunnyDay","|move|p2a: Tentacruel|Acid Spray|p1a: Charizard","|-crit|p1a: Charizard","|-damage|p1a: Charizard|227/297","|-unboost|p1a: Charizard|spd|2","|move|p1a: Charizard|Flamethrower|p2a: Tentacruel","|-resisted|p2a: Tentacruel","|-damage|p2a: Tentacruel|0 fnt","|faint|p2a: Tentacruel","|","|-weather|SunnyDay|[upkeep]","|","|switch|p2a: Gengar|Gengar, M|261/261","|turn|8","|","|switch|p1a: Torkoal|Torkoal, F|343/343 slp","|move|p2a: Gengar|Hex|p1a: Torkoal","|-damage|p1a: Torkoal|18/343 slp","|","|-weather|SunnyDay|[upkeep]","|turn|9","|","|move|p2a: Gengar|Hex|p1a: Torkoal","|-damage|p1a: Torkoal|0 fnt","|faint|p1a: Torkoal","|","|-weather|SunnyDay|[upkeep]","|","|switch|p1a: Heatran|Heatran, F|374/374","|-item|p1a: Heatran|Air Balloon","|turn|10","|","|switch|p2a: Weezing|Weezing, F|333/333","|move|p1a: Heatran|Lava Plume|p2a: Weezing","|-damage|p2a: Weezing|120/333","|-status|p2a: Weezing|brn","|-enditem|p2a: Weezing|Sitrus Berry|[eat]","|-heal|p2a: Weezing|203/333 brn|[from] item: Sitrus Berry","|","|-weather|SunnyDay|[upkeep]","|-damage|p2a: Weezing|162/333 brn|[from] brn","|turn|11","|","|move|p1a: Heatran|Earth Power|p2a: Weezing","|-immune|p2a: Weezing|[msg]","|move|p2a: Weezing|Thief|p1a: Heatran","|-damage|p1a: Heatran|354/374","|-enditem|p1a: Heatran|Air Balloon","|","|-weather|none","|-damage|p2a: Weezing|121/333 brn|[from] brn","|turn|12","|","|move|p1a: Heatran|Lava Plume|p2a: Weezing","|-damage|p2a: Weezing|0 fnt","|faint|p2a: Weezing","|","|","|switch|p2a: Amoonguss|Amoonguss, M, shiny|431/431","|turn|13","|","|move|p1a: Heatran|Lava Plume|p2a: Amoonguss","|-crit|p2a: Amoonguss","|-supereffective|p2a: Amoonguss","|-damage|p2a: Amoonguss|63/431","|move|p2a: Amoonguss|Spore|p1a: Heatran","|-status|p1a: Heatran|slp","|","|-heal|p2a: Amoonguss|89/431|[from] item: Black Sludge","|turn|14","|","|switch|p1a: Charizard|Charizard-Mega-Y, F|227/297","|-weather|SunnyDay","|move|p2a: Amoonguss|Stun Spore|p1a: Charizard","|-status|p1a: Charizard|par","|","|-weather|SunnyDay|[upkeep]","|-heal|p2a: Amoonguss|115/431|[from] item: Black Sludge","|turn|15","|","|move|p2a: Amoonguss|Giga Drain|p1a: Charizard","|-resisted|p1a: Charizard","|-damage|p1a: Charizard|210/297 par","|-heal|p2a: Amoonguss|124/431|[from] drain|[of] p1a: Charizard","|move|p1a: Charizard|Flamethrower|p2a: Amoonguss","|-supereffective|p2a: Amoonguss","|-damage|p2a: Amoonguss|0 fnt","|faint|p2a: Amoonguss","|","|-weather|SunnyDay|[upkeep]","|","|switch|p2a: Gengar|Gengar, M|261/261","|turn|16","|","|move|p2a: Gengar|Hex|p1a: Charizard","|-damage|p1a: Charizard|9/297 par","|move|p1a: Charizard|Flamethrower|p2a: Gengar","|-damage|p2a: Gengar|0 fnt","|faint|p2a: Gengar","|","|-weather|SunnyDay|[upkeep]","|","|switch|p2a: Skuntank|Skuntank, F|409/409","|turn|17","|","|switch|p1a: Heatran|Heatran, F|354/374 slp","|move|p2a: Skuntank|Sucker Punch|p1a: Heatran","|-fail|p2a: Skuntank","|","|-weather|SunnyDay|[upkeep]","|turn|18","|","|move|p2a: Skuntank|Thief|p1a: Heatran","|-damage|p1a: Heatran|260/374 slp","|cant|p1a: Heatran|slp","|","|-weather|none","|turn|19","|","|move|p2a: Skuntank|Sucker Punch|p1a: Heatran","|-damage|p1a: Heatran|151/374 slp","|cant|p1a: Heatran|slp","|","|turn|20","|","|move|p2a: Skuntank|Thief|p1a: Heatran","|-damage|p1a: Heatran|63/374 slp","|-curestatus|p1a: Heatran|slp","|cant|p1a: Heatran|flinch","|","|turn|21","|","|move|p2a: Skuntank|Sucker Punch|p1a: Heatran","|-damage|p1a: Heatran|0 fnt","|faint|p1a: Heatran","|","|","|switch|p1a: Entei|Entei, shiny|371/371","|-status|p1a: Entei|psn","|-ability|p1a: Entei|Pressure","|turn|22","|","|move|p2a: Skuntank|Sucker Punch|p1a: Entei","|-damage|p1a: Entei|220/371 psn","|move|p1a: Entei|Sacred Fire|p2a: Skuntank","|-damage|p2a: Skuntank|166/409","|","|-damage|p1a: Entei|174/371 psn|[from] psn","|turn|23","|","|move|p2a: Skuntank|Sucker Punch|p1a: Entei","|-damage|p1a: Entei|23/371 psn","|cant|p1a: Entei|flinch","|","|-damage|p1a: Entei|0 fnt|[from] psn","|faint|p1a: Entei","|","|switch|p1a: Infernape|Infernape, F|293/293","|-status|p1a: Infernape|psn","|turn|24","|","|move|p1a: Infernape|Thunder Punch|p2a: Skuntank","|-damage|p2a: Skuntank|0 fnt","|faint|p2a: Skuntank","|","|-damage|p1a: Infernape|257/293 psn|[from] psn","|","|switch|p2a: Crobat|Crobat, F|373/373","|turn|25","|","|move|p2a: Crobat|Curse|p2a: Crobat","|-unboost|p2a: Crobat|spe|1","|-boost|p2a: Crobat|atk|1","|-boost|p2a: Crobat|def|1","|-enditem|p2a: Crobat|White Herb","|-restoreboost|p2a: Crobat|[silent]","|move|p1a: Infernape|Thunder Punch|p2a: Crobat","|-supereffective|p2a: Crobat","|-damage|p2a: Crobat|165/373","|","|-damage|p1a: Infernape|221/293 psn|[from] psn","|turn|26","|","|move|p2a: Crobat|Acrobatics|p1a: Infernape","|-supereffective|p1a: Infernape","|-damage|p1a: Infernape|0 fnt","|faint|p1a: Infernape","|","|","|switch|p1a: Charizard|Charizard-Mega-Y, F|9/297 par","|-weather|SunnyDay","|turn|27","|","|move|p2a: Crobat|Acrobatics|p1a: Charizard","|-damage|p1a: Charizard|0 fnt","|faint|p1a: Charizard","|","|win|Guard Wanderer"],"p1rating":{"entryid":11726,"formatid":"monotype","userid":"dragotic","username":"Dragotic","r":1500,"rd":130,"sigma":0,"rpr":1459.8393856612,"rprd":122.8583080769,"rpsigma":0,"rptime":1439802000,"w":0,"l":1,"t":0,"gxe":45,"acre":1000,"lacre":1000,"oldacre":1000},"p2rating":{"entryid":"9966","serverid":"eos","formatid":"monotype","userid":"guardwanderer","username":"Guard Wanderer","w":1,"l":"2","t":"0","gxe":45.8,"r":"1500","rd":"130","sigma":"0","rptime":"1439802000","rpr":1466.9108216389,"rprd":111.51861011339,"rpsigma":"0","acre":1040,"lacre":1040,"oldacre":"1000"},"endType":"normal"}