{"seed":[49069,39972,23317,33150],"turns":28,"p1":"Void Lonely","p2":"Sovereign♕Noble","p1team":[{"name":"Victini","species":"Victini","item":"choicescarf","ability":"Victory Star","moves":["uturn","energyball","vcreate","glaciate"],"nature":"Hasty","evs":{"hp":0,"atk":200,"def":0,"spa":56,"spd":0,"spe":252},"ivs":{"hp":31,"atk":31,"def":31,"spa":31,"spd":31,"spe":31}},{"name":"Charizard","species":"Charizard","item":"charizarditey","ability":"Blaze","moves":["flamethrower","roost","defog","solarbeam"],"nature":"Timid","evs":{"hp":0,"atk":0,"def":0,"spa":252,"spd":4,"spe":252},"ivs":{"hp":31,"atk":31,"def":31,"spa":31,"spd":31,"spe":31}},{"name":"Torkoal","species":"Torkoal","item":"leftovers","ability":"Shell Armor","moves":["stealthrock","yawn","lavaplume","rapidspin"],"nature":"Bold","evs":{"hp":252,"atk":0,"def":252,"spa":4,"spd":0,"spe":0},"ivs":{"hp":31,"atk":31,"def":31,"spa":31,"spd":31,"spe":31}},{"name":"Infernape","species":"Infernape","item":"choiceband","ability":"Blaze","moves":["uturn","flareblitz","closecombat","poisonjab"],"nature":"Jolly","evs":{"hp":0,"atk":252,"def":0,"spa":0,"spd":4,"spe":252},"ivs":{"hp":31,"atk":31,"def":31,"spa":31,"spd":31,"spe":31}},{"name":"Volcarona","species":"Volcarona","item":"lumberry","ability":"Flame Body","moves":["quiverdance","gigadrain","fierydance","hiddenpowerground"],"nature":"Modest","evs":{"hp":0,"atk":0,"def":0,"spa":252,"spd":4,"spe":252},"ivs":{"hp":31,"atk":31,"def":31,"spa":30,"spd":30,"spe":31}},{"name":"Arcanine","species":"Arcanine","item":"lifeorb","ability":"Intimidate","moves":["dragonpulse","wildcharge","morningsun","flareblitz"],"nature":"Naive","evs":{"hp":0,"atk":150,"def":51,"spa":4,"spd":51,"spe":252},"ivs":{"hp":31,"atk":31,"def":31,"spa":31,"spd":31,"spe":31}}],"p2team":[{"name":"Volcarona","species":"Volcarona","item":"passhoberry","ability":"Flame Body","moves":["quiverdance","fireblast","gigadrain","bugbuzz"],"nature":"Timid","evs":{"hp":72,"atk":0,"def":0,"spa":252,"spd":0,"spe":184},"ivs":{"hp":31,"atk":31,"def":31,"spa":31,"spd":31,"spe":31}},{"name":"Charizard","species":"Charizard","item":"charizarditex","ability":"Blaze","moves":["dragondance","flareblitz","dragonclaw","earthquake"],"nature":"Jolly","evs":{"hp":72,"atk":252,"def":0,"spa":0,"spd":0,"spe":184},"ivs":{"hp":31,"atk":31,"def":31,"spa":31,"spd":31,"spe":31}},{"name":"Infernape","species":"Infernape","item":"lifeorb","ability":"Iron Fist","moves":["fireblast","closecombat","machpunch","hiddenpowerice"],"nature":"Naive","evs":{"hp":0,"atk":168,"def":0,"spa":88,"spd":0,"spe":252},"ivs":{"hp":31,"atk":30,"def":30,"spa":31,"spd":31,"spe":31}},{"name":"Heatran","species":"Heatran","item":"leftovers","ability":"Flash Fire","moves":["lavaplume","toxic","taunt","stealthrock"],"nature":"Calm","evs":{"hp":248,"atk":0,"def":0,"spa":0,"spd":192,"spe":68},"ivs":{"hp":31,"atk":31,"def":31,"spa":31,"spd":31,"spe":31}},{"name":"Rotom-Heat","species":"Rotom-Heat","item":"leftovers","ability":"Levitate","moves":["overheat","voltswitch","willowisp","painsplit"],"nature":"Bold","evs":{"hp":252,"atk":0,"def":252,"spa":0,"spd":4,"spe":0},"ivs":{"hp":31,"atk":31,"def":31,"spa":31,"spd":31,"spe":31}},{"name":"Chandelure","species":"Chandelure","item":"choicescarf","ability":"Flash Fire","moves":["fireblast","shadowball","energyball","trick"],"nature":"Timid","evs":{"hp":0,"atk":0,"def":0,"spa":252,"spd":4,"spe":252},"ivs":{"hp":31,"atk":31,"def":31,"spa":31,"spd":31,"spe":31}}],"log":["|player|p1|Void Lonely|voidlonely.png","|player|p2|Sovereign♕Noble|153","|gametype|singles","|gen|6","|tier|Monotype","|rated","|rule|Baton Pass Clause: Limit one Baton Passer, can't pass Spe and other stats simultaneously","|rule|Swagger Clause: Swagger is banned","|rule|Same Type Clause: Pokémon in a team must share a type","|clearpoke","|poke|p1|Victini","|poke|p1|Charizard, M","|poke|p1|Torkoal, F","|poke|p1|Infernape, M","|poke|p1|Volcarona, M","|poke|p1|Arcanine, M","|poke|p2|Volcarona, F","|poke|p2|Charizard, M","|poke|p2|Infernape, F","|poke|p2|Heatran, F","|poke|p2|Rotom-Heat","|poke|p2|Chandelure, M","|rule|Sleep Clause Mod: Limit one foe put to sleep","|rule|Species Clause: Limit one of each Pokémon","|rule|OHKO Clause: OHKO moves are banned","|rule|Moody Clause: Moody is banned","|rule|Evasion Moves Clause: Evasion moves are banned","|rule|Endless Battle Clause: Forcing endless battles is banned","|rule|HP Percentage Mod: HP is shown in percentages","|teampreview","|","|start","|switch|p1a: Victini|Victini|341/341","|switch|p2a: Heatran|Heatran, F|385/385","|turn|1","|","|move|p1a: Victini|U-turn|p2a: Heatran","|-resisted|p2a: Heatran","|-damage|p2a: Heatran|369/385","|","|switch|p1a: Volcarona|Volcarona, M|311/311","|move|p2a: Heatran|Toxic|p1a: Volcarona","|-status|p1a: Volcarona|tox","|-enditem|p1a: Volcarona|Lum Berry|[eat]","|-curestatus|p1a: Volcarona|tox","|","|-heal|p2a: Heatran|385/385|[from] item: Leftovers","|turn|2","|","|move|p1a: Volcarona|Quiver Dance|p1a: Volcarona","|-boost|p1a: Volcarona|spa|1","|-boost|p1a: Volcarona|spd|1","|-boost|p1a: Volcarona|spe|1","|move|p2a: Heatran|Stealth Rock|p1a: Volcarona","|-sidestart|p1: Void Lonely|move: Stealth Rock","|","|turn|3","|","|move|p1a: Volcarona|Hidden Power|p2a: Heatran","|-supereffective|p2a: Heatran","|-damage|p2a: Heatran|17/385","|move|p2a: Heatran|Lava Plume|p1a: Volcarona","|-damage|p1a: Volcarona|239/311","|","|-heal|p2a: Heatran|41/385|[from] item: Leftovers","|turn|4","|","|move|p1a: Volcarona|Hidden Power|p2a: Heatran","|-supereffective|p2a: Heatran","|-damage|p2a: Heatran|0 fnt","|faint|p2a: Heatran","|","|","|switch|p2a: Charizard|Charizard, M|315/315","|turn|5","|","|detailschange|p2a: Charizard|Charizard-Mega-X, M","|-mega|p2a: Charizard|Charizard|Charizardite X","|move|p1a: Volcarona|Fiery Dance|p2a: Charizard","|-resisted|p2a: Charizard","|-damage|p2a: Charizard|242/315","|-boost|p1a: Volcarona|spa|1","|move|p2a: Charizard|Earthquake|p1a: Volcarona","|-damage|p1a: Volcarona|71/311","|","|turn|6","|","|move|p1a: Volcarona|Hidden Power|p2a: Charizard","|-supereffective|p2a: Charizard","|-damage|p2a: Charizard|0 fnt","|faint|p2a: Charizard","|","|","|switch|p2a: Rotom-Heat|Rotom-Heat|304/304","|turn|7","|","|move|p1a: Volcarona|Fiery Dance|p2a: Rotom-Heat","|-crit|p2a: Rotom-Heat","|-resisted|p2a: Rotom-Heat","|-damage|p2a: Rotom-Heat|79/304","|-boost|p1a: Volcarona|spa|1","|move|p2a: Rotom-Heat|Overheat|p1a: Volcarona","|-damage|p1a: Volcarona|0 fnt","|-unboost|p2a: Rotom-Heat|spa|2","|faint|p1a: Volcarona","|","|-heal|p2a: Rotom-Heat|98/304|[from] item: Leftovers","|","|switch|p1a: Torkoal|Torkoal, F|344/344","|-damage|p1a: Torkoal|258/344|[from] Stealth Rock","|turn|8","|","|move|p2a: Rotom-Heat|Pain Split|p1a: Torkoal","|-sethp|p1a: Torkoal|178/344|p2a: Rotom-Heat|178/304|[from] move: Pain Split","|move|p1a: Torkoal|Rapid Spin|p2a: Rotom-Heat","|-damage|p2a: Rotom-Heat|168/304","|-sideend|p1: Void Lonely|Stealth Rock|[from] move: Rapid Spin|[of] p1a: Torkoal","|","|-heal|p2a: Rotom-Heat|187/304|[from] item: Leftovers","|-heal|p1a: Torkoal|199/344|[from] item: Leftovers","|turn|9","|","|switch|p2a: Volcarona|Volcarona, F|329/329","|move|p1a: Torkoal|Stealth Rock|p2a: Volcarona","|-sidestart|p2: Sovereign♕Noble|move: Stealth Rock","|","|-heal|p1a: Torkoal|220/344|[from] item: Leftovers","|turn|10","|","|switch|p1a: Charizard|Charizard, M|297/297","|move|p2a: Volcarona|Quiver Dance|p2a: Volcarona","|-boost|p2a: Volcarona|spa|1","|-boost|p2a: Volcarona|spd|1","|-boost|p2a: Volcarona|spe|1","|","|turn|11","|","|detailschange|p1a: Charizard|Charizard-Mega-Y, M","|-mega|p1a: Charizard|Charizard|Charizardite Y","|-weather|SunnyDay","|move|p2a: Volcarona|Quiver Dance|p2a: Volcarona","|-boost|p2a: Volcarona|spa|1","|-boost|p2a: Volcarona|spd|1","|-boost|p2a: Volcarona|spe|1","|move|p1a: Charizard|Flamethrower|p2a: Volcarona","|-damage|p2a: Volcarona|184/329","|","|-weather|SunnyDay|[upkeep]","|turn|12","|","|switch|p1a: Victini|Victini|341/341","|move|p2a: Volcarona|Fire Blast|p1a: Victini","|-resisted|p1a: Victini","|-damage|p1a: Victini|45/341","|","|-weather|SunnyDay|[upkeep]","|turn|13","|","|move|p2a: Volcarona|Bug Buzz|p1a: Victini","|-damage|p1a: Victini|0 fnt","|faint|p1a: Victini","|","|-weather|SunnyDay|[upkeep]","|","|switch|p1a: Infernape|Infernape, M|293/293","|turn|14","|","|move|p2a: Volcarona|Fire Blast|p1a: Infernape","|-resisted|p1a: Infernape","|-damage|p1a: Infernape|0 fnt","|faint|p1a: Infernape","|","|-weather|SunnyDay|[upkeep]","|","|switch|p1a: Arcanine|Arcanine, M|321/321","|-ability|p1a: Arcanine|Intimidate","|-unboost|p2a: Volcarona|atk|1","|turn|15","|","|move|p2a: Volcarona|Bug Buzz|p1a: Arcanine","|-resisted|p1a: Arcanine","|-damage|p1a: Arcanine|108/321","|move|p1a: Arcanine|Flare Blitz|p2a: Volcarona","|-damage|p2a: Volcarona|0 fnt","|-damage|p1a: Arcanine|47/321|[from] recoil|[of] p2a: Volcarona","|-damage|p1a: Arcanine|15/321|[from] item: Life Orb","|faint|p2a: Volcarona","|","|-weather|none","|","|switch|p2a: Infernape|Infernape, F|293/293","|-damage|p2a: Infernape|257/293|[from] Stealth Rock","|turn|16","|","|move|p2a: Infernape|Mach Punch|p1a: Arcanine","|-crit|p1a: Arcanine","|-damage|p1a: Arcanine|0 fnt","|-damage|p2a: Infernape|228/293|[from] item: Life Orb","|faint|p1a: Arcanine","|","|","|switch|p1a: Torkoal|Torkoal, F|220/344","|turn|17","|","|switch|p2a: Chandelure|Chandelure, M|261/261","|-damage|p2a: Chandelure|196/261|[from] Stealth Rock","|move|p1a: Torkoal|Yawn|p2a: Chandelure","|-start|p2a: Chandelure|move: Yawn|[of] p1a: Torkoal","|","|-heal|p1a: Torkoal|241/344|[from] item: Leftovers","|turn|18","|","|move|p2a: Chandelure|Trick|p1a: Torkoal","|-activate|p2a: Chandelure|move: Trick|[of] p1a: Torkoal","|-item|p1a: Torkoal|Choice Scarf|[from] move: Trick","|-item|p2a: Chandelure|Leftovers|[from] move: Trick","|move|p1a: Torkoal|Lava Plume|p2a: Chandelure","|-start|p2a: Chandelure|ability: Flash Fire","|","|-end|p2a: Chandelure|move: Yawn|[silent]","|-status|p2a: Chandelure|slp","|-heal|p2a: Chandelure|212/261 slp|[from] item: Leftovers","|turn|19","|","|switch|p1a: Charizard|Charizard-Mega-Y, M|297/297","|-weather|SunnyDay","|cant|p2a: Chandelure|slp","|","|-weather|SunnyDay|[upkeep]","|-heal|p2a: Chandelure|228/261 slp|[from] item: Leftovers","|turn|20","|","|move|p1a: Charizard|Solar Beam|p2a: Chandelure|[still]","|-prepare|p1a: Charizard|Solar Beam|p2a: Chandelure","|-anim|p1a: Charizard|Solar Beam|p2a: Chandelure","|-resisted|p2a: Chandelure","|-damage|p2a: Chandelure|135/261 slp","|-curestatus|p2a: Chandelure|slp","|move|p2a: Chandelure|Shadow Ball|p1a: Charizard","|-damage|p1a: Charizard|165/297","|","|-weather|SunnyDay|[upkeep]","|-heal|p2a: Chandelure|151/261|[from] item: Leftovers","|turn|21","|","|move|p1a: Charizard|Solar Beam|p2a: Chandelure|[still]","|-prepare|p1a: Charizard|Solar Beam|p2a: Chandelure","|-anim|p1a: Charizard|Solar Beam|p2a: Chandelure","|-resisted|p2a: Chandelure","|-damage|p2a: Chandelure|62/261","|move|p2a: Chandelure|Shadow Ball|p1a: Charizard","|-damage|p1a: Charizard|32/297","|","|-weather|SunnyDay|[upkeep]","|-heal|p2a: Chandelure|78/261|[from] item: Leftovers","|turn|22","|","|move|p1a: Charizard|Solar Beam|p2a: Chandelure|[still]","|-prepare|p1a: Charizard|Solar Beam|p2a: Chandelure","|-anim|p1a: Charizard|Solar Beam|p2a: Chandelure","|-resisted|p2a: Chandelure","|-damage|p2a: Chandelure|0 fnt","|faint|p2a: Chandelure","|","|-weather|SunnyDay|[upkeep]","|","|switch|p2a: Rotom-Heat|Rotom-Heat|187/304","|-damage|p2a: Rotom-Heat|111/304|[from] Stealth Rock","|turn|23","|","|move|p1a: Charizard|Roost|p1a: Charizard","|-heal|p1a: Charizard|181/297","|move|p2a: Rotom-Heat|Volt Switch|p1a: Charizard","|-damage|p1a: Charizard|102/297","|","|switch|p2a: Infernape|Infernape, F|228/293","|-damage|p2a: Infernape|192/293|[from] Stealth Rock","|","|-weather|none","|turn|24","|","|switch|p1a: Torkoal|Torkoal, F|241/344","|move|p2a: Infernape|Hidden Power|p1a: Torkoal","|-resisted|p1a: Torkoal","|-damage|p1a: Torkoal|198/344","|-damage|p2a: Infernape|163/293|[from] item: Life Orb","|","|turn|25","|","|move|p2a: Infernape|Close Combat|p1a: Torkoal","|-damage|p1a: Torkoal|60/344","|-unboost|p2a: Infernape|def|1","|-unboost|p2a: Infernape|spd|1","|-damage|p2a: Infernape|134/293|[from] item: Life Orb","|move|p1a: Torkoal|Yawn|p2a: Infernape","|-start|p2a: Infernape|move: Yawn|[of] p1a: Torkoal","|","|turn|26","|","|move|p2a: Infernape|Close Combat|p1a: Torkoal","|-damage|p1a: Torkoal|0 fnt","|-unboost|p2a: Infernape|def|1","|-unboost|p2a: Infernape|spd|1","|-damage|p2a: Infernape|105/293|[from] item: Life Orb","|faint|p1a: Torkoal","|","|-end|p2a: Infernape|move: Yawn|[silent]","|-status|p2a: Infernape|slp","|","|switch|p1a: Charizard|Charizard-Mega-Y, M|102/297","|-weather|SunnyDay","|turn|27","|","|cant|p2a: Infernape|slp","|move|p1a: Charizard|Flamethrower|p2a: Infernape","|-resisted|p2a: Infernape","|-damage|p2a: Infernape|0 fnt","|faint|p2a: Infernape","|","|-weather|SunnyDay|[upkeep]","|","|switch|p2a: Rotom-Heat|Rotom-Heat|111/304","|-damage|p2a: Rotom-Heat|35/304|[from] Stealth Rock","|turn|28","|","|move|p1a: Charizard|Flamethrower|p2a: Rotom-Heat","|-resisted|p2a: Rotom-Heat","|-damage|p2a: Rotom-Heat|0 fnt","|faint|p2a: Rotom-Heat","|","|win|Void Lonely"],"p1rating":{"entryid":"52667","serverid":"eos","formatid":"monotype","userid":"voidlonely","username":"Void Lonely","w":1,"l":"1","t":"0","gxe":50,"r":"1500","rd":"130","sigma":"0","rptime":"1439888400","rpr":1500,"rprd":116.77753930647,"rpsigma":"0","acre":1040,"lacre":1040,"oldacre":"1000"},"p2rating":{"entryid":53353,"formatid":"monotype","userid":"sovereignnoble","username":"Sovereign♕Noble","r":1500,"rd":130,"sigma":0,"rpr":1459.8393856612,"rprd":122.8583080769,"rpsigma":0,"rptime":1439888400,"w":0,"l":1,"t":0,"gxe":45,"acre":1000,"lacre":1000,"oldacre":1000},"endType":"normal"}