{"seed":[56568,46973,28409,20098],"turns":36,"p1":"Kah521","p2":"V SLootBoot","p1team":[{"name":"Ft. Us","species":"mew","item":"leftovers","ability":"Synchronize","moves":["bulkup","drainpunch","zenheadbutt","roost"],"nature":"Careful","evs":{"hp":252,"atk":4,"def":0,"spa":0,"spd":252,"spe":0},"ivs":{"hp":31,"atk":31,"def":31,"spa":31,"spd":31,"spe":31}},{"name":"I will fuck you.","species":"jirachi","item":"leftovers","ability":"Serene Grace","moves":["ironhead","stealthrock","uturn","firepunch"],"nature":"Careful","evs":{"hp":252,"atk":0,"def":0,"spa":0,"spd":176,"spe":80},"ivs":{"hp":31,"atk":31,"def":31,"spa":31,"spd":31,"spe":31}},{"name":"A good prankster","species":"meowstic","item":"lightclay","ability":"Prankster","moves":["lightscreen","reflect","thunderwave","darkpulse"],"nature":"Timid","evs":{"hp":252,"atk":0,"def":0,"spa":4,"spd":0,"spe":252},"shiny":true,"ivs":{"hp":31,"atk":31,"def":31,"spa":31,"spd":31,"spe":31}},{"name":"Aero","species":"latios","item":"choicespecs","ability":"Levitate","moves":["dracometeor","psychic","psyshock","thunderbolt"],"nature":"Timid","evs":{"hp":4,"atk":0,"def":0,"spa":252,"spd":0,"spe":252},"shiny":true,"ivs":{"hp":31,"atk":31,"def":31,"spa":31,"spd":31,"spe":31}},{"name":"Latias","species":"Latias","item":"latiasite","ability":"Levitate","moves":["roost","reflect","calmmind","storedpower"],"nature":"Bold","evs":{"hp":248,"atk":0,"def":84,"spa":0,"spd":0,"spe":176},"ivs":{"hp":31,"atk":31,"def":31,"spa":31,"spd":31,"spe":31}},{"name":"Hoopa-Unbound","species":"Hoopa-Unbound","item":"leftovers","ability":"Magician","moves":["substitute","hyperspacefury","gunkshot","drainpunch"],"nature":"Jolly","evs":{"hp":4,"atk":252,"def":0,"spa":0,"spd":0,"spe":252},"ivs":{"hp":31,"atk":31,"def":31,"spa":31,"spd":31,"spe":31}}],"p2team":[{"name":"Mandibuzz","species":"Mandibuzz","item":"leftovers","ability":"Overcoat","moves":["foulplay","roost","defog","taunt"],"nature":"Impish","evs":{"hp":248,"atk":0,"def":136,"spa":0,"spd":108,"spe":16},"ivs":{"hp":31,"atk":31,"def":31,"spa":31,"spd":31,"spe":31}},{"name":"Togekiss","species":"Togekiss","item":"leftovers","ability":"Serene Grace","moves":["thunderwave","airslash","nastyplot","roost"],"nature":"Calm","evs":{"hp":248,"atk":0,"def":0,"spa":0,"spd":216,"spe":44},"ivs":{"hp":31,"atk":31,"def":31,"spa":31,"spd":31,"spe":31}},{"name":"Dragonite","species":"Dragonite","item":"weaknesspolicy","ability":"Multiscale","moves":["earthquake","dragonclaw","extremespeed","dragondance"],"nature":"Adamant","evs":{"hp":0,"atk":252,"def":0,"spa":0,"spd":4,"spe":252},"ivs":{"hp":31,"atk":31,"def":31,"spa":31,"spd":31,"spe":31}},{"name":"Skarmory","species":"Skarmory","item":"rockyhelmet","ability":"Sturdy","moves":["roost","spikes","bravebird","stealthrock"],"nature":"Impish","evs":{"hp":252,"atk":0,"def":252,"spa":0,"spd":4,"spe":0},"ivs":{"hp":31,"atk":31,"def":31,"spa":31,"spd":31,"spe":31}},{"name":"Xatu","species":"Xatu","item":"lightclay","ability":"Magic Bounce","moves":["thunderwave","reflect","uturn","nightshade"],"nature":"Jolly","evs":{"hp":248,"atk":0,"def":0,"spa":0,"spd":8,"spe":252},"ivs":{"hp":31,"atk":31,"def":31,"spa":31,"spd":31,"spe":31}},{"name":"Gyarados","species":"Gyarados","item":"gyaradosite","ability":"Intimidate","moves":["dragondance","waterfall","earthquake","icefang"],"nature":"Adamant","evs":{"hp":0,"atk":252,"def":4,"spa":0,"spd":0,"spe":252},"ivs":{"hp":31,"atk":31,"def":31,"spa":31,"spd":31,"spe":31}}],"log":["|player|p1|Kah521|kah521.png","|player|p2|V SLootBoot|102","|gametype|singles","|gen|6","|tier|Monotype","|rated","|rule|Baton Pass Clause: Limit one Baton Passer, can't pass Spe and other stats simultaneously","|rule|Swagger Clause: Swagger is banned","|rule|Same Type Clause: Pokémon in a team must share a type","|clearpoke","|poke|p1|Mew","|poke|p1|Jirachi","|poke|p1|Meowstic, M, shiny","|poke|p1|Latios, M, shiny","|poke|p1|Latias, F","|poke|p1|Hoopa-Unbound","|poke|p2|Mandibuzz, F","|poke|p2|Togekiss, F","|poke|p2|Dragonite, F","|poke|p2|Skarmory, F","|poke|p2|Xatu, M","|poke|p2|Gyarados, M","|rule|Sleep Clause Mod: Limit one foe put to sleep","|rule|Species Clause: Limit one of each Pokémon","|rule|OHKO Clause: OHKO moves are banned","|rule|Moody Clause: Moody is banned","|rule|Evasion Moves Clause: Evasion moves are banned","|rule|Endless Battle Clause: Forcing endless battles is banned","|rule|HP Percentage Mod: HP is shown in percentages","|teampreview","|","|start","|switch|p1a: A good prankster|Meowstic, M, shiny|352/352","|switch|p2a: Gyarados|Gyarados, M|331/331","|-ability|p2a: Gyarados|Intimidate","|-unboost|p1a: A good prankster|atk|1","|turn|1","|","|switch|p2a: Xatu|Xatu, M|333/333","|move|p1a: A good prankster|Reflect|p1a: A good prankster","|-sidestart|p1: Kah521|Reflect","|","|turn|2","|","|move|p1a: A good prankster|Light Screen|p1a: A good prankster","|-sidestart|p1: Kah521|move: Light Screen","|move|p2a: Xatu|Thunder Wave|p1a: A good prankster","|-status|p1a: A good prankster|par","|","|turn|3","|","|switch|p1a: Hoopa-Unbound|Hoopa-Unbound|302/302","|move|p2a: Xatu|Reflect|p2a: Xatu","|-sidestart|p2: V SLootBoot|Reflect","|","|turn|4","|","|move|p2a: Xatu|Night Shade|p1a: Hoopa-Unbound","|-damage|p1a: Hoopa-Unbound|202/302","|move|p1a: Hoopa-Unbound|Substitute|p1a: Hoopa-Unbound","|-start|p1a: Hoopa-Unbound|Substitute","|-damage|p1a: Hoopa-Unbound|127/302","|","|-heal|p1a: Hoopa-Unbound|145/302|[from] item: Leftovers","|turn|5","|","|move|p2a: Xatu|Night Shade|p1a: Hoopa-Unbound","|-end|p1a: Hoopa-Unbound|Substitute","|move|p1a: Hoopa-Unbound|Hyperspace Fury|p2a: Xatu","|-supereffective|p2a: Xatu","|-damage|p2a: Xatu|48/333","|-unboost|p1a: Hoopa-Unbound|def|1","|","|-heal|p1a: Hoopa-Unbound|163/302|[from] item: Leftovers","|turn|6","|","|move|p2a: Xatu|U-turn|p1a: Hoopa-Unbound","|-crit|p1a: Hoopa-Unbound","|-supereffective|p1a: Hoopa-Unbound","|-damage|p1a: Hoopa-Unbound|0 fnt","|faint|p1a: Hoopa-Unbound","|","|switch|p2a: Skarmory|Skarmory, F|334/334","|","|","|switch|p1a: Aero|Latios, M, shiny|302/302","|turn|7","|","|move|p1a: Aero|Thunderbolt|p2a: Skarmory","|-supereffective|p2a: Skarmory","|-ability|p2a: Skarmory|Sturdy","|-damage|p2a: Skarmory|1/334","|move|p2a: Skarmory|Stealth Rock|p1a: Aero","|-sidestart|p1: Kah521|move: Stealth Rock","|","|turn|8","|","|switch|p2a: Togekiss|Togekiss, F|373/373","|move|p1a: Aero|Thunderbolt|p2a: Togekiss","|-supereffective|p2a: Togekiss","|-damage|p2a: Togekiss|155/373","|","|-heal|p2a: Togekiss|178/373|[from] item: Leftovers","|-sideend|p1: Kah521|Reflect","|turn|9","|","|move|p1a: Aero|Thunderbolt|p2a: Togekiss","|-supereffective|p2a: Togekiss","|-damage|p2a: Togekiss|0 fnt","|faint|p2a: Togekiss","|","|-sideend|p1: Kah521|move: Light Screen","|","|switch|p2a: Dragonite|Dragonite, F|323/323","|turn|10","|","|switch|p1a: I will fuck you.|Jirachi|404/404","|-damage|p1a: I will fuck you.|379/404|[from] Stealth Rock","|move|p2a: Dragonite|Dragon Dance|p2a: Dragonite","|-boost|p2a: Dragonite|atk|1","|-boost|p2a: Dragonite|spe|1","|","|-heal|p1a: I will fuck you.|404/404|[from] item: Leftovers","|-sideend|p2: V SLootBoot|Reflect","|turn|11","|","|move|p2a: Dragonite|Earthquake|p1a: I will fuck you.","|-crit|p1a: I will fuck you.","|-supereffective|p1a: I will fuck you.","|-damage|p1a: I will fuck you.|0 fnt","|faint|p1a: I will fuck you.","|","|","|switch|p1a: A good prankster|Meowstic, M, shiny|352/352 par","|-damage|p1a: A good prankster|308/352 par|[from] Stealth Rock","|turn|12","|","|switch|p2a: Xatu|Xatu, M|48/333","|move|p1a: A good prankster|Thunder Wave|p2a: Xatu","|move|p2a: Xatu|Thunder Wave|p1a: A good prankster|[from]Magic Bounce","|-fail|p1a: A good prankster|par","|","|turn|13","|","|move|p1a: A good prankster|Light Screen|p1a: A good prankster","|-sidestart|p1: Kah521|move: Light Screen","|move|p2a: Xatu|U-turn|p1a: A good prankster","|-supereffective|p1a: A good prankster","|-damage|p1a: A good prankster|198/352 par","|","|switch|p2a: Mandibuzz|Mandibuzz, F|423/423","|","|turn|14","|","|move|p1a: A good prankster|Thunder Wave|p2a: Mandibuzz","|-status|p2a: Mandibuzz|par","|cant|p2a: Mandibuzz|par","|","|turn|15","|","|switch|p1a: Aero|Latios, M, shiny|302/302","|-damage|p1a: Aero|265/302|[from] Stealth Rock","|move|p2a: Mandibuzz|Taunt|p1a: Aero","|-start|p1a: Aero|move: Taunt","|","|turn|16","|","|move|p1a: Aero|Thunderbolt|p2a: Mandibuzz","|-supereffective|p2a: Mandibuzz","|-damage|p2a: Mandibuzz|113/423 par","|move|p2a: Mandibuzz|Foul Play|p1a: Aero","|-supereffective|p1a: Aero","|-damage|p1a: Aero|31/302","|","|-heal|p2a: Mandibuzz|139/423 par|[from] item: Leftovers","|turn|17","|","|move|p1a: Aero|Thunderbolt|p2a: Mandibuzz","|-crit|p2a: Mandibuzz","|-supereffective|p2a: Mandibuzz","|-damage|p2a: Mandibuzz|0 fnt","|faint|p2a: Mandibuzz","|","|-end|p1a: Aero|move: Taunt","|","|switch|p2a: Dragonite|Dragonite, F|323/323","|turn|18","|","|move|p2a: Dragonite|Extreme Speed|p1a: Aero","|-damage|p1a: Aero|0 fnt","|faint|p1a: Aero","|","|","|switch|p1a: A good prankster|Meowstic, M, shiny|198/352 par","|-damage|p1a: A good prankster|154/352 par|[from] Stealth Rock","|turn|19","|","|switch|p2a: Xatu|Xatu, M|48/333","|move|p1a: A good prankster|Reflect|p1a: A good prankster","|-sidestart|p1: Kah521|Reflect","|","|turn|20","|","|switch|p1a: Ft. Us|Mew|404/404","|-damage|p1a: Ft. Us|354/404|[from] Stealth Rock","|move|p2a: Xatu|U-turn|p1a: Ft. Us","|-supereffective|p1a: Ft. Us","|-damage|p1a: Ft. Us|310/404","|","|switch|p2a: Gyarados|Gyarados, M|331/331","|-ability|p2a: Gyarados|Intimidate","|-unboost|p1a: Ft. Us|atk|1","|","|-heal|p1a: Ft. Us|335/404|[from] item: Leftovers","|-sideend|p1: Kah521|move: Light Screen","|turn|21","|","|detailschange|p2a: Gyarados|Gyarados-Mega, M","|-mega|p2a: Gyarados|Gyarados|Gyaradosite","|-ability|p2a: Gyarados|Mold Breaker","|move|p2a: Gyarados|Dragon Dance|p2a: Gyarados","|-boost|p2a: Gyarados|atk|1","|-boost|p2a: Gyarados|spe|1","|move|p1a: Ft. Us|Bulk Up|p1a: Ft. Us","|-boost|p1a: Ft. Us|atk|1","|-boost|p1a: Ft. Us|def|1","|","|-heal|p1a: Ft. Us|360/404|[from] item: Leftovers","|turn|22","|","|move|p2a: Gyarados|Waterfall|p1a: Ft. Us","|-damage|p1a: Ft. Us|271/404","|move|p1a: Ft. Us|Bulk Up|p1a: Ft. Us","|-boost|p1a: Ft. Us|atk|1","|-boost|p1a: Ft. Us|def|1","|","|-heal|p1a: Ft. Us|296/404|[from] item: Leftovers","|turn|23","|","|move|p2a: Gyarados|Dragon Dance|p2a: Gyarados","|-boost|p2a: Gyarados|atk|1","|-boost|p2a: Gyarados|spe|1","|move|p1a: Ft. Us|Bulk Up|p1a: Ft. Us","|-boost|p1a: Ft. Us|atk|1","|-boost|p1a: Ft. Us|def|1","|","|-heal|p1a: Ft. Us|321/404|[from] item: Leftovers","|turn|24","|","|move|p2a: Gyarados|Dragon Dance|p2a: Gyarados","|-boost|p2a: Gyarados|atk|1","|-boost|p2a: Gyarados|spe|1","|move|p1a: Ft. Us|Bulk Up|p1a: Ft. Us","|-boost|p1a: Ft. Us|atk|1","|-boost|p1a: Ft. Us|def|1","|","|-heal|p1a: Ft. Us|346/404|[from] item: Leftovers","|turn|25","|","|move|p2a: Gyarados|Waterfall|p1a: Ft. Us","|-damage|p1a: Ft. Us|272/404","|move|p1a: Ft. Us|Bulk Up|p1a: Ft. Us","|-boost|p1a: Ft. Us|atk|1","|-boost|p1a: Ft. Us|def|1","|","|-heal|p1a: Ft. Us|297/404|[from] item: Leftovers","|turn|26","|","|move|p2a: Gyarados|Waterfall|p1a: Ft. Us","|-damage|p1a: Ft. Us|238/404","|cant|p1a: Ft. Us|flinch","|","|-heal|p1a: Ft. Us|263/404|[from] item: Leftovers","|-sideend|p1: Kah521|Reflect","|turn|27","|","|move|p2a: Gyarados|Waterfall|p1a: Ft. Us","|-damage|p1a: Ft. Us|133/404","|cant|p1a: Ft. Us|flinch","|","|-heal|p1a: Ft. Us|158/404|[from] item: Leftovers","|turn|28","|","|move|p2a: Gyarados|Waterfall|p1a: Ft. Us","|-damage|p1a: Ft. Us|28/404","|move|p1a: Ft. Us|Drain Punch|p2a: Gyarados","|-supereffective|p2a: Gyarados","|-damage|p2a: Gyarados|7/331","|-heal|p1a: Ft. Us|190/404|[from] drain|[of] p2a: Gyarados","|","|-heal|p1a: Ft. Us|215/404|[from] item: Leftovers","|turn|29","|","|switch|p2a: Skarmory|Skarmory, F|1/334","|move|p1a: Ft. Us|Roost|p1a: Ft. Us","|-heal|p1a: Ft. Us|404/404","|","|turn|30","|","|move|p1a: Ft. Us|Zen Headbutt|p2a: Skarmory","|-resisted|p2a: Skarmory","|-damage|p2a: Skarmory|0 fnt","|-damage|p1a: Ft. Us|337/404|[from] item: Rocky Helmet|[of] p2a: Skarmory","|faint|p2a: Skarmory","|","|-heal|p1a: Ft. Us|362/404|[from] item: Leftovers","|","|switch|p2a: Xatu|Xatu, M|48/333","|turn|31","|","|move|p2a: Xatu|Thunder Wave|p1a: Ft. Us","|-status|p1a: Ft. Us|par","|-status|p2a: Xatu|par","|move|p1a: Ft. Us|Zen Headbutt|p2a: Xatu","|-crit|p2a: Xatu","|-resisted|p2a: Xatu","|-damage|p2a: Xatu|0 fnt","|faint|p2a: Xatu","|","|-heal|p1a: Ft. Us|387/404 par|[from] item: Leftovers","|","|switch|p2a: Dragonite|Dragonite, F|323/323","|turn|32","|","|move|p2a: Dragonite|Dragon Dance|p2a: Dragonite","|-boost|p2a: Dragonite|atk|1","|-boost|p2a: Dragonite|spe|1","|move|p1a: Ft. Us|Zen Headbutt|p2a: Dragonite","|-damage|p2a: Dragonite|177/323","|","|-heal|p1a: Ft. Us|404/404 par|[from] item: Leftovers","|turn|33","|","|move|p2a: Dragonite|Dragon Claw|p1a: Ft. Us","|-damage|p1a: Ft. Us|338/404 par","|move|p1a: Ft. Us|Zen Headbutt|p2a: Dragonite|[miss]","|-miss|p1a: Ft. Us|p2a: Dragonite","|","|-heal|p1a: Ft. Us|363/404 par|[from] item: Leftovers","|turn|34","|","|move|p2a: Dragonite|Dragon Claw|p1a: Ft. Us","|-damage|p1a: Ft. Us|288/404 par","|move|p1a: Ft. Us|Zen Headbutt|p2a: Dragonite|[miss]","|-miss|p1a: Ft. Us|p2a: Dragonite","|","|-heal|p1a: Ft. Us|313/404 par|[from] item: Leftovers","|turn|35","|","|move|p2a: Dragonite|Earthquake|p1a: Ft. Us","|-damage|p1a: Ft. Us|252/404 par","|move|p1a: Ft. Us|Zen Headbutt|p2a: Dragonite","|-damage|p2a: Dragonite|0 fnt","|faint|p2a: Dragonite","|","|-heal|p1a: Ft. Us|277/404 par|[from] item: Leftovers","|","|switch|p2a: Gyarados|Gyarados-Mega, M|7/331","|-ability|p2a: Gyarados|Mold Breaker","|turn|36","|","|move|p2a: Gyarados|Waterfall|p1a: Ft. Us","|-damage|p1a: Ft. Us|228/404 par","|move|p1a: Ft. Us|Drain Punch|p2a: Gyarados","|-supereffective|p2a: Gyarados","|-damage|p2a: Gyarados|0 fnt","|-heal|p1a: Ft. Us|232/404 par|[from] drain|[of] p2a: Gyarados","|faint|p2a: Gyarados","|","|win|Kah521"],"p1rating":{"entryid":98502,"formatid":"monotype","userid":"kah521","username":"Kah521","r":1500,"rd":130,"sigma":0,"rpr":1540.1606143388,"rprd":122.8583080769,"rpsigma":0,"rptime":1439888400,"w":1,"l":0,"t":0,"gxe":55,"acre":1042.0757207482,"lacre":1042.0757207482,"oldacre":1000},"p2rating":{"entryid":"97501","serverid":"eos","formatid":"monotype","userid":"vslootboot","username":"V SLootBoot","w":"1","l":3,"t":"0","gxe":41.2,"r":"1500","rd":"130","sigma":"0","rptime":"1439888400","rpr":1429.836994587,"rprd":107.37728926856,"rpsigma":"0","acre":1004.6794406194,"lacre":1004.6794406194,"oldacre":"1018.0456913129"},"endType":"normal"}