{"seed":[64212,64887,20742,41970],"turns":21,"p1":"Alpha알파α큐레무Kyurem","p2":"Sjado","p1team":[{"name":"ラティオス","species":"latios","item":"choicescarf","ability":"Levitate","moves":["hiddenpowerfire","dragonpulse","psyshock","icebeam"],"nature":"Timid","evs":{"hp":0,"atk":0,"def":4,"spa":252,"spd":0,"spe":252},"ivs":{"hp":31,"atk":30,"def":31,"spa":30,"spd":31,"spe":30}},{"name":"キュレム","species":"kyuremblack","item":"lifeorb","ability":"Teravolt","moves":["icebeam","outrage","fusionbolt","ironhead"],"nature":"Naive","evs":{"hp":0,"atk":100,"def":0,"spa":180,"spd":0,"spe":228},"shiny":true,"ivs":{"hp":31,"atk":31,"def":31,"spa":31,"spd":31,"spe":31}},{"name":"ボーマンダ","species":"salamence","item":"choicescarf","ability":"Moxie","moves":["outrage","aerialace","steelwing","earthquake"],"nature":"Jolly","evs":{"hp":0,"atk":252,"def":4,"spa":0,"spd":0,"spe":252},"ivs":{"hp":31,"atk":31,"def":31,"spa":31,"spd":31,"spe":31}},{"name":"ガブリアス","species":"garchomp","item":"garchompite","ability":"Rough Skin","moves":["fireblast","earthquake","dracometeor","outrage"],"nature":"Naive","evs":{"hp":0,"atk":4,"def":0,"spa":252,"spd":0,"spe":252},"ivs":{"hp":31,"atk":31,"def":31,"spa":31,"spd":31,"spe":31}},{"name":"サザンドラ","species":"hydreigon","item":"lifeorb","ability":"Levitate","moves":["darkpulse","flamethrower","dracometeor","flashcannon"],"nature":"Timid","evs":{"hp":4,"atk":0,"def":0,"spa":252,"spd":0,"spe":252},"shiny":true,"ivs":{"hp":31,"atk":31,"def":31,"spa":31,"spd":31,"spe":31}},{"name":"ガチゴラス","species":"tyrantrum","item":"focussash","ability":"Rock Head","moves":["stealthrock","headsmash","earthquake","dragondance"],"nature":"Adamant","evs":{"hp":0,"atk":252,"def":4,"spa":0,"spd":0,"spe":252},"ivs":{"hp":31,"atk":31,"def":31,"spa":31,"spd":31,"spe":31}}],"p2team":[{"name":"Sableye","species":"Sableye","item":"sablenite","ability":"Prankster","moves":["recover","willowisp","calmmind","darkpulse"],"nature":"Bold","evs":{"hp":252,"atk":0,"def":252,"spa":0,"spd":4,"spe":0},"ivs":{"hp":31,"atk":31,"def":31,"spa":31,"spd":31,"spe":31}},{"name":"Umbreon","species":"Umbreon","item":"leftovers","ability":"Synchronize","moves":["toxic","wish","protect","darkpulse"],"nature":"Calm","evs":{"hp":252,"atk":0,"def":0,"spa":4,"spd":252,"spe":0},"ivs":{"hp":31,"atk":31,"def":31,"spa":31,"spd":31,"spe":31}},{"name":"Bisharp","species":"Bisharp","item":"lifeorb","ability":"Defiant","moves":["ironhead","suckerpunch","knockoff","swordsdance"],"nature":"Adamant","evs":{"hp":0,"atk":252,"def":0,"spa":0,"spd":4,"spe":252},"shiny":true,"ivs":{"hp":31,"atk":31,"def":31,"spa":31,"spd":31,"spe":31}},{"name":"Mandibuzz","species":"Mandibuzz","item":"rockyhelmet","ability":"Overcoat","moves":["roost","foulplay","defog","toxic"],"nature":"Bold","evs":{"hp":252,"atk":0,"def":252,"spa":0,"spd":4,"spe":0},"ivs":{"hp":31,"atk":31,"def":31,"spa":31,"spd":31,"spe":31}},{"name":"Tyranitar","species":"Tyranitar","item":"leftovers","ability":"Sand Stream","moves":["stoneedge","stealthrock","earthquake","fireblast"],"nature":"Sassy","evs":{"hp":244,"atk":8,"def":0,"spa":4,"spd":252,"spe":0},"ivs":{"hp":31,"atk":31,"def":31,"spa":31,"spd":31,"spe":31}},{"name":"Hydreigon","species":"Hydreigon","item":"lifeorb","ability":"Levitate","moves":["darkpulse","dracometeor","fireblast","earthpower"],"nature":"Timid","evs":{"hp":0,"atk":0,"def":0,"spa":252,"spd":4,"spe":252},"ivs":{"hp":31,"atk":31,"def":31,"spa":31,"spd":31,"spe":31}}],"log":["|player|p1|Alpha알파α큐레무Kyurem|alphakyurem.gif","|player|p2|Sjado|168","|gametype|singles","|gen|6","|tier|Monotype","|rated","|rule|Baton Pass Clause: Limit one Baton Passer, can't pass Spe and other stats simultaneously","|rule|Swagger Clause: Swagger is banned","|rule|Same Type Clause: Pokémon in a team must share a type","|clearpoke","|poke|p1|Latios, M","|poke|p1|Kyurem-Black, shiny","|poke|p1|Salamence, M","|poke|p1|Garchomp, F","|poke|p1|Hydreigon, F, shiny","|poke|p1|Tyrantrum, F","|poke|p2|Sableye, F","|poke|p2|Umbreon, M","|poke|p2|Bisharp, M, shiny","|poke|p2|Mandibuzz, F","|poke|p2|Tyranitar, F","|poke|p2|Hydreigon, F","|rule|Sleep Clause Mod: Limit one foe put to sleep","|rule|Species Clause: Limit one of each Pokémon","|rule|OHKO Clause: OHKO moves are banned","|rule|Moody Clause: Moody is banned","|rule|Evasion Moves Clause: Evasion moves are banned","|rule|Endless Battle Clause: Forcing endless battles is banned","|rule|HP Percentage Mod: HP is shown in percentages","|teampreview","|","|start","|switch|p1a: ガブリアス|Garchomp, F|357/357","|switch|p2a: Sableye|Sableye, F|304/304","|turn|1","|","|switch|p1a: サザンドラ|Hydreigon, F, shiny|326/326","|move|p2a: Sableye|Will-O-Wisp|p1a: サザンドラ","|-status|p1a: サザンドラ|brn","|","|-damage|p1a: サザンドラ|286/326 brn|[from] brn","|turn|2","|","|switch|p2a: Umbreon|Umbreon, M|394/394","|move|p1a: サザンドラ|Draco Meteor|p2a: Umbreon","|-damage|p2a: Umbreon|233/394","|-unboost|p1a: サザンドラ|spa|2","|-damage|p1a: サザンドラ|254/326 brn|[from] item: Life Orb","|","|-heal|p2a: Umbreon|257/394|[from] item: Leftovers","|-damage|p1a: サザンドラ|214/326 brn|[from] brn","|turn|3","|","|switch|p1a: ガチゴラス|Tyrantrum, F|305/305","|move|p2a: Umbreon|Toxic|p1a: ガチゴラス","|-status|p1a: ガチゴラス|tox","|","|-heal|p2a: Umbreon|281/394|[from] item: Leftovers","|-damage|p1a: ガチゴラス|286/305 tox|[from] psn","|turn|4","|","|move|p1a: ガチゴラス|Stealth Rock|p2a: Umbreon","|-sidestart|p2: Sjado|move: Stealth Rock","|move|p2a: Umbreon|Wish|p2a: Umbreon","|","|-heal|p2a: Umbreon|305/394|[from] item: Leftovers","|-damage|p1a: ガチゴラス|248/305 tox|[from] psn","|turn|5","|","|switch|p2a: Mandibuzz|Mandibuzz, F|424/424","|-damage|p2a: Mandibuzz|318/424|[from] Stealth Rock","|move|p1a: ガチゴラス|Dragon Dance|p1a: ガチゴラス","|-boost|p1a: ガチゴラス|atk|1","|-boost|p1a: ガチゴラス|spe|1","|","|-heal|p2a: Mandibuzz|424/424|[from] move: Wish|[wisher] Umbreon","|-damage|p1a: ガチゴラス|191/305 tox|[from] psn","|turn|6","|","|move|p1a: ガチゴラス|Head Smash|p2a: Mandibuzz|[miss]","|-miss|p1a: ガチゴラス|p2a: Mandibuzz","|move|p2a: Mandibuzz|Foul Play|p1a: ガチゴラス","|-damage|p1a: ガチゴラス|0 fnt","|faint|p1a: ガチゴラス","|","|","|switch|p1a: キュレム|Kyurem-Black, shiny|391/391","|-ability|p1a: キュレム|Teravolt","|turn|7","|","|move|p1a: キュレム|Ice Beam|p2a: Mandibuzz","|-supereffective|p2a: Mandibuzz","|-damage|p2a: Mandibuzz|16/424","|-damage|p1a: キュレム|352/391|[from] item: Life Orb","|move|p2a: Mandibuzz|Defog|p1a: キュレム","|-unboost|p1a: キュレム|evasion|1","|-sideend|p2: Sjado|Stealth Rock|[from] move: Defog|[of] p2a: Mandibuzz","|","|turn|8","|","|switch|p2a: Umbreon|Umbreon, M|305/394","|move|p1a: キュレム|Fusion Bolt|p2a: Umbreon","|-damage|p2a: Umbreon|156/394","|-damage|p1a: キュレム|313/391|[from] item: Life Orb","|","|-heal|p2a: Umbreon|180/394|[from] item: Leftovers","|turn|9","|","|move|p1a: キュレム|Outrage|p2a: Umbreon","|-damage|p2a: Umbreon|0 fnt","|-damage|p1a: キュレム|274/391|[from] item: Life Orb","|faint|p2a: Umbreon","|","|","|switch|p2a: Hydreigon|Hydreigon, F|325/325","|turn|10","|","|move|p2a: Hydreigon|Draco Meteor|p1a: キュレム","|-supereffective|p1a: キュレム","|-damage|p1a: キュレム|0 fnt","|-unboost|p2a: Hydreigon|spa|2","|-damage|p2a: Hydreigon|293/325|[from] item: Life Orb","|faint|p1a: キュレム","|","|","|switch|p1a: サザンドラ|Hydreigon, F, shiny|214/326 brn","|turn|11","|","|switch|p2a: Mandibuzz|Mandibuzz, F|16/424","|move|p1a: サザンドラ|Flash Cannon|p2a: Mandibuzz","|-damage|p2a: Mandibuzz|0 fnt","|-damage|p1a: サザンドラ|182/326 brn|[from] item: Life Orb","|faint|p2a: Mandibuzz","|","|-damage|p1a: サザンドラ|142/326 brn|[from] brn","|","|switch|p2a: Sableye|Sableye, F|304/304","|turn|12","|","|detailschange|p2a: Sableye|Sableye-Mega, F","|-mega|p2a: Sableye|Sableye|Sablenite","|move|p2a: Sableye|Calm Mind|p2a: Sableye","|-boost|p2a: Sableye|spa|1","|-boost|p2a: Sableye|spd|1","|move|p1a: サザンドラ|Draco Meteor|p2a: Sableye","|-damage|p2a: Sableye|125/304","|-unboost|p1a: サザンドラ|spa|2","|-damage|p1a: サザンドラ|110/326 brn|[from] item: Life Orb","|","|-damage|p1a: サザンドラ|70/326 brn|[from] brn","|turn|13","|","|switch|p1a: ガブリアス|Garchomp, F|357/357","|move|p2a: Sableye|Recover|p2a: Sableye","|-heal|p2a: Sableye|277/304","|","|turn|14","|","|detailschange|p1a: ガブリアス|Garchomp-Mega, F","|-mega|p1a: ガブリアス|Garchomp|Garchompite","|move|p1a: ガブリアス|Earthquake|p2a: Sableye","|-damage|p2a: Sableye|171/304","|move|p2a: Sableye|Will-O-Wisp|p1a: ガブリアス","|-status|p1a: ガブリアス|brn","|","|-damage|p1a: ガブリアス|313/357 brn|[from] brn","|turn|15","|","|move|p1a: ガブリアス|Draco Meteor|p2a: Sableye","|-crit|p2a: Sableye","|-damage|p2a: Sableye|0 fnt","|-unboost|p1a: ガブリアス|spa|2","|faint|p2a: Sableye","|","|-damage|p1a: ガブリアス|269/357 brn|[from] brn","|","|switch|p2a: Tyranitar|Tyranitar, F|402/402","|-weather|Sandstorm","|turn|16","|","|move|p1a: ガブリアス|Earthquake|p2a: Tyranitar","|-supereffective|p2a: Tyranitar","|-damage|p2a: Tyranitar|162/402","|move|p2a: Tyranitar|Stealth Rock|p1a: ガブリアス","|-sidestart|p1: Alpha알파α큐레무Kyurem|move: Stealth Rock","|","|-weather|Sandstorm|[upkeep]","|-heal|p2a: Tyranitar|187/402|[from] item: Leftovers","|-damage|p1a: ガブリアス|225/357 brn|[from] brn","|turn|17","|","|switch|p2a: Hydreigon|Hydreigon, F|293/325","|move|p1a: ガブリアス|Outrage|p2a: Hydreigon","|-crit|p2a: Hydreigon","|-supereffective|p2a: Hydreigon","|-damage|p2a: Hydreigon|0 fnt","|faint|p2a: Hydreigon","|","|-weather|Sandstorm|[upkeep]","|-damage|p1a: ガブリアス|181/357 brn|[from] brn","|","|switch|p2a: Bisharp|Bisharp, M, shiny|271/271","|turn|18","|","|move|p1a: ガブリアス|Outrage|p2a: Bisharp|[from]lockedmove","|-resisted|p2a: Bisharp","|-damage|p2a: Bisharp|217/271","|-start|p1a: ガブリアス|confusion|[fatigue]","|move|p2a: Bisharp|Swords Dance|p2a: Bisharp","|-boost|p2a: Bisharp|atk|2","|","|-weather|Sandstorm|[upkeep]","|-damage|p1a: ガブリアス|137/357 brn|[from] brn","|turn|19","|","|move|p2a: Bisharp|Sucker Punch|p1a: ガブリアス","|-damage|p1a: ガブリアス|0 fnt","|-damage|p2a: Bisharp|190/271|[from] item: Life Orb","|faint|p1a: ガブリアス","|","|-weather|Sandstorm|[upkeep]","|","|switch|p1a: ボーマンダ|Salamence, M|331/331","|-damage|p1a: ボーマンダ|249/331|[from] Stealth Rock","|turn|20","|","|move|p1a: ボーマンダ|Earthquake|p2a: Bisharp","|-supereffective|p2a: Bisharp","|-damage|p2a: Bisharp|0 fnt","|faint|p2a: Bisharp","|-boost|p1a: ボーマンダ|atk|1|[from] ability: Moxie","|","|-weather|none","|","|switch|p2a: Tyranitar|Tyranitar, F|187/402","|-weather|Sandstorm","|turn|21","|","|move|p1a: ボーマンダ|Earthquake|p2a: Tyranitar","|-supereffective|p2a: Tyranitar","|-damage|p2a: Tyranitar|0 fnt","|faint|p2a: Tyranitar","|-boost|p1a: ボーマンダ|atk|1|[from] ability: Moxie","|","|win|Alpha알파α큐레무Kyurem"],"p1rating":{"entryid":"22404","serverid":"eos","formatid":"monotype","userid":"alphakyurem","username":"Alpha알파α큐레무Kyurem","w":10,"l":"0","t":"0","gxe":74.3,"r":"1540.1606143388","rd":"122.8583080769","sigma":"0","rptime":"1439888400","rpr":1705.7190738061,"rprd":87.962833192913,"rpsigma":"0","acre":1224.6726736081,"lacre":1224.6726736081,"oldacre":"1210.7038154108"},"p2rating":{"entryid":"97728","serverid":"eos","formatid":"monotype","userid":"sjado","username":"Sjado","w":"1","l":1,"t":"0","gxe":50.5,"r":"1500","rd":"130","sigma":"0","rptime":"1439888400","rpr":1503.6363582192,"rprd":116.75444686792,"rpsigma":"0","acre":1036.6458935397,"lacre":1036.6458935397,"oldacre":"1046.0969689545"},"endType":"normal"}