{"seed":[46663,60456,50682,39826],"turns":32,"p1":"Guard Wanderer","p2":"SWL Neßki","p1team":[{"name":"Weezing","species":"Weezing","item":"sitrusberry","ability":"Levitate","moves":["toxicspikes","willowisp","memento","thief"],"nature":"Careful","evs":{"hp":248,"atk":8,"def":0,"spa":0,"spd":252,"spe":0},"ivs":{"hp":31,"atk":31,"def":31,"spa":31,"spd":31,"spe":31}},{"name":"Tentacruel","species":"Tentacruel","item":"assaultvest","ability":"Liquid Ooze","moves":["scald","acidspray","gigadrain","hex"],"nature":"Timid","evs":{"hp":0,"atk":0,"def":4,"spa":252,"spd":0,"spe":252},"ivs":{"hp":31,"atk":31,"def":31,"spa":31,"spd":31,"spe":31}},{"name":"Skuntank","species":"Skuntank","item":"","ability":"Stench","moves":["snatch","thief","suckerpunch","poisonjab"],"nature":"Adamant","evs":{"hp":248,"atk":252,"def":0,"spa":0,"spd":8,"spe":0},"ivs":{"hp":31,"atk":31,"def":31,"spa":31,"spd":31,"spe":31}},{"name":"Crobat","species":"Crobat","item":"whiteherb","ability":"Infiltrator","moves":["curse","acrobatics","roost","hypnosis"],"nature":"Jolly","evs":{"hp":248,"atk":8,"def":0,"spa":0,"spd":0,"spe":252},"ivs":{"hp":31,"atk":31,"def":31,"spa":31,"spd":31,"spe":31}},{"name":"Gengar","species":"Gengar","item":"choicescarf","ability":"Levitate","moves":["trick","destinybond","venoshock","hex"],"nature":"Timid","evs":{"hp":0,"atk":0,"def":0,"spa":252,"spd":4,"spe":252},"ivs":{"hp":31,"atk":31,"def":31,"spa":31,"spd":31,"spe":31}},{"name":"Amoonguss","species":"Amoonguss","item":"blacksludge","ability":"Regenerator","moves":["spore","gigadrain","gastroacid","stunspore"],"nature":"Calm","evs":{"hp":248,"atk":0,"def":0,"spa":8,"spd":252,"spe":0},"shiny":true,"ivs":{"hp":31,"atk":31,"def":31,"spa":31,"spd":31,"spe":31}}],"p2team":[{"name":"Garchomp","species":"Garchomp","item":"rockyhelmet","ability":"Rough Skin","moves":["stealthrock","earthquake","dragontail","rocktomb"],"nature":"Impish","evs":{"hp":164,"atk":0,"def":252,"spa":0,"spd":0,"spe":92},"ivs":{"hp":31,"atk":31,"def":31,"spa":31,"spd":31,"spe":31}},{"name":"Latios","species":"Latios","item":"choicescarf","ability":"Levitate","moves":["psyshock","icebeam","dracometeor","hiddenpowerfire"],"nature":"Timid","evs":{"hp":0,"atk":0,"def":0,"spa":252,"spd":4,"spe":252},"ivs":{"hp":31,"atk":30,"def":31,"spa":30,"spd":31,"spe":30}},{"name":"PK-Kaiser","species":"latias","item":"latiasite","ability":"Levitate","moves":["thunderwave","energyball","defog","healingwish"],"nature":"Calm","evs":{"hp":244,"atk":0,"def":0,"spa":0,"spd":252,"spe":12},"ivs":{"hp":31,"atk":0,"def":31,"spa":31,"spd":31,"spe":31},"happiness":0},{"name":"Hydreigon","species":"Hydreigon","item":"focussash","ability":"Levitate","moves":["flamethrower","darkpulse","earthpower","tailwind"],"nature":"Modest","evs":{"hp":4,"atk":0,"def":0,"spa":252,"spd":0,"spe":252},"ivs":{"hp":31,"atk":0,"def":31,"spa":31,"spd":31,"spe":31}},{"name":"Kyurem-Black","species":"Kyurem-Black","item":"assaultvest","ability":"Teravolt","moves":["fusionbolt","ironhead","icebeam","earthpower"],"nature":"Lonely","evs":{"hp":0,"atk":252,"def":0,"spa":108,"spd":0,"spe":148},"ivs":{"hp":31,"atk":31,"def":31,"spa":31,"spd":31,"spe":31}},{"name":"Dragonite","species":"Dragonite","item":"choiceband","ability":"Multiscale","moves":["superpower","outrage","extremespeed","earthquake"],"nature":"Adamant","evs":{"hp":240,"atk":252,"def":0,"spa":0,"spd":0,"spe":16},"ivs":{"hp":31,"atk":31,"def":31,"spa":31,"spd":31,"spe":31}}],"log":["|player|p1|Guard Wanderer|235","|player|p2|SWL Neßki|swlneki.png","|gametype|singles","|gen|6","|tier|Monotype","|rated","|rule|Baton Pass Clause: Limit one Baton Passer, can't pass Spe and other stats simultaneously","|rule|Swagger Clause: Swagger is banned","|rule|Same Type Clause: Pokémon in a team must share a type","|clearpoke","|poke|p1|Weezing, F","|poke|p1|Tentacruel, F","|poke|p1|Skuntank, M","|poke|p1|Crobat, F","|poke|p1|Gengar, M","|poke|p1|Amoonguss, M, shiny","|poke|p2|Garchomp, F","|poke|p2|Latios, M","|poke|p2|Latias, F","|poke|p2|Hydreigon, M","|poke|p2|Kyurem-Black","|poke|p2|Dragonite, M","|rule|Sleep Clause Mod: Limit one foe put to sleep","|rule|Species Clause: Limit one of each Pokémon","|rule|OHKO Clause: OHKO moves are banned","|rule|Moody Clause: Moody is banned","|rule|Evasion Moves Clause: Evasion moves are banned","|rule|Endless Battle Clause: Forcing endless battles is banned","|rule|HP Percentage Mod: HP is shown in percentages","|teampreview","|","|start","|switch|p1a: Amoonguss|Amoonguss, M, shiny|431/431","|switch|p2a: Kyurem-Black|Kyurem-Black|391/391","|-ability|p2a: Kyurem-Black|Teravolt","|turn|1","|","|move|p2a: Kyurem-Black|Ice Beam|p1a: Amoonguss","|-supereffective|p1a: Amoonguss","|-damage|p1a: Amoonguss|201/431","|move|p1a: Amoonguss|Spore|p2a: Kyurem-Black","|-status|p2a: Kyurem-Black|slp","|","|-heal|p1a: Amoonguss|227/431|[from] item: Black Sludge","|turn|2","|","|switch|p2a: PK-Kaiser|Latias, F|362/362","|move|p1a: Amoonguss|Stun Spore|p2a: PK-Kaiser","|-status|p2a: PK-Kaiser|par","|","|-heal|p1a: Amoonguss|253/431|[from] item: Black Sludge","|turn|3","|","|switch|p1a: Skuntank|Skuntank, M|409/409","|detailschange|p2a: PK-Kaiser|Latias-Mega, F","|-mega|p2a: PK-Kaiser|Latias|Latiasite","|move|p2a: PK-Kaiser|Thunder Wave|p1a: Skuntank","|-status|p1a: Skuntank|par","|","|turn|4","|","|move|p1a: Skuntank|Snatch|p1a: Skuntank","|-singleturn|p1a: Skuntank|Snatch","|cant|p2a: PK-Kaiser|par","|","|turn|5","|","|move|p2a: PK-Kaiser|Energy Ball|p1a: Skuntank","|-resisted|p1a: Skuntank","|-damage|p1a: Skuntank|339/409 par","|move|p1a: Skuntank|Thief|p2a: PK-Kaiser","|-supereffective|p2a: PK-Kaiser","|-damage|p2a: PK-Kaiser|212/362 par","|","|turn|6","|","|move|p1a: Skuntank|Snatch|p1a: Skuntank","|-singleturn|p1a: Skuntank|Snatch","|move|p2a: PK-Kaiser|Healing Wish|p2a: PK-Kaiser","|-activate|p1a: Skuntank|Snatch|[of] p2a: PK-Kaiser","|move|p1a: Skuntank|Healing Wish|p1a: Skuntank|[from]Snatch","|faint|p1a: Skuntank","|","|","|switch|p1a: Gengar|Gengar, M|261/261","|-heal|p1a: Gengar|261/261|[from] move: Healing Wish","|turn|7","|","|switch|p2a: Kyurem-Black|Kyurem-Black|391/391 slp","|-ability|p2a: Kyurem-Black|Teravolt","|move|p1a: Gengar|Hex|p2a: Kyurem-Black","|-damage|p2a: Kyurem-Black|219/391 slp","|","|turn|8","|","|switch|p1a: Weezing|Weezing, F|333/333","|switch|p2a: Hydreigon|Hydreigon, M|326/326","|","|turn|9","|","|switch|p2a: PK-Kaiser|Latias-Mega, F|212/362 par","|move|p1a: Weezing|Will-O-Wisp|p2a: PK-Kaiser","|-fail|p2a: PK-Kaiser","|","|turn|10","|","|move|p1a: Weezing|Thief|p2a: PK-Kaiser","|-supereffective|p2a: PK-Kaiser","|-damage|p2a: PK-Kaiser|138/362 par","|move|p2a: PK-Kaiser|Thunder Wave|p1a: Weezing","|-status|p1a: Weezing|par","|","|turn|11","|","|move|p2a: PK-Kaiser|Healing Wish|p2a: PK-Kaiser","|faint|p2a: PK-Kaiser","|cant|p1a: Weezing|par","|","|","|switch|p2a: Kyurem-Black|Kyurem-Black|219/391 slp","|-heal|p2a: Kyurem-Black|391/391|[from] move: Healing Wish","|-ability|p2a: Kyurem-Black|Teravolt","|turn|12","|","|move|p2a: Kyurem-Black|Earth Power|p1a: Weezing","|-supereffective|p1a: Weezing","|-damage|p1a: Weezing|163/333 par","|-enditem|p1a: Weezing|Sitrus Berry|[eat]","|-heal|p1a: Weezing|246/333 par|[from] item: Sitrus Berry","|move|p1a: Weezing|Toxic Spikes|p2a: Kyurem-Black","|-sidestart|p2: SWL Neßki|move: Toxic Spikes","|","|turn|13","|","|move|p2a: Kyurem-Black|Ice Beam|p1a: Weezing","|-damage|p1a: Weezing|126/333 par","|move|p1a: Weezing|Will-O-Wisp|p2a: Kyurem-Black","|-status|p2a: Kyurem-Black|brn","|","|-damage|p2a: Kyurem-Black|343/391 brn|[from] brn","|turn|14","|","|switch|p1a: Amoonguss|Amoonguss, M, shiny|396/431","|move|p2a: Kyurem-Black|Ice Beam|p1a: Amoonguss","|-supereffective|p1a: Amoonguss","|-damage|p1a: Amoonguss|166/431","|","|-heal|p1a: Amoonguss|192/431|[from] item: Black Sludge","|-damage|p2a: Kyurem-Black|295/391 brn|[from] brn","|turn|15","|","|switch|p1a: Tentacruel|Tentacruel, F|301/301","|move|p2a: Kyurem-Black|Ice Beam|p1a: Tentacruel","|-resisted|p1a: Tentacruel","|-damage|p1a: Tentacruel|265/301","|","|-damage|p2a: Kyurem-Black|247/391 brn|[from] brn","|turn|16","|","|move|p1a: Tentacruel|Acid Spray|p2a: Kyurem-Black","|-damage|p2a: Kyurem-Black|213/391 brn","|-unboost|p2a: Kyurem-Black|spd|2","|move|p2a: Kyurem-Black|Fusion Bolt|p1a: Tentacruel","|-supereffective|p1a: Tentacruel","|-damage|p1a: Tentacruel|26/301","|","|-damage|p2a: Kyurem-Black|165/391 brn|[from] brn","|turn|17","|","|switch|p2a: Latios|Latios, M|301/301","|move|p1a: Tentacruel|Hex|p2a: Latios","|-supereffective|p2a: Latios","|-damage|p2a: Latios|195/301","|","|turn|18","|","|move|p2a: Latios|Psyshock|p1a: Tentacruel","|-supereffective|p1a: Tentacruel","|-damage|p1a: Tentacruel|0 fnt","|faint|p1a: Tentacruel","|","|","|switch|p1a: Crobat|Crobat, F|373/373","|turn|19","|","|switch|p2a: Garchomp|Garchomp, F|398/398","|-status|p2a: Garchomp|psn","|move|p1a: Crobat|Hypnosis|p2a: Garchomp","|-fail|p2a: Garchomp","|","|-damage|p2a: Garchomp|349/398 psn|[from] psn","|turn|20","|","|move|p1a: Crobat|Curse|p1a: Crobat","|-unboost|p1a: Crobat|spe|1","|-boost|p1a: Crobat|atk|1","|-boost|p1a: Crobat|def|1","|-enditem|p1a: Crobat|White Herb","|-restoreboost|p1a: Crobat|[silent]","|move|p2a: Garchomp|Stealth Rock|p1a: Crobat","|-sidestart|p1: Guard Wanderer|move: Stealth Rock","|","|-damage|p2a: Garchomp|300/398 psn|[from] psn","|turn|21","|","|move|p1a: Crobat|Acrobatics|p2a: Garchomp","|-damage|p2a: Garchomp|171/398 psn","|-damage|p1a: Crobat|327/373|[from] ability: Rough Skin|[of] p2a: Garchomp","|-damage|p1a: Crobat|265/373|[from] item: Rocky Helmet|[of] p2a: Garchomp","|move|p2a: Garchomp|Rock Tomb|p1a: Crobat","|-supereffective|p1a: Crobat","|-damage|p1a: Crobat|171/373","|-unboost|p1a: Crobat|spe|1","|","|-damage|p2a: Garchomp|122/398 psn|[from] psn","|turn|22","|","|move|p2a: Garchomp|Rock Tomb|p1a: Crobat","|-supereffective|p1a: Crobat","|-damage|p1a: Crobat|83/373","|-unboost|p1a: Crobat|spe|1","|move|p1a: Crobat|Roost|p1a: Crobat","|-heal|p1a: Crobat|270/373","|","|-damage|p2a: Garchomp|73/398 psn|[from] psn","|turn|23","|","|switch|p1a: Amoonguss|Amoonguss, M, shiny|335/431","|-damage|p1a: Amoonguss|282/431|[from] Stealth Rock","|move|p2a: Garchomp|Rock Tomb|p1a: Amoonguss","|-damage|p1a: Amoonguss|201/431","|-unboost|p1a: Amoonguss|spe|1","|","|-heal|p1a: Amoonguss|227/431|[from] item: Black Sludge","|-damage|p2a: Garchomp|24/398 psn|[from] psn","|turn|24","|","|switch|p1a: Weezing|Weezing, F|126/333 par","|-damage|p1a: Weezing|85/333 par|[from] Stealth Rock","|move|p2a: Garchomp|Dragon Tail|p1a: Weezing","|-damage|p1a: Weezing|6/333 par","|drag|p1a: Crobat|Crobat, F|270/373","|-damage|p1a: Crobat|177/373|[from] Stealth Rock","|","|-damage|p2a: Garchomp|0 fnt|[from] psn","|faint|p2a: Garchomp","|","|switch|p2a: Latios|Latios, M|195/301","|turn|25","|","|move|p2a: Latios|Psyshock|p1a: Crobat","|-supereffective|p1a: Crobat","|-damage|p1a: Crobat|0 fnt","|faint|p1a: Crobat","|","|","|switch|p1a: Gengar|Gengar, M|261/261","|-damage|p1a: Gengar|229/261|[from] Stealth Rock","|turn|26","|","|switch|p2a: Kyurem-Black|Kyurem-Black|165/391 brn","|-ability|p2a: Kyurem-Black|Teravolt","|move|p1a: Gengar|Destiny Bond|p1a: Gengar","|-singlemove|p1a: Gengar|Destiny Bond","|","|-damage|p2a: Kyurem-Black|117/391 brn|[from] brn","|turn|27","|","|switch|p1a: Weezing|Weezing, F|6/333 par","|-damage|p1a: Weezing|0 fnt|[from] Stealth Rock","|faint|p1a: Weezing","|move|p2a: Kyurem-Black|Ice Beam|p1: Weezing|[notarget]","|-notarget","|","|-damage|p2a: Kyurem-Black|69/391 brn|[from] brn","|","|switch|p1a: Gengar|Gengar, M|229/261","|-damage|p1a: Gengar|197/261|[from] Stealth Rock","|turn|28","|","|move|p1a: Gengar|Hex|p2a: Kyurem-Black","|-damage|p2a: Kyurem-Black|0 fnt","|faint|p2a: Kyurem-Black","|","|","|switch|p2a: Hydreigon|Hydreigon, M|326/326","|turn|29","|","|switch|p1a: Amoonguss|Amoonguss, M, shiny|370/431","|-damage|p1a: Amoonguss|317/431|[from] Stealth Rock","|move|p2a: Hydreigon|Flamethrower|p1a: Amoonguss","|-supereffective|p1a: Amoonguss","|-damage|p1a: Amoonguss|123/431","|","|-heal|p1a: Amoonguss|149/431|[from] item: Black Sludge","|turn|30","|","|move|p2a: Hydreigon|Flamethrower|p1a: Amoonguss","|-supereffective|p1a: Amoonguss","|-damage|p1a: Amoonguss|0 fnt","|faint|p1a: Amoonguss","|","|","|switch|p1a: Gengar|Gengar, M|197/261","|-damage|p1a: Gengar|165/261|[from] Stealth Rock","|turn|31","|","|move|p1a: Gengar|Hex|p2a: Hydreigon","|-resisted|p2a: Hydreigon","|-damage|p2a: Hydreigon|267/326","|move|p2a: Hydreigon|Tailwind|p2a: Hydreigon","|-sidestart|p2: SWL Neßki|move: Tailwind","|","|turn|32","|","|move|p2a: Hydreigon|Dark Pulse|p1a: Gengar","|-supereffective|p1a: Gengar","|-damage|p1a: Gengar|0 fnt","|faint|p1a: Gengar","|","|win|SWL Neßki"],"p1rating":{"entryid":"9966","serverid":"eos","formatid":"monotype","userid":"guardwanderer","username":"Guard Wanderer","w":"0","l":2,"t":"0","gxe":41,"r":"1500","rd":"130","sigma":"0","rptime":"1439802000","rpr":1427.4328741711,"rprd":116.77753930647,"rpsigma":"0","acre":1000,"lacre":1000,"oldacre":"1000"},"p2rating":{"entryid":"388","serverid":"eos","formatid":"monotype","userid":"swlneki","username":"SWL Neßki","w":3,"l":"1","t":"0","gxe":57.7,"r":"1500","rd":"130","sigma":"0","rptime":"1439802000","rpr":1560.8234906758,"rprd":106.91164920561,"rpsigma":"0","acre":1085.3445083867,"lacre":1085.3445083867,"oldacre":"1059.5505046622"},"endType":"normal"}