{"seed":[14841,7086,53016,10191],"turns":22,"p1":"Imp❇ Jk","p2":"LightOfAKnowing","p1team":[{"name":"terra 2 :P","species":"mamoswine","item":"choicescarf","ability":"Thick Fat","moves":["iciclecrash","earthquake","superpower","stoneedge"],"nature":"Adamant","evs":{"hp":0,"atk":252,"def":0,"spa":0,"spd":0,"spe":252},"ivs":{"hp":31,"atk":31,"def":31,"spa":31,"spd":31,"spe":31}},{"name":"jimmy","species":"steelix","item":"weaknesspolicy","ability":"Sturdy","moves":["gyroball","earthquake","stoneedge","payback"],"nature":"Adamant","evs":{"hp":252,"atk":228,"def":28,"spa":0,"spd":0,"spe":0},"ivs":{"hp":31,"atk":31,"def":31,"spa":31,"spd":31,"spe":0}},{"name":"volcano.alive","species":"camerupt","item":"cameruptite","ability":"Solid Rock","moves":["flamethrower","ancientpower","flashcannon","earthpower"],"nature":"Modest","evs":{"hp":252,"atk":0,"def":0,"spa":252,"spd":0,"spe":0},"ivs":{"hp":31,"atk":31,"def":31,"spa":31,"spd":31,"spe":31}},{"name":"sluggish.stall","species":"gastrodon","item":"leftovers","ability":"Storm Drain","moves":["scald","clearsmog","recover","toxic"],"nature":"Calm","evs":{"hp":252,"atk":0,"def":0,"spa":4,"spd":252,"spe":0},"ivs":{"hp":31,"atk":31,"def":31,"spa":31,"spd":31,"spe":31}},{"name":"mre.like.digimon","species":"landorus","item":"lifeorb","ability":"Sheer Force","moves":["gravity","earthpower","sludgewave","psychic"],"nature":"Timid","evs":{"hp":0,"atk":0,"def":0,"spa":252,"spd":0,"spe":252},"ivs":{"hp":31,"atk":31,"def":31,"spa":31,"spd":31,"spe":31}},{"name":"island.aboard","species":"torterra","item":"focussash","ability":"Overgrow","moves":["earthquake","woodhammer","stoneedge","stealthrock"],"nature":"Adamant","evs":{"hp":252,"atk":4,"def":252,"spa":0,"spd":0,"spe":0},"ivs":{"hp":31,"atk":31,"def":31,"spa":31,"spd":31,"spe":31}}],"p2team":[{"name":"Vespiquen","species":"Vespiquen","item":"laxincense","ability":"Pressure","moves":["defendorder","infestation","mudslap","roost"],"nature":"Gentle","evs":{"hp":248,"atk":8,"def":0,"spa":0,"spd":252,"spe":0},"ivs":{"hp":31,"atk":31,"def":31,"spa":31,"spd":31,"spe":31}},{"name":"Heracross","species":"Heracross","item":"choicescarf","ability":"Moxie","moves":["closecombat","megahorn","knockoff","pursuit"],"nature":"Jolly","evs":{"hp":0,"atk":252,"def":0,"spa":0,"spd":4,"spe":252},"ivs":{"hp":31,"atk":31,"def":31,"spa":31,"spd":31,"spe":31}},{"name":"Forretress","species":"Forretress","item":"custapberry","ability":"Sturdy","moves":["stealthrock","rapidspin","explosion","spikes"],"nature":"Impish","evs":{"hp":248,"atk":8,"def":252,"spa":0,"spd":0,"spe":0},"ivs":{"hp":31,"atk":31,"def":31,"spa":31,"spd":31,"spe":31}},{"name":"Galvantula","species":"Galvantula","item":"focussash","ability":"Swarm","moves":["stickyweb","bugbuzz","voltswitch","suckerpunch"],"nature":"Hasty","evs":{"hp":0,"atk":4,"def":0,"spa":252,"spd":0,"spe":252},"ivs":{"hp":31,"atk":31,"def":31,"spa":31,"spd":31,"spe":31}},{"name":"Pinsir","species":"Pinsir","item":"pinsirite","ability":"Moxie","moves":["quickattack","xscissor","frustration","closecombat"],"nature":"Adamant","evs":{"hp":248,"atk":252,"def":0,"spa":0,"spd":8,"spe":0},"happiness":0,"ivs":{"hp":31,"atk":31,"def":31,"spa":31,"spd":31,"spe":31}},{"name":"Genesect","species":"Genesect","item":"choicescarf","ability":"Download","moves":["icebeam","bugbuzz","technoblast","flashcannon"],"nature":"Timid","evs":{"hp":0,"atk":0,"def":4,"spa":252,"spd":0,"spe":252},"happiness":0,"ivs":{"hp":31,"atk":31,"def":31,"spa":31,"spd":31,"spe":31}}],"log":["|player|p1|Imp❇ Jk|196","|player|p2|LightOfAKnowing|lightofaknowing.gif","|gametype|singles","|gen|6","|tier|Monotype","|rated","|rule|Baton Pass Clause: Limit one Baton Passer, can't pass Spe and other stats simultaneously","|rule|Swagger Clause: Swagger is banned","|rule|Same Type Clause: Pokémon in a team must share a type","|clearpoke","|poke|p1|Mamoswine, F","|poke|p1|Steelix, M","|poke|p1|Camerupt, F","|poke|p1|Gastrodon, M","|poke|p1|Landorus, M","|poke|p1|Torterra, F","|poke|p2|Vespiquen, F","|poke|p2|Heracross, M","|poke|p2|Forretress, F","|poke|p2|Galvantula, M","|poke|p2|Pinsir, F","|poke|p2|Genesect-*","|rule|Sleep Clause Mod: Limit one foe put to sleep","|rule|Species Clause: Limit one of each Pokémon","|rule|OHKO Clause: OHKO moves are banned","|rule|Moody Clause: Moody is banned","|rule|Evasion Moves Clause: Evasion moves are banned","|rule|Endless Battle Clause: Forcing endless battles is banned","|rule|HP Percentage Mod: HP is shown in percentages","|teampreview","|","|start","|switch|p1a: volcano.alive|Camerupt, F|344/344","|switch|p2a: Forretress|Forretress, F|353/353","|turn|1","|","|detailschange|p1a: volcano.alive|Camerupt-Mega, F","|-mega|p1a: volcano.alive|Camerupt|Cameruptite","|move|p2a: Forretress|Stealth Rock|p1a: volcano.alive","|-sidestart|p1: Imp❇ Jk|move: Stealth Rock","|move|p1a: volcano.alive|Flamethrower|p2a: Forretress","|-supereffective|p2a: Forretress","|-ability|p2a: Forretress|Sturdy","|-damage|p2a: Forretress|1/353","|","|turn|2","|-enditem|p2a: Forretress|Custap Berry|[eat]","|-activate|p2a: Forretress|Custap Berry","|","|switch|p1a: jimmy|Steelix, M|354/354","|-damage|p1a: jimmy|343/354|[from] Stealth Rock","|move|p2a: Forretress|Explosion|p1a: jimmy","|-resisted|p1a: jimmy","|-damage|p1a: jimmy|293/354","|faint|p2a: Forretress","|","|","|switch|p2a: Heracross|Heracross, M|301/301","|turn|3","|","|move|p2a: Heracross|Close Combat|p1a: jimmy","|-supereffective|p1a: jimmy","|-damage|p1a: jimmy|83/354","|-enditem|p1a: jimmy|Weakness Policy","|-boost|p1a: jimmy|atk|2|[from] item: Weakness Policy","|-boost|p1a: jimmy|spa|2|[from] item: Weakness Policy","|-unboost|p2a: Heracross|def|1","|-unboost|p2a: Heracross|spd|1","|move|p1a: jimmy|Gyro Ball|p2a: Heracross","|-damage|p2a: Heracross|0 fnt","|faint|p2a: Heracross","|","|","|switch|p2a: Pinsir|Pinsir, F|333/333","|turn|4","|","|switch|p1a: mre.like.digimon|Landorus, M|319/319","|-damage|p1a: mre.like.digimon|280/319|[from] Stealth Rock","|move|p2a: Pinsir|Close Combat|p1a: mre.like.digimon","|-resisted|p1a: mre.like.digimon","|-damage|p1a: mre.like.digimon|202/319","|-unboost|p2a: Pinsir|def|1","|-unboost|p2a: Pinsir|spd|1","|","|turn|5","|","|switch|p2a: Galvantula|Galvantula, M|281/281","|move|p1a: mre.like.digimon|Sludge Wave|p2a: Galvantula","|-damage|p2a: Galvantula|31/281","|","|turn|6","|","|move|p2a: Galvantula|Sticky Web|p1a: mre.like.digimon","|-sidestart|p1: Imp❇ Jk|move: Sticky Web","|move|p1a: mre.like.digimon|Sludge Wave|p2a: Galvantula","|-damage|p2a: Galvantula|0 fnt","|faint|p2a: Galvantula","|","|","|switch|p2a: Genesect|Genesect|283/283","|-boost|p2a: Genesect|spa|1|[from] ability: Download","|turn|7","|","|switch|p1a: sluggish.stall|Gastrodon, M|426/426","|-damage|p1a: sluggish.stall|400/426|[from] Stealth Rock","|-activate|p1a: sluggish.stall|move: Sticky Web","|-unboost|p1a: sluggish.stall|spe|1","|move|p2a: Genesect|Ice Beam|p1a: sluggish.stall","|-damage|p1a: sluggish.stall|272/426","|","|-heal|p1a: sluggish.stall|298/426|[from] item: Leftovers","|turn|8","|","|switch|p2a: Vespiquen|Vespiquen, F|343/343","|-ability|p2a: Vespiquen|Pressure","|move|p1a: sluggish.stall|Scald|p2a: Vespiquen","|-damage|p2a: Vespiquen|283/343","|","|-heal|p1a: sluggish.stall|324/426|[from] item: Leftovers","|turn|9","|","|move|p2a: Vespiquen|Infestation|p1a: sluggish.stall","|-damage|p1a: sluggish.stall|308/426","|-activate|p1a: sluggish.stall|move: Infestation|[of] p2a: Vespiquen","|move|p1a: sluggish.stall|Toxic|p2a: Vespiquen","|-status|p2a: Vespiquen|tox","|","|-heal|p1a: sluggish.stall|334/426|[from] item: Leftovers","|-damage|p2a: Vespiquen|262/343 tox|[from] psn","|-damage|p1a: sluggish.stall|281/426|[from] move: Infestation|[partiallytrapped]","|turn|10","|","|move|p2a: Vespiquen|Defend Order|p2a: Vespiquen","|-boost|p2a: Vespiquen|def|1","|-boost|p2a: Vespiquen|spd|1","|move|p1a: sluggish.stall|Recover|p1a: sluggish.stall","|-heal|p1a: sluggish.stall|426/426","|","|-damage|p2a: Vespiquen|220/343 tox|[from] psn","|-damage|p1a: sluggish.stall|373/426|[from] move: Infestation|[partiallytrapped]","|turn|11","|","|move|p2a: Vespiquen|Mud-Slap|p1a: sluggish.stall","|-damage|p1a: sluggish.stall|361/426","|-unboost|p1a: sluggish.stall|accuracy|1","|move|p1a: sluggish.stall|Clear Smog|p2a: Vespiquen","|-damage|p2a: Vespiquen|201/343 tox","|-clearboost|p2a: Vespiquen","|","|-heal|p1a: sluggish.stall|387/426|[from] item: Leftovers","|-damage|p2a: Vespiquen|138/343 tox|[from] psn","|-damage|p1a: sluggish.stall|334/426|[from] move: Infestation|[partiallytrapped]","|turn|12","|","|move|p2a: Vespiquen|Roost|p2a: Vespiquen","|-heal|p2a: Vespiquen|310/343 tox","|move|p1a: sluggish.stall|Recover|p1a: sluggish.stall","|-heal|p1a: sluggish.stall|426/426","|","|-damage|p2a: Vespiquen|226/343 tox|[from] psn","|-damage|p1a: sluggish.stall|373/426|[from] move: Infestation|[partiallytrapped]","|turn|13","|","|move|p2a: Vespiquen|Roost|p2a: Vespiquen","|-heal|p2a: Vespiquen|343/343 tox","|move|p1a: sluggish.stall|Scald|p2a: Vespiquen","|-damage|p2a: Vespiquen|283/343 tox","|","|-heal|p1a: sluggish.stall|399/426|[from] item: Leftovers","|-damage|p2a: Vespiquen|178/343 tox|[from] psn","|-damage|p1a: sluggish.stall|346/426|[from] move: Infestation|[partiallytrapped]","|turn|14","|","|move|p2a: Vespiquen|Mud-Slap|p1a: sluggish.stall","|-damage|p1a: sluggish.stall|333/426","|-unboost|p1a: sluggish.stall|accuracy|1","|move|p1a: sluggish.stall|Recover|p1a: sluggish.stall","|-heal|p1a: sluggish.stall|426/426","|","|-damage|p2a: Vespiquen|52/343 tox|[from] psn","|-end|p1a: sluggish.stall|Infestation|[partiallytrapped]","|turn|15","|","|move|p2a: Vespiquen|Roost|p2a: Vespiquen","|-heal|p2a: Vespiquen|224/343 tox","|move|p1a: sluggish.stall|Scald|p2a: Vespiquen","|-damage|p2a: Vespiquen|166/343 tox","|","|-damage|p2a: Vespiquen|19/343 tox|[from] psn","|turn|16","|","|move|p2a: Vespiquen|Roost|p2a: Vespiquen","|-heal|p2a: Vespiquen|191/343 tox","|move|p1a: sluggish.stall|Scald|p2a: Vespiquen","|-damage|p2a: Vespiquen|124/343 tox","|","|-damage|p2a: Vespiquen|0 fnt|[from] psn","|faint|p2a: Vespiquen","|","|switch|p2a: Pinsir|Pinsir, F|333/333","|turn|17","|","|detailschange|p2a: Pinsir|Pinsir-Mega, F","|-mega|p2a: Pinsir|Pinsir|Pinsirite","|move|p2a: Pinsir|Frustration|p1a: sluggish.stall","|-damage|p1a: sluggish.stall|41/426","|move|p1a: sluggish.stall|Scald|p2a: Pinsir","|-damage|p2a: Pinsir|239/333","|-status|p2a: Pinsir|brn","|","|-heal|p1a: sluggish.stall|67/426|[from] item: Leftovers","|-damage|p2a: Pinsir|198/333 brn|[from] brn","|turn|18","|","|move|p2a: Pinsir|Frustration|p1a: sluggish.stall","|-crit|p1a: sluggish.stall","|-damage|p1a: sluggish.stall|0 fnt","|faint|p1a: sluggish.stall","|","|-damage|p2a: Pinsir|157/333 brn|[from] brn","|","|switch|p1a: jimmy|Steelix, M|83/354","|-damage|p1a: jimmy|72/354|[from] Stealth Rock","|-activate|p1a: jimmy|move: Sticky Web","|-unboost|p1a: jimmy|spe|1","|turn|19","|","|move|p2a: Pinsir|Close Combat|p1a: jimmy","|-supereffective|p1a: jimmy","|-damage|p1a: jimmy|0 fnt","|-unboost|p2a: Pinsir|def|1","|-unboost|p2a: Pinsir|spd|1","|faint|p1a: jimmy","|","|-damage|p2a: Pinsir|116/333 brn|[from] brn","|","|switch|p1a: island.aboard|Torterra, F|394/394","|-activate|p1a: island.aboard|move: Sticky Web","|-unboost|p1a: island.aboard|spe|1","|-damage|p1a: island.aboard|370/394|[from] Stealth Rock","|turn|20","|","|move|p2a: Pinsir|Frustration|p1a: island.aboard","|-supereffective|p1a: island.aboard","|-damage|p1a: island.aboard|132/394","|move|p1a: island.aboard|Stone Edge|p2a: Pinsir","|-supereffective|p2a: Pinsir","|-damage|p2a: Pinsir|0 fnt","|faint|p2a: Pinsir","|","|","|switch|p2a: Genesect|Genesect|283/283","|-boost|p2a: Genesect|spa|1|[from] ability: Download","|turn|21","|","|move|p2a: Genesect|Ice Beam|p1a: island.aboard","|-supereffective|p1a: island.aboard","|-damage|p1a: island.aboard|0 fnt","|faint|p1a: island.aboard","|","|","|switch|p1a: volcano.alive|Camerupt-Mega, F|344/344","|-activate|p1a: volcano.alive|move: Sticky Web","|-unboost|p1a: volcano.alive|spe|1","|-damage|p1a: volcano.alive|301/344|[from] Stealth Rock","|turn|22","|","|move|p2a: Genesect|Ice Beam|p1a: volcano.alive","|-damage|p1a: volcano.alive|148/344","|move|p1a: volcano.alive|Flamethrower|p2a: Genesect","|-supereffective|p2a: Genesect","|-damage|p2a: Genesect|0 fnt","|faint|p2a: Genesect","|","|win|Imp❇ Jk"],"p1rating":{"entryid":"86215","serverid":"eos","formatid":"monotype","userid":"impjk","username":"Imp❇ Jk","w":4,"l":"4","t":"0","gxe":47.4,"r":"1500","rd":"130","sigma":"0","rptime":"1439888400","rpr":1479.4859887978,"rprd":93.49021547655,"rpsigma":"0","acre":1082.5565985933,"lacre":1082.5565985933,"oldacre":"1050.6976751128"},"p2rating":{"entryid":"386","serverid":"eos","formatid":"monotype","userid":"lightofaknowing","username":"LightOfAKnowing","w":"2","l":8,"t":"0","gxe":34.6,"r":"1439.1765093242","rd":"106.91164920561","sigma":"0","rptime":"1439888400","rpr":1376.4658634897,"rprd":88.089461323731,"rpsigma":"0","acre":1028.479673367,"lacre":1028.479673367,"oldacre":"1044.9440633827"},"endType":"normal"}