{"seed":[61601,3308,40068,60830],"turns":19,"p1":"crystall stall","p2":"Sjado","p1team":[{"name":"Kyurem-Black","species":"Kyurem-Black","item":"choiceband","ability":"Teravolt","moves":["outrage","ironhead","fusionbolt","toxic"],"nature":"Adamant","evs":{"hp":252,"atk":252,"def":4,"spa":0,"spd":0,"spe":0},"ivs":{"hp":31,"atk":31,"def":31,"spa":31,"spd":31,"spe":31}},{"name":"Latias","species":"Latias","item":"latiasite","ability":"Levitate","moves":["shadowball","calmmind","substitute","roost"],"nature":"Bold","evs":{"hp":252,"atk":0,"def":252,"spa":4,"spd":0,"spe":0},"ivs":{"hp":31,"atk":31,"def":31,"spa":31,"spd":31,"spe":31}},{"name":"Latios","species":"Latios","item":"leftovers","ability":"Levitate","moves":["defog","dragonpulse","icebeam","roost"],"nature":"Timid","evs":{"hp":4,"atk":0,"def":0,"spa":252,"spd":0,"spe":252},"ivs":{"hp":31,"atk":31,"def":31,"spa":31,"spd":31,"spe":31}},{"name":"Noivern","species":"Noivern","item":"choicescarf","ability":"Infiltrator","moves":["hurricane","uturn","flamethrower","hiddenpowerice"],"nature":"Naive","evs":{"hp":0,"atk":88,"def":0,"spa":252,"spd":0,"spe":168},"ivs":{"hp":31,"atk":30,"def":30,"spa":31,"spd":31,"spe":31}},{"name":"Dragonite","species":"Dragonite","item":"weaknesspolicy","ability":"Multiscale","moves":["dragondance","flamethrower","earthquake","extremespeed"],"nature":"Naughty","evs":{"hp":4,"atk":252,"def":32,"spa":0,"spd":0,"spe":220},"ivs":{"hp":31,"atk":31,"def":31,"spa":31,"spd":31,"spe":31}},{"name":"Salamence","species":"Salamence","item":"lumberry","ability":"Moxie","moves":["dragondance","earthquake","firefang","stoneedge"],"nature":"Adamant","evs":{"hp":4,"atk":252,"def":0,"spa":0,"spd":0,"spe":252},"ivs":{"hp":31,"atk":31,"def":31,"spa":31,"spd":31,"spe":31}}],"p2team":[{"name":"Sableye","species":"Sableye","item":"sablenite","ability":"Prankster","moves":["recover","willowisp","calmmind","darkpulse"],"nature":"Bold","evs":{"hp":252,"atk":0,"def":252,"spa":0,"spd":4,"spe":0},"ivs":{"hp":31,"atk":31,"def":31,"spa":31,"spd":31,"spe":31}},{"name":"Umbreon","species":"Umbreon","item":"leftovers","ability":"Synchronize","moves":["toxic","wish","protect","darkpulse"],"nature":"Calm","evs":{"hp":252,"atk":0,"def":0,"spa":4,"spd":252,"spe":0},"ivs":{"hp":31,"atk":31,"def":31,"spa":31,"spd":31,"spe":31}},{"name":"Bisharp","species":"Bisharp","item":"lifeorb","ability":"Defiant","moves":["ironhead","suckerpunch","knockoff","swordsdance"],"nature":"Adamant","evs":{"hp":0,"atk":252,"def":0,"spa":0,"spd":4,"spe":252},"shiny":true,"ivs":{"hp":31,"atk":31,"def":31,"spa":31,"spd":31,"spe":31}},{"name":"Mandibuzz","species":"Mandibuzz","item":"rockyhelmet","ability":"Overcoat","moves":["roost","foulplay","defog","toxic"],"nature":"Bold","evs":{"hp":252,"atk":0,"def":252,"spa":0,"spd":4,"spe":0},"ivs":{"hp":31,"atk":31,"def":31,"spa":31,"spd":31,"spe":31}},{"name":"Tyranitar","species":"Tyranitar","item":"leftovers","ability":"Sand Stream","moves":["stoneedge","stealthrock","earthquake","fireblast"],"nature":"Sassy","evs":{"hp":244,"atk":8,"def":0,"spa":4,"spd":252,"spe":0},"ivs":{"hp":31,"atk":31,"def":31,"spa":31,"spd":31,"spe":31}},{"name":"Hydreigon","species":"Hydreigon","item":"lifeorb","ability":"Levitate","moves":["darkpulse","dracometeor","fireblast","earthpower"],"nature":"Timid","evs":{"hp":0,"atk":0,"def":0,"spa":252,"spd":4,"spe":252},"ivs":{"hp":31,"atk":31,"def":31,"spa":31,"spd":31,"spe":31}}],"log":["|player|p1|crystall stall|52","|player|p2|Sjado|168","|gametype|singles","|gen|6","|tier|Monotype","|rated","|rule|Baton Pass Clause: Limit one Baton Passer, can't pass Spe and other stats simultaneously","|rule|Swagger Clause: Swagger is banned","|rule|Same Type Clause: Pokémon in a team must share a type","|clearpoke","|poke|p1|Kyurem-Black","|poke|p1|Latias, F","|poke|p1|Latios, M","|poke|p1|Noivern, M","|poke|p1|Dragonite, F","|poke|p1|Salamence, F","|poke|p2|Sableye, M","|poke|p2|Umbreon, F","|poke|p2|Bisharp, F, shiny","|poke|p2|Mandibuzz, F","|poke|p2|Tyranitar, M","|poke|p2|Hydreigon, F","|rule|Sleep Clause Mod: Limit one foe put to sleep","|rule|Species Clause: Limit one of each Pokémon","|rule|OHKO Clause: OHKO moves are banned","|rule|Moody Clause: Moody is banned","|rule|Evasion Moves Clause: Evasion moves are banned","|rule|Endless Battle Clause: Forcing endless battles is banned","|rule|HP Percentage Mod: HP is shown in percentages","|teampreview","|","|start","|switch|p1a: Kyurem-Black|Kyurem-Black|454/454","|switch|p2a: Tyranitar|Tyranitar, M|402/402","|-ability|p1a: Kyurem-Black|Teravolt","|-weather|Sandstorm","|turn|1","|","|move|p1a: Kyurem-Black|Iron Head|p2a: Tyranitar","|-supereffective|p2a: Tyranitar","|-damage|p2a: Tyranitar|20/402","|move|p2a: Tyranitar|Stealth Rock|p1a: Kyurem-Black","|-sidestart|p1: crystall stall|move: Stealth Rock","|","|-weather|Sandstorm|[upkeep]","|-damage|p1a: Kyurem-Black|426/454|[from] sandstorm","|-heal|p2a: Tyranitar|45/402|[from] item: Leftovers","|turn|2","|","|switch|p2a: Mandibuzz|Mandibuzz, F|424/424","|move|p1a: Kyurem-Black|Iron Head|p2a: Mandibuzz","|-damage|p2a: Mandibuzz|282/424","|-damage|p1a: Kyurem-Black|351/454|[from] item: Rocky Helmet|[of] p2a: Mandibuzz","|","|-weather|Sandstorm|[upkeep]","|-damage|p1a: Kyurem-Black|323/454|[from] sandstorm","|turn|3","|","|switch|p1a: Latios|Latios, M|302/302","|-damage|p1a: Latios|265/302|[from] Stealth Rock","|move|p2a: Mandibuzz|Toxic|p1a: Latios","|-status|p1a: Latios|tox","|","|-weather|Sandstorm|[upkeep]","|-damage|p1a: Latios|247/302 tox|[from] sandstorm","|-heal|p1a: Latios|265/302 tox|[from] item: Leftovers","|-damage|p1a: Latios|247/302 tox|[from] psn","|turn|4","|","|switch|p2a: Umbreon|Umbreon, F|394/394","|move|p1a: Latios|Defog|p2a: Umbreon","|-unboost|p2a: Umbreon|evasion|1","|-sideend|p1: crystall stall|Stealth Rock|[from] move: Defog|[of] p1a: Latios","|","|-weather|Sandstorm|[upkeep]","|-damage|p1a: Latios|229/302 tox|[from] sandstorm","|-damage|p2a: Umbreon|370/394|[from] sandstorm","|-heal|p1a: Latios|247/302 tox|[from] item: Leftovers","|-heal|p2a: Umbreon|394/394|[from] item: Leftovers","|-damage|p1a: Latios|211/302 tox|[from] psn","|turn|5","|","|switch|p1a: Noivern|Noivern, M|311/311","|move|p2a: Umbreon|Toxic|p1a: Noivern","|-status|p1a: Noivern|tox","|","|-weather|none","|-damage|p1a: Noivern|292/311 tox|[from] psn","|turn|6","|","|move|p2a: Umbreon|Protect|p2a: Umbreon","|-singleturn|p2a: Umbreon|Protect","|move|p1a: Noivern|U-turn|p2a: Umbreon","|-activate|p2a: Umbreon|Protect","|","|-damage|p1a: Noivern|254/311 tox|[from] psn","|turn|7","|","|move|p1a: Noivern|U-turn|p2a: Umbreon","|-supereffective|p2a: Umbreon","|-damage|p2a: Umbreon|302/394","|","|switch|p1a: Latios|Latios, M|211/302 tox","|move|p2a: Umbreon|Wish|p2a: Umbreon","|","|-heal|p1a: Latios|229/302 tox|[from] item: Leftovers","|-heal|p2a: Umbreon|326/394|[from] item: Leftovers","|-damage|p1a: Latios|211/302 tox|[from] psn","|turn|8","|","|move|p1a: Latios|Ice Beam|p2a: Umbreon","|-damage|p2a: Umbreon|257/394","|move|p2a: Umbreon|Dark Pulse|p1a: Latios","|-supereffective|p1a: Latios","|-damage|p1a: Latios|95/302 tox","|","|-heal|p2a: Umbreon|394/394|[from] move: Wish|[wisher] Umbreon","|-heal|p1a: Latios|113/302 tox|[from] item: Leftovers","|-damage|p1a: Latios|77/302 tox|[from] psn","|turn|9","|","|move|p1a: Latios|Dragon Pulse|p2a: Umbreon","|-damage|p2a: Umbreon|295/394","|move|p2a: Umbreon|Wish|p2a: Umbreon","|","|-heal|p1a: Latios|95/302 tox|[from] item: Leftovers","|-heal|p2a: Umbreon|319/394|[from] item: Leftovers","|-damage|p1a: Latios|41/302 tox|[from] psn","|turn|10","|","|switch|p2a: Tyranitar|Tyranitar, M|45/402","|-weather|Sandstorm","|move|p1a: Latios|Ice Beam|p2a: Tyranitar","|-damage|p2a: Tyranitar|0 fnt","|faint|p2a: Tyranitar","|","|-weather|Sandstorm|[upkeep]","|-damage|p1a: Latios|23/302 tox|[from] sandstorm","|-heal|p1a: Latios|41/302 tox|[from] item: Leftovers","|-damage|p1a: Latios|0 fnt|[from] psn","|faint|p1a: Latios","|","|switch|p1a: Kyurem-Black|Kyurem-Black|323/454","|switch|p2a: Umbreon|Umbreon, F|319/394","|-ability|p1a: Kyurem-Black|Teravolt","|turn|11","|","|move|p2a: Umbreon|Protect|p2a: Umbreon","|-singleturn|p2a: Umbreon|Protect","|move|p1a: Kyurem-Black|Outrage|p2a: Umbreon","|-activate|p2a: Umbreon|Protect","|","|-weather|Sandstorm|[upkeep]","|-damage|p1a: Kyurem-Black|295/454|[from] sandstorm","|-damage|p2a: Umbreon|295/394|[from] sandstorm","|-heal|p2a: Umbreon|319/394|[from] item: Leftovers","|turn|12","|","|switch|p2a: Bisharp|Bisharp, F, shiny|271/271","|move|p1a: Kyurem-Black|Outrage|p2a: Bisharp","|-resisted|p2a: Bisharp","|-damage|p2a: Bisharp|60/271","|","|-weather|Sandstorm|[upkeep]","|-damage|p1a: Kyurem-Black|267/454|[from] sandstorm","|turn|13","|","|move|p2a: Bisharp|Sucker Punch|p1a: Kyurem-Black","|-damage|p1a: Kyurem-Black|80/454","|-damage|p2a: Bisharp|33/271|[from] item: Life Orb","|move|p1a: Kyurem-Black|Outrage|p2a: Bisharp|[from]lockedmove","|-resisted|p2a: Bisharp","|-damage|p2a: Bisharp|0 fnt","|faint|p2a: Bisharp","|","|-weather|Sandstorm|[upkeep]","|-damage|p1a: Kyurem-Black|52/454|[from] sandstorm","|","|switch|p2a: Sableye|Sableye, M|304/304","|turn|14","|","|move|p2a: Sableye|Will-O-Wisp|p1a: Kyurem-Black","|-status|p1a: Kyurem-Black|brn","|move|p1a: Kyurem-Black|Outrage|p2a: Sableye|[from]lockedmove","|-damage|p2a: Sableye|112/304","|-start|p1a: Kyurem-Black|confusion|[fatigue]","|","|-weather|none","|-damage|p1a: Kyurem-Black|0 fnt|[from] brn","|faint|p1a: Kyurem-Black","|","|switch|p1a: Salamence|Salamence, F|332/332","|turn|15","|","|move|p2a: Sableye|Will-O-Wisp|p1a: Salamence","|-status|p1a: Salamence|brn","|-enditem|p1a: Salamence|Lum Berry|[eat]","|-curestatus|p1a: Salamence|brn","|move|p1a: Salamence|Dragon Dance|p1a: Salamence","|-boost|p1a: Salamence|atk|1","|-boost|p1a: Salamence|spe|1","|","|turn|16","|","|move|p2a: Sableye|Will-O-Wisp|p1a: Salamence","|-status|p1a: Salamence|brn","|move|p1a: Salamence|Earthquake|p2a: Sableye","|-damage|p2a: Sableye|24/304","|","|-damage|p1a: Salamence|291/332 brn|[from] brn","|turn|17","|","|move|p2a: Sableye|Recover|p2a: Sableye","|-heal|p2a: Sableye|176/304","|move|p1a: Salamence|Earthquake|p2a: Sableye","|-damage|p2a: Sableye|94/304","|","|-damage|p1a: Salamence|250/332 brn|[from] brn","|turn|18","|","|detailschange|p2a: Sableye|Sableye-Mega, M","|-mega|p2a: Sableye|Sableye|Sablenite","|move|p2a: Sableye|Recover|p2a: Sableye","|-heal|p2a: Sableye|246/304","|move|p1a: Salamence|Stone Edge|p2a: Sableye","|-damage|p2a: Sableye|186/304","|","|-damage|p1a: Salamence|209/332 brn|[from] brn","|turn|19","|","|win|Sjado"],"p1rating":{"entryid":98528,"formatid":"monotype","userid":"crystallstall","username":"crystall stall","r":1500,"rd":130,"sigma":0,"rpr":1459.8393856612,"rprd":122.8583080769,"rpsigma":0,"rptime":1439888400,"w":0,"l":1,"t":0,"gxe":45,"acre":1000,"lacre":1000,"oldacre":1000},"p2rating":{"entryid":"97728","serverid":"eos","formatid":"monotype","userid":"sjado","username":"Sjado","w":2,"l":"1","t":"0","gxe":54.6,"r":"1500","rd":"130","sigma":"0","rptime":"1439888400","rpr":1536.3935754117,"rprd":111.49849857824,"rpsigma":"0","acre":1067.5232166719,"lacre":1067.5232166719,"oldacre":"1036.6458935397"},"endType":"forfeit"}