{"seed":[6156,43401,17053,63426],"turns":24,"p1":"Im Slash","p2":"Illusionist Clyde","p1team":[{"name":"Meloetta","species":"Meloetta","item":"choicespecs","ability":"Serene Grace","moves":["hypervoice","thunderbolt","shadowball","psyshock"],"nature":"Modest","evs":{"hp":248,"atk":0,"def":0,"spa":252,"spd":8,"spe":0},"ivs":{"hp":31,"atk":31,"def":31,"spa":31,"spd":31,"spe":31}},{"name":"Latias","species":"Latias","item":"lifeorb","ability":"Levitate","moves":["dracometeor","healingwish","psyshock","defog"],"nature":"Timid","evs":{"hp":0,"atk":0,"def":0,"spa":252,"spd":4,"spe":252},"ivs":{"hp":31,"atk":31,"def":31,"spa":31,"spd":31,"spe":31}},{"name":"Slowbro","species":"Slowbro","item":"rockyhelmet","ability":"Regenerator","moves":["scald","icebeam","slackoff","thunderwave"],"nature":"Bold","evs":{"hp":248,"atk":0,"def":252,"spa":8,"spd":0,"spe":0},"ivs":{"hp":31,"atk":31,"def":31,"spa":31,"spd":31,"spe":31}},{"name":"Metagross","species":"Metagross","item":"assaultvest","ability":"Clear Body","moves":["earthquake","meteormash","bulletpunch","zenheadbutt"],"nature":"Adamant","evs":{"hp":248,"atk":252,"def":0,"spa":0,"spd":8,"spe":0},"shiny":true,"ivs":{"hp":31,"atk":31,"def":31,"spa":31,"spd":31,"spe":31}},{"name":"Victini","species":"Victini","item":"choicescarf","ability":"Victory Star","moves":["brickbreak","vcreate","uturn","boltstrike"],"nature":"Hasty","evs":{"hp":0,"atk":252,"def":0,"spa":4,"spd":0,"spe":252},"ivs":{"hp":31,"atk":31,"def":31,"spa":31,"spd":31,"spe":31}},{"name":"Gardevoir","species":"Gardevoir","item":"gardevoirite","ability":"Trace","moves":["hypervoice","psyshock","calmmind","focusblast"],"nature":"Timid","evs":{"hp":0,"atk":0,"def":0,"spa":252,"spd":0,"spe":252},"ivs":{"hp":31,"atk":31,"def":31,"spa":31,"spd":31,"spe":31}}],"p2team":[{"name":"Gem Snatcher","species":"sableye","item":"sablenite","ability":"Prankster","moves":["darkpulse","octazooka","painsplit","taunt"],"nature":"Modest","evs":{"hp":248,"atk":0,"def":0,"spa":252,"spd":8,"spe":0},"gender":"M","shiny":true,"ivs":{"hp":31,"atk":31,"def":31,"spa":31,"spd":31,"spe":31}},{"name":"Bone Stabber","species":"mandibuzz","item":"leftovers","ability":"Overcoat","moves":["knockoff","bravebird","substitute","roost"],"nature":"Impish","evs":{"hp":248,"atk":8,"def":252,"spa":0,"spd":0,"spe":0},"shiny":true,"ivs":{"hp":31,"atk":31,"def":31,"spa":31,"spd":31,"spe":31}},{"name":"Tyrant","species":"tyranitar","item":"leftovers","ability":"Sand Stream","moves":["earthquake","stoneedge","icepunch","dragondance"],"nature":"Adamant","evs":{"hp":0,"atk":252,"def":0,"spa":0,"spd":4,"spe":252},"gender":"M","shiny":true,"ivs":{"hp":31,"atk":31,"def":31,"spa":31,"spd":31,"spe":31}},{"name":"Moon Dog","species":"umbreon","item":"leftovers","ability":"Inner Focus","moves":["foulplay","shadowball","psychic","healbell"],"nature":"Modest","evs":{"hp":252,"atk":0,"def":0,"spa":252,"spd":4,"spe":0},"gender":"M","shiny":true,"ivs":{"hp":31,"atk":31,"def":31,"spa":31,"spd":31,"spe":31}},{"name":"Cat Thief","species":"liepard","item":"normalgem","ability":"Prankster","moves":["fakeout","nightslash","thunderwave","taunt"],"nature":"Jolly","evs":{"hp":0,"atk":252,"def":0,"spa":0,"spd":4,"spe":252},"gender":"F","shiny":true,"ivs":{"hp":31,"atk":31,"def":31,"spa":31,"spd":31,"spe":31}},{"name":"Desert Crusher","species":"cacturne","item":"focussash","ability":"Sand Veil","moves":["drainpunch","needlearm","suckerpunch","spikyshield"],"nature":"Adamant","evs":{"hp":248,"atk":252,"def":0,"spa":0,"spd":8,"spe":0},"gender":"M","shiny":true,"ivs":{"hp":31,"atk":31,"def":31,"spa":31,"spd":31,"spe":31}}],"log":["|player|p1|Im Slash|144","|player|p2|Illusionist Clyde|213","|gametype|singles","|gen|6","|tier|Monotype","|rated","|rule|Baton Pass Clause: Limit one Baton Passer, can't pass Spe and other stats simultaneously","|rule|Swagger Clause: Swagger is banned","|rule|Same Type Clause: Pokémon in a team must share a type","|clearpoke","|poke|p1|Meloetta","|poke|p1|Latias, F","|poke|p1|Slowbro, F","|poke|p1|Metagross, shiny","|poke|p1|Victini","|poke|p1|Gardevoir, F","|poke|p2|Sableye, M, shiny","|poke|p2|Mandibuzz, F, shiny","|poke|p2|Tyranitar, M, shiny","|poke|p2|Umbreon, M, shiny","|poke|p2|Liepard, F, shiny","|poke|p2|Cacturne, M, shiny","|rule|Sleep Clause Mod: Limit one foe put to sleep","|rule|Species Clause: Limit one of each Pokémon","|rule|OHKO Clause: OHKO moves are banned","|rule|Moody Clause: Moody is banned","|rule|Evasion Moves Clause: Evasion moves are banned","|rule|Endless Battle Clause: Forcing endless battles is banned","|rule|HP Percentage Mod: HP is shown in percentages","|teampreview","|","|start","|switch|p1a: Gardevoir|Gardevoir, F|277/277","|switch|p2a: Tyrant|Tyranitar, M, shiny|341/341","|-ability|p1a: Gardevoir|Sand Stream|[from] ability: Trace|[of] p2a: Tyrant","|-weather|Sandstorm","|turn|1","|","|switch|p1a: Slowbro|Slowbro, F|393/393","|move|p2a: Tyrant|Stone Edge|p1a: Slowbro","|-damage|p1a: Slowbro|266/393","|","|-weather|Sandstorm|[upkeep]","|-damage|p1a: Slowbro|242/393|[from] sandstorm","|turn|2","|","|move|p2a: Tyrant|Dragon Dance|p2a: Tyrant","|-boost|p2a: Tyrant|atk|1","|-boost|p2a: Tyrant|spe|1","|move|p1a: Slowbro|Scald|p2a: Tyrant","|-supereffective|p2a: Tyrant","|-damage|p2a: Tyrant|209/341","|-status|p2a: Tyrant|brn","|","|-weather|Sandstorm|[upkeep]","|-damage|p1a: Slowbro|218/393|[from] sandstorm","|-heal|p2a: Tyrant|230/341 brn|[from] item: Leftovers","|-damage|p2a: Tyrant|188/341 brn|[from] brn","|turn|3","|","|move|p2a: Tyrant|Earthquake|p1a: Slowbro","|-damage|p1a: Slowbro|151/393","|move|p1a: Slowbro|Slack Off|p1a: Slowbro","|-heal|p1a: Slowbro|348/393","|","|-weather|Sandstorm|[upkeep]","|-damage|p1a: Slowbro|324/393|[from] sandstorm","|-heal|p2a: Tyrant|209/341 brn|[from] item: Leftovers","|-damage|p2a: Tyrant|167/341 brn|[from] brn","|turn|4","|","|move|p2a: Tyrant|Stone Edge|p1a: Slowbro","|-damage|p1a: Slowbro|216/393","|move|p1a: Slowbro|Scald|p2a: Tyrant","|-supereffective|p2a: Tyrant","|-damage|p2a: Tyrant|41/341 brn","|","|-weather|Sandstorm|[upkeep]","|-damage|p1a: Slowbro|192/393|[from] sandstorm","|-heal|p2a: Tyrant|62/341 brn|[from] item: Leftovers","|-damage|p2a: Tyrant|20/341 brn|[from] brn","|turn|5","|","|switch|p2a: Desert Crusher|Cacturne, M, shiny|343/343","|move|p1a: Slowbro|Slack Off|p1a: Slowbro","|-heal|p1a: Slowbro|389/393","|","|-weather|none","|turn|6","|","|move|p2a: Desert Crusher|Needle Arm|p1a: Slowbro","|-crit|p1a: Slowbro","|-supereffective|p1a: Slowbro","|-damage|p1a: Slowbro|153/393","|-damage|p2a: Desert Crusher|286/343|[from] item: Rocky Helmet|[of] p1a: Slowbro","|cant|p1a: Slowbro|flinch","|","|turn|7","|","|switch|p1a: Victini|Victini|341/341","|move|p2a: Desert Crusher|Needle Arm|p1a: Victini","|-resisted|p1a: Victini","|-damage|p1a: Victini|283/341","|","|turn|8","|","|move|p2a: Desert Crusher|Sucker Punch|p1a: Victini","|-supereffective|p1a: Victini","|-damage|p1a: Victini|0 fnt","|faint|p1a: Victini","|","|","|switch|p1a: Gardevoir|Gardevoir, F|277/277","|-ability|p1a: Gardevoir|Sand Veil|[from] ability: Trace|[of] p2a: Desert Crusher","|turn|9","|","|detailschange|p1a: Gardevoir|Gardevoir-Mega, F","|-mega|p1a: Gardevoir|Gardevoir|Gardevoirite","|move|p2a: Desert Crusher|Sucker Punch|p1a: Gardevoir","|-damage|p1a: Gardevoir|73/277","|move|p1a: Gardevoir|Hyper Voice|p2a: Desert Crusher","|-supereffective|p2a: Desert Crusher","|-damage|p2a: Desert Crusher|0 fnt","|faint|p2a: Desert Crusher","|","|","|switch|p2a: Cat Thief|Liepard, F, shiny|269/269","|turn|10","|","|switch|p1a: Slowbro|Slowbro, F|284/393","|move|p2a: Cat Thief|Fake Out|p1a: Slowbro","|-enditem|p2a: Cat Thief|Normal Gem|[from] gem|[move] Fake Out","|-damage|p1a: Slowbro|253/393","|-damage|p2a: Cat Thief|225/269|[from] item: Rocky Helmet|[of] p1a: Slowbro","|","|turn|11","|","|move|p2a: Cat Thief|Taunt|p1a: Slowbro","|-start|p1a: Slowbro|move: Taunt","|move|p1a: Slowbro|Scald|p2a: Cat Thief","|-damage|p2a: Cat Thief|56/269","|","|turn|12","|","|move|p2a: Cat Thief|Thunder Wave|p1a: Slowbro","|-status|p1a: Slowbro|par","|move|p1a: Slowbro|Scald|p2a: Cat Thief","|-damage|p2a: Cat Thief|0 fnt","|faint|p2a: Cat Thief","|","|","|switch|p2a: Moon Dog|Umbreon, M, shiny|394/394","|turn|13","|","|move|p2a: Moon Dog|Heal Bell|p2a: Moon Dog","|-cureteam|p2a: Moon Dog|[from] move: HealBell","|cant|p1a: Slowbro|par","|","|-end|p1a: Slowbro|move: Taunt","|turn|14","|","|move|p2a: Moon Dog|Shadow Ball|p1a: Slowbro","|-supereffective|p1a: Slowbro","|-damage|p1a: Slowbro|97/393 par","|move|p1a: Slowbro|Scald|p2a: Moon Dog","|-damage|p2a: Moon Dog|319/394","|-status|p2a: Moon Dog|brn","|","|-heal|p2a: Moon Dog|343/394 brn|[from] item: Leftovers","|-damage|p2a: Moon Dog|294/394 brn|[from] brn","|turn|15","|","|switch|p1a: Metagross|Metagross, shiny|363/363","|move|p2a: Moon Dog|Heal Bell|p2a: Moon Dog","|-cureteam|p2a: Moon Dog|[from] move: HealBell","|","|-heal|p2a: Moon Dog|318/394|[from] item: Leftovers","|turn|16","|","|move|p1a: Metagross|Meteor Mash|p2a: Moon Dog","|-damage|p2a: Moon Dog|162/394","|move|p2a: Moon Dog|Foul Play|p1a: Metagross","|-supereffective|p1a: Metagross","|-damage|p1a: Metagross|79/363","|","|-heal|p2a: Moon Dog|186/394|[from] item: Leftovers","|turn|17","|","|move|p1a: Metagross|Meteor Mash|p2a: Moon Dog|[miss]","|-miss|p1a: Metagross|p2a: Moon Dog","|move|p2a: Moon Dog|Shadow Ball|p1a: Metagross","|-supereffective|p1a: Metagross","|-damage|p1a: Metagross|0 fnt","|faint|p1a: Metagross","|","|-heal|p2a: Moon Dog|210/394|[from] item: Leftovers","|","|switch|p1a: Gardevoir|Gardevoir-Mega, F|73/277","|turn|18","|","|move|p1a: Gardevoir|Hyper Voice|p2a: Moon Dog","|-supereffective|p2a: Moon Dog","|-damage|p2a: Moon Dog|0 fnt","|faint|p2a: Moon Dog","|","|","|switch|p2a: Tyrant|Tyranitar, M, shiny|20/341","|-weather|Sandstorm","|turn|19","|","|move|p1a: Gardevoir|Hyper Voice|p2a: Tyrant","|-supereffective|p2a: Tyrant","|-damage|p2a: Tyrant|0 fnt","|faint|p2a: Tyrant","|","|-weather|Sandstorm|[upkeep]","|-damage|p1a: Gardevoir|56/277|[from] sandstorm","|","|switch|p2a: Gem Snatcher|Sableye, M, shiny|303/303","|turn|20","|","|switch|p1a: Latias|Latias, F|301/301","|detailschange|p2a: Gem Snatcher|Sableye-Mega, M, shiny","|-mega|p2a: Gem Snatcher|Sableye|Sablenite","|move|p2a: Gem Snatcher|Dark Pulse|p1a: Latias","|-supereffective|p1a: Latias","|-damage|p1a: Latias|125/301","|","|-weather|Sandstorm|[upkeep]","|-damage|p1a: Latias|107/301|[from] sandstorm","|-damage|p2a: Gem Snatcher|285/303|[from] sandstorm","|turn|21","|","|move|p1a: Latias|Healing Wish|p1a: Latias","|faint|p1a: Latias","|move|p2a: Gem Snatcher|Dark Pulse|p1: Latias|[notarget]","|-notarget","|","|-weather|Sandstorm|[upkeep]","|-damage|p2a: Gem Snatcher|267/303|[from] sandstorm","|","|switch|p1a: Gardevoir|Gardevoir-Mega, F|56/277","|-heal|p1a: Gardevoir|277/277|[from] move: Healing Wish","|turn|22","|","|move|p1a: Gardevoir|Hyper Voice|p2a: Gem Snatcher","|-supereffective|p2a: Gem Snatcher","|-damage|p2a: Gem Snatcher|0 fnt","|faint|p2a: Gem Snatcher","|","|-weather|Sandstorm|[upkeep]","|-damage|p1a: Gardevoir|260/277|[from] sandstorm","|","|switch|p2a: Bone Stabber|Mandibuzz, F, shiny|423/423","|turn|23","|","|move|p1a: Gardevoir|Calm Mind|p1a: Gardevoir","|-boost|p1a: Gardevoir|spa|1","|-boost|p1a: Gardevoir|spd|1","|move|p2a: Bone Stabber|Knock Off|p1a: Gardevoir","|-damage|p1a: Gardevoir|181/277","|","|-weather|none","|turn|24","|","|move|p1a: Gardevoir|Hyper Voice|p2a: Bone Stabber","|-supereffective|p2a: Bone Stabber","|-damage|p2a: Bone Stabber|0 fnt","|faint|p2a: Bone Stabber","|","|win|Im Slash"],"p1rating":{"entryid":"75487","serverid":"eos","formatid":"monotype","userid":"imslash","username":"Im Slash","w":2,"l":"0","t":"0","gxe":57.9,"r":"1500","rd":"130","sigma":"0","rptime":"1439888400","rpr":1563.1013222883,"rprd":116.83372822135,"rpsigma":"0","acre":1071.8957062998,"lacre":1071.8957062998,"oldacre":"1042.3233573191"},"p2rating":{"entryid":"74741","serverid":"eos","formatid":"monotype","userid":"illusionistclyde","username":"Illusionist Clyde","w":"0","l":2,"t":"0","gxe":41,"r":"1500","rd":"130","sigma":"0","rptime":"1439888400","rpr":1427.4328741711,"rprd":116.77753930647,"rpsigma":"0","acre":1000,"lacre":1000,"oldacre":"1000"},"endType":"normal"}