{"seed":[44387,27606,26222,28607],"turns":21,"p1":"Rain ☆ S.Herbs","p2":"BreadBites","p1team":[{"name":"Weezing","species":"Weezing","item":"blacksludge","ability":"Levitate","moves":["sludgewave","flamethrower","darkpulse","willowisp"],"nature":"Modest","evs":{"hp":252,"atk":0,"def":0,"spa":252,"spd":4,"spe":0},"shiny":true,"ivs":{"hp":31,"atk":31,"def":31,"spa":31,"spd":31,"spe":31}},{"name":"Dragalge","species":"Dragalge","item":"blacksludge","ability":"Adaptability","moves":["dragonpulse","sludgewave","toxicspikes","scald"],"nature":"Modest","evs":{"hp":252,"atk":0,"def":0,"spa":252,"spd":4,"spe":0},"shiny":true,"ivs":{"hp":31,"atk":31,"def":31,"spa":31,"spd":31,"spe":31}},{"name":"Crobat","species":"Crobat","item":"blacksludge","ability":"Infiltrator","moves":["bravebird","superfang","crosspoison","confuseray"],"nature":"Jolly","evs":{"hp":0,"atk":252,"def":0,"spa":0,"spd":4,"spe":252},"ivs":{"hp":31,"atk":31,"def":31,"spa":31,"spd":31,"spe":31}},{"name":"Venusaur","species":"Venusaur","item":"venusaurite","ability":"Chlorophyll","moves":["leechseed","earthquake","gigadrain","sludgebomb"],"nature":"Mild","evs":{"hp":0,"atk":4,"def":0,"spa":252,"spd":0,"spe":252},"shiny":true,"ivs":{"hp":31,"atk":31,"def":31,"spa":31,"spd":31,"spe":31}},{"name":"Drapion","species":"Drapion","item":"razorclaw","ability":"Sniper","moves":["crosspoison","nightslash","earthquake","swordsdance"],"nature":"Adamant","evs":{"hp":248,"atk":252,"def":0,"spa":0,"spd":8,"spe":0},"ivs":{"hp":31,"atk":31,"def":31,"spa":31,"spd":31,"spe":31}},{"name":"Scolipede","species":"Scolipede","item":"lifeorb","ability":"Speed Boost","moves":["megahorn","poisonjab","earthquake","protect"],"nature":"Adamant","evs":{"hp":0,"atk":252,"def":0,"spa":0,"spd":4,"spe":252},"shiny":true,"ivs":{"hp":31,"atk":31,"def":31,"spa":31,"spd":31,"spe":31}}],"p2team":[{"name":"ScrewYourWater","species":"ninetales","item":"heatrock","ability":"Drought","moves":["energyball","extrasensory","nastyplot","fireblast"],"nature":"Timid","evs":{"hp":0,"atk":0,"def":0,"spa":252,"spd":4,"spe":252},"ivs":{"hp":31,"atk":31,"def":31,"spa":31,"spd":31,"spe":31}},{"name":"PlzNoRockz","species":"charizard","item":"charizarditey","ability":"Blaze","moves":["airslash","dragonpulse","flamethrower","solarbeam"],"nature":"Timid","evs":{"hp":0,"atk":0,"def":0,"spa":252,"spd":4,"spe":252},"shiny":true,"ivs":{"hp":31,"atk":31,"def":31,"spa":31,"spd":31,"spe":31}},{"name":"GuessMySet","species":"arcanine","item":"choiceband","ability":"Intimidate","moves":["ironhead","flareblitz","extremespeed","outrage"],"nature":"Adamant","evs":{"hp":248,"atk":252,"def":0,"spa":0,"spd":8,"spe":0},"ivs":{"hp":31,"atk":31,"def":31,"spa":31,"spd":31,"spe":31}},{"name":"MyOnlyUseHere","species":"torkoal","item":"leftovers","ability":"White Smoke","moves":["lavaplume","rapidspin","stealthrock","yawn"],"nature":"Bold","evs":{"hp":252,"atk":0,"def":252,"spa":4,"spd":0,"spe":0},"shiny":true,"ivs":{"hp":31,"atk":31,"def":31,"spa":31,"spd":31,"spe":31}},{"name":"SweepEm&Weep","species":"victini","item":"choicescarf","ability":"Victory Star","moves":["vcreate","zenheadbutt","boltstrike","uturn"],"nature":"Jolly","evs":{"hp":0,"atk":252,"def":0,"spa":0,"spd":4,"spe":252},"ivs":{"hp":31,"atk":31,"def":31,"spa":31,"spd":31,"spe":31}},{"name":"Poor&IrishFlareon","species":"flareon","item":"leftovers","ability":"Guts","moves":["flareblitz","healbell","wish","roar"],"nature":"Careful","evs":{"hp":252,"atk":4,"def":0,"spa":0,"spd":252,"spe":0},"ivs":{"hp":31,"atk":31,"def":31,"spa":31,"spd":31,"spe":31}}],"log":["|player|p1|Rain ☆ S.Herbs|154","|player|p2|BreadBites|52","|gametype|singles","|gen|6","|tier|Monotype","|rated","|rule|Baton Pass Clause: Limit one Baton Passer, can't pass Spe and other stats simultaneously","|rule|Swagger Clause: Swagger is banned","|rule|Same Type Clause: Pokémon in a team must share a type","|clearpoke","|poke|p1|Weezing, M, shiny","|poke|p1|Dragalge, M, shiny","|poke|p1|Crobat, M","|poke|p1|Venusaur, M, shiny","|poke|p1|Drapion, M","|poke|p1|Scolipede, F, shiny","|poke|p2|Ninetales, M","|poke|p2|Charizard, F, shiny","|poke|p2|Arcanine, M","|poke|p2|Torkoal, M, shiny","|poke|p2|Victini","|poke|p2|Flareon, M","|rule|Sleep Clause Mod: Limit one foe put to sleep","|rule|Species Clause: Limit one of each Pokémon","|rule|OHKO Clause: OHKO moves are banned","|rule|Moody Clause: Moody is banned","|rule|Evasion Moves Clause: Evasion moves are banned","|rule|Endless Battle Clause: Forcing endless battles is banned","|rule|HP Percentage Mod: HP is shown in percentages","|teampreview","|","|start","|switch|p1a: Venusaur|Venusaur, M, shiny|301/301","|switch|p2a: MyOnlyUseHere|Torkoal, M, shiny|344/344","|turn|1","|","|detailschange|p1a: Venusaur|Venusaur-Mega, M, shiny","|-mega|p1a: Venusaur|Venusaur|Venusaurite","|move|p1a: Venusaur|Leech Seed|p2a: MyOnlyUseHere","|-start|p2a: MyOnlyUseHere|move: Leech Seed","|move|p2a: MyOnlyUseHere|Stealth Rock|p1a: Venusaur","|-sidestart|p1: Rain ☆ S.Herbs|move: Stealth Rock","|","|-damage|p2a: MyOnlyUseHere|301/344|[from] Leech Seed|[of] p1a: Venusaur","|turn|2","|","|move|p1a: Venusaur|Sludge Bomb|p2a: MyOnlyUseHere","|-damage|p2a: MyOnlyUseHere|63/344","|move|p2a: MyOnlyUseHere|Yawn|p1a: Venusaur","|-start|p1a: Venusaur|move: Yawn|[of] p2a: MyOnlyUseHere","|","|-heal|p2a: MyOnlyUseHere|84/344|[from] item: Leftovers","|-damage|p2a: MyOnlyUseHere|41/344|[from] Leech Seed|[of] p1a: Venusaur","|turn|3","|","|switch|p1a: Dragalge|Dragalge, M, shiny|334/334","|-damage|p1a: Dragalge|293/334|[from] Stealth Rock","|move|p2a: MyOnlyUseHere|Lava Plume|p1a: Dragalge","|-resisted|p1a: Dragalge","|-damage|p1a: Dragalge|260/334","|","|-heal|p1a: Dragalge|280/334|[from] item: Black Sludge","|-heal|p2a: MyOnlyUseHere|62/344|[from] item: Leftovers","|-damage|p2a: MyOnlyUseHere|19/344|[from] Leech Seed|[of] p1a: Dragalge","|-heal|p1a: Dragalge|323/334|[silent]","|turn|4","|","|move|p1a: Dragalge|Toxic Spikes|p2a: MyOnlyUseHere","|-sidestart|p2: BreadBites|move: Toxic Spikes","|move|p2a: MyOnlyUseHere|Yawn|p1a: Dragalge","|-start|p1a: Dragalge|move: Yawn|[of] p2a: MyOnlyUseHere","|","|-heal|p1a: Dragalge|334/334|[from] item: Black Sludge","|-heal|p2a: MyOnlyUseHere|40/344|[from] item: Leftovers","|-damage|p2a: MyOnlyUseHere|0 fnt|[from] Leech Seed|[of] p1a: Dragalge","|faint|p2a: MyOnlyUseHere","|","|switch|p2a: PlzNoRockz|Charizard, F, shiny|297/297","|turn|5","|","|detailschange|p2a: PlzNoRockz|Charizard-Mega-Y, F, shiny","|-mega|p2a: PlzNoRockz|Charizard|Charizardite Y","|-weather|SunnyDay","|move|p2a: PlzNoRockz|Dragon Pulse|p1a: Dragalge","|-crit|p1a: Dragalge","|-supereffective|p1a: Dragalge","|-damage|p1a: Dragalge|50/334","|move|p1a: Dragalge|Dragon Pulse|p2a: PlzNoRockz","|-damage|p2a: PlzNoRockz|137/297","|","|-end|p1a: Dragalge|move: Yawn|[silent]","|-status|p1a: Dragalge|slp","|-weather|SunnyDay|[upkeep]","|-heal|p1a: Dragalge|70/334 slp|[from] item: Black Sludge","|turn|6","|","|move|p2a: PlzNoRockz|Dragon Pulse|p1a: Dragalge","|-supereffective|p1a: Dragalge","|-damage|p1a: Dragalge|0 fnt","|faint|p1a: Dragalge","|","|-weather|SunnyDay|[upkeep]","|","|switch|p1a: Scolipede|Scolipede, F, shiny|261/261","|-damage|p1a: Scolipede|196/261|[from] Stealth Rock","|turn|7","|","|move|p1a: Scolipede|Protect|p1a: Scolipede","|-singleturn|p1a: Scolipede|Protect","|move|p2a: PlzNoRockz|Flamethrower|p1a: Scolipede","|-activate|p1a: Scolipede|Protect","|","|-weather|SunnyDay|[upkeep]","|-boost|p1a: Scolipede|spe|1|[from] ability: Speed Boost","|turn|8","|","|switch|p2a: Poor&IrishFlareon|Flareon, M|334/334","|-status|p2a: Poor&IrishFlareon|psn","|move|p1a: Scolipede|Poison Jab|p2a: Poor&IrishFlareon","|-damage|p2a: Poor&IrishFlareon|96/334 psn","|-damage|p1a: Scolipede|170/261|[from] item: Life Orb","|","|-weather|SunnyDay|[upkeep]","|-heal|p2a: Poor&IrishFlareon|116/334 psn|[from] item: Leftovers","|-damage|p2a: Poor&IrishFlareon|75/334 psn|[from] psn","|-boost|p1a: Scolipede|spe|1|[from] ability: Speed Boost","|turn|9","|","|move|p1a: Scolipede|Protect|p1a: Scolipede","|-singleturn|p1a: Scolipede|Protect","|move|p2a: Poor&IrishFlareon|Wish|p2a: Poor&IrishFlareon","|","|-weather|none","|-heal|p2a: Poor&IrishFlareon|95/334 psn|[from] item: Leftovers","|-damage|p2a: Poor&IrishFlareon|54/334 psn|[from] psn","|-boost|p1a: Scolipede|spe|1|[from] ability: Speed Boost","|turn|10","|","|switch|p2a: GuessMySet|Arcanine, M|383/383","|-status|p2a: GuessMySet|psn","|-ability|p2a: GuessMySet|Intimidate","|-unboost|p1a: Scolipede|atk|1","|move|p1a: Scolipede|Poison Jab|p2a: GuessMySet","|-damage|p2a: GuessMySet|247/383 psn","|-damage|p1a: Scolipede|144/261|[from] item: Life Orb","|","|-heal|p2a: GuessMySet|383/383 psn|[from] move: Wish|[wisher] Poor&IrishFlareon","|-damage|p2a: GuessMySet|336/383 psn|[from] psn","|-boost|p1a: Scolipede|spe|1|[from] ability: Speed Boost","|turn|11","|","|move|p1a: Scolipede|Protect|p1a: Scolipede","|-singleturn|p1a: Scolipede|Protect","|move|p2a: GuessMySet|Flare Blitz|p1a: Scolipede","|-activate|p1a: Scolipede|Protect","|","|-damage|p2a: GuessMySet|289/383 psn|[from] psn","|-boost|p1a: Scolipede|spe|1|[from] ability: Speed Boost","|turn|12","|","|switch|p1a: Weezing|Weezing, M, shiny|334/334","|-damage|p1a: Weezing|293/334|[from] Stealth Rock","|move|p2a: GuessMySet|Flare Blitz|p1a: Weezing","|-damage|p1a: Weezing|28/334","|-damage|p2a: GuessMySet|202/383 psn|[from] recoil|[of] p1a: Weezing","|","|-heal|p1a: Weezing|48/334|[from] item: Black Sludge","|-damage|p2a: GuessMySet|155/383 psn|[from] psn","|turn|13","|","|move|p2a: GuessMySet|Flare Blitz|p1a: Weezing","|-damage|p1a: Weezing|0 fnt","|-damage|p2a: GuessMySet|139/383 psn|[from] recoil|[of] p1a: Weezing","|faint|p1a: Weezing","|","|-damage|p2a: GuessMySet|92/383 psn|[from] psn","|","|switch|p1a: Venusaur|Venusaur-Mega, M, shiny|301/301","|-damage|p1a: Venusaur|264/301|[from] Stealth Rock","|turn|14","|","|move|p1a: Venusaur|Leech Seed|p2a: GuessMySet","|-start|p2a: GuessMySet|move: Leech Seed","|move|p2a: GuessMySet|Flare Blitz|p1a: Venusaur","|-supereffective|p1a: Venusaur","|-damage|p1a: Venusaur|0 fnt","|-damage|p2a: GuessMySet|5/383 psn|[from] recoil|[of] p1a: Venusaur","|faint|p1a: Venusaur","|","|-damage|p2a: GuessMySet|0 fnt|[from] psn","|faint|p2a: GuessMySet","|","|switch|p2a: PlzNoRockz|Charizard-Mega-Y, F, shiny|137/297","|switch|p1a: Scolipede|Scolipede, F, shiny|144/261","|-weather|SunnyDay","|-damage|p1a: Scolipede|79/261|[from] Stealth Rock","|turn|15","|","|move|p1a: Scolipede|Protect|p1a: Scolipede","|-singleturn|p1a: Scolipede|Protect","|move|p2a: PlzNoRockz|Flamethrower|p1a: Scolipede","|-activate|p1a: Scolipede|Protect","|","|-weather|SunnyDay|[upkeep]","|-boost|p1a: Scolipede|spe|1|[from] ability: Speed Boost","|turn|16","|","|move|p1a: Scolipede|Poison Jab|p2a: PlzNoRockz","|-crit|p2a: PlzNoRockz","|-damage|p2a: PlzNoRockz|0 fnt","|-damage|p1a: Scolipede|53/261|[from] item: Life Orb","|faint|p2a: PlzNoRockz","|","|-weather|SunnyDay|[upkeep]","|-boost|p1a: Scolipede|spe|1|[from] ability: Speed Boost","|","|switch|p2a: SweepEm&Weep|Victini|341/341","|-status|p2a: SweepEm&Weep|psn","|turn|17","|","|move|p1a: Scolipede|Earthquake|p2a: SweepEm&Weep","|-supereffective|p2a: SweepEm&Weep","|-damage|p2a: SweepEm&Weep|47/341 psn","|-damage|p1a: Scolipede|27/261|[from] item: Life Orb","|move|p2a: SweepEm&Weep|Zen Headbutt|p1a: Scolipede","|-supereffective|p1a: Scolipede","|-damage|p1a: Scolipede|0 fnt","|faint|p1a: Scolipede","|","|-weather|SunnyDay|[upkeep]","|-damage|p2a: SweepEm&Weep|5/341 psn|[from] psn","|","|switch|p1a: Drapion|Drapion, M|343/343","|-damage|p1a: Drapion|301/343|[from] Stealth Rock","|turn|18","|","|switch|p2a: Poor&IrishFlareon|Flareon, M|54/334 psn","|move|p1a: Drapion|Earthquake|p2a: Poor&IrishFlareon","|-supereffective|p2a: Poor&IrishFlareon","|-damage|p2a: Poor&IrishFlareon|0 fnt","|faint|p2a: Poor&IrishFlareon","|","|-weather|SunnyDay|[upkeep]","|","|switch|p2a: SweepEm&Weep|Victini|5/341 psn","|turn|19","|","|move|p2a: SweepEm&Weep|V-create|p1a: Drapion","|-damage|p1a: Drapion|0 fnt","|-unboost|p2a: SweepEm&Weep|spe|1","|-unboost|p2a: SweepEm&Weep|def|1","|-unboost|p2a: SweepEm&Weep|spd|1","|faint|p1a: Drapion","|","|-weather|none","|-damage|p2a: SweepEm&Weep|0 fnt|[from] psn","|faint|p2a: SweepEm&Weep","|","|switch|p1a: Crobat|Crobat, M|311/311","|switch|p2a: ScrewYourWater|Ninetales, M|287/287","|-damage|p1a: Crobat|234/311|[from] Stealth Rock","|-status|p2a: ScrewYourWater|psn","|-weather|SunnyDay","|turn|20","|","|move|p1a: Crobat|Confuse Ray|p2a: ScrewYourWater","|-start|p2a: ScrewYourWater|confusion","|-activate|p2a: ScrewYourWater|confusion","|-damage|p2a: ScrewYourWater|257/287 psn|[from] confusion","|","|-weather|SunnyDay|[upkeep]","|-heal|p1a: Crobat|253/311|[from] item: Black Sludge","|-damage|p2a: ScrewYourWater|222/287 psn|[from] psn","|turn|21","|","|move|p1a: Crobat|Brave Bird|p2a: ScrewYourWater","|-damage|p2a: ScrewYourWater|9/287 psn","|-damage|p1a: Crobat|183/311|[from] recoil|[of] p2a: ScrewYourWater","|-activate|p2a: ScrewYourWater|confusion","|-damage|p2a: ScrewYourWater|0 fnt|[from] confusion","|faint|p2a: ScrewYourWater","|","|win|Rain ☆ S.Herbs"],"p1rating":{"entryid":"61538","serverid":"eos","formatid":"monotype","userid":"rainsherbs","username":"Rain ☆ S.Herbs","w":2,"l":"1","t":"0","gxe":53.7,"r":"1500","rd":"130","sigma":"0","rptime":"1439888400","rpr":1529.2407132296,"rprd":111.49849857824,"rpsigma":"0","acre":1063.0550972877,"lacre":1063.0550972877,"oldacre":"1029.4606672829"},"p2rating":{"entryid":"69014","serverid":"eos","formatid":"monotype","userid":"breadbites","username":"BreadBites","w":"1","l":4,"t":"0","gxe":39.8,"r":"1500","rd":"130","sigma":"0","rptime":"1439888400","rpr":1418.4403493296,"rprd":102.81642976596,"rpsigma":"0","acre":1000,"lacre":1000,"oldacre":"1010.0432620018"},"endType":"normal"}