{"seed":[4113,61082,8916,16603],"turns":56,"p1":"Cheeky Banter","p2":"Guard Wanderer","p1team":[{"name":"Full Force","species":"dragonite","item":"lumberry","ability":"Multiscale","moves":["extremespeed","firepunch","outrage","dragondance"],"nature":"Adamant","evs":{"hp":248,"atk":252,"def":0,"spa":0,"spd":8,"spe":0},"ivs":{"hp":31,"atk":31,"def":31,"spa":31,"spd":31,"spe":31}},{"name":"Skar'd For Life","species":"skarmory","item":"rockyhelmet","ability":"Sturdy","moves":["whirlwind","roost","stealthrock","ironhead"],"nature":"Impish","evs":{"hp":248,"atk":0,"def":252,"spa":0,"spd":8,"spe":0},"ivs":{"hp":31,"atk":31,"def":31,"spa":31,"spd":31,"spe":31}},{"name":"Red Rage","species":"gyarados","item":"gyaradosite","ability":"Intimidate","moves":["taunt","waterfall","crunch","dragondance"],"nature":"Adamant","evs":{"hp":0,"atk":252,"def":0,"spa":0,"spd":4,"spe":252},"gender":"M","shiny":true,"ivs":{"hp":31,"atk":31,"def":31,"spa":31,"spd":31,"spe":31}},{"name":"Total Grace","species":"togekiss","item":"leftovers","ability":"Serene Grace","moves":["thunderwave","airslash","roost","dazzlinggleam"],"nature":"Calm","evs":{"hp":252,"atk":0,"def":0,"spa":4,"spd":252,"spe":0},"ivs":{"hp":31,"atk":31,"def":31,"spa":31,"spd":31,"spe":31}},{"name":"Turn it around","species":"thundurus","item":"leftovers","ability":"Prankster","moves":["hiddenpowerice","voltswitch","taunt","thunderwave"],"nature":"Timid","evs":{"hp":0,"atk":0,"def":0,"spa":252,"spd":4,"spe":252},"ivs":{"hp":31,"atk":30,"def":30,"spa":31,"spd":31,"spe":31}},{"name":"Buzz Feed","species":"mandibuzz","item":"leftovers","ability":"Overcoat","moves":["foulplay","roost","defog","toxic"],"nature":"Serious","evs":{"hp":196,"atk":0,"def":56,"spa":0,"spd":200,"spe":56},"ivs":{"hp":31,"atk":31,"def":31,"spa":31,"spd":31,"spe":31}}],"p2team":[{"name":"Weezing","species":"Weezing","item":"sitrusberry","ability":"Levitate","moves":["toxicspikes","willowisp","memento","thief"],"nature":"Careful","evs":{"hp":248,"atk":8,"def":0,"spa":0,"spd":252,"spe":0},"ivs":{"hp":31,"atk":31,"def":31,"spa":31,"spd":31,"spe":31}},{"name":"Tentacruel","species":"Tentacruel","item":"assaultvest","ability":"Liquid Ooze","moves":["scald","acidspray","gigadrain","hex"],"nature":"Timid","evs":{"hp":0,"atk":0,"def":4,"spa":252,"spd":0,"spe":252},"ivs":{"hp":31,"atk":31,"def":31,"spa":31,"spd":31,"spe":31}},{"name":"Skuntank","species":"Skuntank","item":"","ability":"Stench","moves":["snatch","thief","suckerpunch","poisonjab"],"nature":"Adamant","evs":{"hp":248,"atk":252,"def":0,"spa":0,"spd":8,"spe":0},"ivs":{"hp":31,"atk":31,"def":31,"spa":31,"spd":31,"spe":31}},{"name":"Crobat","species":"Crobat","item":"whiteherb","ability":"Infiltrator","moves":["curse","acrobatics","roost","hypnosis"],"nature":"Jolly","evs":{"hp":248,"atk":8,"def":0,"spa":0,"spd":0,"spe":252},"ivs":{"hp":31,"atk":31,"def":31,"spa":31,"spd":31,"spe":31}},{"name":"Gengar","species":"Gengar","item":"choicescarf","ability":"Levitate","moves":["trick","destinybond","venoshock","hex"],"nature":"Timid","evs":{"hp":0,"atk":0,"def":0,"spa":252,"spd":4,"spe":252},"ivs":{"hp":31,"atk":31,"def":31,"spa":31,"spd":31,"spe":31}},{"name":"Amoonguss","species":"Amoonguss","item":"blacksludge","ability":"Regenerator","moves":["spore","gigadrain","gastroacid","stunspore"],"nature":"Calm","evs":{"hp":248,"atk":0,"def":0,"spa":8,"spd":252,"spe":0},"shiny":true,"ivs":{"hp":31,"atk":31,"def":31,"spa":31,"spd":31,"spe":31}}],"log":["|player|p1|Cheeky Banter|266","|player|p2|Guard Wanderer|235","|gametype|singles","|gen|6","|tier|Monotype","|rated","|rule|Baton Pass Clause: Limit one Baton Passer, can't pass Spe and other stats simultaneously","|rule|Swagger Clause: Swagger is banned","|rule|Same Type Clause: Pokémon in a team must share a type","|clearpoke","|poke|p1|Dragonite, M","|poke|p1|Skarmory, M","|poke|p1|Gyarados, M, shiny","|poke|p1|Togekiss, F","|poke|p1|Thundurus, M","|poke|p1|Mandibuzz, F","|poke|p2|Weezing, F","|poke|p2|Tentacruel, M","|poke|p2|Skuntank, M","|poke|p2|Crobat, F","|poke|p2|Gengar, M","|poke|p2|Amoonguss, M, shiny","|rule|Sleep Clause Mod: Limit one foe put to sleep","|rule|Species Clause: Limit one of each Pokémon","|rule|OHKO Clause: OHKO moves are banned","|rule|Moody Clause: Moody is banned","|rule|Evasion Moves Clause: Evasion moves are banned","|rule|Endless Battle Clause: Forcing endless battles is banned","|rule|HP Percentage Mod: HP is shown in percentages","|teampreview","|","|start","|switch|p1a: Turn it around|Thundurus, M|299/299","|switch|p2a: Amoonguss|Amoonguss, M, shiny|431/431","|turn|1","|","|move|p1a: Turn it around|Taunt|p2a: Amoonguss","|-start|p2a: Amoonguss|move: Taunt","|cant|p2a: Amoonguss|move: Taunt|Spore","|","|turn|2","|","|switch|p2a: Skuntank|Skuntank, M|409/409","|move|p1a: Turn it around|Thunder Wave|p2a: Skuntank","|-status|p2a: Skuntank|par","|","|turn|3","|","|move|p1a: Turn it around|Volt Switch|p2a: Skuntank","|-damage|p2a: Skuntank|225/409 par","|","|switch|p1a: Red Rage|Gyarados, M, shiny|331/331","|-ability|p1a: Red Rage|Intimidate","|-unboost|p2a: Skuntank|atk|1","|move|p2a: Skuntank|Poison Jab|p1a: Red Rage","|-damage|p1a: Red Rage|234/331","|","|turn|4","|","|detailschange|p1a: Red Rage|Gyarados-Mega, M, shiny","|-mega|p1a: Red Rage|Gyarados|Gyaradosite","|-ability|p1a: Red Rage|Mold Breaker","|move|p2a: Skuntank|Snatch|p2a: Skuntank","|-singleturn|p2a: Skuntank|Snatch","|move|p1a: Red Rage|Waterfall|p2a: Skuntank","|-damage|p2a: Skuntank|0 fnt","|faint|p2a: Skuntank","|","|","|switch|p2a: Amoonguss|Amoonguss, M, shiny|431/431","|turn|5","|","|move|p1a: Red Rage|Taunt|p2a: Amoonguss","|-start|p2a: Amoonguss|move: Taunt","|cant|p2a: Amoonguss|move: Taunt|Spore","|","|turn|6","|","|move|p1a: Red Rage|Waterfall|p2a: Amoonguss","|-resisted|p2a: Amoonguss","|-damage|p2a: Amoonguss|320/431","|move|p2a: Amoonguss|Giga Drain|p1a: Red Rage","|-supereffective|p1a: Red Rage","|-damage|p1a: Red Rage|112/331","|-heal|p2a: Amoonguss|381/431|[from] drain|[of] p1a: Red Rage","|","|-heal|p2a: Amoonguss|407/431|[from] item: Black Sludge","|turn|7","|","|switch|p2a: Weezing|Weezing, F|333/333","|move|p1a: Red Rage|Crunch|p2a: Weezing","|-damage|p2a: Weezing|192/333","|","|turn|8","|","|move|p1a: Red Rage|Waterfall|p2a: Weezing","|-damage|p2a: Weezing|41/333","|-enditem|p2a: Weezing|Sitrus Berry|[eat]","|-heal|p2a: Weezing|124/333|[from] item: Sitrus Berry","|move|p2a: Weezing|Will-O-Wisp|p1a: Red Rage","|-status|p1a: Red Rage|brn","|","|-damage|p1a: Red Rage|71/331 brn|[from] brn","|turn|9","|","|switch|p2a: Crobat|Crobat, F|373/373","|move|p1a: Red Rage|Taunt|p2a: Crobat","|-start|p2a: Crobat|move: Taunt","|","|-damage|p1a: Red Rage|30/331 brn|[from] brn","|turn|10","|","|switch|p2a: Amoonguss|Amoonguss, M, shiny|431/431","|switch|p1a: Skar'd For Life|Skarmory, M|333/333","|","|turn|11","|","|move|p1a: Skar'd For Life|Stealth Rock|p2a: Amoonguss","|-sidestart|p2: Guard Wanderer|move: Stealth Rock","|move|p2a: Amoonguss|Spore|p1a: Skar'd For Life","|-status|p1a: Skar'd For Life|slp","|","|turn|12","|","|switch|p1a: Total Grace|Togekiss, F|374/374","|switch|p2a: Gengar|Gengar, M|261/261","|-damage|p2a: Gengar|229/261|[from] Stealth Rock","|","|turn|13","|","|move|p2a: Gengar|Venoshock|p1a: Total Grace","|-supereffective|p1a: Total Grace","|-damage|p1a: Total Grace|210/374","|move|p1a: Total Grace|Air Slash|p2a: Gengar","|-damage|p2a: Gengar|88/261","|","|-heal|p1a: Total Grace|233/374|[from] item: Leftovers","|turn|14","|","|switch|p1a: Buzz Feed|Mandibuzz, F|410/410","|move|p2a: Gengar|Venoshock|p1a: Buzz Feed","|-damage|p1a: Buzz Feed|302/410","|","|-heal|p1a: Buzz Feed|327/410|[from] item: Leftovers","|turn|15","|","|switch|p2a: Tentacruel|Tentacruel, M|301/301","|-damage|p2a: Tentacruel|264/301|[from] Stealth Rock","|move|p1a: Buzz Feed|Foul Play|p2a: Tentacruel","|-damage|p2a: Tentacruel|159/301","|","|-heal|p1a: Buzz Feed|352/410|[from] item: Leftovers","|turn|16","|","|switch|p1a: Red Rage|Gyarados-Mega, M, shiny|30/331 brn","|-ability|p1a: Red Rage|Mold Breaker","|move|p2a: Tentacruel|Acid Spray|p1a: Red Rage","|-damage|p1a: Red Rage|0 fnt","|faint|p1a: Red Rage","|","|","|switch|p1a: Full Force|Dragonite, M|385/385","|turn|17","|","|move|p2a: Tentacruel|Acid Spray|p1a: Full Force","|-damage|p1a: Full Force|360/385","|-unboost|p1a: Full Force|spd|2","|move|p1a: Full Force|Dragon Dance|p1a: Full Force","|-boost|p1a: Full Force|atk|1","|-boost|p1a: Full Force|spe|1","|","|turn|18","|","|move|p2a: Tentacruel|Scald|p1a: Full Force","|-resisted|p1a: Full Force","|-damage|p1a: Full Force|251/385","|-status|p1a: Full Force|brn","|-enditem|p1a: Full Force|Lum Berry|[eat]","|-curestatus|p1a: Full Force|brn","|move|p1a: Full Force|Dragon Dance|p1a: Full Force","|-boost|p1a: Full Force|atk|1","|-boost|p1a: Full Force|spe|1","|","|turn|19","|","|move|p1a: Full Force|Extreme Speed|p2a: Tentacruel","|-damage|p2a: Tentacruel|0 fnt","|faint|p2a: Tentacruel","|","|","|switch|p2a: Gengar|Gengar, M|88/261","|-damage|p2a: Gengar|56/261|[from] Stealth Rock","|turn|20","|","|move|p2a: Gengar|Destiny Bond|p2a: Gengar","|-singlemove|p2a: Gengar|Destiny Bond","|move|p1a: Full Force|Fire Punch|p2a: Gengar","|-damage|p2a: Gengar|0 fnt","|faint|p2a: Gengar","|-activate|p2a: Gengar|Destiny Bond","|faint|p1a: Full Force","|","|","|switch|p1a: Turn it around|Thundurus, M|299/299","|switch|p2a: Amoonguss|Amoonguss, M, shiny|431/431","|-damage|p2a: Amoonguss|378/431|[from] Stealth Rock","|turn|21","|","|move|p1a: Turn it around|Thunder Wave|p2a: Amoonguss","|-status|p2a: Amoonguss|par","|move|p2a: Amoonguss|Giga Drain|p1a: Turn it around","|-resisted|p1a: Turn it around","|-damage|p1a: Turn it around|253/299","|-heal|p2a: Amoonguss|401/431 par|[from] drain|[of] p1a: Turn it around","|","|-heal|p1a: Turn it around|271/299|[from] item: Leftovers","|-heal|p2a: Amoonguss|427/431 par|[from] item: Black Sludge","|turn|22","|","|move|p1a: Turn it around|Volt Switch|p2a: Amoonguss","|-resisted|p2a: Amoonguss","|-damage|p2a: Amoonguss|379/431 par","|","|switch|p1a: Total Grace|Togekiss, F|233/374","|cant|p2a: Amoonguss|par","|","|-heal|p1a: Total Grace|256/374|[from] item: Leftovers","|-heal|p2a: Amoonguss|405/431 par|[from] item: Black Sludge","|turn|23","|","|move|p1a: Total Grace|Air Slash|p2a: Amoonguss","|-supereffective|p2a: Amoonguss","|-damage|p2a: Amoonguss|237/431 par","|move|p2a: Amoonguss|Gastro Acid|p1a: Total Grace","|-endability|p1a: Total Grace","|","|-heal|p1a: Total Grace|279/374|[from] item: Leftovers","|-heal|p2a: Amoonguss|263/431 par|[from] item: Black Sludge","|turn|24","|","|move|p1a: Total Grace|Air Slash|p2a: Amoonguss","|-supereffective|p2a: Amoonguss","|-damage|p2a: Amoonguss|93/431 par","|move|p2a: Amoonguss|Stun Spore|p1a: Total Grace","|-status|p1a: Total Grace|par","|","|-heal|p1a: Total Grace|302/374 par|[from] item: Leftovers","|-heal|p2a: Amoonguss|119/431 par|[from] item: Black Sludge","|turn|25","|","|switch|p2a: Weezing|Weezing, F|124/333","|-damage|p2a: Weezing|83/333|[from] Stealth Rock","|move|p1a: Total Grace|Air Slash|p2a: Weezing","|-crit|p2a: Weezing","|-damage|p2a: Weezing|0 fnt","|faint|p2a: Weezing","|","|-heal|p1a: Total Grace|325/374 par|[from] item: Leftovers","|","|switch|p2a: Crobat|Crobat, F|373/373","|-damage|p2a: Crobat|280/373|[from] Stealth Rock","|turn|26","|","|switch|p1a: Skar'd For Life|Skarmory, M|333/333 slp","|move|p2a: Crobat|Curse|p2a: Crobat","|-unboost|p2a: Crobat|spe|1","|-boost|p2a: Crobat|atk|1","|-boost|p2a: Crobat|def|1","|-enditem|p2a: Crobat|White Herb","|-restoreboost|p2a: Crobat|[silent]","|","|turn|27","|","|move|p2a: Crobat|Acrobatics|p1a: Skar'd For Life","|-resisted|p1a: Skar'd For Life","|-damage|p1a: Skar'd For Life|282/333 slp","|-damage|p2a: Crobat|218/373|[from] item: Rocky Helmet|[of] p1a: Skar'd For Life","|cant|p1a: Skar'd For Life|slp","|","|turn|28","|","|move|p2a: Crobat|Roost|p2a: Crobat","|-heal|p2a: Crobat|373/373","|cant|p1a: Skar'd For Life|slp","|","|turn|29","|","|move|p2a: Crobat|Curse|p2a: Crobat","|-unboost|p2a: Crobat|spe|1","|-boost|p2a: Crobat|atk|1","|-boost|p2a: Crobat|def|1","|cant|p1a: Skar'd For Life|slp","|","|turn|30","|","|move|p2a: Crobat|Acrobatics|p1a: Skar'd For Life","|-resisted|p1a: Skar'd For Life","|-damage|p1a: Skar'd For Life|216/333 slp","|-damage|p2a: Crobat|311/373|[from] item: Rocky Helmet|[of] p1a: Skar'd For Life","|-curestatus|p1a: Skar'd For Life|slp","|move|p1a: Skar'd For Life|Whirlwind|p2a: Crobat","|drag|p2a: Amoonguss|Amoonguss, M, shiny|262/431 par","|-damage|p2a: Amoonguss|209/431 par|[from] Stealth Rock","|","|-heal|p2a: Amoonguss|235/431 par|[from] item: Black Sludge","|turn|31","|","|switch|p1a: Total Grace|Togekiss, F|325/374 par","|cant|p2a: Amoonguss|par","|","|-heal|p1a: Total Grace|348/374 par|[from] item: Leftovers","|-heal|p2a: Amoonguss|261/431 par|[from] item: Black Sludge","|turn|32","|","|switch|p2a: Crobat|Crobat, F|311/373","|-damage|p2a: Crobat|218/373|[from] Stealth Rock","|move|p1a: Total Grace|Air Slash|p2a: Crobat","|-damage|p2a: Crobat|85/373","|","|-heal|p1a: Total Grace|371/374 par|[from] item: Leftovers","|turn|33","|","|switch|p1a: Skar'd For Life|Skarmory, M|216/333","|move|p2a: Crobat|Roost|p2a: Crobat","|-heal|p2a: Crobat|272/373","|","|turn|34","|","|move|p2a: Crobat|Roost|p2a: Crobat","|-heal|p2a: Crobat|373/373","|move|p1a: Skar'd For Life|Iron Head|p2a: Crobat","|-damage|p2a: Crobat|270/373","|","|turn|35","|","|switch|p2a: Amoonguss|Amoonguss, M, shiny|404/431 par","|-damage|p2a: Amoonguss|351/431 par|[from] Stealth Rock","|move|p1a: Skar'd For Life|Whirlwind|p2a: Amoonguss","|drag|p2a: Crobat|Crobat, F|270/373","|-damage|p2a: Crobat|177/373|[from] Stealth Rock","|","|turn|36","|","|switch|p1a: Turn it around|Thundurus, M|271/299","|move|p2a: Crobat|Roost|p2a: Crobat","|-heal|p2a: Crobat|364/373","|","|-heal|p1a: Turn it around|289/299|[from] item: Leftovers","|turn|37","|","|move|p2a: Crobat|Hypnosis|p1a: Turn it around","|-status|p1a: Turn it around|slp","|cant|p1a: Turn it around|slp","|","|-heal|p1a: Turn it around|299/299 slp|[from] item: Leftovers","|turn|38","|","|move|p2a: Crobat|Acrobatics|p1a: Turn it around","|-resisted|p1a: Turn it around","|-damage|p1a: Turn it around|218/299 slp","|cant|p1a: Turn it around|slp","|","|-heal|p1a: Turn it around|236/299 slp|[from] item: Leftovers","|turn|39","|","|move|p2a: Crobat|Acrobatics|p1a: Turn it around","|-resisted|p1a: Turn it around","|-damage|p1a: Turn it around|160/299 slp","|-curestatus|p1a: Turn it around|slp","|move|p1a: Turn it around|Volt Switch|p2a: Crobat","|-supereffective|p2a: Crobat","|-damage|p2a: Crobat|70/373","|","|switch|p1a: Buzz Feed|Mandibuzz, F|352/410","|","|-heal|p1a: Buzz Feed|377/410|[from] item: Leftovers","|turn|40","|","|move|p2a: Crobat|Roost|p2a: Crobat","|-heal|p2a: Crobat|257/373","|move|p1a: Buzz Feed|Foul Play|p2a: Crobat","|-crit|p2a: Crobat","|-damage|p2a: Crobat|76/373","|","|-heal|p1a: Buzz Feed|402/410|[from] item: Leftovers","|turn|41","|","|move|p2a: Crobat|Roost|p2a: Crobat","|-heal|p2a: Crobat|263/373","|move|p1a: Buzz Feed|Foul Play|p2a: Crobat","|-damage|p2a: Crobat|136/373","|","|-heal|p1a: Buzz Feed|410/410|[from] item: Leftovers","|turn|42","|","|switch|p1a: Turn it around|Thundurus, M|160/299","|move|p2a: Crobat|Roost|p2a: Crobat","|-heal|p2a: Crobat|323/373","|","|-heal|p1a: Turn it around|178/299|[from] item: Leftovers","|turn|43","|","|move|p2a: Crobat|Hypnosis|p1a: Turn it around","|-status|p1a: Turn it around|slp","|cant|p1a: Turn it around|slp","|","|-heal|p1a: Turn it around|196/299 slp|[from] item: Leftovers","|turn|44","|","|cant|p1a: Turn it around|slp","|move|p2a: Crobat|Curse|p2a: Crobat","|-unboost|p2a: Crobat|spe|1","|-boost|p2a: Crobat|atk|1","|-boost|p2a: Crobat|def|1","|","|-heal|p1a: Turn it around|214/299 slp|[from] item: Leftovers","|turn|45","|","|cant|p1a: Turn it around|slp","|move|p2a: Crobat|Acrobatics|p1a: Turn it around","|-resisted|p1a: Turn it around","|-damage|p1a: Turn it around|103/299 slp","|","|-heal|p1a: Turn it around|121/299 slp|[from] item: Leftovers","|turn|46","|","|-curestatus|p1a: Turn it around|slp","|move|p1a: Turn it around|Thunder Wave|p2a: Crobat","|-status|p2a: Crobat|par","|move|p2a: Crobat|Acrobatics|p1a: Turn it around","|-resisted|p1a: Turn it around","|-damage|p1a: Turn it around|1/299","|","|-heal|p1a: Turn it around|19/299|[from] item: Leftovers","|turn|47","|","|switch|p2a: Amoonguss|Amoonguss, M, shiny|431/431 par","|-damage|p2a: Amoonguss|378/431 par|[from] Stealth Rock","|move|p1a: Turn it around|Volt Switch|p2a: Amoonguss","|-resisted|p2a: Amoonguss","|-damage|p2a: Amoonguss|330/431 par","|","|switch|p1a: Total Grace|Togekiss, F|371/374 par","|","|-heal|p1a: Total Grace|374/374 par|[from] item: Leftovers","|-heal|p2a: Amoonguss|356/431 par|[from] item: Black Sludge","|turn|48","|","|move|p1a: Total Grace|Air Slash|p2a: Amoonguss","|-supereffective|p2a: Amoonguss","|-damage|p2a: Amoonguss|170/431 par","|cant|p2a: Amoonguss|flinch","|","|-heal|p2a: Amoonguss|196/431 par|[from] item: Black Sludge","|turn|49","|","|move|p1a: Total Grace|Air Slash|p2a: Amoonguss","|-supereffective|p2a: Amoonguss","|-damage|p2a: Amoonguss|32/431 par","|cant|p2a: Amoonguss|flinch","|","|-heal|p2a: Amoonguss|58/431 par|[from] item: Black Sludge","|turn|50","|","|switch|p2a: Crobat|Crobat, F|323/373 par","|-damage|p2a: Crobat|230/373 par|[from] Stealth Rock","|move|p1a: Total Grace|Air Slash|p2a: Crobat","|-crit|p2a: Crobat","|-damage|p2a: Crobat|35/373 par","|","|turn|51","|","|move|p2a: Crobat|Roost|p2a: Crobat","|-heal|p2a: Crobat|222/373 par","|move|p1a: Total Grace|Air Slash|p2a: Crobat","|-damage|p2a: Crobat|107/373 par","|","|turn|52","|","|switch|p1a: Turn it around|Thundurus, M|19/299","|move|p2a: Crobat|Roost|p2a: Crobat","|-heal|p2a: Crobat|294/373 par","|","|-heal|p1a: Turn it around|37/299|[from] item: Leftovers","|turn|53","|","|move|p1a: Turn it around|Volt Switch|p2a: Crobat","|-supereffective|p2a: Crobat","|-damage|p2a: Crobat|10/373 par","|","|switch|p1a: Buzz Feed|Mandibuzz, F|410/410","|move|p2a: Crobat|Acrobatics|p1a: Buzz Feed","|-damage|p1a: Buzz Feed|304/410","|","|-heal|p1a: Buzz Feed|329/410|[from] item: Leftovers","|turn|54","|","|move|p1a: Buzz Feed|Foul Play|p2a: Crobat","|-damage|p2a: Crobat|0 fnt","|faint|p2a: Crobat","|","|-heal|p1a: Buzz Feed|354/410|[from] item: Leftovers","|","|switch|p2a: Amoonguss|Amoonguss, M, shiny|201/431 par","|-damage|p2a: Amoonguss|148/431 par|[from] Stealth Rock","|turn|55","|","|switch|p1a: Total Grace|Togekiss, F|374/374 par","|move|p2a: Amoonguss|Stun Spore|p1a: Total Grace","|-fail|p1a: Total Grace|par","|","|-heal|p2a: Amoonguss|174/431 par|[from] item: Black Sludge","|turn|56","|","|move|p1a: Total Grace|Air Slash|p2a: Amoonguss","|-supereffective|p2a: Amoonguss","|-damage|p2a: Amoonguss|0 fnt","|faint|p2a: Amoonguss","|","|win|Cheeky Banter"],"p1rating":{"entryid":"4494","serverid":"eos","formatid":"monotype","userid":"cheekybanter","username":"Cheeky Banter","w":5,"l":"1","t":"0","gxe":63.1,"r":"1500","rd":"130","sigma":"0","rptime":"1439802000","rpr":1604.7027888213,"rprd":99.186710102519,"rpsigma":"0","acre":1126.1407137806,"lacre":1126.1407137806,"oldacre":"1105.8210597383"},"p2rating":{"entryid":"9966","serverid":"eos","formatid":"monotype","userid":"guardwanderer","username":"Guard Wanderer","w":"1","l":3,"t":"0","gxe":42.3,"r":"1500","rd":"130","sigma":"0","rptime":"1439802000","rpr":1439.1765093242,"rprd":106.91164920561,"rpsigma":"0","acre":1026.9954214129,"lacre":1026.9954214129,"oldacre":"1040"},"endType":"normal"}