{"seed":[9060,19631,41261,41582],"turns":32,"p1":"tboltrider","p2":"Alliance-Succubus","p1team":[{"name":"Skarmory","species":"Skarmory","item":"rockyhelmet","ability":"Sturdy","moves":["roost","swordsdance","stealthrock","ironhead"],"nature":"Jolly","evs":{"hp":0,"atk":128,"def":0,"spa":0,"spd":248,"spe":132},"gender":"M","ivs":{"hp":31,"atk":31,"def":31,"spa":31,"spd":31,"spe":31}},{"name":"Togekiss","species":"Togekiss","item":"leftovers","ability":"Serene Grace","moves":["aurasphere","airslash","softboiled","thunderwave"],"nature":"Modest","evs":{"hp":0,"atk":0,"def":148,"spa":108,"spd":0,"spe":252},"gender":"F","ivs":{"hp":31,"atk":31,"def":31,"spa":31,"spd":31,"spe":31}},{"name":"Mandibuzz","species":"Mandibuzz","item":"leftovers","ability":"Overcoat","moves":["roost","defog","foulplay","taunt"],"nature":"Adamant","evs":{"hp":0,"atk":232,"def":0,"spa":0,"spd":156,"spe":120},"ivs":{"hp":31,"atk":31,"def":31,"spa":31,"spd":31,"spe":31}},{"name":"Hawlucha","species":"Hawlucha","item":"sitrusberry","ability":"Unburden","moves":["swordsdance","acrobatics","highjumpkick","substitute"],"nature":"Careful","evs":{"hp":12,"atk":252,"def":0,"spa":0,"spd":0,"spe":244},"ivs":{"hp":31,"atk":31,"def":31,"spa":31,"spd":31,"spe":31}},{"name":"Charizard","species":"Charizard","item":"charizarditex","ability":"Blaze","moves":["dragondance","dragonclaw","roost","flareblitz"],"nature":"Jolly","evs":{"hp":0,"atk":252,"def":4,"spa":0,"spd":0,"spe":252},"gender":"M","ivs":{"hp":31,"atk":31,"def":31,"spa":31,"spd":31,"spe":31}},{"name":"Gliscor","species":"Gliscor","item":"toxicorb","ability":"Poison Heal","moves":["earthquake","swordsdance","roost","facade"],"nature":"Careful","evs":{"hp":244,"atk":0,"def":8,"spa":0,"spd":200,"spe":56},"ivs":{"hp":31,"atk":31,"def":31,"spa":31,"spd":31,"spe":31}}],"p2team":[{"name":"Wii-U","species":"hoopaunbound","item":"choicescarf","ability":"Magician","moves":["psyshock","darkpulse","energyball","destinybond"],"nature":"Timid","evs":{"hp":0,"atk":0,"def":0,"spa":252,"spd":4,"spe":252},"ivs":{"hp":31,"atk":31,"def":31,"spa":31,"spd":31,"spe":31}},{"name":"Cocktus","species":"cacturne","item":"focussash","ability":"Sand Veil","moves":["swordsdance","suckerpunch","spikyshield","spikes"],"nature":"Adamant","evs":{"hp":0,"atk":252,"def":4,"spa":0,"spd":0,"spe":252},"gender":"M","ivs":{"hp":31,"atk":31,"def":31,"spa":31,"spd":31,"spe":31}},{"name":"Hoodlum","species":"scrafty","item":"leftovers","ability":"Shed Skin","moves":["rest","bulkup","knockoff","drainpunch"],"nature":"Adamant","evs":{"hp":252,"atk":252,"def":0,"spa":0,"spd":4,"spe":0},"gender":"M","ivs":{"hp":31,"atk":31,"def":31,"spa":31,"spd":31,"spe":31}},{"name":"JAGuar","species":"umbreon","item":"leftovers","ability":"Synchronize","moves":["toxic","curse","protect","payback"],"nature":"Careful","evs":{"hp":252,"atk":4,"def":0,"spa":0,"spd":252,"spe":0},"gender":"F","ivs":{"hp":31,"atk":31,"def":31,"spa":31,"spd":31,"spe":31}},{"name":"Verlisify","species":"sableye","item":"sablenite","ability":"Prankster","moves":["calmmind","willowisp","recover","darkpulse"],"nature":"Calm","evs":{"hp":248,"atk":0,"def":0,"spa":8,"spd":252,"spe":0},"gender":"M","ivs":{"hp":31,"atk":31,"def":31,"spa":31,"spd":31,"spe":31}},{"name":"Dino Disco","species":"tyranitar","item":"leftovers","ability":"Sand Stream","moves":["dragondance","crunch","rockslide","icepunch"],"nature":"Adamant","evs":{"hp":0,"atk":252,"def":0,"spa":0,"spd":4,"spe":252},"gender":"M","ivs":{"hp":31,"atk":31,"def":31,"spa":31,"spd":31,"spe":31}}],"log":["|player|p1|tboltrider|93","|player|p2|Alliance-Succubus|96","|gametype|singles","|gen|6","|tier|Monotype","|rated","|rule|Baton Pass Clause: Limit one Baton Passer, can't pass Spe and other stats simultaneously","|rule|Swagger Clause: Swagger is banned","|rule|Same Type Clause: Pokémon in a team must share a type","|clearpoke","|poke|p1|Skarmory, M","|poke|p1|Togekiss, F","|poke|p1|Mandibuzz, F","|poke|p1|Hawlucha, M","|poke|p1|Charizard, M","|poke|p1|Gliscor, M","|poke|p2|Hoopa-Unbound","|poke|p2|Cacturne, M","|poke|p2|Scrafty, M","|poke|p2|Umbreon, F","|poke|p2|Sableye, M","|poke|p2|Tyranitar, M","|rule|Sleep Clause Mod: Limit one foe put to sleep","|rule|Species Clause: Limit one of each Pokémon","|rule|OHKO Clause: OHKO moves are banned","|rule|Moody Clause: Moody is banned","|rule|Evasion Moves Clause: Evasion moves are banned","|rule|Endless Battle Clause: Forcing endless battles is banned","|rule|HP Percentage Mod: HP is shown in percentages","|teampreview","|","|start","|switch|p1a: Charizard|Charizard, M|297/297","|switch|p2a: Wii-U|Hoopa-Unbound|301/301","|turn|1","|","|detailschange|p1a: Charizard|Charizard-Mega-X, M","|-mega|p1a: Charizard|Charizard|Charizardite X","|move|p2a: Wii-U|Dark Pulse|p1a: Charizard","|-damage|p1a: Charizard|83/297","|move|p1a: Charizard|Dragon Dance|p1a: Charizard","|-boost|p1a: Charizard|atk|1","|-boost|p1a: Charizard|spe|1","|","|turn|2","|","|move|p1a: Charizard|Dragon Claw|p2a: Wii-U","|-damage|p2a: Wii-U|0 fnt","|faint|p2a: Wii-U","|","|","|switch|p2a: Cocktus|Cacturne, M|281/281","|turn|3","|","|move|p2a: Cocktus|Spiky Shield|p2a: Cocktus","|-singleturn|p2a: Cocktus|move: Protect","|move|p1a: Charizard|Roost|p1a: Charizard","|-heal|p1a: Charizard|232/297","|","|turn|4","|","|move|p1a: Charizard|Dragon Claw|p2a: Cocktus","|-enditem|p2a: Cocktus|Focus Sash","|-damage|p2a: Cocktus|1/281","|move|p2a: Cocktus|Swords Dance|p2a: Cocktus","|-boost|p2a: Cocktus|atk|2","|","|turn|5","|","|move|p2a: Cocktus|Spiky Shield|p2a: Cocktus","|-singleturn|p2a: Cocktus|move: Protect","|move|p1a: Charizard|Roost|p1a: Charizard","|-heal|p1a: Charizard|297/297","|","|turn|6","|","|move|p2a: Cocktus|Sucker Punch|p1a: Charizard","|-fail|p2a: Cocktus","|move|p1a: Charizard|Dragon Dance|p1a: Charizard","|-boost|p1a: Charizard|atk|1","|-boost|p1a: Charizard|spe|1","|","|turn|7","|","|move|p2a: Cocktus|Spiky Shield|p2a: Cocktus","|-singleturn|p2a: Cocktus|move: Protect","|move|p1a: Charizard|Dragon Claw|p2a: Cocktus","|-activate|p2a: Cocktus|Protect","|-damage|p1a: Charizard|260/297|[from] Spiky Shield|[of] p2a: Cocktus","|","|turn|8","|","|move|p2a: Cocktus|Sucker Punch|p1a: Charizard","|-damage|p1a: Charizard|0 fnt","|faint|p1a: Charizard","|","|","|switch|p1a: Mandibuzz|Mandibuzz, F|361/361","|turn|9","|","|move|p2a: Cocktus|Spiky Shield|p2a: Cocktus","|-singleturn|p2a: Cocktus|move: Protect","|move|p1a: Mandibuzz|Foul Play|p2a: Cocktus","|-activate|p2a: Cocktus|Protect","|-damage|p1a: Mandibuzz|316/361|[from] Spiky Shield|[of] p2a: Cocktus","|","|-heal|p1a: Mandibuzz|338/361|[from] item: Leftovers","|turn|10","|","|move|p2a: Cocktus|Sucker Punch|p1a: Mandibuzz","|-fail|p2a: Cocktus","|move|p1a: Mandibuzz|Taunt|p2a: Cocktus","|-start|p2a: Cocktus|move: Taunt","|","|-heal|p1a: Mandibuzz|360/361|[from] item: Leftovers","|turn|11","|","|move|p2a: Cocktus|Sucker Punch|p1a: Mandibuzz","|-resisted|p1a: Mandibuzz","|-damage|p1a: Mandibuzz|214/361","|move|p1a: Mandibuzz|Foul Play|p2a: Cocktus","|-resisted|p2a: Cocktus","|-damage|p2a: Cocktus|0 fnt","|faint|p2a: Cocktus","|","|-heal|p1a: Mandibuzz|236/361|[from] item: Leftovers","|","|switch|p2a: Verlisify|Sableye, M|303/303","|turn|12","|","|detailschange|p2a: Verlisify|Sableye-Mega, M","|-mega|p2a: Verlisify|Sableye|Sablenite","|move|p2a: Verlisify|Will-O-Wisp|p1a: Mandibuzz","|-status|p1a: Mandibuzz|brn","|move|p1a: Mandibuzz|Taunt|p2a: Verlisify","|move|p2a: Verlisify|Taunt|p1a: Mandibuzz|[from]Magic Bounce","|-start|p1a: Mandibuzz|move: Taunt","|","|-heal|p1a: Mandibuzz|258/361 brn|[from] item: Leftovers","|-damage|p1a: Mandibuzz|213/361 brn|[from] brn","|turn|13","|","|move|p1a: Mandibuzz|Foul Play|p2a: Verlisify","|-damage|p2a: Verlisify|265/303","|move|p2a: Verlisify|Calm Mind|p2a: Verlisify","|-boost|p2a: Verlisify|spa|1","|-boost|p2a: Verlisify|spd|1","|","|-heal|p1a: Mandibuzz|235/361 brn|[from] item: Leftovers","|-damage|p1a: Mandibuzz|190/361 brn|[from] brn","|turn|14","|","|switch|p1a: Togekiss|Togekiss, F|311/311","|move|p2a: Verlisify|Calm Mind|p2a: Verlisify","|-boost|p2a: Verlisify|spa|1","|-boost|p2a: Verlisify|spd|1","|","|turn|15","|","|move|p1a: Togekiss|Air Slash|p2a: Verlisify","|-damage|p2a: Verlisify|223/303","|cant|p2a: Verlisify|flinch","|","|turn|16","|","|move|p1a: Togekiss|Air Slash|p2a: Verlisify","|-damage|p2a: Verlisify|178/303","|cant|p2a: Verlisify|flinch","|","|turn|17","|","|move|p1a: Togekiss|Air Slash|p2a: Verlisify","|-damage|p2a: Verlisify|139/303","|cant|p2a: Verlisify|flinch","|","|turn|18","|","|move|p1a: Togekiss|Air Slash|p2a: Verlisify","|-damage|p2a: Verlisify|100/303","|cant|p2a: Verlisify|flinch","|","|turn|19","|","|move|p1a: Togekiss|Air Slash|p2a: Verlisify","|-crit|p2a: Verlisify","|-damage|p2a: Verlisify|0 fnt","|faint|p2a: Verlisify","|","|","|switch|p2a: Dino Disco|Tyranitar, M|341/341","|-weather|Sandstorm","|turn|20","|","|switch|p1a: Skarmory|Skarmory, M|271/271","|move|p2a: Dino Disco|Dragon Dance|p2a: Dino Disco","|-boost|p2a: Dino Disco|atk|1","|-boost|p2a: Dino Disco|spe|1","|","|-weather|Sandstorm|[upkeep]","|turn|21","|","|move|p2a: Dino Disco|Rock Slide|p1a: Skarmory","|-damage|p1a: Skarmory|103/271","|move|p1a: Skarmory|Swords Dance|p1a: Skarmory","|-boost|p1a: Skarmory|atk|2","|","|-weather|Sandstorm|[upkeep]","|turn|22","|","|move|p2a: Dino Disco|Rock Slide|p1a: Skarmory","|-damage|p1a: Skarmory|0 fnt","|faint|p1a: Skarmory","|","|-weather|Sandstorm|[upkeep]","|","|switch|p1a: Hawlucha|Hawlucha, M|300/300","|turn|23","|","|move|p1a: Hawlucha|High Jump Kick|p2a: Dino Disco","|-supereffective|p2a: Dino Disco","|-damage|p2a: Dino Disco|0 fnt","|faint|p2a: Dino Disco","|","|-weather|Sandstorm|[upkeep]","|-damage|p1a: Hawlucha|282/300|[from] sandstorm","|","|switch|p2a: JAGuar|Umbreon, F|394/394","|turn|24","|","|move|p2a: JAGuar|Protect|p2a: JAGuar","|-singleturn|p2a: JAGuar|Protect","|move|p1a: Hawlucha|High Jump Kick|p2a: JAGuar","|-activate|p2a: JAGuar|Protect","|-damage|p1a: Hawlucha|132/300|[from] highjumpkick","|-enditem|p1a: Hawlucha|Sitrus Berry|[eat]","|-heal|p1a: Hawlucha|207/300|[from] item: Sitrus Berry","|","|-weather|none","|turn|25","|","|move|p1a: Hawlucha|High Jump Kick|p2a: JAGuar","|-supereffective|p2a: JAGuar","|-damage|p2a: JAGuar|86/394","|move|p2a: JAGuar|Curse|p2a: JAGuar","|-unboost|p2a: JAGuar|spe|1","|-boost|p2a: JAGuar|atk|1","|-boost|p2a: JAGuar|def|1","|","|-heal|p2a: JAGuar|110/394|[from] item: Leftovers","|turn|26","|","|move|p2a: JAGuar|Protect|p2a: JAGuar","|-singleturn|p2a: JAGuar|Protect","|move|p1a: Hawlucha|Acrobatics|p2a: JAGuar","|-activate|p2a: JAGuar|Protect","|","|-heal|p2a: JAGuar|134/394|[from] item: Leftovers","|turn|27","|","|move|p1a: Hawlucha|Acrobatics|p2a: JAGuar","|-damage|p2a: JAGuar|44/394","|move|p2a: JAGuar|Payback|p1a: Hawlucha","|-resisted|p1a: Hawlucha","|-damage|p1a: Hawlucha|126/300","|","|-heal|p2a: JAGuar|68/394|[from] item: Leftovers","|turn|28","|","|move|p2a: JAGuar|Protect|p2a: JAGuar","|-singleturn|p2a: JAGuar|Protect","|move|p1a: Hawlucha|Acrobatics|p2a: JAGuar","|-activate|p2a: JAGuar|Protect","|","|-heal|p2a: JAGuar|92/394|[from] item: Leftovers","|turn|29","|","|move|p1a: Hawlucha|Swords Dance|p1a: Hawlucha","|-boost|p1a: Hawlucha|atk|2","|move|p2a: JAGuar|Payback|p1a: Hawlucha","|-resisted|p1a: Hawlucha","|-damage|p1a: Hawlucha|52/300","|","|-heal|p2a: JAGuar|116/394|[from] item: Leftovers","|turn|30","|","|move|p2a: JAGuar|Protect|p2a: JAGuar","|-singleturn|p2a: JAGuar|Protect","|move|p1a: Hawlucha|Acrobatics|p2a: JAGuar","|-activate|p2a: JAGuar|Protect","|","|-heal|p2a: JAGuar|140/394|[from] item: Leftovers","|turn|31","|","|move|p1a: Hawlucha|Acrobatics|p2a: JAGuar","|-damage|p2a: JAGuar|0 fnt","|faint|p2a: JAGuar","|","|","|switch|p2a: Hoodlum|Scrafty, M|334/334","|turn|32","|","|move|p1a: Hawlucha|Acrobatics|p2a: Hoodlum","|-supereffective|p2a: Hoodlum","|-damage|p2a: Hoodlum|0 fnt","|faint|p2a: Hoodlum","|","|win|tboltrider"],"p1rating":{"entryid":"11792","serverid":"eos","formatid":"monotype","userid":"tboltrider","username":"tboltrider","w":3,"l":"2","t":"0","gxe":53.6,"r":"1459.8393856612","rd":"122.8583080769","sigma":"0","rptime":"1439888400","rpr":1528.3219723488,"rprd":103.00710023179,"rpsigma":"0","acre":1083.038924488,"lacre":1083.038924488,"oldacre":"1048.8247264512"},"p2rating":{"entryid":"50240","serverid":"eos","formatid":"monotype","userid":"alliancesuccubus","username":"Alliance-Succubus","w":"2","l":2,"t":"0","gxe":49.6,"r":"1500","rd":"130","sigma":"0","rptime":"1439888400","rpr":1496.4738011644,"rprd":106.89392822416,"rpsigma":"0","acre":1044.4796522121,"lacre":1044.4796522121,"oldacre":"1065.1888441896"},"endType":"normal"}