{"seed":[54144,53309,3349,517],"turns":29,"p1":"SRITL- Skarlet","p2":"OG stall king","p1team":[{"name":"Swampert","species":"Swampert","item":"swampertite","ability":"Damp","moves":["waterfall","earthquake","icepunch","poweruppunch"],"nature":"Adamant","evs":{"hp":248,"atk":252,"def":0,"spa":0,"spd":8,"spe":0},"ivs":{"hp":31,"atk":31,"def":31,"spa":31,"spd":31,"spe":31}},{"name":"Manaphy","species":"Manaphy","item":"sitrusberry","ability":"Hydration","moves":["tailglow","scald","icebeam","energyball"],"nature":"Timid","evs":{"hp":0,"atk":0,"def":0,"spa":252,"spd":4,"spe":252},"shiny":true,"ivs":{"hp":31,"atk":31,"def":31,"spa":31,"spd":31,"spe":31}},{"name":"Azumarill","species":"Azumarill","item":"sitrusberry","ability":"Huge Power","moves":["aquajet","waterfall","playrough","bellydrum"],"nature":"Adamant","evs":{"hp":252,"atk":252,"def":0,"spa":0,"spd":4,"spe":0},"shiny":true,"ivs":{"hp":31,"atk":31,"def":31,"spa":31,"spd":31,"spe":31}},{"name":"Cloyster","species":"Cloyster","item":"focussash","ability":"Skill Link","moves":["iciclespear","rockblast","shellsmash","iceshard"],"nature":"Adamant","evs":{"hp":0,"atk":252,"def":0,"spa":0,"spd":4,"spe":252},"shiny":true,"ivs":{"hp":31,"atk":31,"def":31,"spa":31,"spd":31,"spe":31}},{"name":"Starmie","species":"Starmie","item":"sitrusberry","ability":"Natural Cure","moves":["dazzlinggleam","rapidspin","psychic","reflecttype"],"nature":"Timid","evs":{"hp":0,"atk":0,"def":0,"spa":252,"spd":4,"spe":252},"shiny":true,"ivs":{"hp":31,"atk":31,"def":31,"spa":31,"spd":31,"spe":31}},{"name":"Kingdra","species":"Kingdra","item":"scopelens","ability":"Sniper","moves":["icebeam","surf","focusenergy","dragonpulse"],"nature":"Modest","evs":{"hp":252,"atk":0,"def":0,"spa":252,"spd":4,"spe":0},"shiny":true,"ivs":{"hp":31,"atk":31,"def":31,"spa":31,"spd":31,"spe":31}}],"p2team":[{"name":"Klefki","species":"Klefki","item":"lightclay","ability":"Prankster","moves":["thunderwave","foulplay","lightscreen","reflect"],"nature":"Bold","evs":{"hp":248,"atk":0,"def":252,"spa":0,"spd":8,"spe":0},"ivs":{"hp":31,"atk":31,"def":31,"spa":31,"spd":31,"spe":31}},{"name":"Clefable","species":"Clefable","item":"leftovers","ability":"Magic Guard","moves":["cosmicpower","moonblast","softboiled","toxic"],"nature":"Bold","evs":{"hp":244,"atk":0,"def":252,"spa":0,"spd":12,"spe":0},"ivs":{"hp":31,"atk":31,"def":31,"spa":31,"spd":31,"spe":31}},{"name":"Sylveon","species":"Sylveon","item":"leftovers","ability":"Pixilate","moves":["hypervoice","protect","healbell","wish"],"nature":"Calm","evs":{"hp":252,"atk":0,"def":0,"spa":4,"spd":252,"spe":0},"ivs":{"hp":31,"atk":31,"def":31,"spa":31,"spd":31,"spe":31}},{"name":"Togekiss","species":"Togekiss","item":"leftovers","ability":"Serene Grace","moves":["airslash","roost","defog","thunderwave"],"nature":"Calm","evs":{"hp":252,"atk":0,"def":0,"spa":4,"spd":252,"spe":0},"ivs":{"hp":31,"atk":31,"def":31,"spa":31,"spd":31,"spe":31}},{"name":"Slurpuff","species":"Slurpuff","item":"sitrusberry","ability":"Unburden","moves":["bellydrum","drainpunch","playrough","flamethrower"],"nature":"Naughty","evs":{"hp":4,"atk":252,"def":0,"spa":0,"spd":0,"spe":252},"ivs":{"hp":31,"atk":31,"def":31,"spa":31,"spd":31,"spe":31}},{"name":"Gardevoir","species":"Gardevoir","item":"gardevoirite","ability":"Trace","moves":["substitute","hypervoice","psyshock","focusblast"],"nature":"Timid","evs":{"hp":0,"atk":0,"def":0,"spa":252,"spd":4,"spe":252},"ivs":{"hp":31,"atk":31,"def":31,"spa":31,"spd":31,"spe":31}}],"log":["|player|p1|SRITL- Skarlet|138","|player|p2|OG stall king|163","|gametype|singles","|gen|6","|tier|Monotype","|rated","|rule|Baton Pass Clause: Limit one Baton Passer, can't pass Spe and other stats simultaneously","|rule|Swagger Clause: Swagger is banned","|rule|Same Type Clause: Pokémon in a team must share a type","|clearpoke","|poke|p1|Swampert, M","|poke|p1|Manaphy, shiny","|poke|p1|Azumarill, F, shiny","|poke|p1|Cloyster, F, shiny","|poke|p1|Starmie, shiny","|poke|p1|Kingdra, M, shiny","|poke|p2|Klefki, F","|poke|p2|Clefable, F","|poke|p2|Sylveon, M","|poke|p2|Togekiss, F","|poke|p2|Slurpuff, M","|poke|p2|Gardevoir, M","|rule|Sleep Clause Mod: Limit one foe put to sleep","|rule|Species Clause: Limit one of each Pokémon","|rule|OHKO Clause: OHKO moves are banned","|rule|Moody Clause: Moody is banned","|rule|Evasion Moves Clause: Evasion moves are banned","|rule|Endless Battle Clause: Forcing endless battles is banned","|rule|HP Percentage Mod: HP is shown in percentages","|teampreview","|","|start","|switch|p1a: Cloyster|Cloyster, F, shiny|241/241","|switch|p2a: Gardevoir|Gardevoir, M|277/277","|-ability|p2a: Gardevoir|Skill Link|[from] ability: Trace|[of] p1a: Cloyster","|turn|1","|","|detailschange|p2a: Gardevoir|Gardevoir-Mega, M","|-mega|p2a: Gardevoir|Gardevoir|Gardevoirite","|move|p2a: Gardevoir|Hyper Voice|p1a: Cloyster","|-enditem|p1a: Cloyster|Focus Sash","|-damage|p1a: Cloyster|1/241","|move|p1a: Cloyster|Shell Smash|p1a: Cloyster","|-unboost|p1a: Cloyster|def|1","|-unboost|p1a: Cloyster|spd|1","|-boost|p1a: Cloyster|atk|2","|-boost|p1a: Cloyster|spa|2","|-boost|p1a: Cloyster|spe|2","|","|turn|2","|","|switch|p2a: Klefki|Klefki, F|317/317","|move|p1a: Cloyster|Icicle Spear|p2a: Klefki","|-resisted|p2a: Klefki","|-damage|p2a: Klefki|287/317","|-resisted|p2a: Klefki","|-damage|p2a: Klefki|256/317","|-resisted|p2a: Klefki","|-damage|p2a: Klefki|226/317","|-resisted|p2a: Klefki","|-damage|p2a: Klefki|198/317","|-resisted|p2a: Klefki","|-damage|p2a: Klefki|168/317","|-hitcount|p2a: Klefki|5","|","|turn|3","|","|move|p2a: Klefki|Thunder Wave|p1a: Cloyster","|-status|p1a: Cloyster|par","|move|p1a: Cloyster|Icicle Spear|p2a: Klefki","|-resisted|p2a: Klefki","|-damage|p2a: Klefki|138/317","|-resisted|p2a: Klefki","|-damage|p2a: Klefki|109/317","|-resisted|p2a: Klefki","|-damage|p2a: Klefki|77/317","|-resisted|p2a: Klefki","|-damage|p2a: Klefki|48/317","|-resisted|p2a: Klefki","|-damage|p2a: Klefki|16/317","|-hitcount|p2a: Klefki|5","|","|turn|4","|","|move|p1a: Cloyster|Ice Shard|p2a: Klefki","|-resisted|p2a: Klefki","|-damage|p2a: Klefki|0 fnt","|faint|p2a: Klefki","|","|","|switch|p2a: Clefable|Clefable, F|392/392","|turn|5","|","|move|p1a: Cloyster|Ice Shard|p2a: Clefable","|-damage|p2a: Clefable|275/392","|move|p2a: Clefable|Moonblast|p1a: Cloyster","|-damage|p1a: Cloyster|0 fnt","|faint|p1a: Cloyster","|","|-heal|p2a: Clefable|299/392|[from] item: Leftovers","|","|switch|p1a: Azumarill|Azumarill, F, shiny|404/404","|turn|6","|","|move|p2a: Clefable|Toxic|p1a: Azumarill","|-status|p1a: Azumarill|tox","|move|p1a: Azumarill|Play Rough|p2a: Clefable","|-damage|p2a: Clefable|134/392","|","|-heal|p2a: Clefable|158/392|[from] item: Leftovers","|-damage|p1a: Azumarill|379/404 tox|[from] psn","|turn|7","|","|move|p2a: Clefable|Soft-Boiled|p2a: Clefable","|-heal|p2a: Clefable|354/392","|move|p1a: Azumarill|Play Rough|p2a: Clefable","|-damage|p2a: Clefable|168/392","|","|-heal|p2a: Clefable|192/392|[from] item: Leftovers","|-damage|p1a: Azumarill|329/404 tox|[from] psn","|turn|8","|","|move|p2a: Clefable|Soft-Boiled|p2a: Clefable","|-heal|p2a: Clefable|388/392","|move|p1a: Azumarill|Belly Drum|p1a: Azumarill","|-damage|p1a: Azumarill|127/404 tox","|-setboost|p1a: Azumarill|atk|6|[from] move: Belly Drum","|-enditem|p1a: Azumarill|Sitrus Berry|[eat]","|-heal|p1a: Azumarill|228/404 tox|[from] item: Sitrus Berry","|","|-heal|p2a: Clefable|392/392|[from] item: Leftovers","|-damage|p1a: Azumarill|153/404 tox|[from] psn","|turn|9","|","|switch|p2a: Sylveon|Sylveon, M|394/394","|move|p1a: Azumarill|Aqua Jet|p2a: Sylveon","|-damage|p2a: Sylveon|0 fnt","|faint|p2a: Sylveon","|","|-damage|p1a: Azumarill|53/404 tox|[from] psn","|","|switch|p2a: Clefable|Clefable, F|392/392","|turn|10","|","|move|p1a: Azumarill|Aqua Jet|p2a: Clefable","|-damage|p2a: Clefable|85/392","|move|p2a: Clefable|Soft-Boiled|p2a: Clefable","|-heal|p2a: Clefable|281/392","|","|-heal|p2a: Clefable|305/392|[from] item: Leftovers","|-damage|p1a: Azumarill|0 fnt|[from] psn","|faint|p1a: Azumarill","|","|switch|p1a: Manaphy|Manaphy, shiny|341/341","|turn|11","|","|switch|p2a: Gardevoir|Gardevoir-Mega, M|277/277","|move|p1a: Manaphy|Tail Glow|p1a: Manaphy","|-boost|p1a: Manaphy|spa|3","|","|turn|12","|","|move|p2a: Gardevoir|Hyper Voice|p1a: Manaphy","|-damage|p1a: Manaphy|92/341","|-enditem|p1a: Manaphy|Sitrus Berry|[eat]","|-heal|p1a: Manaphy|177/341|[from] item: Sitrus Berry","|move|p1a: Manaphy|Scald|p2a: Gardevoir","|-damage|p2a: Gardevoir|36/277","|","|turn|13","|","|move|p2a: Gardevoir|Hyper Voice|p1a: Manaphy","|-damage|p1a: Manaphy|0 fnt","|faint|p1a: Manaphy","|","|","|switch|p1a: Starmie|Starmie, shiny|261/261","|turn|14","|","|move|p1a: Starmie|Psychic|p2a: Gardevoir","|-resisted|p2a: Gardevoir","|-damage|p2a: Gardevoir|0 fnt","|faint|p2a: Gardevoir","|","|","|switch|p2a: Togekiss|Togekiss, F|374/374","|turn|15","|","|move|p1a: Starmie|Psychic|p2a: Togekiss","|-damage|p2a: Togekiss|278/374","|-unboost|p2a: Togekiss|spd|1","|move|p2a: Togekiss|Thunder Wave|p1a: Starmie","|-status|p1a: Starmie|par","|","|-heal|p2a: Togekiss|301/374|[from] item: Leftovers","|turn|16","|","|switch|p2a: Clefable|Clefable, F|305/392","|switch|p1a: Kingdra|Kingdra, M, shiny|354/354","|","|-heal|p2a: Clefable|329/392|[from] item: Leftovers","|turn|17","|","|switch|p1a: Starmie|Starmie, shiny|261/261","|move|p2a: Clefable|Moonblast|p1a: Starmie","|-damage|p1a: Starmie|143/261","|-unboost|p1a: Starmie|spa|1","|","|-heal|p2a: Clefable|353/392|[from] item: Leftovers","|turn|18","|","|move|p1a: Starmie|Psychic|p2a: Clefable","|-damage|p2a: Clefable|260/392","|move|p2a: Clefable|Moonblast|p1a: Starmie","|-damage|p1a: Starmie|26/261","|-enditem|p1a: Starmie|Sitrus Berry|[eat]","|-heal|p1a: Starmie|91/261|[from] item: Sitrus Berry","|","|-heal|p2a: Clefable|284/392|[from] item: Leftovers","|turn|19","|","|move|p1a: Starmie|Psychic|p2a: Clefable","|-damage|p2a: Clefable|182/392","|move|p2a: Clefable|Cosmic Power|p2a: Clefable","|-boost|p2a: Clefable|def|1","|-boost|p2a: Clefable|spd|1","|","|-heal|p2a: Clefable|206/392|[from] item: Leftovers","|turn|20","|","|move|p1a: Starmie|Psychic|p2a: Clefable","|-damage|p2a: Clefable|145/392","|move|p2a: Clefable|Cosmic Power|p2a: Clefable","|-boost|p2a: Clefable|def|1","|-boost|p2a: Clefable|spd|1","|","|-heal|p2a: Clefable|169/392|[from] item: Leftovers","|turn|21","|","|move|p1a: Starmie|Psychic|p2a: Clefable","|-damage|p2a: Clefable|124/392","|move|p2a: Clefable|Soft-Boiled|p2a: Clefable","|-heal|p2a: Clefable|320/392","|","|-heal|p2a: Clefable|344/392|[from] item: Leftovers","|turn|22","|","|move|p1a: Starmie|Psychic|p2a: Clefable","|-damage|p2a: Clefable|295/392","|move|p2a: Clefable|Cosmic Power|p2a: Clefable","|-boost|p2a: Clefable|def|1","|-boost|p2a: Clefable|spd|1","|","|-heal|p2a: Clefable|319/392|[from] item: Leftovers","|turn|23","|","|move|p1a: Starmie|Psychic|p2a: Clefable","|-damage|p2a: Clefable|277/392","|move|p2a: Clefable|Cosmic Power|p2a: Clefable","|-boost|p2a: Clefable|def|1","|-boost|p2a: Clefable|spd|1","|","|-heal|p2a: Clefable|301/392|[from] item: Leftovers","|turn|24","|","|switch|p1a: Swampert|Swampert, M|403/403","|move|p2a: Clefable|Cosmic Power|p2a: Clefable","|-boost|p2a: Clefable|def|1","|-boost|p2a: Clefable|spd|1","|","|-heal|p2a: Clefable|325/392|[from] item: Leftovers","|turn|25","|","|detailschange|p1a: Swampert|Swampert-Mega, M","|-mega|p1a: Swampert|Swampert|Swampertite","|move|p1a: Swampert|Power-Up Punch|p2a: Clefable","|-resisted|p2a: Clefable","|-damage|p2a: Clefable|318/392","|-boost|p1a: Swampert|atk|1","|move|p2a: Clefable|Toxic|p1a: Swampert","|-status|p1a: Swampert|tox","|","|-heal|p2a: Clefable|342/392|[from] item: Leftovers","|-damage|p1a: Swampert|378/403 tox|[from] psn","|turn|26","|","|move|p1a: Swampert|Power-Up Punch|p2a: Clefable","|-resisted|p2a: Clefable","|-damage|p2a: Clefable|331/392","|-boost|p1a: Swampert|atk|1","|move|p2a: Clefable|Cosmic Power|p2a: Clefable","|-boost|p2a: Clefable|def|1","|-boost|p2a: Clefable|spd|1","|","|-heal|p2a: Clefable|355/392|[from] item: Leftovers","|-damage|p1a: Swampert|328/403 tox|[from] psn","|turn|27","|","|move|p1a: Swampert|Power-Up Punch|p2a: Clefable","|-resisted|p2a: Clefable","|-damage|p2a: Clefable|341/392","|-boost|p1a: Swampert|atk|1","|move|p2a: Clefable|Moonblast|p1a: Swampert","|-damage|p1a: Swampert|228/403 tox","|-unboost|p1a: Swampert|spa|1","|","|-heal|p2a: Clefable|365/392|[from] item: Leftovers","|-damage|p1a: Swampert|153/403 tox|[from] psn","|turn|28","|","|move|p1a: Swampert|Earthquake|p2a: Clefable","|-damage|p2a: Clefable|256/392","|move|p2a: Clefable|Soft-Boiled|p2a: Clefable","|-heal|p2a: Clefable|392/392","|","|-damage|p1a: Swampert|53/403 tox|[from] psn","|turn|29","|","|win|OG stall king"],"p1rating":{"entryid":"59207","serverid":"eos","formatid":"monotype","userid":"sritlskarlet","username":"SRITL- Skarlet","w":"2","l":2,"t":"0","gxe":50,"r":"1500","rd":"130","sigma":"0","rptime":"1439888400","rpr":1500,"rprd":106.91164920561,"rpsigma":"0","acre":1051.0603209545,"lacre":1051.0603209545,"oldacre":"1077.4084448771"},"p2rating":{"entryid":60738,"formatid":"monotype","userid":"ogstallking","username":"OG stall king","r":1500,"rd":130,"sigma":0,"rpr":1540.1606143388,"rprd":122.8583080769,"rpsigma":0,"rptime":1439888400,"w":1,"l":0,"t":0,"gxe":55,"acre":1048.7673846237,"lacre":1048.7673846237,"oldacre":1000},"endType":"forfeit"}