{"seed":[26575,52711,12920,41185],"turns":27,"p1":"tboltrider","p2":"Guаrd Wսlf","p1team":[{"name":"Skarmory","species":"Skarmory","item":"rockyhelmet","ability":"Sturdy","moves":["roost","swordsdance","stealthrock","ironhead"],"nature":"Jolly","evs":{"hp":0,"atk":128,"def":0,"spa":0,"spd":248,"spe":132},"gender":"M","ivs":{"hp":31,"atk":31,"def":31,"spa":31,"spd":31,"spe":31}},{"name":"Togekiss","species":"Togekiss","item":"leftovers","ability":"Serene Grace","moves":["aurasphere","airslash","softboiled","thunderwave"],"nature":"Modest","evs":{"hp":0,"atk":0,"def":148,"spa":108,"spd":0,"spe":252},"gender":"F","ivs":{"hp":31,"atk":31,"def":31,"spa":31,"spd":31,"spe":31}},{"name":"Mandibuzz","species":"Mandibuzz","item":"leftovers","ability":"Overcoat","moves":["roost","defog","foulplay","taunt"],"nature":"Adamant","evs":{"hp":0,"atk":232,"def":0,"spa":0,"spd":156,"spe":120},"ivs":{"hp":31,"atk":31,"def":31,"spa":31,"spd":31,"spe":31}},{"name":"Hawlucha","species":"Hawlucha","item":"sitrusberry","ability":"Unburden","moves":["swordsdance","acrobatics","highjumpkick","substitute"],"nature":"Careful","evs":{"hp":12,"atk":252,"def":0,"spa":0,"spd":0,"spe":244},"ivs":{"hp":31,"atk":31,"def":31,"spa":31,"spd":31,"spe":31}},{"name":"Charizard","species":"Charizard","item":"charizarditex","ability":"Blaze","moves":["dragondance","dragonclaw","roost","flareblitz"],"nature":"Jolly","evs":{"hp":0,"atk":252,"def":4,"spa":0,"spd":0,"spe":252},"gender":"M","ivs":{"hp":31,"atk":31,"def":31,"spa":31,"spd":31,"spe":31}},{"name":"Gliscor","species":"Gliscor","item":"toxicorb","ability":"Poison Heal","moves":["earthquake","swordsdance","roost","facade"],"nature":"Careful","evs":{"hp":244,"atk":0,"def":8,"spa":0,"spd":200,"spe":56},"ivs":{"hp":31,"atk":31,"def":31,"spa":31,"spd":31,"spe":31}}],"p2team":[{"name":"Klefki","species":"Klefki","item":"lightclay","ability":"Prankster","moves":["thunderwave","foulplay","lightscreen","reflect"],"nature":"Bold","evs":{"hp":248,"atk":0,"def":252,"spa":0,"spd":8,"spe":0},"ivs":{"hp":31,"atk":31,"def":31,"spa":31,"spd":31,"spe":31}},{"name":"Clefable","species":"Clefable","item":"leftovers","ability":"Magic Guard","moves":["cosmicpower","moonblast","softboiled","toxic"],"nature":"Bold","evs":{"hp":244,"atk":0,"def":252,"spa":0,"spd":12,"spe":0},"ivs":{"hp":31,"atk":31,"def":31,"spa":31,"spd":31,"spe":31}},{"name":"Sylveon","species":"Sylveon","item":"leftovers","ability":"Pixilate","moves":["hypervoice","protect","healbell","wish"],"nature":"Calm","evs":{"hp":252,"atk":0,"def":0,"spa":4,"spd":252,"spe":0},"ivs":{"hp":31,"atk":31,"def":31,"spa":31,"spd":31,"spe":31}},{"name":"Togekiss","species":"Togekiss","item":"leftovers","ability":"Serene Grace","moves":["airslash","roost","defog","thunderwave"],"nature":"Calm","evs":{"hp":252,"atk":0,"def":0,"spa":4,"spd":252,"spe":0},"ivs":{"hp":31,"atk":31,"def":31,"spa":31,"spd":31,"spe":31}},{"name":"Slurpuff","species":"Slurpuff","item":"sitrusberry","ability":"Unburden","moves":["bellydrum","drainpunch","playrough","flamethrower"],"nature":"Naughty","evs":{"hp":4,"atk":252,"def":0,"spa":0,"spd":0,"spe":252},"ivs":{"hp":31,"atk":31,"def":31,"spa":31,"spd":31,"spe":31}},{"name":"Gardevoir","species":"Gardevoir","item":"gardevoirite","ability":"Trace","moves":["substitute","hypervoice","psyshock","focusblast"],"nature":"Timid","evs":{"hp":0,"atk":0,"def":0,"spa":252,"spd":4,"spe":252},"ivs":{"hp":31,"atk":31,"def":31,"spa":31,"spd":31,"spe":31}}],"log":["|player|p1|tboltrider|93","|player|p2|Guаrd Wսlf|163","|gametype|singles","|gen|6","|tier|Monotype","|rated","|rule|Baton Pass Clause: Limit one Baton Passer, can't pass Spe and other stats simultaneously","|rule|Swagger Clause: Swagger is banned","|rule|Same Type Clause: Pokémon in a team must share a type","|clearpoke","|poke|p1|Skarmory, M","|poke|p1|Togekiss, F","|poke|p1|Mandibuzz, F","|poke|p1|Hawlucha, M","|poke|p1|Charizard, M","|poke|p1|Gliscor, M","|poke|p2|Klefki, M","|poke|p2|Clefable, F","|poke|p2|Sylveon, F","|poke|p2|Togekiss, M","|poke|p2|Slurpuff, M","|poke|p2|Gardevoir, M","|rule|Sleep Clause Mod: Limit one foe put to sleep","|rule|Species Clause: Limit one of each Pokémon","|rule|OHKO Clause: OHKO moves are banned","|rule|Moody Clause: Moody is banned","|rule|Evasion Moves Clause: Evasion moves are banned","|rule|Endless Battle Clause: Forcing endless battles is banned","|rule|HP Percentage Mod: HP is shown in percentages","|teampreview","|","|start","|switch|p1a: Charizard|Charizard, M|297/297","|switch|p2a: Togekiss|Togekiss, M|374/374","|turn|1","|","|move|p1a: Charizard|Dragon Dance|p1a: Charizard","|-boost|p1a: Charizard|atk|1","|-boost|p1a: Charizard|spe|1","|move|p2a: Togekiss|Thunder Wave|p1a: Charizard","|-status|p1a: Charizard|par","|","|turn|2","|","|move|p2a: Togekiss|Air Slash|p1a: Charizard","|-damage|p1a: Charizard|179/297 par","|cant|p1a: Charizard|flinch","|","|turn|3","|","|move|p2a: Togekiss|Air Slash|p1a: Charizard","|-crit|p1a: Charizard","|-damage|p1a: Charizard|11/297 par","|move|p1a: Charizard|Flare Blitz|p2a: Togekiss","|-damage|p2a: Togekiss|0 fnt","|-damage|p1a: Charizard|0 fnt|[from] recoil|[of] p2a: Togekiss","|faint|p2a: Togekiss","|faint|p1a: Charizard","|","|","|switch|p1a: Skarmory|Skarmory, M|271/271","|switch|p2a: Klefki|Klefki, M|317/317","|turn|4","|","|switch|p2a: Gardevoir|Gardevoir, M|277/277","|-ability|p2a: Gardevoir|Sturdy|[from] ability: Trace|[of] p1a: Skarmory","|move|p1a: Skarmory|Stealth Rock|p2a: Gardevoir","|-sidestart|p2: Guаrd Wսlf|move: Stealth Rock","|","|turn|5","|","|detailschange|p2a: Gardevoir|Gardevoir-Mega, M","|-mega|p2a: Gardevoir|Gardevoir|Gardevoirite","|move|p2a: Gardevoir|Focus Blast|p1a: Skarmory|[miss]","|-miss|p2a: Gardevoir|p1a: Skarmory","|move|p1a: Skarmory|Iron Head|p2a: Gardevoir","|-supereffective|p2a: Gardevoir","|-damage|p2a: Gardevoir|31/277","|","|turn|6","|","|move|p2a: Gardevoir|Focus Blast|p1a: Skarmory|[miss]","|-miss|p2a: Gardevoir|p1a: Skarmory","|move|p1a: Skarmory|Iron Head|p2a: Gardevoir","|-supereffective|p2a: Gardevoir","|-damage|p2a: Gardevoir|0 fnt","|faint|p2a: Gardevoir","|","|","|switch|p2a: Slurpuff|Slurpuff, M|306/306","|-damage|p2a: Slurpuff|268/306|[from] Stealth Rock","|turn|7","|","|move|p2a: Slurpuff|Flamethrower|p1a: Skarmory","|-supereffective|p1a: Skarmory","|-damage|p1a: Skarmory|151/271","|move|p1a: Skarmory|Swords Dance|p1a: Skarmory","|-boost|p1a: Skarmory|atk|2","|","|turn|8","|","|move|p2a: Slurpuff|Belly Drum|p2a: Slurpuff","|-damage|p2a: Slurpuff|115/306","|-setboost|p2a: Slurpuff|atk|6|[from] move: Belly Drum","|-enditem|p2a: Slurpuff|Sitrus Berry|[eat]","|-heal|p2a: Slurpuff|191/306|[from] item: Sitrus Berry","|move|p1a: Skarmory|Iron Head|p2a: Slurpuff","|-supereffective|p2a: Slurpuff","|-damage|p2a: Slurpuff|0 fnt","|faint|p2a: Slurpuff","|","|","|switch|p2a: Klefki|Klefki, M|317/317","|-damage|p2a: Klefki|298/317|[from] Stealth Rock","|turn|9","|","|move|p1a: Skarmory|Roost|p1a: Skarmory","|-heal|p1a: Skarmory|271/271","|move|p2a: Klefki|Foul Play|p1a: Skarmory","|-damage|p1a: Skarmory|158/271","|-damage|p2a: Klefki|246/317|[from] item: Rocky Helmet|[of] p1a: Skarmory","|","|turn|10","|","|switch|p1a: Mandibuzz|Mandibuzz, F|361/361","|move|p2a: Klefki|Thunder Wave|p1a: Mandibuzz","|-status|p1a: Mandibuzz|par","|","|turn|11","|","|move|p2a: Klefki|Light Screen|p2a: Klefki","|-sidestart|p2: Guаrd Wսlf|move: Light Screen","|move|p1a: Mandibuzz|Taunt|p2a: Klefki","|-start|p2a: Klefki|move: Taunt","|","|turn|12","|","|switch|p2a: Sylveon|Sylveon, F|394/394","|-damage|p2a: Sylveon|345/394|[from] Stealth Rock","|cant|p1a: Mandibuzz|par","|","|-heal|p2a: Sylveon|369/394|[from] item: Leftovers","|turn|13","|","|switch|p1a: Skarmory|Skarmory, M|158/271","|move|p2a: Sylveon|Hyper Voice|p1a: Skarmory","|-resisted|p1a: Skarmory","|-damage|p1a: Skarmory|83/271","|","|-heal|p2a: Sylveon|393/394|[from] item: Leftovers","|turn|14","|","|move|p1a: Skarmory|Iron Head|p2a: Sylveon","|-supereffective|p2a: Sylveon","|-damage|p2a: Sylveon|111/394","|move|p2a: Sylveon|Hyper Voice|p1a: Skarmory","|-resisted|p1a: Skarmory","|-damage|p1a: Skarmory|11/271","|","|-heal|p2a: Sylveon|135/394|[from] item: Leftovers","|turn|15","|","|switch|p2a: Klefki|Klefki, M|246/317","|-damage|p2a: Klefki|227/317|[from] Stealth Rock","|move|p1a: Skarmory|Roost|p1a: Skarmory","|-heal|p1a: Skarmory|147/271","|","|turn|16","|","|move|p2a: Klefki|Thunder Wave|p1a: Skarmory","|-status|p1a: Skarmory|par","|move|p1a: Skarmory|Roost|p1a: Skarmory","|-heal|p1a: Skarmory|271/271 par","|","|turn|17","|","|switch|p1a: Gliscor|Gliscor, M|352/352","|move|p2a: Klefki|Reflect|p2a: Klefki","|-sidestart|p2: Guаrd Wսlf|Reflect","|","|-status|p1a: Gliscor|tox|[from] item: Toxic Orb","|turn|18","|","|switch|p2a: Sylveon|Sylveon, F|135/394","|-damage|p2a: Sylveon|86/394|[from] Stealth Rock","|move|p1a: Gliscor|Swords Dance|p1a: Gliscor","|-boost|p1a: Gliscor|atk|2","|","|-heal|p2a: Sylveon|110/394|[from] item: Leftovers","|-sideend|p2: Guаrd Wսlf|move: Light Screen","|turn|19","|","|move|p1a: Gliscor|Earthquake|p2a: Sylveon","|-damage|p2a: Sylveon|0 fnt","|faint|p2a: Sylveon","|","|","|switch|p2a: Klefki|Klefki, M|227/317","|-damage|p2a: Klefki|208/317|[from] Stealth Rock","|turn|20","|","|move|p1a: Gliscor|Earthquake|p2a: Klefki","|-supereffective|p2a: Klefki","|-damage|p2a: Klefki|33/317","|move|p2a: Klefki|Foul Play|p1a: Gliscor","|-damage|p1a: Gliscor|225/352 tox","|","|-heal|p1a: Gliscor|269/352 tox|[from] ability: Poison Heal","|turn|21","|","|move|p1a: Gliscor|Earthquake|p2a: Klefki","|-supereffective|p2a: Klefki","|-damage|p2a: Klefki|0 fnt","|faint|p2a: Klefki","|","|-heal|p1a: Gliscor|313/352 tox|[from] ability: Poison Heal","|","|switch|p2a: Clefable|Clefable, F|392/392","|turn|22","|","|move|p1a: Gliscor|Earthquake|p2a: Clefable","|-damage|p2a: Clefable|294/392","|move|p2a: Clefable|Cosmic Power|p2a: Clefable","|-boost|p2a: Clefable|def|1","|-boost|p2a: Clefable|spd|1","|","|-heal|p2a: Clefable|318/392|[from] item: Leftovers","|-heal|p1a: Gliscor|352/352 tox|[from] ability: Poison Heal","|turn|23","|","|move|p1a: Gliscor|Swords Dance|p1a: Gliscor","|-boost|p1a: Gliscor|atk|2","|move|p2a: Clefable|Cosmic Power|p2a: Clefable","|-boost|p2a: Clefable|def|1","|-boost|p2a: Clefable|spd|1","|","|-heal|p2a: Clefable|342/392|[from] item: Leftovers","|turn|24","|","|move|p1a: Gliscor|Swords Dance|p1a: Gliscor","|-boost|p1a: Gliscor|atk|2","|move|p2a: Clefable|Cosmic Power|p2a: Clefable","|-boost|p2a: Clefable|def|1","|-boost|p2a: Clefable|spd|1","|","|-heal|p2a: Clefable|366/392|[from] item: Leftovers","|-sideend|p2: Guаrd Wսlf|Reflect","|turn|25","|","|move|p1a: Gliscor|Facade|p2a: Clefable","|-damage|p2a: Clefable|213/392","|move|p2a: Clefable|Cosmic Power|p2a: Clefable","|-boost|p2a: Clefable|def|1","|-boost|p2a: Clefable|spd|1","|","|-heal|p2a: Clefable|237/392|[from] item: Leftovers","|turn|26","|","|move|p1a: Gliscor|Earthquake|p2a: Clefable","|-damage|p2a: Clefable|107/392","|move|p2a: Clefable|Soft-Boiled|p2a: Clefable","|-heal|p2a: Clefable|303/392","|","|-heal|p2a: Clefable|327/392|[from] item: Leftovers","|turn|27","|","|move|p1a: Gliscor|Earthquake|p2a: Clefable","|-crit|p2a: Clefable","|-damage|p2a: Clefable|0 fnt","|faint|p2a: Clefable","|","|win|tboltrider"],"p1rating":{"entryid":"11792","serverid":"eos","formatid":"monotype","userid":"tboltrider","username":"tboltrider","w":2,"l":"1","t":"0","gxe":54.2,"r":"1459.8393856612","rd":"122.8583080769","sigma":"0","rptime":"1439888400","rpr":1533.208776245,"rprd":111.63002965141,"rpsigma":"0","acre":1074.4630454978,"lacre":1074.4630454978,"oldacre":"1045.6391720115"},"p2rating":{"entryid":63748,"formatid":"monotype","userid":"gurdwlf","username":"Guаrd Wսlf","r":1500,"rd":130,"sigma":0,"rpr":1455.2008920346,"rprd":122.83141802352,"rpsigma":0,"rptime":1439888400,"w":0,"l":1,"t":0,"gxe":44.4,"acre":1000,"lacre":1000,"oldacre":1000},"endType":"normal"}