{"seed":[58772,6781,62560,16322],"turns":28,"p1":"Cheeky Banter","p2":"SWL Jyph","p1team":[{"name":"Full Force","species":"dragonite","item":"lumberry","ability":"Multiscale","moves":["extremespeed","firepunch","outrage","dragondance"],"nature":"Adamant","evs":{"hp":248,"atk":252,"def":0,"spa":0,"spd":8,"spe":0},"ivs":{"hp":31,"atk":31,"def":31,"spa":31,"spd":31,"spe":31}},{"name":"Skar'd For Life","species":"skarmory","item":"rockyhelmet","ability":"Sturdy","moves":["whirlwind","roost","stealthrock","ironhead"],"nature":"Impish","evs":{"hp":248,"atk":0,"def":252,"spa":0,"spd":8,"spe":0},"ivs":{"hp":31,"atk":31,"def":31,"spa":31,"spd":31,"spe":31}},{"name":"Red Rage","species":"gyarados","item":"gyaradosite","ability":"Intimidate","moves":["taunt","waterfall","crunch","dragondance"],"nature":"Adamant","evs":{"hp":0,"atk":252,"def":0,"spa":0,"spd":4,"spe":252},"gender":"M","shiny":true,"ivs":{"hp":31,"atk":31,"def":31,"spa":31,"spd":31,"spe":31}},{"name":"Total Grace","species":"togekiss","item":"leftovers","ability":"Serene Grace","moves":["thunderwave","airslash","roost","dazzlinggleam"],"nature":"Calm","evs":{"hp":252,"atk":0,"def":0,"spa":4,"spd":252,"spe":0},"ivs":{"hp":31,"atk":31,"def":31,"spa":31,"spd":31,"spe":31}},{"name":"Turn it around","species":"thundurus","item":"leftovers","ability":"Prankster","moves":["hiddenpowerice","voltswitch","taunt","thunderwave"],"nature":"Timid","evs":{"hp":0,"atk":0,"def":0,"spa":252,"spd":4,"spe":252},"ivs":{"hp":31,"atk":30,"def":30,"spa":31,"spd":31,"spe":31}},{"name":"Buzz Feed","species":"mandibuzz","item":"leftovers","ability":"Overcoat","moves":["foulplay","roost","defog","toxic"],"nature":"Serious","evs":{"hp":196,"atk":0,"def":56,"spa":0,"spd":200,"spe":56},"ivs":{"hp":31,"atk":31,"def":31,"spa":31,"spd":31,"spe":31}}],"p2team":[{"name":"Amoonguss","species":"Amoonguss","item":"blacksludge","ability":"Regenerator","moves":["spore","sludgebomb","gigadrain","synthesis"],"nature":"Bold","evs":{"hp":252,"atk":0,"def":252,"spa":0,"spd":4,"spe":0},"ivs":{"hp":31,"atk":31,"def":31,"spa":31,"spd":31,"spe":31}},{"name":"Nidoqueen","species":"Nidoqueen","item":"lifeorb","ability":"Sheer Force","moves":["stealthrock","earthpower","fireblast","icebeam"],"nature":"Modest","evs":{"hp":252,"atk":0,"def":0,"spa":252,"spd":4,"spe":0},"ivs":{"hp":31,"atk":31,"def":31,"spa":31,"spd":31,"spe":31}},{"name":"Tentacruel","species":"Tentacruel","item":"blacksludge","ability":"Liquid Ooze","moves":["haze","scald","rapidspin","gigadrain"],"nature":"Calm","evs":{"hp":252,"atk":0,"def":4,"spa":0,"spd":22,"spe":0},"ivs":{"hp":31,"atk":31,"def":31,"spa":31,"spd":31,"spe":31}},{"name":"Gengar","species":"Gengar","item":"lifeorb","ability":"Levitate","moves":["dazzlinggleam","shadowball","sludgewave","thunderbolt"],"nature":"Timid","evs":{"hp":0,"atk":0,"def":0,"spa":252,"spd":4,"spe":252},"ivs":{"hp":31,"atk":31,"def":31,"spa":31,"spd":31,"spe":31}},{"name":"Beedrill","species":"Beedrill","item":"beedrillite","ability":"Swarm","moves":["protect","drillrun","poisonjab","uturn"],"nature":"Jolly","evs":{"hp":0,"atk":252,"def":0,"spa":0,"spd":4,"spe":252},"ivs":{"hp":31,"atk":31,"def":31,"spa":31,"spd":31,"spe":31}},{"name":"Drapion","species":"Drapion","item":"assaultvest","ability":"Battle Armor","moves":["knockoff","pursuit","rockslide","earthquake"],"nature":"Adamant","evs":{"hp":248,"atk":200,"def":0,"spa":0,"spd":60,"spe":0},"ivs":{"hp":31,"atk":31,"def":31,"spa":31,"spd":31,"spe":31}}],"log":["|player|p1|Cheeky Banter|266","|player|p2|SWL Jyph|swljyph.png","|gametype|singles","|gen|6","|tier|Monotype","|rated","|rule|Baton Pass Clause: Limit one Baton Passer, can't pass Spe and other stats simultaneously","|rule|Swagger Clause: Swagger is banned","|rule|Same Type Clause: Pokémon in a team must share a type","|clearpoke","|poke|p1|Dragonite, M","|poke|p1|Skarmory, M","|poke|p1|Gyarados, M, shiny","|poke|p1|Togekiss, M","|poke|p1|Thundurus, M","|poke|p1|Mandibuzz, F","|poke|p2|Amoonguss, M","|poke|p2|Nidoqueen, F","|poke|p2|Tentacruel, M","|poke|p2|Gengar, F","|poke|p2|Beedrill, F","|poke|p2|Drapion, M","|rule|Sleep Clause Mod: Limit one foe put to sleep","|rule|Species Clause: Limit one of each Pokémon","|rule|OHKO Clause: OHKO moves are banned","|rule|Moody Clause: Moody is banned","|rule|Evasion Moves Clause: Evasion moves are banned","|rule|Endless Battle Clause: Forcing endless battles is banned","|rule|HP Percentage Mod: HP is shown in percentages","|teampreview","|","|start","|switch|p1a: Red Rage|Gyarados, M, shiny|331/331","|switch|p2a: Nidoqueen|Nidoqueen, F|384/384","|-ability|p1a: Red Rage|Intimidate","|-unboost|p2a: Nidoqueen|atk|1","|turn|1","|","|detailschange|p1a: Red Rage|Gyarados-Mega, M, shiny","|-mega|p1a: Red Rage|Gyarados|Gyaradosite","|-ability|p1a: Red Rage|Mold Breaker","|move|p1a: Red Rage|Taunt|p2a: Nidoqueen","|-start|p2a: Nidoqueen|move: Taunt","|cant|p2a: Nidoqueen|move: Taunt|Stealth Rock","|","|turn|2","|","|switch|p2a: Amoonguss|Amoonguss, M|432/432","|move|p1a: Red Rage|Waterfall|p2a: Amoonguss","|-resisted|p2a: Amoonguss","|-damage|p2a: Amoonguss|358/432","|","|-heal|p2a: Amoonguss|385/432|[from] item: Black Sludge","|turn|3","|","|switch|p1a: Turn it around|Thundurus, M|299/299","|move|p2a: Amoonguss|Giga Drain|p1a: Turn it around","|-resisted|p1a: Turn it around","|-damage|p1a: Turn it around|255/299","|-heal|p2a: Amoonguss|407/432|[from] drain|[of] p1a: Turn it around","|","|-heal|p1a: Turn it around|273/299|[from] item: Leftovers","|-heal|p2a: Amoonguss|432/432|[from] item: Black Sludge","|turn|4","|","|move|p1a: Turn it around|Thunder Wave|p2a: Amoonguss","|-status|p2a: Amoonguss|par","|move|p2a: Amoonguss|Spore|p1a: Turn it around","|-status|p1a: Turn it around|slp","|","|-heal|p1a: Turn it around|291/299 slp|[from] item: Leftovers","|turn|5","|","|switch|p2a: Nidoqueen|Nidoqueen, F|384/384","|cant|p1a: Turn it around|slp","|","|-heal|p1a: Turn it around|299/299 slp|[from] item: Leftovers","|turn|6","|","|cant|p1a: Turn it around|slp","|move|p2a: Nidoqueen|Stealth Rock|p1a: Turn it around","|-sidestart|p1: Cheeky Banter|move: Stealth Rock","|","|turn|7","|","|-curestatus|p1a: Turn it around|slp","|move|p1a: Turn it around|Taunt|p2a: Nidoqueen","|-start|p2a: Nidoqueen|move: Taunt","|move|p2a: Nidoqueen|Ice Beam|p1a: Turn it around","|-supereffective|p1a: Turn it around","|-damage|p1a: Turn it around|0 fnt","|faint|p1a: Turn it around","|","|","|switch|p1a: Red Rage|Gyarados-Mega, M, shiny|331/331","|-damage|p1a: Red Rage|290/331|[from] Stealth Rock","|-ability|p1a: Red Rage|Mold Breaker","|turn|8","|","|switch|p2a: Amoonguss|Amoonguss, M|432/432 par","|move|p1a: Red Rage|Dragon Dance|p1a: Red Rage","|-boost|p1a: Red Rage|atk|1","|-boost|p1a: Red Rage|spe|1","|","|turn|9","|","|move|p1a: Red Rage|Crunch|p2a: Amoonguss","|-crit|p2a: Amoonguss","|-damage|p2a: Amoonguss|65/432 par","|cant|p2a: Amoonguss|par","|","|-heal|p2a: Amoonguss|92/432 par|[from] item: Black Sludge","|turn|10","|","|switch|p2a: Tentacruel|Tentacruel, M|364/364","|move|p1a: Red Rage|Crunch|p2a: Tentacruel","|-damage|p2a: Tentacruel|0 fnt","|faint|p2a: Tentacruel","|","|","|switch|p2a: Amoonguss|Amoonguss, M|236/432 par","|turn|11","|","|switch|p2a: Nidoqueen|Nidoqueen, F|384/384","|move|p1a: Red Rage|Crunch|p2a: Nidoqueen","|-damage|p2a: Nidoqueen|83/384","|","|turn|12","|","|move|p1a: Red Rage|Crunch|p2a: Nidoqueen","|-damage|p2a: Nidoqueen|0 fnt","|faint|p2a: Nidoqueen","|","|","|switch|p2a: Amoonguss|Amoonguss, M|380/432 par","|turn|13","|","|move|p1a: Red Rage|Taunt|p2a: Amoonguss","|-start|p2a: Amoonguss|move: Taunt","|cant|p2a: Amoonguss|par","|","|-heal|p2a: Amoonguss|407/432 par|[from] item: Black Sludge","|turn|14","|","|move|p1a: Red Rage|Waterfall|p2a: Amoonguss","|-resisted|p2a: Amoonguss","|-damage|p2a: Amoonguss|290/432 par","|cant|p2a: Amoonguss|par","|","|-heal|p2a: Amoonguss|317/432 par|[from] item: Black Sludge","|turn|15","|","|move|p1a: Red Rage|Crunch|p2a: Amoonguss","|-damage|p2a: Amoonguss|80/432 par","|-unboost|p2a: Amoonguss|def|1","|move|p2a: Amoonguss|Giga Drain|p1a: Red Rage","|-supereffective|p1a: Red Rage","|-damage|p1a: Red Rage|164/331","|-heal|p2a: Amoonguss|143/432 par|[from] drain|[of] p1a: Red Rage","|","|-heal|p2a: Amoonguss|170/432 par|[from] item: Black Sludge","|-end|p2a: Amoonguss|move: Taunt","|turn|16","|","|switch|p2a: Drapion|Drapion, M|343/343","|move|p1a: Red Rage|Crunch|p2a: Drapion","|-resisted|p2a: Drapion","|-damage|p2a: Drapion|214/343","|","|turn|17","|","|move|p1a: Red Rage|Waterfall|p2a: Drapion","|-damage|p2a: Drapion|0 fnt","|faint|p2a: Drapion","|","|","|switch|p2a: Amoonguss|Amoonguss, M|314/432 par","|turn|18","|","|move|p1a: Red Rage|Crunch|p2a: Amoonguss","|-damage|p2a: Amoonguss|77/432 par","|move|p2a: Amoonguss|Giga Drain|p1a: Red Rage","|-supereffective|p1a: Red Rage","|-damage|p1a: Red Rage|44/331","|-heal|p2a: Amoonguss|137/432 par|[from] drain|[of] p1a: Red Rage","|","|-heal|p2a: Amoonguss|164/432 par|[from] item: Black Sludge","|turn|19","|","|move|p1a: Red Rage|Crunch|p2a: Amoonguss","|-damage|p2a: Amoonguss|0 fnt","|faint|p2a: Amoonguss","|","|","|switch|p2a: Beedrill|Beedrill, F|271/271","|turn|20","|","|switch|p1a: Skar'd For Life|Skarmory, M|333/333","|-damage|p1a: Skar'd For Life|292/333|[from] Stealth Rock","|detailschange|p2a: Beedrill|Beedrill-Mega, F","|-mega|p2a: Beedrill|Beedrill|Beedrillite","|move|p2a: Beedrill|Protect|p2a: Beedrill","|-fail|p2a: Beedrill","|","|turn|21","|","|move|p2a: Beedrill|U-turn|p1a: Skar'd For Life","|-resisted|p1a: Skar'd For Life","|-damage|p1a: Skar'd For Life|266/333","|-damage|p2a: Beedrill|226/271|[from] item: Rocky Helmet|[of] p1a: Skar'd For Life","|","|switch|p2a: Gengar|Gengar, F|261/261","|move|p1a: Skar'd For Life|Stealth Rock|p2a: Gengar","|-sidestart|p2: SWL Jyph|move: Stealth Rock","|","|turn|22","|","|switch|p1a: Buzz Feed|Mandibuzz, F|410/410","|-damage|p1a: Buzz Feed|308/410|[from] Stealth Rock","|move|p2a: Gengar|Thunderbolt|p1a: Buzz Feed","|-supereffective|p1a: Buzz Feed","|-damage|p1a: Buzz Feed|58/410","|-damage|p2a: Gengar|235/261|[from] item: Life Orb","|","|-heal|p1a: Buzz Feed|83/410|[from] item: Leftovers","|turn|23","|","|move|p2a: Gengar|Thunderbolt|p1a: Buzz Feed","|-supereffective|p1a: Buzz Feed","|-damage|p1a: Buzz Feed|0 fnt","|-damage|p2a: Gengar|209/261|[from] item: Life Orb","|faint|p1a: Buzz Feed","|","|","|switch|p1a: Total Grace|Togekiss, M|374/374","|-damage|p1a: Total Grace|281/374|[from] Stealth Rock","|turn|24","|","|move|p2a: Gengar|Sludge Wave|p1a: Total Grace","|-supereffective|p1a: Total Grace","|-damage|p1a: Total Grace|0 fnt","|-damage|p2a: Gengar|183/261|[from] item: Life Orb","|faint|p1a: Total Grace","|","|","|switch|p1a: Red Rage|Gyarados-Mega, M, shiny|44/331","|-damage|p1a: Red Rage|3/331|[from] Stealth Rock","|-ability|p1a: Red Rage|Mold Breaker","|turn|25","|","|move|p2a: Gengar|Thunderbolt|p1a: Red Rage","|-supereffective|p1a: Red Rage","|-damage|p1a: Red Rage|0 fnt","|-damage|p2a: Gengar|157/261|[from] item: Life Orb","|faint|p1a: Red Rage","|","|","|switch|p1a: Full Force|Dragonite, M|385/385","|-damage|p1a: Full Force|289/385|[from] Stealth Rock","|turn|26","|","|move|p2a: Gengar|Dazzling Gleam|p1a: Full Force","|-supereffective|p1a: Full Force","|-damage|p1a: Full Force|63/385","|-damage|p2a: Gengar|131/261|[from] item: Life Orb","|move|p1a: Full Force|Outrage|p2a: Gengar","|-damage|p2a: Gengar|0 fnt","|faint|p2a: Gengar","|","|","|switch|p2a: Beedrill|Beedrill-Mega, F|226/271","|-damage|p2a: Beedrill|159/271|[from] Stealth Rock","|turn|27","|","|move|p2a: Beedrill|Poison Jab|p1a: Full Force","|-damage|p1a: Full Force|0 fnt","|faint|p1a: Full Force","|","|","|switch|p1a: Skar'd For Life|Skarmory, M|266/333","|-damage|p1a: Skar'd For Life|225/333|[from] Stealth Rock","|turn|28","|","|move|p2a: Beedrill|U-turn|p1a: Skar'd For Life","|-resisted|p1a: Skar'd For Life","|-damage|p1a: Skar'd For Life|198/333","|-damage|p2a: Beedrill|114/271|[from] item: Rocky Helmet|[of] p1a: Skar'd For Life","|move|p1a: Skar'd For Life|Iron Head|p2a: Beedrill","|-damage|p2a: Beedrill|0 fnt","|faint|p2a: Beedrill","|","|win|Cheeky Banter"],"p1rating":{"entryid":"4494","serverid":"eos","formatid":"monotype","userid":"cheekybanter","username":"Cheeky Banter","w":4,"l":"1","t":"0","gxe":60.6,"r":"1500","rd":"130","sigma":"0","rptime":"1439802000","rpr":1584.4055078307,"rprd":102.83219891053,"rpsigma":"0","acre":1105.8210597383,"lacre":1105.8210597383,"oldacre":"1080.7363440373"},"p2rating":{"entryid":"10848","serverid":"eos","formatid":"monotype","userid":"swljyph","username":"SWL Jyph","w":"2","l":2,"t":"0","gxe":50,"r":"1500","rd":"130","sigma":"0","rptime":"1439802000","rpr":1500,"rprd":106.91164920561,"rpsigma":"0","acre":1030.5197359903,"lacre":1030.5197359903,"oldacre":"1045.6764650251"},"endType":"normal"}